None,ticker,dimension,calendardate,datekey,reportperiod,lastupdated,accoci,assets,assetsavg,assetsc,assetsnc,assetturnover,bvps,capex,cashneq,cashnequsd,cor,consolinc,currentratio,de,debt,debtc,debtnc,debtusd,deferredrev,depamor,deposits,divyield,dps,ebit,ebitda,ebitdamargin,ebitdausd,ebitusd,ebt,eps,epsdil,epsusd,equity,equityavg,equityusd,ev,evebit,evebitda,fcf,fcfps,fxusd,gp,grossmargin,intangibles,intexp,invcap,invcapavg,inventory,investments,investmentsc,investmentsnc,liabilities,liabilitiesc,liabilitiesnc,marketcap,ncf,ncfbus,ncfcommon,ncfdebt,ncfdiv,ncff,ncfi,ncfinv,ncfo,ncfx,netinc,netinccmn,netinccmnusd,netincdis,netincnci,netmargin,opex,opinc,payables,payoutratio,pb,pe,pe1,ppnenet,prefdivis,price,ps,ps1,receivables,retearn,revenue,revenueusd,rnd,roa,roe,roic,ros,sbcomp,sgna,sharefactor,sharesbas,shareswa,shareswadil,sps,tangibles,taxassets,taxexp,taxliabilities,tbvps,workingcapital
0,LEN,MRY,2020-12-31,2020-11-30,2020-11-30,2021-10-01,-805000.0,29935177000.0,29433296500.0,,,0.764,57.54,-38818000.0,2719197000.0,2719197000.0,19014746000.0,2467553000.0,,0.658,5955758000.0,,,5955758000.0,0.0,94553000.0,0.0,0.008,0.625,3121271000.0,3215824000.0,0.143,3215824000.0,3121271000.0,3121271000.0,7.88,7.85,7.88,17994856000.0,16938565250.0,17994856000.0,28925741220.0,9.0,8.995,4152001000.0,13.276,1.0,3474108000.0,0.154,3442359000.0,0.0,29729379000.0,31452783750.0,16925228000.0,953177000.0,,,11835776000.0,,,23724222220.0,1464039000.0,235691000.0,-321524000.0,-2064276000.0,-195043000.0,-2446575000.0,-280205000.0,-478721000.0,4190819000.0,0.0,2465036000.0,2465036000.0,2465036000.0,0.0,2517000.0,0.11,358418000.0,3115690000.0,1037338000.0,0.079,1.318,9.624,9.627,0.0,0.0,75.86,1.055,1.055,298671000.0,10564994000.0,22488854000.0,22488854000.0,0.0,0.084,0.146,0.099,0.139,107131000.0,358418000.0,1.0,312736913.0,312736913.0,,71.91,26492818000.0,0.0,656235000.0,0.0,84.713,
1,LEN,MRY,2019-12-31,2019-11-30,2019-11-30,2021-10-01,498000.0,29359511000.0,29287987000.0,,,0.76,50.216,-7190000.0,1210530000.0,1210530000.0,19457266000.0,1842119000.0,,0.835,7776638000.0,,,7776638000.0,0.0,92200000.0,0.0,0.003,0.16,2441225000.0,2533425000.0,0.114,2533425000.0,2441225000.0,2441225000.0,5.76,5.74,5.76,15949517000.0,15316893250.0,15949517000.0,27212352673.0,11.0,10.741,1475153000.0,4.644,1.0,2802295000.0,0.126,3442359000.0,0.0,32483260000.0,33796141500.0,17776507000.0,1009035000.0,,,13325681000.0,,,18945979673.0,-127285000.0,447913000.0,-522581000.0,-1039314000.0,-51454000.0,-1629224000.0,19596000.0,-421127000.0,1482343000.0,0.0,1849052000.0,1849052000.0,1849052000.0,0.0,-6933000.0,0.083,341114000.0,2461181000.0,1069179000.0,0.028,1.188,10.246,10.356,0.0,0.0,59.65,0.851,0.851,329124000.0,8295001000.0,22259561000.0,22259561000.0,0.0,0.063,0.121,0.072,0.11,86940000.0,341114000.0,1.0,317619106.0,317619106.0,,70.083,25917152000.0,0.0,592173000.0,0.0,81.598,
2,LEN,MRY,2018-12-31,2018-11-30,2018-11-30,2021-10-01,-366000.0,28566181000.0,28287677000.0,,,0.727,44.148,-59585000.0,1350206000.0,1350206000.0,18237446000.0,1717513000.0,,0.952,8543868000.0,,,8543868000.0,0.0,91181000.0,0.0,0.004,0.16,2241002000.0,2332183000.0,0.113,2332183000.0,2241002000.0,2241002000.0,5.46,5.44,5.46,14581535000.0,13816448000.0,14581535000.0,22676059365.0,10.0,9.723,1632162000.0,4.942,1.0,2334185000.0,0.113,3442359000.0,0.0,32317484000.0,33445914750.0,17068704000.0,870201000.0,,,13883224000.0,,,14113087365.0,-1098108000.0,-490499000.0,-296772000.0,-1778521000.0,-49159000.0,-2195901000.0,-593954000.0,-57947000.0,1691747000.0,0.0,1695831000.0,1695831000.0,1695831000.0,0.0,21682000.0,0.082,496914000.0,1837271000.0,1154782000.0,0.029,0.968,8.322,7.826,0.0,0.0,42.73,0.686,0.686,236841000.0,6487650000.0,20571631000.0,20571631000.0,0.0,0.06,0.123,0.067,0.109,72655000.0,343934000.0,1.0,330285218.0,330285218.0,,62.284,25123822000.0,0.0,545171000.0,0.0,76.067,
3,LEN,MRY,2017-12-31,2017-11-30,2017-11-30,2021-10-01,1034000.0,18745034000.0,17167256250.0,,,0.737,33.462,-47837000.0,2291665000.0,2291665000.0,11021481000.0,771754000.0,,1.367,6410003000.0,,,6410003000.0,0.0,66324000.0,0.0,0.003,0.16,1228337000.0,1294661000.0,0.102,1294661000.0,1228337000.0,1228337000.0,3.38,3.38,3.38,7872317000.0,7463800250.0,7872317000.0,19719762499.0,16.0,15.232,934537000.0,3.972,1.0,1624884000.0,0.128,136566000.0,0.0,22726806000.0,21829749750.0,10860890000.0,900769000.0,,,10758902000.0,,,14769639499.0,1331590000.0,-397039000.0,-26334000.0,1324843000.0,-37608000.0,1194296000.0,-845080000.0,-486769000.0,982374000.0,0.0,810480000.0,810480000.0,810480000.0,0.0,-38726000.0,0.064,285889000.0,1338995000.0,604953000.0,0.047,1.876,18.223,18.574,0.0,0.0,62.78,1.168,1.168,137667000.0,4840978000.0,12646365000.0,12646365000.0,0.0,0.047,0.109,0.056,0.097,59375000.0,285889000.0,1.0,235260266.0,235260266.0,,53.755,18608468000.0,0.0,417857000.0,0.0,79.097,
4,LEN,MRY,2016-12-31,2016-11-30,2016-11-30,2021-10-01,-309000.0,15361781000.0,14850872500.0,,,0.737,30.843,-51151000.0,1056115000.0,1056115000.0,9455074000.0,913091000.0,,1.16,4575977000.0,,,4575977000.0,0.0,50219000.0,0.0,0.004,0.16,1329222000.0,1379441000.0,0.126,1379441000.0,1329222000.0,1329222000.0,4.05,3.86,4.05,7026042000.0,6377514250.0,7026042000.0,14038446253.0,11.0,10.177,456653000.0,2.005,1.0,1494925000.0,0.137,0.0,0.0,18881643000.0,19200054500.0,9178926000.0,811723000.0,,,8150214000.0,,,9690758253.0,171084000.0,-725000.0,-431000.0,-95110000.0,-35324000.0,-250883000.0,-85837000.0,-132795000.0,507804000.0,0.0,911844000.0,911844000.0,911844000.0,0.0,1247000.0,0.083,232562000.0,1262363000.0,478546000.0,0.04,1.379,10.628,10.504,0.0,0.0,42.54,0.885,0.885,106976000.0,4306256000.0,10949999000.0,10949999000.0,0.0,0.061,0.143,0.069,0.121,48477000.0,232562000.0,1.0,227803438.0,227803438.0,,48.068,15361781000.0,0.0,417378000.0,0.0,67.434,
5,LEN,MRY,2015-12-31,2015-11-30,2015-11-30,2021-10-01,39000.0,14419509000.0,13901247000.0,,,0.682,26.856,-26100000.0,906913000.0,906913000.0,8171748000.0,819200000.0,,1.499,5025130000.0,,,5025130000.0,0.0,43666000.0,0.0,0.003,0.16,1193310000.0,1236976000.0,0.131,1236976000.0,1193310000.0,1193310000.0,3.78,3.39,3.78,5648944000.0,5275008000.0,5648944000.0,15425643937.0,13.0,12.47,-445746000.0,-2.119,1.0,1302260000.0,0.137,0.0,0.0,18537726000.0,18388919500.0,8740596000.0,741551000.0,,,8469437000.0,,,10771785937.0,-123369000.0,0.0,-13783000.0,573610000.0,-33192000.0,394670000.0,-98393000.0,-222566000.0,-419646000.0,0.0,802894000.0,802894000.0,802894000.0,0.0,16306000.0,0.085,216244000.0,1086016000.0,475909000.0,0.042,1.907,13.416,13.548,0.0,0.0,51.21,1.137,1.137,74538000.0,3429736000.0,9474008000.0,9474008000.0,0.0,0.058,0.152,0.065,0.126,43760000.0,216244000.0,1.0,210345361.0,210345361.0,,45.04,14419509000.0,0.0,390416000.0,0.0,68.552,
6,LEN,MRY,2014-12-31,2014-11-30,2014-11-30,2021-10-01,130000.0,12923151000.0,12183660500.0,,,0.639,23.518,7060000.0,895578000.0,895578000.0,6680613000.0,628693000.0,,1.589,4661266000.0,,,4661266000.0,0.0,38542000.0,0.0,0.003,0.16,1016558000.0,1055100000.0,0.136,1055100000.0,1016558000.0,980007000.0,3.12,2.8,3.12,4827020000.0,4517000250.0,4827020000.0,13591974871.0,13.0,12.882,-781428000.0,-3.807,1.0,1099199000.0,0.141,0.0,36551000.0,16688839000.0,15982326500.0,7736600000.0,656837000.0,,,7671849000.0,,,9695770871.0,311309000.0,-5489000.0,-6825000.0,837847000.0,-32775000.0,661438000.0,438359000.0,165951000.0,-788488000.0,0.0,638916000.0,638916000.0,638916000.0,0.0,-10223000.0,0.082,177161000.0,922038000.0,412558000.0,0.051,2.009,15.175,15.141,0.0,0.0,47.24,1.246,1.246,93444000.0,2660034000.0,7779812000.0,7779812000.0,0.0,0.052,0.141,0.064,0.131,33221000.0,177161000.0,1.0,205244938.0,205244938.0,,37.905,12923151000.0,0.0,341091000.0,0.0,62.965,
7,LEN,MRY,2013-12-31,2013-11-30,2013-11-30,2021-10-01,0.0,11273247000.0,10803816500.0,,,0.549,21.443,123031000.0,935663000.0,935663000.0,5103199000.0,504926000.0,,1.594,4194432000.0,,,4194432000.0,0.0,30349000.0,0.0,0.004,0.16,750602000.0,780951000.0,0.132,780951000.0,750602000.0,656689000.0,2.48,2.15,2.48,4168901000.0,3741132500.0,4168901000.0,11444146033.0,15.0,14.654,-684683000.0,-3.522,1.0,831896000.0,0.14,0.0,93913000.0,14532016000.0,14639766000.0,6601048000.0,1194142000.0,,,6645777000.0,,,6952273033.0,-340238000.0,-5623000.0,21794000.0,-515000.0,-30912000.0,-221773000.0,689249000.0,130340000.0,-807714000.0,0.0,479674000.0,479674000.0,479674000.0,0.0,25252000.0,0.081,146060000.0,685836000.0,271365000.0,0.065,1.668,14.494,14.419,0.0,0.0,35.76,1.171,1.171,163768000.0,2053893000.0,5935095000.0,5935095000.0,0.0,0.044,0.128,0.051,0.126,23541000.0,146060000.0,1.0,194414794.0,194414794.0,,30.528,11273247000.0,0.0,177015000.0,0.0,57.986,
8,LEN,MRY,2012-12-31,2012-11-30,2012-11-30,2021-10-01,0.0,10362206000.0,9574852250.0,,,0.429,17.889,-2822000.0,1259708000.0,1259708000.0,3661498000.0,657332000.0,,1.863,4605653000.0,,,4605653000.0,0.0,28081000.0,0.0,0.004,0.16,338259000.0,366340000.0,0.089,366340000.0,338259000.0,243906000.0,3.58,3.11,3.58,3414764000.0,3146665000.0,3414764000.0,10775925545.0,32.0,29.415,-427470000.0,-2.239,1.0,443634000.0,0.108,0.0,94353000.0,13708151000.0,12921074500.0,5046390000.0,1330722000.0,,,6360998000.0,,,7261224545.0,147139000.0,0.0,15025000.0,389386000.0,-30394000.0,326496000.0,245291000.0,82602000.0,-424648000.0,0.0,679124000.0,679124000.0,679124000.0,0.0,-21792000.0,0.165,127338000.0,316296000.0,217396000.0,0.045,2.126,10.692,10.626,0.0,0.0,38.04,1.769,1.769,53745000.0,1605131000.0,4105132000.0,4105132000.0,0.0,0.071,0.216,0.026,0.082,43475000.0,127338000.0,1.0,190883926.0,190883926.0,,21.506,10362206000.0,0.0,-435218000.0,0.0,54.285,
9,LEN,MRY,2011-12-31,2011-11-30,2011-11-30,2021-10-01,0.0,9154671000.0,8789600500.0,,,0.352,14.419,-9936000.0,1116740000.0,1116740000.0,2896656000.0,112544000.0,,2.17,4158879000.0,,,4158879000.0,0.0,21500000.0,0.0,0.009,0.16,168279000.0,189779000.0,0.061,189779000.0,168279000.0,77629000.0,0.49,0.48,0.49,2696468000.0,2664795250.0,2696468000.0,6475859881.0,38.0,34.123,-269071000.0,-1.439,1.0,198729000.0,0.064,0.0,90650000.0,12196810000.0,11719271750.0,4360535000.0,1603212000.0,,,5851146000.0,,,3442815881.0,-230531000.0,0.0,1027000.0,243354000.0,-29906000.0,164758000.0,-136154000.0,-105595000.0,-259135000.0,0.0,92199000.0,92199000.0,92199000.0,0.0,20345000.0,0.03,95256000.0,103473000.0,201101000.0,0.327,1.277,37.341,37.571,0.0,0.0,18.41,1.112,1.112,53977000.0,956401000.0,3095385000.0,3095385000.0,0.0,0.01,0.035,0.014,0.054,24047000.0,95256000.0,1.0,187007924.0,187007924.0,,16.552,9154671000.0,0.0,-14570000.0,0.0,48.953,
10,LEN,MRY,2010-12-31,2010-11-30,2010-11-30,2021-10-01,0.0,8787851000.0,8324594250.0,,,0.369,14.106,-5062000.0,1291854000.0,1291854000.0,2855729000.0,120459000.0,,2.144,3898868000.0,,,3898868000.0,0.0,13520000.0,0.0,0.011,0.16,139952000.0,153472000.0,0.05,153472000.0,139952000.0,69527000.0,0.51,0.51,0.51,2608949000.0,2504949000.0,2608949000.0,5232331422.0,37.0,34.093,269166000.0,1.455,1.0,218293000.0,0.071,0.0,70425000.0,11394865000.0,10728157250.0,4169608000.0,2031334000.0,,,5593468000.0,,,2809395422.0,-63303000.0,0.0,432000.0,413461000.0,-29577000.0,335840000.0,-673371000.0,-667052000.0,274228000.0,0.0,95261000.0,95261000.0,95261000.0,0.0,25198000.0,0.031,93926000.0,124367000.0,168006000.0,0.314,1.077,29.492,29.784,0.0,0.0,15.19,0.914,0.914,82202000.0,894108000.0,3074022000.0,3074022000.0,0.0,0.011,0.038,0.013,0.046,28075000.0,93926000.0,1.0,184950324.0,184950324.0,,16.621,8787851000.0,0.0,-25734000.0,0.0,47.515,
11,LEN,MRY,2009-12-31,2009-11-30,2009-11-30,2021-10-01,0.0,7314791000.0,7214057000.0,,,0.432,13.329,329000.0,1339828000.0,1339828000.0,3462034000.0,-446059000.0,,1.934,2761352000.0,,,2761352000.0,0.0,19905000.0,0.0,0.013,0.16,-660642000.0,-640737000.0,-0.205,-640737000.0,-660642000.0,-731492000.0,-2.45,-2.45,-2.45,2443479000.0,2449705000.0,2443479000.0,3640476022.0,-6.0,-5.682,421172000.0,2.297,1.0,-342647000.0,-0.11,0.0,70850000.0,8736315000.0,8567575250.0,4087989000.0,609140000.0,,,4726777000.0,,,2322734022.0,254016000.0,0.0,219871000.0,-42710000.0,-27588000.0,108293000.0,-275120000.0,-275449000.0,420843000.0,0.0,-417147000.0,-417147000.0,-417147000.0,0.0,-28912000.0,-0.134,117565000.0,-460212000.0,169596000.0,-0.065,0.951,-5.568,-5.171,0.0,0.0,12.67,0.745,0.745,122053000.0,828424000.0,3119387000.0,3119387000.0,0.0,-0.058,-0.17,-0.077,-0.212,30392000.0,117565000.0,1.0,183325495.0,183325495.0,,17.016,7314791000.0,334428000.0,-314345000.0,0.0,39.901,
12,LEN,MRY,2008-12-31,2008-11-30,2008-11-30,2021-10-01,0.0,7424898000.0,8105229500.0,,,0.565,16.337,1390000.0,1100296000.0,1100296000.0,4885250000.0,-1113182000.0,,1.767,2544935000.0,,,2544935000.0,0.0,32399000.0,0.0,0.073,0.52,-533934000.0,-501535000.0,-0.11,-501535000.0,-533934000.0,-561528000.0,-7.01,-7.01,-7.01,2623007000.0,3318848250.0,2623007000.0,2611219797.0,-5.0,-5.206,1102224000.0,6.865,1.0,-309833000.0,-0.068,0.0,27594000.0,8869537000.0,9477515500.0,4500090000.0,766752000.0,,,4636145000.0,,,1141580797.0,408228000.0,0.0,-1534000.0,-444483000.0,-83487000.0,-426903000.0,-265703000.0,-267093000.0,1100834000.0,0.0,-1109085000.0,-1109085000.0,-1109085000.0,0.0,-4097000.0,-0.242,129752000.0,-439585000.0,246727000.0,-0.074,0.435,-1.029,-1.014,0.0,0.0,7.11,0.25,0.25,94520000.0,1273159000.0,4575417000.0,4575417000.0,0.0,-0.137,-0.334,-0.056,-0.117,23732000.0,129752000.0,1.0,160559887.0,160559887.0,,28.497,7424898000.0,255460000.0,547557000.0,0.0,46.244,
13,LEN,MRY,2007-12-31,2007-11-30,2007-11-30,2021-10-01,-2061000.0,9102747000.0,10778311750.0,,,0.945,23.858,81000.0,677896000.0,677896000.0,12639486000.0,-1941081000.0,,1.374,2295436000.0,,,2295436000.0,0.0,54303000.0,0.0,0.04,0.64,-3055273000.0,-3000970000.0,-0.295,-3000970000.0,-3055273000.0,-3081081000.0,-12.31,-12.31,-12.31,3822119000.0,5069478500.0,3822119000.0,4942678835.0,-2.0,-1.647,444594000.0,2.775,1.0,-2452705000.0,-0.241,0.0,25808000.0,10720287000.0,12797276000.0,4500403000.0,934271000.0,,,5252100000.0,,,2537631835.0,16875000.0,0.0,17617000.0,-1064160000.0,-101123000.0,-734621000.0,306983000.0,306902000.0,444513000.0,0.0,-1941081000.0,-1941081000.0,-1941081000.0,0.0,0.0,-0.191,363400000.0,-2816105000.0,376134000.0,-0.052,0.664,-1.307,-1.287,0.0,0.0,15.84,0.249,0.249,207691000.0,2496933000.0,10186781000.0,10186781000.0,0.0,-0.18,-0.383,-0.239,-0.3,40649000.0,173202000.0,1.0,160204030.0,160204030.0,,63.586,9102747000.0,881525000.0,-1140000000.0,0.0,56.82,
14,LEN,MRY,2006-12-31,2006-11-30,2006-11-30,2021-10-01,-2041000.0,12408266000.0,12606629250.0,,,1.29,35.979,-26783000.0,686458000.0,686458000.0,15171384000.0,593869000.0,,1.167,2613503000.0,,,2613503000.0,0.0,45431000.0,0.0,0.012,0.64,942649000.0,988080000.0,0.061,988080000.0,942649000.0,942649000.0,3.76,3.69,3.76,5701372000.0,5738297250.0,5701372000.0,10931447140.0,12.0,11.063,525752000.0,3.318,1.0,1095278000.0,0.067,196638000.0,0.0,14138673000.0,14967478750.0,7831483000.0,1447178000.0,,,6651501000.0,,,8319409140.0,-281024000.0,-33213000.0,-292098000.0,28436000.0,-101295000.0,-429205000.0,-404354000.0,-362858000.0,552535000.0,0.0,593869000.0,593869000.0,593869000.0,0.0,0.0,0.037,193307000.0,901971000.0,751496000.0,0.17,1.459,14.009,13.963,0.0,0.0,52.5,0.511,0.511,159043000.0,4539137000.0,16266662000.0,16266662000.0,0.0,0.047,0.103,0.063,0.058,52337000.0,193307000.0,1.0,158464936.0,158464936.0,,102.651,12211628000.0,0.0,348780000.0,0.0,77.062,
15,LEN,MRY,2005-12-31,2005-11-30,2005-11-30,2021-10-01,-5221000.0,12541225000.0,10464267500.0,,,1.325,33.263,-21747000.0,932238000.0,932238000.0,11672848000.0,1355155000.0,,1.373,2592772000.0,,,2592772000.0,0.0,58253000.0,0.0,0.01,0.573,2170439000.0,2228692000.0,0.161,2228692000.0,2170439000.0,2170439000.0,8.72,8.23,8.72,5251411000.0,4599929250.0,5251411000.0,11794326010.0,5.0,5.292,290099000.0,1.838,1.0,2194123000.0,0.158,195156000.0,0.0,14006603000.0,12441145750.0,7863531000.0,1282686000.0,,,7211571000.0,,,9106271010.0,-356472000.0,-399049000.0,-251215000.0,697751000.0,-89229000.0,324126000.0,-992444000.0,-571648000.0,311846000.0,0.0,1355155000.0,1355155000.0,1355155000.0,-10745000.0,0.0,0.098,187257000.0,2006866000.0,876830000.0,0.066,1.734,6.72,6.615,0.0,0.0,57.68,0.657,0.657,299232000.0,4046563000.0,13866971000.0,13866971000.0,0.0,0.13,0.295,0.174,0.157,46096000.0,187257000.0,1.0,157875711.0,157875711.0,,87.835,12346069000.0,0.0,815284000.0,0.0,78.201,
16,LEN,MRY,2004-12-31,2004-11-30,2004-11-30,2021-10-01,-14575000.0,9165280000.0,7630339500.0,,,1.376,25.954,-27389000.0,1322472000.0,1322472000.0,9019372000.0,945619000.0,,1.251,2021014000.0,,,2021014000.0,0.0,52572000.0,0.0,0.011,0.512,1518474000.0,1571046000.0,0.15,1571046000.0,1518474000.0,1518474000.0,6.09,5.7,6.09,4052972000.0,3624967250.0,4052972000.0,8627943613.0,6.0,5.492,392803000.0,2.515,1.0,1481596000.0,0.141,183345000.0,0.0,9680477000.0,8772019250.0,5142070000.0,856422000.0,,,5069581000.0,,,7016144613.0,190167000.0,-105730000.0,-99045000.0,501468000.0,-79945000.0,304082000.0,-534107000.0,-433572000.0,420192000.0,0.0,945619000.0,945619000.0,945619000.0,-977000.0,0.0,0.09,141722000.0,1339874000.0,554666000.0,0.084,1.731,7.42,7.378,0.0,0.0,44.93,0.668,0.668,153285000.0,2780637000.0,10500968000.0,10500968000.0,0.0,0.124,0.261,0.173,0.145,16143000.0,141722000.0,1.0,156157236.0,156157236.0,,67.246,8981935000.0,0.0,572855000.0,0.0,57.519,
17,LEN,MRY,2003-12-31,2003-11-30,2003-11-30,2021-10-01,-20976000.0,6775432000.0,6132087500.0,,,1.452,20.704,-18848000.0,1201276000.0,1201276000.0,7691218000.0,751391000.0,,1.076,1552217000.0,,,1552217000.0,0.0,54503000.0,0.0,0.057,2.769,1206777000.0,1261280000.0,0.142,1261280000.0,1206777000.0,1206777000.0,5.1,4.65,5.1,3263774000.0,2773028750.0,3263774000.0,8639082788.0,7.0,6.849,696041000.0,4.415,1.0,1214008000.0,0.136,0.0,0.0,7126373000.0,7111454000.0,3656101000.0,390334000.0,,,3511658000.0,,,7716599788.0,504366000.0,-159389000.0,17153000.0,36663000.0,-22705000.0,33793000.0,-244316000.0,-77617000.0,714889000.0,0.0,751391000.0,751391000.0,751391000.0,-457000.0,0.0,0.084,111488000.0,1102520000.0,1040961000.0,0.543,2.364,10.27,9.598,0.0,0.0,48.95,0.867,0.867,60392000.0,1914963000.0,8905226000.0,8905226000.0,0.0,0.123,0.271,0.17,0.136,10951000.0,111488000.0,1.0,157642488.0,157642488.0,,56.49,6775432000.0,0.0,455386000.0,0.0,42.98,
18,LEN,MRY,2002-12-31,2002-11-30,2002-11-30,2021-10-01,-24437000.0,5755633000.0,4975229250.0,,,1.454,17.183,-4085000.0,731163000.0,731163000.0,6349817000.0,545129000.0,,1.582,1585309000.0,,,1585309000.0,0.0,47031000.0,0.0,0.001,0.025,875709000.0,922740000.0,0.128,922740000.0,875709000.0,875709000.0,3.88,3.51,3.88,2229157000.0,1958239750.0,2229157000.0,5023829398.0,6.0,5.444,278398000.0,2.146,1.0,885703000.0,0.122,0.0,0.0,6609779000.0,6100731500.0,3237577000.0,285594000.0,,,3526476000.0,,,3439184398.0,-100115000.0,-424277000.0,19252000.0,44924000.0,-3182000.0,60994000.0,-443592000.0,-29116000.0,282483000.0,0.0,545129000.0,545129000.0,545129000.0,0.0,0.0,0.075,85958000.0,799745000.0,969779000.0,0.006,1.543,6.309,6.832,0.0,0.0,26.51,0.475,0.475,48432000.0,1538945000.0,7235520000.0,7235520000.0,0.0,0.11,0.278,0.144,0.121,10728000.0,85958000.0,1.0,129731588.0,129731588.0,,55.773,5755633000.0,0.0,330580000.0,0.0,44.366,
19,LEN,MRY,2001-12-31,2001-11-30,2001-11-30,2021-10-01,-19286000.0,4714426000.0,4145006500.0,,,1.443,12.977,-13110000.0,824013000.0,824013000.0,5270294000.0,417845000.0,,1.841,1505255000.0,,,1505255000.0,0.0,48383000.0,0.0,0.001,0.025,679423000.0,727806000.0,0.122,727806000.0,679423000.0,679423000.0,3.03,2.73,3.03,1659262000.0,1454733500.0,1659262000.0,3660053892.0,5.0,5.029,46086000.0,0.36,1.0,709807000.0,0.119,0.0,0.0,5395668000.0,5263726250.0,2416541000.0,300064000.0,,,3055164000.0,,,2378238892.0,543397000.0,0.0,19789000.0,465695000.0,-3146000.0,482338000.0,1863000.0,5158000.0,59196000.0,0.0,417845000.0,417845000.0,417845000.0,0.0,0.0,0.07,75831000.0,633976000.0,755726000.0,0.008,1.433,5.692,6.139,0.0,0.0,18.6,0.398,0.398,24345000.0,996998000.0,5980101000.0,5980101000.0,0.0,0.101,0.287,0.129,0.114,12150000.0,75831000.0,1.0,127862306.0,127862306.0,,46.77,4714426000.0,0.0,261578000.0,0.0,36.871,
20,LEN,MRY,2000-12-31,2000-11-30,2000-11-30,2021-10-01,0.0,3777914000.0,3351420250.0,,,1.404,9.815,-10502000.0,287627000.0,287627000.0,4182577000.0,229137000.0,,2.075,1254650000.0,,,1254650000.0,0.0,44267000.0,0.0,0.002,0.025,474236000.0,518503000.0,0.11,518503000.0,474236000.0,375635000.0,2.0,1.82,2.0,1228580000.0,1037854500.0,1228580000.0,3581220671.0,8.0,6.907,470002000.0,3.755,1.0,524391000.0,0.111,0.0,98601000.0,4744937000.0,4587797750.0,2301584000.0,257639000.0,,,2549334000.0,,,1983288671.0,215710000.0,-158357000.0,-148453000.0,73271000.0,-2896000.0,-78078000.0,-186716000.0,-6023000.0,480504000.0,0.0,229137000.0,229137000.0,229137000.0,0.0,0.0,0.049,50155000.0,474236000.0,778238000.0,0.013,1.614,8.655,7.923,0.0,0.0,15.845,0.421,0.421,42270000.0,582299000.0,4706968000.0,4706968000.0,0.0,0.068,0.221,0.103,0.101,1105000.0,50155000.0,1.0,125168108.0,125168108.0,,37.605,3777914000.0,0.0,146498000.0,0.0,30.183,
21,LEN,MRY,1999-12-31,1999-11-30,1999-11-30,2021-10-01,0.0,2057647000.0,2120621250.0,,,1.471,7.553,-15328000.0,83256000.0,83256000.0,2746615000.0,172714000.0,,1.334,523661000.0,,,523661000.0,0.0,38956000.0,0.0,0.003,0.026,334336000.0,373292000.0,0.12,373292000.0,334336000.0,285477000.0,1.485,1.37,1.485,881499000.0,808724250.0,881499000.0,1625168970.0,5.0,4.354,106982000.0,0.917,1.0,371899000.0,0.119,0.0,48859000.0,2498052000.0,2731104750.0,1274551000.0,173310000.0,,,1176148000.0,,,951804970.0,56590000.0,-13223000.0,-3787000.0,-30067000.0,-2861000.0,-37198000.0,-28522000.0,29000.0,122310000.0,0.0,172714000.0,172714000.0,172714000.0,0.0,0.0,0.055,37563000.0,334336000.0,333532000.0,0.018,1.08,5.511,5.492,0.0,0.0,8.155,0.305,0.305,11162000.0,356058000.0,3118514000.0,3118514000.0,0.0,0.081,0.214,0.122,0.107,1020000.0,37563000.0,1.0,116714282.0,116714282.0,,26.719,2057647000.0,0.0,112763000.0,0.0,17.63,
22,LEN,MRY,1998-12-31,1998-11-30,1998-11-30,2021-10-01,0.0,1917834000.0,1759184500.0,,,1.374,6.155,-13182000.0,34677000.0,34677000.0,2100161000.0,144068000.0,,1.68,846462000.0,,,846462000.0,0.0,25264000.0,0.0,0.002,0.026,287742000.0,313006000.0,0.13,313006000.0,287742000.0,240114000.0,1.295,1.245,1.295,715665000.0,582687500.0,715665000.0,2085169554.0,7.0,6.662,50014000.0,0.43,1.0,316704000.0,0.131,0.0,47628000.0,2729619000.0,2496819250.0,1198553000.0,523490000.0,,,1202169000.0,,,1293524554.0,-1022000.0,-197248000.0,41251000.0,106325000.0,-2749000.0,145554000.0,-209772000.0,372000.0,63196000.0,0.0,144068000.0,144068000.0,144068000.0,0.0,0.0,0.06,28962000.0,287742000.0,355707000.0,0.02,1.807,8.979,8.591,0.0,0.0,11.125,0.535,0.535,23803000.0,186205000.0,2416865000.0,2416865000.0,0.0,0.082,0.247,0.115,0.119,0.0,28962000.0,1.0,116271870.0,116271870.0,,20.786,1917834000.0,0.0,96046000.0,0.0,16.494,
23,LEN,MRY,1997-12-31,1997-11-30,1997-11-30,2021-10-01,0.0,1343284000.0,1764550500.0,,,0.738,6.086,-22595000.0,52926000.0,52926000.0,1147297000.0,84431000.0,,2.06,683265000.0,,,683265000.0,0.0,9352000.0,0.0,1.202,12.544,144532000.0,153884000.0,0.118,153884000.0,144532000.0,119553000.0,1.125,1.115,1.125,438999000.0,668078250.0,438999000.0,916666709.0,6.0,5.957,-113660000.0,-1.576,1.0,155785000.0,0.12,0.0,24979000.0,1973623000.0,2629523000.0,806975000.0,312508000.0,,,904285000.0,,,753022709.0,1929000.0,139541000.0,2829000.0,-9092000.0,-3277000.0,-78271000.0,171265000.0,45787000.0,-91065000.0,0.0,84431000.0,84431000.0,84431000.0,-33826000.0,0.0,0.065,45079000.0,110706000.0,198386000.0,11.15,1.715,8.919,9.28,0.0,0.0,10.44,0.578,0.578,34646000.0,44886000.0,1303082000.0,1303082000.0,0.0,0.048,0.126,0.055,0.111,0.0,15850000.0,1.0,72128612.0,72128612.0,,18.066,1343284000.0,0.0,35122000.0,22634000.0,18.623,
24,LEN,MRY,1996-12-31,1996-11-30,1996-11-30,2021-10-01,7900000.0,1589593000.0,,,,,,-15470000.0,43312000.0,43312000.0,921945000.0,87986000.0,,1.286,709451000.0,,,709451000.0,0.0,12039000.0,0.0,0.004,0.05,143804000.0,155843000.0,0.15,155843000.0,143804000.0,120913000.0,1.225,1.215,1.225,695456000.0,,695456000.0,,,,15949000.0,,1.0,119716000.0,0.115,0.0,22891000.0,2255732000.0,,696327000.0,768295000.0,,,894137000.0,,,,15516000.0,-90980000.0,1038000.0,146750000.0,-3492000.0,159522000.0,-175425000.0,-78436000.0,31419000.0,0.0,87986000.0,87986000.0,87986000.0,-36484000.0,0.0,0.084,12396000.0,107320000.0,158641000.0,0.041,,,10.612,9330000.0,0.0,13.0,,,16411000.0,512345000.0,1041661000.0,1041661000.0,0.0,,,,0.138,0.0,12396000.0,1.0,,,,,1589593000.0,0.0,32927000.0,26045000.0,,
25,LEN,MRY,1995-12-31,1995-11-30,1995-11-30,2021-10-01,,,,,,,,11760000.0,,,653441000.0,70427000.0,,,,,,,,10274000.0,,0.005,0.05,104930000.0,115204000.0,0.158,115204000.0,104930000.0,91218000.0,0.975,,0.975,,,,,,,-8623000.0,,1.0,77545000.0,0.106,,13712000.0,,,,,,,,,,,5049000.0,-3701000.0,991000.0,45110000.0,-3482000.0,56677000.0,-31245000.0,-48587000.0,-20383000.0,0.0,70427000.0,70427000.0,70427000.0,-37908000.0,0.0,0.096,10523000.0,67022000.0,,0.051,,,11.349,,0.0,11.065,,,,,730986000.0,730986000.0,0.0,,,,0.144,0.0,10523000.0,1.0,,,,,,,20791000.0,,,
26,LEN,MRY,1994-12-31,1994-12-31,1994-12-31,2021-10-01,,,,,,,,0.0,,,215437000.0,18658000.0,,,,,,,,978000.0,,0.006,0.048,18658000.0,19636000.0,0.075,19636000.0,18658000.0,18658000.0,,,,,,,,,,-41339000.0,,1.0,44748000.0,0.172,,0.0,,,,,,,,,,,8319000.0,4219000.0,0.0,45439000.0,0.0,45439000.0,4219000.0,0.0,-41339000.0,0.0,18658000.0,18658000.0,18658000.0,0.0,0.0,0.072,29059000.0,15689000.0,,,,,,,0.0,7.75,,,,,260185000.0,260185000.0,0.0,,,,0.072,0.0,29059000.0,1.0,,,,,,,0.0,,,
0,LEN,MRQ,2021-09-30,2021-08-31,2021-08-31,2021-10-01,-1300000.0,32744190000.0,,,,,66.12,-10717000.0,2644839000.0,2644839000.0,5503807000.0,1409218000.0,,0.579,5542513000.0,,,5542513000.0,0.0,21102000.0,0.0,0.009,0.25,1812024000.0,1833126000.0,0.264,1833126000.0,1812024000.0,1812024000.0,4.52,4.52,4.52,20650188000.0,,20650188000.0,36791749921.0,7.0,6.735,583510000.0,1.868,1.0,1437596000.0,0.207,3442359000.0,0.0,32199505000.0,,19105943000.0,983429000.0,,,11964651000.0,,,33514627921.0,29045000.0,0.0,-278864000.0,-40010000.0,-77662000.0,-484086000.0,-81096000.0,-70383000.0,594227000.0,0.0,1406888000.0,1406888000.0,1406888000.0,0.0,2330000.0,0.203,110141000.0,1327455000.0,1230577000.0,0.055,1.623,8.13,8.123,0.0,0.0,107.31,1.313,1.313,369492000.0,13570626000.0,6941403000.0,6941403000.0,0.0,,,,,24751000.0,94942000.0,1.0,312315981.0,312315981.0,,22.226,29301831000.0,0.0,405136000.0,0.0,93.821,
1,LEN,MRQ,2021-06-30,2021-05-31,2021-05-31,2021-10-01,-1431000.0,31223227000.0,,,,,62.467,-15117000.0,2617220000.0,2617220000.0,5181605000.0,836772000.0,,0.589,5894342000.0,,,5894342000.0,0.0,22418000.0,0.0,0.009,0.25,1091476000.0,1113894000.0,0.173,1113894000.0,1091476000.0,1091476000.0,2.66,2.65,2.66,19576108000.0,,19576108000.0,34564792503.0,8.0,7.663,317495000.0,1.013,1.0,1248640000.0,0.194,3442359000.0,0.0,31057990000.0,,18418999000.0,1010256000.0,,,11521129000.0,,,31027913503.0,187747000.0,19277000.0,-104164000.0,145008000.0,-78483000.0,-188145000.0,43280000.0,39796000.0,332612000.0,0.0,831363000.0,831363000.0,831363000.0,0.0,5409000.0,0.129,105210000.0,1143430000.0,1171358000.0,0.094,1.585,9.175,9.151,0.0,0.0,99.01,1.269,1.269,353910000.0,12241400000.0,6430245000.0,6430245000.0,0.0,,,,,31817000.0,90717000.0,1.0,313381613.0,313381613.0,,20.519,27780868000.0,0.0,260113000.0,0.0,88.649,
2,LEN,MRQ,2021-03-31,2021-02-28,2021-02-28,2021-10-01,-1747000.0,30551980000.0,,,,,60.433,22757000.0,2439289000.0,2439289000.0,4351449000.0,1016909000.0,,0.61,5976168000.0,,,5976168000.0,0.0,22325000.0,0.0,0.009,0.25,1311474000.0,1333799000.0,0.25,1333799000.0,1311474000.0,1311474000.0,3.2,3.2,3.2,18896246000.0,,18896246000.0,29179709046.0,7.0,7.12,408265000.0,1.306,1.0,974019000.0,0.183,3442359000.0,0.0,30646500000.0,,17692942000.0,1077353000.0,,,11534529000.0,,,25943148046.0,-337532000.0,0.0,-69480000.0,-479864000.0,-77843000.0,-629688000.0,-93352000.0,-116793000.0,385508000.0,0.0,1001369000.0,1001369000.0,1001369000.0,0.0,15540000.0,0.188,122845000.0,851174000.0,1037266000.0,0.078,1.373,8.456,8.449,0.0,0.0,82.97,1.113,1.113,300134000.0,11488520000.0,5325468000.0,5325468000.0,0.0,,,,,48818000.0,110531000.0,1.0,312681066.0,312681066.0,,17.032,27109621000.0,0.0,310105000.0,0.0,86.701,
3,LEN,MRQ,2020-12-31,2020-11-30,2020-11-30,2021-10-01,-805000.0,29935177000.0,,,,,57.54,-29058000.0,2719197000.0,2719197000.0,5583592000.0,890909000.0,,0.658,5955758000.0,,,5955758000.0,0.0,25782000.0,0.0,0.008,0.25,1156497000.0,1182279000.0,0.173,1182279000.0,1156497000.0,1156497000.0,2.83,2.82,2.83,17994856000.0,,17994856000.0,28925741220.0,9.0,8.995,1264917000.0,4.045,1.0,1242298000.0,0.182,3442359000.0,0.0,29729379000.0,,16925228000.0,953177000.0,,,11835776000.0,,,23724222220.0,700652000.0,220713000.0,-2535000.0,-488272000.0,-77931000.0,-580585000.0,-12738000.0,-204397000.0,1293975000.0,0.0,882760000.0,882760000.0,882760000.0,0.0,8149000.0,0.129,95459000.0,1146839000.0,1037338000.0,0.088,1.318,9.624,9.627,0.0,0.0,75.86,1.055,1.055,298671000.0,10564994000.0,6825890000.0,6825890000.0,0.0,,,,,23332000.0,95459000.0,1.0,312736913.0,312736913.0,,21.826,26492818000.0,0.0,273737000.0,0.0,84.713,
4,LEN,MRQ,2020-09-30,2020-08-31,2020-08-31,2021-10-01,-163000.0,29315285000.0,,,,,54.996,-13756000.0,1978755000.0,1978755000.0,4895995000.0,669323000.0,,0.701,7180274000.0,,,7180274000.0,0.0,24307000.0,0.0,0.006,0.125,856108000.0,880415000.0,0.15,880415000.0,856108000.0,856108000.0,2.13,2.12,2.13,17172103000.0,,17172103000.0,29449333302.0,10.0,9.97,1572285000.0,5.035,1.0,974259000.0,0.166,3442359000.0,0.0,31074445000.0,,17671262000.0,940695000.0,,,12034940000.0,,,23361910302.0,575196000.0,5882000.0,-22896000.0,-854112000.0,-38967000.0,-917420000.0,-93425000.0,-85520000.0,1586041000.0,0.0,666418000.0,666418000.0,666418000.0,0.0,2905000.0,0.114,92661000.0,881598000.0,1140341000.0,0.059,1.36,10.353,10.421,0.0,0.0,74.82,1.032,1.032,295958000.0,9760165000.0,5870254000.0,5870254000.0,0.0,,,,,28658000.0,85998000.0,1.0,312241517.0,312241517.0,,18.8,25872926000.0,0.0,189690000.0,0.0,82.862,
5,LEN,MRQ,2020-06-30,2020-05-31,2020-05-31,2021-10-01,-338000.0,29309025000.0,,,,,52.981,8838000.0,1408251000.0,1408251000.0,4546087000.0,516098000.0,,0.766,7495674000.0,,,7495674000.0,0.0,24050000.0,0.0,0.005,0.125,677885000.0,701935000.0,0.133,701935000.0,677885000.0,677885000.0,1.66,1.65,1.66,16542703000.0,,16542703000.0,26199964758.0,10.0,9.479,936665000.0,3.0,1.0,741286000.0,0.14,3442359000.0,0.0,31954089000.0,,17947406000.0,973044000.0,,,12676401000.0,,,18878082758.0,581840000.0,9096000.0,-105000.0,-200617000.0,-38905000.0,-158766000.0,-187221000.0,-205148000.0,927827000.0,0.0,517406000.0,517406000.0,517406000.0,0.0,-1308000.0,0.098,83451000.0,657835000.0,1033558000.0,0.075,1.141,8.974,9.092,0.0,0.0,60.46,0.835,0.835,299494000.0,9132714000.0,5287373000.0,5287373000.0,0.0,,,,,23286000.0,78183000.0,1.0,312240866.0,312240866.0,,16.934,25866666000.0,0.0,160479000.0,0.0,82.842,
6,LEN,MRQ,2020-03-31,2020-02-29,2020-02-29,2021-10-01,452000.0,29173699000.0,,,,,50.797,-4842000.0,793616000.0,793616000.0,3989072000.0,391223000.0,,0.809,8115498000.0,,,8115498000.0,0.0,20414000.0,0.0,0.004,0.125,430781000.0,451195000.0,0.1,451195000.0,430781000.0,430781000.0,1.27,1.27,1.27,16044599000.0,,16044599000.0,25625010674.0,10.0,9.682,378134000.0,1.197,1.0,516265000.0,0.115,3442359000.0,0.0,33053222000.0,,18643480000.0,946716000.0,,,12980322000.0,,,19058902674.0,-393649000.0,0.0,-295988000.0,-521275000.0,-39240000.0,-789804000.0,13179000.0,16344000.0,382976000.0,0.0,398452000.0,398452000.0,398452000.0,0.0,-7229000.0,0.088,86847000.0,429418000.0,1180708000.0,0.098,1.188,9.493,9.578,0.0,0.0,60.34,0.832,0.832,311817000.0,8654213000.0,4505337000.0,4505337000.0,0.0,,,,,31855000.0,82634000.0,1.0,315858513.0,315858513.0,,14.264,25731340000.0,0.0,32329000.0,0.0,81.465,
7,LEN,MRQ,2019-12-31,2019-11-30,2019-11-30,2021-10-01,498000.0,29359511000.0,,,,,50.216,3789000.0,1210530000.0,1210530000.0,5988038000.0,671183000.0,,0.835,7776638000.0,,,7776638000.0,0.0,28378000.0,0.0,0.003,0.04,891807000.0,920185000.0,0.132,920185000.0,891807000.0,891807000.0,2.12,2.11,2.12,15949517000.0,,15949517000.0,27212352673.0,11.0,10.741,1187839000.0,3.74,1.0,983493000.0,0.141,3442359000.0,0.0,32483260000.0,,17776507000.0,1009035000.0,,,13325681000.0,,,18945979673.0,398829000.0,405677000.0,-103647000.0,-720268000.0,-12678000.0,-844174000.0,58953000.0,-350513000.0,1184050000.0,0.0,674304000.0,674304000.0,674304000.0,0.0,-3121000.0,0.097,93043000.0,890450000.0,1069179000.0,0.019,1.188,10.246,10.356,0.0,0.0,59.65,0.851,0.851,329124000.0,8295001000.0,6971531000.0,6971531000.0,0.0,,,,,21502000.0,93043000.0,1.0,317619106.0,317619106.0,,21.949,25917152000.0,0.0,217503000.0,0.0,81.598,
8,LEN,MRQ,2019-09-30,2019-08-31,2019-08-31,2021-10-01,407000.0,29459447000.0,,,,,47.717,32577000.0,808643000.0,808643000.0,5116086000.0,512643000.0,,0.91,9075016000.0,,,9075016000.0,0.0,22836000.0,0.0,0.003,0.04,667806000.0,690642000.0,0.118,690642000.0,667806000.0,667806000.0,1.6,1.59,1.6,15371938000.0,,15371938000.0,25008041380.0,10.0,9.359,760760000.0,2.362,1.0,740972000.0,0.127,3442359000.0,0.0,34283461000.0,,18848170000.0,1002936000.0,,,13993500000.0,,,16429465380.0,48793000.0,0.0,-318339000.0,-406467000.0,-12899000.0,-731619000.0,52229000.0,19452000.0,728183000.0,0.0,513366000.0,513366000.0,513366000.0,0.0,-723000.0,0.088,92615000.0,648357000.0,1092708000.0,0.025,1.069,8.336,8.279,0.0,0.0,51.0,0.755,0.755,295418000.0,7633375000.0,5857058000.0,5857058000.0,0.0,,,,,34048000.0,92615000.0,1.0,322146380.0,322146380.0,,18.181,26017088000.0,0.0,154440000.0,0.0,80.762,
9,LEN,MRQ,2019-06-30,2019-05-31,2019-05-31,2021-10-01,227000.0,29583064000.0,,,,,46.908,-16161000.0,812365000.0,812365000.0,4887168000.0,418869000.0,,0.946,9390941000.0,,,9390941000.0,0.0,22624000.0,0.0,0.003,0.04,562002000.0,584626000.0,0.105,584626000.0,562002000.0,562002000.0,1.31,1.3,1.31,15159304000.0,,15159304000.0,24439833980.0,10.0,9.553,78372000.0,0.243,1.0,675722000.0,0.121,3442359000.0,0.0,34719281000.0,,18774488000.0,983683000.0,,,14336529000.0,,,16048836979.0,-41518000.0,0.0,-52059000.0,-46393000.0,-13017000.0,-122453000.0,-13598000.0,6842000.0,94533000.0,0.0,421472000.0,421472000.0,421472000.0,0.0,-2603000.0,0.076,76113000.0,599609000.0,1067984000.0,0.031,1.059,8.399,8.374,0.0,0.0,49.66,0.744,0.744,303595000.0,7132908000.0,5562890000.0,5562890000.0,0.0,,,,,14491000.0,76113000.0,1.0,323174325.0,323174325.0,,17.213,26140705000.0,0.0,140530000.0,0.0,80.887,
10,LEN,MRQ,2019-03-31,2019-02-28,2019-02-28,2021-10-01,-158000.0,28749926000.0,,,,,45.61,-27395000.0,865426000.0,865426000.0,3465974000.0,239424000.0,,0.937,9256423000.0,,,9256423000.0,0.0,18362000.0,0.0,0.003,0.04,319610000.0,337972000.0,0.087,337972000.0,319610000.0,319610000.0,0.74,0.74,0.74,14786814000.0,,14786814000.0,22748675947.0,10.0,9.551,-551818000.0,-1.702,1.0,402108000.0,0.104,3442359000.0,0.0,33698564000.0,,18208798000.0,924056000.0,,,13856231000.0,,,15555013947.0,-533389000.0,42236000.0,-48536000.0,133814000.0,-12860000.0,69022000.0,-77988000.0,-96908000.0,-524423000.0,0.0,239910000.0,239910000.0,239910000.0,0.0,-486000.0,0.062,79343000.0,322765000.0,1025286000.0,0.054,1.052,8.644,8.614,0.0,0.0,47.98,0.725,0.725,222579000.0,6724242000.0,3868082000.0,3868082000.0,0.0,,,,,16899000.0,79343000.0,1.0,324197873.0,324197873.0,,11.931,25307567000.0,0.0,79700000.0,0.0,78.062,
11,LEN,MRQ,2018-12-31,2018-11-30,2018-11-30,2021-10-01,-366000.0,28566181000.0,,,,,44.148,-912000.0,1350206000.0,1350206000.0,5576954000.0,798227000.0,,0.952,8543868000.0,,,8543868000.0,0.0,24467000.0,0.0,0.004,0.04,1034449000.0,1058916000.0,0.164,1058916000.0,1034449000.0,1034449000.0,2.51,2.5,2.51,14581535000.0,,14581535000.0,22676059365.0,10.0,9.723,964418000.0,2.92,1.0,882256000.0,0.137,3442359000.0,0.0,32317484000.0,,17068704000.0,870201000.0,,,13883224000.0,,,14113087365.0,512434000.0,160438000.0,-250471000.0,-610541000.0,-13174000.0,-877816000.0,424920000.0,280014000.0,965330000.0,0.0,796148000.0,796148000.0,796148000.0,0.0,2079000.0,0.123,107781000.0,774475000.0,1154782000.0,0.016,0.968,8.322,7.826,0.0,0.0,42.73,0.686,0.686,236841000.0,6487650000.0,6459210000.0,6459210000.0,0.0,,,,,17017000.0,94863000.0,1.0,330285218.0,330285218.0,,19.556,25123822000.0,0.0,238301000.0,0.0,76.067,
12,LEN,MRQ,2018-09-30,2018-08-31,2018-08-31,2021-10-01,-615000.0,28289395000.0,,,,,42.589,-22558000.0,845015000.0,845015000.0,4993486000.0,467620000.0,,1.01,9407987000.0,,,9407987000.0,0.0,25284000.0,0.0,0.003,0.04,551509000.0,576793000.0,0.102,576793000.0,551509000.0,551509000.0,1.37,1.37,1.37,14032016000.0,,14032016000.0,26060515259.0,16.0,14.753,684345000.0,2.077,1.0,679083000.0,0.12,3457999000.0,0.0,33394368000.0,,17569072000.0,997488000.0,,,14173215000.0,,,17024162259.0,-112809000.0,251848000.0,-20959000.0,-678267000.0,-13205000.0,-752152000.0,-67560000.0,-303889000.0,706903000.0,0.0,453211000.0,453211000.0,453211000.0,0.0,14409000.0,0.08,108338000.0,570745000.0,956597000.0,0.029,1.213,14.078,12.481,0.0,0.0,51.67,0.951,0.951,170658000.0,5704676000.0,5672569000.0,5672569000.0,0.0,,,,,21918000.0,96346000.0,1.0,329478658.0,329478658.0,,17.217,24831396000.0,0.0,98298000.0,0.0,75.366,
13,LEN,MRQ,2018-06-30,2018-05-31,2018-05-31,2021-10-01,-339000.0,28351109000.0,,,,,41.732,4695000.0,949262000.0,949262000.0,4968942000.0,314849000.0,,1.078,9985615000.0,,,9985615000.0,0.0,21860000.0,0.0,0.003,0.04,386218000.0,408078000.0,0.075,408078000.0,386218000.0,386218000.0,0.95,0.94,0.95,13591311000.0,,13591311000.0,26476708461.0,18.0,16.745,179738000.0,0.552,1.0,490119000.0,0.09,3451994000.0,0.0,33935468000.0,,17394994000.0,960676000.0,,,14652239000.0,,,16850915461.0,112137000.0,-1193000.0,13000.0,-95722000.0,-13163000.0,-115584000.0,52678000.0,47475000.0,175043000.0,0.0,310257000.0,310257000.0,310257000.0,0.0,4592000.0,0.057,108790000.0,381329000.0,844883000.0,0.042,1.24,16.763,13.58,0.0,0.0,51.74,1.088,1.088,193984000.0,5264674000.0,5459061000.0,5459061000.0,0.0,,,,,15954000.0,84915000.0,1.0,325684489.0,325684489.0,,16.762,24899115000.0,0.0,75961000.0,0.0,76.452,
14,LEN,MRQ,2018-03-31,2018-02-28,2018-02-28,2021-10-01,376000.0,27944023000.0,,,,,54.43,-40810000.0,756747000.0,756747000.0,2698064000.0,136817000.0,,1.131,10382540000.0,,,10382540000.0,0.0,19570000.0,0.0,0.003,0.04,268826000.0,288396000.0,0.097,288396000.0,268826000.0,268826000.0,0.53,0.53,0.53,13060930000.0,,13060930000.0,17695278138.0,12.0,11.693,-196339000.0,-0.818,1.0,282727000.0,0.095,3433477000.0,0.0,34136339000.0,,17580816000.0,990723000.0,,,14769939000.0,,,13576940138.0,-1609870000.0,-901592000.0,-25355000.0,-393991000.0,-9617000.0,-450349000.0,-1003992000.0,-81547000.0,-155529000.0,0.0,136215000.0,136215000.0,136215000.0,0.0,602000.0,0.046,172005000.0,110722000.0,782797000.0,0.075,1.04,14.942,15.088,0.0,0.0,56.58,1.022,1.022,194235000.0,4967580000.0,2980791000.0,2980791000.0,0.0,,,,,17766000.0,67810000.0,1.0,239960059.0,239960059.0,,12.422,24510546000.0,0.0,132611000.0,0.0,102.144,
15,LEN,MRQ,2017-12-31,2017-11-30,2017-11-30,2021-10-01,1034000.0,18745034000.0,,,,,33.462,19270000.0,2291665000.0,2291665000.0,3257563000.0,297782000.0,,1.367,6410003000.0,,,6410003000.0,0.0,19417000.0,0.0,0.003,0.04,473791000.0,493208000.0,0.13,493208000.0,473791000.0,473791000.0,1.29,1.29,1.29,7872317000.0,,7872317000.0,19719762499.0,16.0,15.232,673931000.0,2.865,1.0,528006000.0,0.139,136566000.0,0.0,22726806000.0,,10860890000.0,900769000.0,,,10758902000.0,,,14769639499.0,1823393000.0,214360000.0,77000.0,1082713000.0,-9427000.0,1056261000.0,112471000.0,-134772000.0,654661000.0,0.0,309590000.0,309590000.0,309590000.0,0.0,-11808000.0,0.082,85556000.0,442450000.0,604953000.0,0.031,1.876,18.223,18.574,0.0,0.0,62.78,1.168,1.168,137667000.0,4840978000.0,3785569000.0,3785569000.0,0.0,,,,,18052000.0,85556000.0,1.0,235260266.0,235260266.0,,16.091,18608468000.0,0.0,164201000.0,0.0,79.097,
16,LEN,MRQ,2017-09-30,2017-08-31,2017-08-31,2021-10-01,1251000.0,16939373000.0,,,,,32.215,-20064000.0,573642000.0,573642000.0,2813523000.0,243590000.0,,1.228,5523765000.0,,,5523765000.0,0.0,17489000.0,0.0,0.003,0.04,373960000.0,391449000.0,0.12,391449000.0,373960000.0,373960000.0,1.04,1.04,1.04,7554260000.0,,7554260000.0,17151110413.0,14.0,13.397,467408000.0,1.993,1.0,447953000.0,0.137,140270000.0,0.0,21749226000.0,,10921584000.0,1016588000.0,,,9279913000.0,,,12137470413.0,-146242000.0,-296000.0,-27021000.0,-509381000.0,-9403000.0,-549699000.0,-84015000.0,-81086000.0,487472000.0,0.0,249165000.0,249165000.0,249165000.0,0.0,-5575000.0,0.076,72860000.0,375093000.0,524852000.0,0.038,1.607,14.905,15.224,0.0,0.0,51.76,0.992,0.992,86640000.0,4778965000.0,3261476000.0,3261476000.0,0.0,,,,,18486000.0,72860000.0,1.0,234495178.0,234495178.0,,13.908,16799103000.0,0.0,124795000.0,0.0,71.639,
17,LEN,MRQ,2017-06-30,2017-05-31,2017-05-31,2021-10-01,1086000.0,16754505000.0,,,,,31.231,-21258000.0,754049000.0,754049000.0,2861893000.0,200708000.0,,1.272,5767689000.0,,,5767689000.0,0.0,17675000.0,0.0,0.003,0.04,322537000.0,340212000.0,0.104,340212000.0,322537000.0,322537000.0,0.89,0.89,0.89,7322571000.0,,7322571000.0,17154940635.0,14.0,13.789,-260341000.0,-1.11,1.0,399999000.0,0.123,136633000.0,0.0,21631512000.0,,10433174000.0,995400000.0,,,9317499000.0,,,12030300635.0,54908000.0,-14931000.0,594000.0,432073000.0,-9378000.0,401445000.0,-107454000.0,-100542000.0,-239083000.0,0.0,213645000.0,213645000.0,213645000.0,0.0,-12937000.0,0.065,66774000.0,333225000.0,492734000.0,0.045,1.643,15.019,15.091,0.0,0.0,51.31,1.019,1.019,82640000.0,4539203000.0,3261892000.0,3261892000.0,0.0,,,,,12285000.0,66774000.0,1.0,234463080.0,234463080.0,,13.912,16617872000.0,0.0,108892000.0,0.0,70.876,
18,LEN,MRQ,2017-03-31,2017-02-28,2017-02-28,2021-10-01,663000.0,16230113000.0,,,,,30.304,-25785000.0,653666000.0,653666000.0,2088502000.0,29674000.0,,1.263,5778306000.0,,,5778306000.0,0.0,11743000.0,0.0,0.003,0.04,58049000.0,69792000.0,0.03,69792000.0,58049000.0,58049000.0,0.16,0.16,0.16,7106053000.0,,7106053000.0,14960789765.0,13.0,12.076,53539000.0,0.228,1.0,248926000.0,0.106,143298000.0,0.0,21211455000.0,,10468676000.0,910084000.0,,,8974338000.0,,,11440927765.0,-400469000.0,-596172000.0,16000.0,319438000.0,-9400000.0,286289000.0,-766082000.0,-170369000.0,79324000.0,0.0,38080000.0,38080000.0,38080000.0,0.0,-8406000.0,0.016,60699000.0,188227000.0,473802000.0,0.25,1.61,14.197,13.861,0.0,0.0,48.79,1.013,1.013,81299000.0,4334936000.0,2337428000.0,2337428000.0,0.0,,,,,10552000.0,60699000.0,1.0,234493293.0,234493293.0,,9.968,16086815000.0,0.0,19969000.0,0.0,68.602,
19,LEN,MRQ,2016-12-31,2016-11-30,2016-11-30,2021-10-01,-309000.0,15361781000.0,,,,,30.843,-10756000.0,1056115000.0,1056115000.0,2871821000.0,310470000.0,,1.16,4575977000.0,,,4575977000.0,0.0,14434000.0,0.0,0.004,0.04,464362000.0,478796000.0,0.142,478796000.0,464362000.0,464362000.0,1.31,1.27,1.31,7026042000.0,,7026042000.0,14038446253.0,11.0,10.177,500128000.0,2.195,1.0,504805000.0,0.149,0.0,0.0,18881643000.0,,9178926000.0,811723000.0,,,8150214000.0,,,9690758253.0,513434000.0,0.0,-31000.0,9990000.0,-9102000.0,-28288000.0,30838000.0,9398000.0,510884000.0,0.0,313453000.0,313453000.0,313453000.0,0.0,-2983000.0,0.093,67928000.0,436877000.0,478546000.0,0.031,1.379,10.628,10.504,0.0,0.0,42.54,0.885,0.885,106976000.0,4306256000.0,3376626000.0,3376626000.0,0.0,,,,,20888000.0,67928000.0,1.0,227803438.0,227803438.0,,14.823,15361781000.0,0.0,150909000.0,0.0,67.434,
20,LEN,MRQ,2016-09-30,2016-08-31,2016-08-31,2021-10-01,1123000.0,14998720000.0,,,,,29.867,538000.0,573160000.0,573160000.0,2448536000.0,233131000.0,,1.258,4920848000.0,,,4920848000.0,0.0,13033000.0,0.0,0.003,0.04,342269000.0,355302000.0,0.125,355302000.0,342269000.0,342269000.0,1.04,1.01,1.04,6545535000.0,,6545535000.0,15075421571.0,12.0,11.381,172840000.0,0.789,1.0,385358000.0,0.136,0.0,0.0,19346408000.0,,9655746000.0,796499000.0,,,8235814000.0,,,10366091571.0,618000.0,-125000.0,-23000.0,-170698000.0,-9031000.0,-204636000.0,32952000.0,9313000.0,172302000.0,0.0,235842000.0,235842000.0,235842000.0,0.0,-2711000.0,0.083,61164000.0,324194000.0,459183000.0,0.038,1.584,11.78,11.884,0.0,0.0,47.3,0.985,0.985,78986000.0,4001905000.0,2833894000.0,2833894000.0,0.0,,,,,12362000.0,61164000.0,1.0,219156270.0,219156270.0,,12.931,14998720000.0,0.0,106427000.0,0.0,68.438,
21,LEN,MRQ,2016-06-30,2016-05-31,2016-05-31,2021-10-01,515000.0,14847801000.0,,,,,28.496,-21286000.0,606905000.0,606905000.0,2367560000.0,224038000.0,,1.387,5316235000.0,,,5316235000.0,0.0,12675000.0,0.0,0.004,0.04,322270000.0,334945000.0,0.122,334945000.0,322270000.0,322270000.0,1.01,0.95,1.01,6118366000.0,,6118366000.0,14604127332.0,12.0,11.212,19219000.0,0.09,1.0,378255000.0,0.138,0.0,0.0,19557131000.0,,9649703000.0,785883000.0,,,8484867000.0,,,9784279332.0,95018000.0,0.0,-158000.0,177419000.0,-8639000.0,137554000.0,-83041000.0,-84911000.0,40505000.0,0.0,218469000.0,218469000.0,218469000.0,0.0,5569000.0,0.08,55802000.0,322453000.0,451517000.0,0.04,1.599,11.279,11.364,0.0,0.0,45.57,0.961,0.961,45000000.0,3775094000.0,2745815000.0,2745815000.0,0.0,,,,,11114000.0,55802000.0,1.0,214708785.0,214708785.0,,12.789,14847801000.0,0.0,103801000.0,0.0,69.153,
22,LEN,MRQ,2016-03-31,2016-02-29,2016-02-29,2021-10-01,-398000.0,14195188000.0,,,,,27.529,-19647000.0,514133000.0,514133000.0,1767157000.0,145452000.0,,1.392,5333981000.0,,,5333981000.0,0.0,10077000.0,0.0,0.004,0.04,200321000.0,210398000.0,0.106,210398000.0,200321000.0,200321000.0,0.68,0.63,0.68,5820114000.0,,5820114000.0,12984967384.0,11.0,10.303,-235534000.0,-1.114,1.0,226507000.0,0.114,0.0,0.0,19015036000.0,,9368319000.0,771401000.0,,,8101739000.0,,,8866750384.0,-437986000.0,-600000.0,-219000.0,-111821000.0,-8552000.0,-155513000.0,-66586000.0,-66595000.0,-215887000.0,0.0,144080000.0,144080000.0,144080000.0,0.0,1372000.0,0.072,47668000.0,178839000.0,442905000.0,0.059,1.523,10.657,10.781,0.0,0.0,41.94,0.903,0.903,61229000.0,3565264000.0,1993664000.0,1993664000.0,0.0,,,,,4113000.0,47668000.0,1.0,211415126.0,211415126.0,,9.43,14195188000.0,0.0,56241000.0,0.0,67.144,
23,LEN,MRQ,2015-12-31,2015-11-30,2015-11-30,2021-10-01,39000.0,14419509000.0,,,,,26.856,-32853000.0,906913000.0,906913000.0,2500462000.0,292662000.0,,1.499,5025130000.0,,,5025130000.0,0.0,13216000.0,0.0,0.003,0.04,410745000.0,423961000.0,0.144,423961000.0,410745000.0,421446000.0,1.25,1.14,1.25,5648944000.0,,5648944000.0,15425643937.0,13.0,12.47,635915000.0,3.023,1.0,445105000.0,0.151,0.0,-10701000.0,18537726000.0,,8740596000.0,741551000.0,,,8469437000.0,,,10771785937.0,353151000.0,0.0,-56000.0,-196699000.0,-8427000.0,-232905000.0,-82712000.0,-110850000.0,668768000.0,0.0,281603000.0,281603000.0,281603000.0,0.0,11059000.0,0.096,65889000.0,379216000.0,475909000.0,0.032,1.907,13.416,13.548,0.0,0.0,51.21,1.137,1.137,74538000.0,3429736000.0,2945567000.0,2945567000.0,0.0,,,,,11674000.0,65889000.0,1.0,210345361.0,210345361.0,,14.003,14419509000.0,0.0,139843000.0,0.0,68.552,
24,LEN,MRQ,2015-09-30,2015-08-31,2015-08-31,2021-10-01,-187000.0,14169375000.0,,,,,26.116,-11527000.0,608004000.0,608004000.0,2142989000.0,225037000.0,,1.585,5261862000.0,,,5261862000.0,0.0,11544000.0,0.0,0.003,0.04,321745000.0,333289000.0,0.134,333289000.0,321745000.0,318933000.0,1.07,0.96,1.07,5360016000.0,,5360016000.0,15086516624.0,13.0,12.57,-105408000.0,-0.514,1.0,348709000.0,0.14,0.0,2812000.0,18823233000.0,,8946063000.0,640908000.0,,,8494678000.0,,,10446745624.0,-114863000.0,0.0,-22167000.0,44662000.0,-8347000.0,-12637000.0,-8345000.0,-30187000.0,-93881000.0,0.0,223312000.0,223312000.0,223312000.0,0.0,1725000.0,0.09,56494000.0,292215000.0,437699000.0,0.037,1.949,13.627,13.683,0.0,0.0,50.9,1.146,1.146,74604000.0,3156560000.0,2491698000.0,2491698000.0,0.0,,,,,11549000.0,56494000.0,1.0,205240582.0,205240582.0,,12.14,14169375000.0,0.0,95621000.0,0.0,69.038,
25,LEN,MRQ,2015-06-30,2015-05-31,2015-05-31,2021-10-01,0.0,13895459000.0,,,,,25.042,49573000.0,651365000.0,651365000.0,2071080000.0,184584000.0,,1.638,5291136000.0,,,5291136000.0,0.0,10600000.0,0.0,0.003,0.04,282060000.0,292660000.0,0.122,292660000.0,282060000.0,278242000.0,0.89,0.79,0.89,5138738000.0,,5138738000.0,14107494723.0,13.0,12.241,-214696000.0,-1.046,1.0,321524000.0,0.134,0.0,3818000.0,18535230000.0,,8753776000.0,688467000.0,,,8419740000.0,,,9568650723.0,101727000.0,0.0,399000.0,335114000.0,-8210000.0,306138000.0,59858000.0,-17509000.0,-264269000.0,0.0,183016000.0,183016000.0,183016000.0,0.0,1568000.0,0.076,50207000.0,271317000.0,441990000.0,0.045,1.862,13.27,13.247,0.0,0.0,46.63,1.108,1.108,70443000.0,2941595000.0,2392604000.0,2392604000.0,0.0,,,,,10321000.0,50207000.0,1.0,205203747.0,205203747.0,,11.66,13895459000.0,0.0,95226000.0,0.0,67.715,
26,LEN,MRQ,2015-03-31,2015-02-28,2015-02-28,2021-10-01,0.0,13120645000.0,,,,,24.153,-31293000.0,594274000.0,594274000.0,1457217000.0,116917000.0,,1.577,5133118000.0,,,5133118000.0,0.0,8306000.0,0.0,0.003,0.04,178760000.0,187066000.0,0.114,187066000.0,178760000.0,174689000.0,0.56,0.5,0.56,4952334000.0,,4952334000.0,13738796512.0,13.0,12.517,-761557000.0,-3.714,1.0,186922000.0,0.114,0.0,4071000.0,17659489000.0,,8406502000.0,684135000.0,,,7811655000.0,,,10295025512.0,-463384000.0,0.0,8041000.0,390533000.0,-8208000.0,334074000.0,-67194000.0,-64020000.0,-730264000.0,0.0,114963000.0,114963000.0,114963000.0,0.0,1954000.0,0.07,43654000.0,143268000.0,388206000.0,0.071,2.079,15.235,15.215,0.0,0.0,50.21,1.277,1.277,69541000.0,2766789000.0,1644139000.0,1644139000.0,0.0,,,,,10216000.0,43654000.0,1.0,205039345.0,205039345.0,,8.019,13120645000.0,0.0,59726000.0,0.0,63.991,
27,LEN,MRQ,2014-12-31,2014-11-30,2014-11-30,2021-10-01,130000.0,12923151000.0,,,,,23.518,19475000.0,895578000.0,895578000.0,2164069000.0,252671000.0,,1.589,4661266000.0,,,4661266000.0,0.0,11381000.0,0.0,0.003,0.04,375787000.0,387168000.0,0.15,387168000.0,375787000.0,370595000.0,1.2,1.07,1.2,4827020000.0,,4827020000.0,13591974871.0,13.0,12.882,129488000.0,0.631,1.0,419869000.0,0.162,0.0,5192000.0,16688839000.0,,7736600000.0,656837000.0,,,7671849000.0,,,9695770871.0,448301000.0,0.0,-8275000.0,194107000.0,-8210000.0,142384000.0,195904000.0,83626000.0,110013000.0,0.0,245323000.0,245323000.0,245323000.0,0.0,7348000.0,0.095,57660000.0,362209000.0,412558000.0,0.033,2.009,15.175,15.141,0.0,0.0,47.24,1.246,1.246,93444000.0,2660034000.0,2583938000.0,2583938000.0,0.0,,,,,7638000.0,57660000.0,1.0,205244938.0,205244938.0,,12.59,12923151000.0,0.0,125272000.0,0.0,62.965,
28,LEN,MRQ,2014-09-30,2014-08-31,2014-08-31,2021-10-01,0.0,12290077000.0,,,,,22.411,-4203000.0,796676000.0,796676000.0,1727680000.0,173440000.0,,1.583,4692880000.0,,,4692880000.0,0.0,10516000.0,0.0,0.004,0.04,275033000.0,285549000.0,0.142,285549000.0,275033000.0,266652000.0,0.87,0.78,0.87,4581479000.0,,4581479000.0,11746885344.0,13.0,12.298,-181008000.0,-0.885,1.0,286354000.0,0.142,0.0,8381000.0,16186281000.0,,7724434000.0,1212964000.0,,,7251936000.0,,,8009715344.0,-126726000.0,-681000.0,-11286000.0,54535000.0,-8210000.0,-4470000.0,54549000.0,-12864000.0,-176805000.0,0.0,177757000.0,177757000.0,177757000.0,0.0,-4317000.0,0.088,43072000.0,243282000.0,349382000.0,0.046,1.748,14.363,14.196,0.0,0.0,39.18,1.126,1.126,83420000.0,2422921000.0,2014034000.0,2014034000.0,0.0,,,,,8574000.0,43072000.0,1.0,204433776.0,204433776.0,,9.852,12290077000.0,0.0,88895000.0,0.0,60.118,
29,LEN,MRQ,2014-06-30,2014-05-31,2014-05-31,2021-10-01,0.0,11994626000.0,,,,,21.521,-4681000.0,946268000.0,946268000.0,1590519000.0,122617000.0,,1.615,4683438000.0,,,4683438000.0,0.0,8806000.0,0.0,0.004,0.04,229019000.0,237825000.0,0.131,237825000.0,229019000.0,218732000.0,0.67,0.61,0.67,4399344000.0,,4399344000.0,12156304948.0,14.0,13.695,-331770000.0,-1.623,1.0,228226000.0,0.125,0.0,10287000.0,15731796000.0,,7395113000.0,1095983000.0,,,7103319000.0,,,8360702948.0,85941000.0,-4808000.0,316000.0,336388000.0,-8186000.0,300394000.0,112636000.0,65334000.0,-327089000.0,0.0,137719000.0,137719000.0,137719000.0,0.0,-15102000.0,0.076,38317000.0,189909000.0,316257000.0,0.06,1.9,16.702,16.295,0.0,0.0,40.9,1.248,1.248,208926000.0,2253374000.0,1818745000.0,1818745000.0,0.0,,,,,8405000.0,38317000.0,1.0,204418165.0,204418165.0,,8.897,11994626000.0,0.0,81013000.0,0.0,58.677,
30,LEN,MRQ,2014-03-31,2014-02-28,2014-02-28,2021-10-01,0.0,11526788000.0,,,,,20.841,-3531000.0,869113000.0,869113000.0,1198345000.0,79965000.0,,1.602,4664715000.0,,,4664715000.0,0.0,7839000.0,0.0,0.004,0.04,136719000.0,144558000.0,0.106,144558000.0,136719000.0,124028000.0,0.38,0.35,0.38,4260158000.0,,4260158000.0,12725375077.0,16.0,15.162,-398138000.0,-1.948,1.0,164750000.0,0.121,0.0,12691000.0,15322390000.0,,7147336000.0,1206784000.0,,,6825631000.0,,,8969598077.0,-96207000.0,0.0,12420000.0,252817000.0,-8169000.0,223130000.0,75270000.0,29855000.0,-394607000.0,0.0,78117000.0,78117000.0,78117000.0,0.0,1848000.0,0.057,38112000.0,126638000.0,285281000.0,0.105,2.105,17.928,17.208,0.0,0.0,43.88,1.422,1.422,130402000.0,2123841000.0,1363095000.0,1363095000.0,0.0,,,,,8604000.0,38112000.0,1.0,204411989.0,204411989.0,,6.668,11526788000.0,0.0,45911000.0,0.0,56.39,
31,LEN,MRQ,2013-12-31,2013-11-30,2013-11-30,2021-10-01,0.0,11273247000.0,,,,,21.443,127962000.0,935663000.0,935663000.0,1601742000.0,183016000.0,,1.594,4194432000.0,,,4194432000.0,0.0,8666000.0,0.0,0.004,0.04,278583000.0,287249000.0,0.15,287249000.0,278583000.0,258040000.0,0.84,0.73,0.84,4168901000.0,,4168901000.0,11444146033.0,15.0,14.654,337987000.0,1.738,1.0,313462000.0,0.164,0.0,20543000.0,14532016000.0,,6601048000.0,1194142000.0,,,6645777000.0,,,6952273033.0,398735000.0,-5623000.0,-11960000.0,-26080000.0,-7770000.0,-66495000.0,255205000.0,-170716000.0,210025000.0,0.0,164084000.0,164084000.0,164084000.0,0.0,18932000.0,0.086,43318000.0,270144000.0,271365000.0,0.048,1.668,14.494,14.419,0.0,0.0,35.76,1.171,1.171,163768000.0,2053893000.0,1915204000.0,1915204000.0,0.0,,,,,10162000.0,43318000.0,1.0,194414794.0,194414794.0,,9.851,11273247000.0,0.0,93956000.0,0.0,57.986,
32,LEN,MRQ,2013-09-30,2013-08-31,2013-08-31,2021-10-01,0.0,11015593000.0,,,,,19.243,-1952000.0,523812000.0,523812000.0,1375089000.0,122154000.0,,1.843,5015685000.0,,,5015685000.0,0.0,7944000.0,0.0,0.005,0.04,210097000.0,218041000.0,0.136,218041000.0,210097000.0,187867000.0,0.62,0.54,0.62,3714146000.0,,3714146000.0,10127041547.0,17.0,16.069,-409782000.0,-2.123,1.0,227678000.0,0.142,0.0,22230000.0,15507466000.0,,6528931000.0,1531881000.0,,,6844907000.0,,,6139712547.0,-319907000.0,0.0,4217000.0,71663000.0,-7752000.0,55891000.0,32032000.0,76579000.0,-407830000.0,0.0,120662000.0,120662000.0,120662000.0,0.0,1492000.0,0.075,37619000.0,190059000.0,270401000.0,0.065,1.653,13.956,13.952,0.0,0.0,31.81,1.143,1.143,58609000.0,1897579000.0,1602767000.0,1602767000.0,0.0,,,,,-10000.0,37619000.0,1.0,193012026.0,193012026.0,,8.304,11015593000.0,0.0,67205000.0,0.0,57.072,
33,LEN,MRQ,2013-06-30,2013-05-31,2013-05-31,2021-10-01,0.0,10494157000.0,,,,,18.638,-1718000.0,827738000.0,827738000.0,1232317000.0,142798000.0,,1.799,4815067000.0,,,4815067000.0,0.0,7406000.0,0.0,0.004,0.04,182036000.0,189442000.0,0.133,189442000.0,182036000.0,156927000.0,0.71,0.61,0.71,3585602000.0,,3585602000.0,11170439094.0,23.0,21.605,-290135000.0,-1.508,1.0,194564000.0,0.136,0.0,25109000.0,14481486000.0,,5830625000.0,1253786000.0,,,6449318000.0,,,7564612094.0,-350439000.0,0.0,7869000.0,-40080000.0,-7697000.0,-203988000.0,141966000.0,180612000.0,-288417000.0,0.0,137436000.0,137436000.0,137436000.0,0.0,5362000.0,0.096,33853000.0,160711000.0,228491000.0,0.056,2.11,18.615,18.547,0.0,0.0,39.32,1.554,1.554,60178000.0,1784669000.0,1426881000.0,1426881000.0,0.0,,,,,6752000.0,33853000.0,1.0,192385862.0,192385862.0,,7.417,10494157000.0,0.0,19491000.0,0.0,54.547,
34,LEN,MRQ,2013-03-31,2013-02-28,2013-02-28,2021-10-01,0.0,10432269000.0,,,,,18.21,-1261000.0,1185001000.0,1185001000.0,894051000.0,56958000.0,,1.82,4790828000.0,,,4790828000.0,0.0,6333000.0,0.0,0.004,0.04,79886000.0,86219000.0,0.087,86219000.0,79886000.0,53855000.0,0.3,0.26,0.3,3495881000.0,,3495881000.0,10753881601.0,28.0,26.446,-322753000.0,-1.681,1.0,96192000.0,0.097,0.0,26031000.0,14038096000.0,,5611976000.0,1094813000.0,,,6362629000.0,,,7408501601.0,-68627000.0,0.0,21668000.0,-6018000.0,-7693000.0,-7181000.0,260046000.0,43865000.0,-321492000.0,0.0,57492000.0,57492000.0,57492000.0,0.0,-534000.0,0.058,31270000.0,64922000.0,229880000.0,0.133,2.119,10.266,10.155,0.0,0.0,38.59,1.695,1.695,58175000.0,1654930000.0,990243000.0,990243000.0,0.0,,,,,6637000.0,31270000.0,1.0,191979829.0,191979829.0,,5.158,10432269000.0,0.0,-3637000.0,0.0,54.34,
35,LEN,MRQ,2012-12-31,2012-11-30,2012-11-30,2021-10-01,0.0,10362206000.0,,,,,17.889,379000.0,1259708000.0,1259708000.0,1172494000.0,123520000.0,,1.863,4605653000.0,,,4605653000.0,0.0,7713000.0,0.0,0.004,0.04,128789000.0,136502000.0,0.101,136502000.0,128789000.0,105747000.0,0.65,0.55,0.65,3414764000.0,,3414764000.0,10775925545.0,32.0,29.415,66238000.0,0.347,1.0,177869000.0,0.132,0.0,23042000.0,13708151000.0,,5046390000.0,1330722000.0,,,6360998000.0,,,7261224545.0,465585000.0,0.0,-1298000.0,405739000.0,-7639000.0,395385000.0,4341000.0,-138426000.0,65859000.0,0.0,124344000.0,124344000.0,124344000.0,0.0,-824000.0,0.092,39042000.0,138827000.0,217396000.0,0.062,2.126,10.692,10.626,0.0,0.0,38.04,1.769,1.769,53745000.0,1605131000.0,1350363000.0,1350363000.0,0.0,,,,,18387000.0,39042000.0,1.0,190883926.0,190883926.0,,7.074,10362206000.0,0.0,-18597000.0,0.0,54.285,
36,LEN,MRQ,2012-09-30,2012-08-31,2012-08-31,2021-10-01,0.0,9718500000.0,,,,,17.282,-3591000.0,771284000.0,771284000.0,978269000.0,71411000.0,,1.791,4285985000.0,,,4285985000.0,0.0,7877000.0,0.0,0.005,0.04,96992000.0,104869000.0,0.095,104869000.0,96992000.0,74333000.0,0.46,0.4,0.46,3271722000.0,,3271722000.0,9453085227.0,38.0,34.054,-280291000.0,-1.481,1.0,121489000.0,0.11,0.0,22659000.0,13233201000.0,,5035650000.0,1355111000.0,,,5860123000.0,,,6139571227.0,15776000.0,0.0,4249000.0,262418000.0,-7623000.0,229722000.0,62754000.0,117164000.0,-276700000.0,0.0,87109000.0,87109000.0,87109000.0,0.0,-15698000.0,0.079,32286000.0,89203000.0,169863000.0,0.087,1.877,10.494,10.495,0.0,0.0,32.43,1.656,1.656,46281000.0,1488426000.0,1099758000.0,1099758000.0,0.0,,,,,9156000.0,32286000.0,1.0,189317645.0,189317645.0,,5.809,9718500000.0,0.0,-12776000.0,0.0,51.334,
37,LEN,MRQ,2012-06-30,2012-05-31,2012-05-31,2021-10-01,0.0,9351209000.0,,,,,16.793,-750000.0,768700000.0,768700000.0,832655000.0,454424000.0,,1.753,4082214000.0,,,4082214000.0,0.0,4861000.0,0.0,0.006,0.04,74185000.0,79046000.0,0.085,79046000.0,74185000.0,50382000.0,2.39,2.06,2.39,3177378000.0,,3177378000.0,8374330457.0,43.0,37.585,-82113000.0,-0.434,1.0,97500000.0,0.105,0.0,23803000.0,12664723000.0,,4799298000.0,1434349000.0,,,5571301000.0,,,5163601457.0,-93524000.0,0.0,1313000.0,-15884000.0,-7570000.0,-33651000.0,21490000.0,52498000.0,-81363000.0,0.0,452703000.0,452703000.0,452703000.0,0.0,1721000.0,0.487,29168000.0,68332000.0,154664000.0,0.017,1.625,9.955,9.96,0.0,0.0,27.29,1.506,1.506,44843000.0,1408940000.0,930155000.0,930155000.0,0.0,,,,,7771000.0,29168000.0,1.0,189212219.0,189212219.0,,4.916,9351209000.0,0.0,-402321000.0,0.0,49.422,
38,LEN,MRQ,2012-03-31,2012-02-29,2012-02-29,2021-10-01,0.0,8867494000.0,,,,,14.427,1140000.0,874352000.0,874352000.0,678080000.0,7977000.0,,2.036,4085081000.0,,,4085081000.0,0.0,7630000.0,0.0,0.007,0.04,38293000.0,45923000.0,0.063,45923000.0,38293000.0,13444000.0,0.08,0.08,0.08,2722796000.0,,2722796000.0,7454555031.0,47.0,40.326,-131304000.0,-0.696,1.0,46776000.0,0.065,0.0,24849000.0,12078223000.0,,4667542000.0,1474113000.0,,,5544241000.0,,,4412416031.0,-240698000.0,0.0,10761000.0,-262887000.0,-7562000.0,-264960000.0,156706000.0,51366000.0,-132444000.0,0.0,14968000.0,14968000.0,14968000.0,0.0,-6991000.0,0.021,26842000.0,19934000.0,170216000.0,0.5,1.621,55.32,55.667,0.0,0.0,23.38,1.353,1.353,47745000.0,963807000.0,724856000.0,724856000.0,0.0,,,,,8161000.0,26842000.0,1.0,188726092.0,188726092.0,,3.841,8867494000.0,0.0,-1524000.0,0.0,46.986,
39,LEN,MRQ,2011-12-31,2011-11-30,2011-11-30,2021-10-01,0.0,9154671000.0,,,,,14.419,-6629000.0,1116740000.0,1116740000.0,889246000.0,25471000.0,,2.17,4158879000.0,,,4158879000.0,0.0,9179000.0,0.0,0.009,0.04,38577000.0,47756000.0,0.05,47756000.0,38577000.0,16581000.0,0.16,0.15,0.16,2696468000.0,,2696468000.0,6475859881.0,38.0,34.123,-150181000.0,-0.803,1.0,63408000.0,0.067,0.0,21996000.0,12196810000.0,,4360535000.0,1603212000.0,,,5851146000.0,,,3442815881.0,236273000.0,0.0,-4491000.0,381173000.0,-7481000.0,354350000.0,25475000.0,37243000.0,-143552000.0,0.0,30278000.0,30278000.0,30278000.0,0.0,-4807000.0,0.032,28530000.0,34878000.0,201101000.0,0.25,1.277,37.341,37.571,0.0,0.0,18.41,1.112,1.112,53977000.0,956401000.0,952654000.0,952654000.0,0.0,,,,,8110000.0,28530000.0,1.0,187007924.0,187007924.0,,5.094,9154671000.0,0.0,-13697000.0,0.0,48.953,
40,LEN,MRQ,2011-09-30,2011-08-31,2011-08-31,2021-10-01,0.0,8724018000.0,,,,,14.282,-2000000.0,878797000.0,878797000.0,754857000.0,23500000.0,,2.038,3911841000.0,,,3911841000.0,0.0,4670000.0,0.0,0.011,0.04,45416000.0,50086000.0,0.061,50086000.0,45416000.0,21309000.0,0.11,0.11,0.11,2670491000.0,,2670491000.0,5598007394.0,32.0,29.357,-122192000.0,-0.653,1.0,65336000.0,0.08,0.0,24107000.0,11757062000.0,,4265010000.0,1778577000.0,,,5443731000.0,,,2748651394.0,-204123000.0,0.0,675000.0,5859000.0,-7479000.0,-17866000.0,-66065000.0,-56815000.0,-120192000.0,0.0,20730000.0,20730000.0,20730000.0,0.0,2770000.0,0.025,22776000.0,42560000.0,196793000.0,0.364,1.029,29.256,29.4,0.0,0.0,14.7,0.915,0.915,55624000.0,933604000.0,820193000.0,820193000.0,0.0,,,,,4692000.0,22776000.0,1.0,186983088.0,186983088.0,,4.386,8724018000.0,0.0,579000.0,0.0,46.657,
41,LEN,MRQ,2011-06-30,2011-05-31,2011-05-31,2021-10-01,0.0,8699229000.0,,,,,14.186,-1315000.0,1023337000.0,1023337000.0,719911000.0,24847000.0,,2.051,3872693000.0,,,3872693000.0,0.0,3884000.0,0.0,0.008,0.04,37206000.0,41090000.0,0.054,41090000.0,37206000.0,14738000.0,0.07,0.07,0.07,2651845000.0,,2651845000.0,6342138155.0,36.0,32.983,-6381000.0,-0.034,1.0,44582000.0,0.058,0.0,22468000.0,11548585000.0,,4301565000.0,1867004000.0,,,5439981000.0,,,3547992155.0,-75132000.0,0.0,89000.0,33424000.0,-7477000.0,23362000.0,-93428000.0,-86597000.0,-5066000.0,0.0,13785000.0,13785000.0,13785000.0,0.0,11062000.0,0.018,20598000.0,23984000.0,168398000.0,0.571,1.338,34.361,34.509,0.0,0.0,18.98,1.18,1.18,66982000.0,920353000.0,764493000.0,764493000.0,0.0,,,,,4773000.0,20598000.0,1.0,186933201.0,186933201.0,,4.09,8699229000.0,0.0,953000.0,0.0,46.537,
42,LEN,MRQ,2011-03-31,2011-02-28,2011-02-28,2021-10-01,0.0,8580484000.0,,,,,14.147,8000.0,1104409000.0,1104409000.0,532642000.0,38726000.0,,2.025,3898555000.0,,,3898555000.0,0.0,3767000.0,0.0,0.008,0.04,47080000.0,50847000.0,0.091,50847000.0,47080000.0,25001000.0,0.15,0.14,0.15,2640377000.0,,2640377000.0,6369637572.0,34.0,31.714,9683000.0,0.052,1.0,25403000.0,0.046,0.0,22079000.0,11374630000.0,,4296772000.0,1894479000.0,,,5347498000.0,,,3762623572.0,-187549000.0,0.0,4754000.0,-177102000.0,-7469000.0,-195088000.0,-2136000.0,574000.0,9675000.0,0.0,27406000.0,27406000.0,27406000.0,0.0,11320000.0,0.049,23352000.0,2051000.0,147046000.0,0.267,1.425,29.125,29.217,0.0,0.0,20.16,1.231,1.231,61258000.0,914045000.0,558045000.0,558045000.0,0.0,,,,,6472000.0,23352000.0,1.0,186638074.0,186638074.0,,2.99,8580484000.0,0.0,-2405000.0,0.0,45.974,
43,LEN,MRQ,2010-12-31,2010-11-30,2010-11-30,2021-10-01,0.0,8787851000.0,,,,,14.106,-4459000.0,1291854000.0,1291854000.0,809178000.0,42518000.0,,2.144,3898868000.0,,,3898868000.0,0.0,3794000.0,0.0,0.011,0.04,44869000.0,48663000.0,0.057,48663000.0,44869000.0,28293000.0,0.17,0.17,0.17,2608949000.0,,2608949000.0,5232331422.0,37.0,34.093,80682000.0,0.436,1.0,50946000.0,0.059,0.0,16576000.0,11394865000.0,,4169608000.0,2031334000.0,,,5593468000.0,,,2809395422.0,356601000.0,0.0,469000.0,406664000.0,-7398000.0,387671000.0,-116211000.0,-232471000.0,85141000.0,0.0,32030000.0,32030000.0,32030000.0,0.0,10488000.0,0.037,25058000.0,25888000.0,168006000.0,0.235,1.077,29.492,29.784,0.0,0.0,15.19,0.914,0.914,82202000.0,894108000.0,860124000.0,860124000.0,0.0,,,,,11080000.0,25058000.0,1.0,184950324.0,184950324.0,,4.651,8787851000.0,0.0,-3737000.0,0.0,47.515,
44,LEN,MRQ,2010-09-30,2010-08-31,2010-08-31,2021-10-01,0.0,8279899000.0,,,,,13.527,339000.0,1059283000.0,1059283000.0,751831000.0,38830000.0,,2.083,3482219000.0,,,3482219000.0,0.0,3376000.0,0.0,0.012,0.04,48308000.0,51684000.0,0.063,51684000.0,48308000.0,30640000.0,0.16,0.16,0.16,2501763000.0,,2501763000.0,4665233552.0,-28.0,-30.622,-85248000.0,-0.461,1.0,73144000.0,0.089,0.0,17668000.0,10702835000.0,,4274327000.0,1940113000.0,,,5211476000.0,,,2431984552.0,-219531000.0,0.0,3000.0,-5585000.0,-7392000.0,-19978000.0,-113966000.0,-118224000.0,-85587000.0,0.0,30035000.0,30035000.0,30035000.0,0.0,8795000.0,0.036,23994000.0,49150000.0,200015000.0,0.25,0.972,24.614,21.917,0.0,0.0,13.15,0.778,0.778,60860000.0,869476000.0,824975000.0,824975000.0,0.0,,,,,5356000.0,23994000.0,1.0,184941791.0,184941791.0,,4.461,8279899000.0,11726000.0,605000.0,0.0,44.77,
45,LEN,MRQ,2010-06-30,2010-05-31,2010-05-31,2021-10-01,0.0,8248880000.0,,,,,13.378,978000.0,1285559000.0,1285559000.0,737086000.0,46584000.0,,2.11,3518808000.0,,,3518808000.0,0.0,3446000.0,0.0,0.009,0.04,46205000.0,49651000.0,0.061,49651000.0,46205000.0,28689000.0,0.21,0.21,0.21,2473893000.0,,2473893000.0,5550273613.0,-15.0,-16.015,186236000.0,1.007,1.0,77395000.0,0.095,0.0,17516000.0,10482129000.0,,4162134000.0,1900554000.0,,,5219947000.0,,,3199220613.0,343861000.0,0.0,643000.0,199784000.0,-7401000.0,177688000.0,-19085000.0,-58318000.0,185258000.0,0.0,39719000.0,39719000.0,39719000.0,0.0,6865000.0,0.049,22234000.0,55161000.0,173509000.0,0.19,1.293,-31.11,-32.642,0.0,0.0,17.3,1.058,1.058,62178000.0,846833000.0,814481000.0,814481000.0,0.0,,,,,5341000.0,22234000.0,1.0,184926047.0,184926047.0,,4.404,8248880000.0,11769000.0,-11030000.0,0.0,44.606,
46,LEN,MRQ,2010-03-31,2010-02-28,2010-02-28,2021-10-01,0.0,7981747000.0,,,,,13.171,-1920000.0,958888000.0,958888000.0,557634000.0,-7473000.0,,2.055,3309941000.0,,,3309941000.0,0.0,2904000.0,0.0,0.01,0.04,570000.0,3474000.0,0.006,3474000.0,570000.0,-18095000.0,-0.04,-0.04,-0.04,2435191000.0,,2435191000.0,4455648160.0,-9.0,-8.902,87496000.0,0.473,1.0,16808000.0,0.029,0.0,18665000.0,10332800000.0,,4101016000.0,1868175000.0,,,5003383000.0,,,3034124160.0,-544234000.0,0.0,-683000.0,-187402000.0,-7386000.0,-209541000.0,-424109000.0,-258039000.0,89416000.0,0.0,-6523000.0,-6523000.0,-6523000.0,0.0,-950000.0,-0.011,22640000.0,-5832000.0,174019000.0,-1.0,1.246,-11.332,-10.94,0.0,0.0,16.41,0.979,0.979,98798000.0,814515000.0,574442000.0,574442000.0,0.0,,,,,6298000.0,22640000.0,1.0,184894830.0,184894830.0,,3.107,7981747000.0,241664000.0,-11572000.0,0.0,43.169,
47,LEN,MRQ,2009-12-31,2009-11-30,2009-11-30,2021-10-01,0.0,7314791000.0,,,,,13.329,1161000.0,1339828000.0,1339828000.0,1110740000.0,17693000.0,,1.934,2761352000.0,,,2761352000.0,0.0,5851000.0,0.0,0.013,0.04,-263008000.0,-257157000.0,-0.281,-257157000.0,-263008000.0,-284908000.0,0.27,0.27,0.27,2443479000.0,,2443479000.0,3640476022.0,-6.0,-5.682,35088000.0,0.191,1.0,-196999000.0,-0.216,0.0,21900000.0,8736315000.0,,4087989000.0,609140000.0,,,4726777000.0,,,2322734022.0,-25614000.0,0.0,-124000.0,1547000.0,-7328000.0,-19000000.0,-40541000.0,-41702000.0,33927000.0,0.0,35572000.0,35572000.0,35572000.0,0.0,-17879000.0,0.039,32759000.0,-229758000.0,169596000.0,0.148,0.951,-5.568,-5.171,0.0,0.0,12.67,0.745,0.745,122053000.0,828424000.0,913741000.0,913741000.0,0.0,,,,,8429000.0,32759000.0,1.0,183325495.0,183325495.0,,4.984,7314791000.0,334428000.0,-320480000.0,0.0,39.901,
48,LEN,MRQ,2009-09-30,2009-08-31,2009-08-31,2021-10-01,0.0,7088339000.0,,,,,13.729,-183000.0,1348054000.0,1348054000.0,770817000.0,-174384000.0,,1.875,2665796000.0,,,2665796000.0,0.0,3891000.0,0.0,0.011,0.04,-146437000.0,-142546000.0,-0.198,-142546000.0,-146437000.0,-168865000.0,-0.97,-0.97,-0.97,2405960000.0,,2405960000.0,3863151088.0,-8.0,-8.691,134004000.0,0.765,1.0,-50087000.0,-0.069,0.0,22428000.0,8406081000.0,,4221458000.0,650878000.0,,,4510988000.0,,,2654913088.0,-96279000.0,0.0,97290000.0,-169287000.0,-7004000.0,-93803000.0,-136663000.0,-136480000.0,134187000.0,0.0,-171605000.0,-171605000.0,-171605000.0,0.0,-2779000.0,-0.238,27557000.0,-77644000.0,216239000.0,-0.041,1.103,-2.101,-1.932,0.0,0.0,15.15,0.762,0.762,110983000.0,800180000.0,720730000.0,720730000.0,0.0,,,,,6371000.0,27557000.0,1.0,175241788.0,175241788.0,,4.113,7088339000.0,1501000.0,2740000.0,0.0,40.449,
49,LEN,MRQ,2009-06-30,2009-05-31,2009-05-31,2021-10-01,0.0,7282987000.0,,,,,15.471,-747000.0,1456615000.0,1456615000.0,909825000.0,-131705000.0,,1.87,2664853000.0,,,2664853000.0,0.0,4834000.0,0.0,0.029,0.04,-109145000.0,-104311000.0,-0.117,-104311000.0,-109145000.0,-123638000.0,-0.76,-0.76,-0.76,2482006000.0,,2482006000.0,2992272498.0,-7.0,-6.903,171787000.0,1.071,1.0,-17972000.0,-0.02,0.0,14493000.0,8491225000.0,,4341984000.0,656280000.0,,,4642482000.0,,,1525703498.0,364225000.0,0.0,123391000.0,126466000.0,-6844000.0,232888000.0,-41197000.0,-40450000.0,172534000.0,0.0,-125185000.0,-125185000.0,-125185000.0,0.0,-6520000.0,-0.14,29774000.0,-47746000.0,199596000.0,-0.053,0.615,-1.292,-1.28,0.0,0.0,9.51,0.394,0.394,77226000.0,978789000.0,891853000.0,891853000.0,0.0,,,,,7872000.0,29774000.0,1.0,160431493.0,160431493.0,,5.559,7282987000.0,987000.0,1547000.0,0.0,45.396,
50,LEN,MRQ,2009-03-31,2009-02-28,2009-02-28,2021-10-01,0.0,7170111000.0,,,,,15.37,98000.0,1107546000.0,1107546000.0,670652000.0,-157663000.0,,1.839,2574115000.0,,,2574115000.0,0.0,5329000.0,0.0,0.06,0.04,-142052000.0,-136723000.0,-0.231,-136723000.0,-142052000.0,-154081000.0,-0.98,-0.98,-0.98,2467375000.0,,2467375000.0,2517014637.0,-5.0,-5.097,80293000.0,0.5,1.0,-77589000.0,-0.131,0.0,12029000.0,8636680000.0,,4501742000.0,776812000.0,,,4538464000.0,,,1072375637.0,11684000.0,0.0,-686000.0,-1436000.0,-6412000.0,-11792000.0,-56719000.0,-56817000.0,80195000.0,0.0,-155929000.0,-155929000.0,-155929000.0,0.0,-1734000.0,-0.263,27475000.0,-105064000.0,203776000.0,-0.041,0.435,-0.911,-0.899,0.0,0.0,6.68,0.261,0.261,99871000.0,1110818000.0,593063000.0,593063000.0,0.0,,,,,7720000.0,27475000.0,1.0,160535275.0,160535275.0,,3.694,7170111000.0,4592000.0,1848000.0,0.0,44.664,
51,LEN,MRQ,2008-12-31,2008-11-30,2008-11-30,2021-10-01,0.0,7424898000.0,,,,,16.337,3624000.0,1100296000.0,1100296000.0,1385508000.0,-815086000.0,,1.767,2544935000.0,,,2544935000.0,0.0,6457000.0,0.0,0.073,0.04,-67356000.0,-60899000.0,-0.048,-60899000.0,-67356000.0,-94950000.0,-5.13,-5.13,-5.13,2623007000.0,,2623007000.0,2611219797.0,-5.0,-5.206,250090000.0,1.558,1.0,-107460000.0,-0.084,0.0,27594000.0,8869537000.0,,4500090000.0,766752000.0,,,4636145000.0,,,1141580797.0,264006000.0,0.0,-72000.0,31819000.0,-6414000.0,26991000.0,-9451000.0,-13075000.0,246466000.0,0.0,-810989000.0,-810989000.0,-810989000.0,0.0,-4097000.0,-0.635,31299000.0,-138759000.0,246727000.0,-0.008,0.435,-1.029,-1.014,0.0,0.0,7.11,0.25,0.25,94520000.0,1273159000.0,1278048000.0,1278048000.0,0.0,,,,,8486000.0,31299000.0,1.0,160559887.0,160559887.0,,7.96,7424898000.0,255460000.0,716039000.0,0.0,46.244,
52,LEN,MRQ,2008-09-30,2008-08-31,2008-08-31,2021-10-01,0.0,8226960000.0,,,,,21.363,-1288000.0,869058000.0,869058000.0,1157425000.0,-88964000.0,,1.346,2338697000.0,,,2338697000.0,0.0,7554000.0,0.0,0.049,0.16,-139102000.0,-131548000.0,-0.119,-131548000.0,-139102000.0,-139102000.0,-0.56,-0.56,-0.56,3431898000.0,,3431898000.0,3521754757.0,-1.0,-1.488,86285000.0,0.537,1.0,-50885000.0,-0.046,0.0,0.0,9696599000.0,,4775586000.0,799189000.0,,,4620082000.0,,,2112492757.0,-70633000.0,0.0,-145000.0,-186498000.0,-25662000.0,-81226000.0,-76980000.0,-75692000.0,87573000.0,0.0,-88964000.0,-88964000.0,-88964000.0,0.0,0.0,-0.08,34047000.0,-84932000.0,260667000.0,-0.286,0.616,-1.363,-1.339,0.0,0.0,13.15,0.386,0.386,94967000.0,2090564000.0,1106540000.0,1106540000.0,0.0,,,,,4358000.0,34047000.0,1.0,160645837.0,160645837.0,,6.888,8226960000.0,0.0,-50138000.0,0.0,51.212,
53,LEN,MRQ,2008-06-30,2008-05-31,2008-05-31,2021-10-01,-2812000.0,8253859000.0,,,,,22.017,-1263000.0,901232000.0,901232000.0,1204939000.0,-120916000.0,,1.32,2310494000.0,,,2310494000.0,0.0,8500000.0,0.0,0.038,0.16,-173182000.0,-164682000.0,-0.146,-164682000.0,-173182000.0,-173182000.0,-0.76,-0.76,-0.76,3539590000.0,,3539590000.0,3879278140.0,-1.0,-1.268,-78991000.0,-0.491,1.0,-77023000.0,-0.068,0.0,0.0,9663121000.0,,4544726000.0,869859000.0,,,4673520000.0,,,2713674140.0,-166091000.0,0.0,-1197000.0,3205000.0,-25686000.0,-39711000.0,-48652000.0,-47389000.0,-77728000.0,0.0,-120916000.0,-120916000.0,-120916000.0,0.0,0.0,-0.107,29584000.0,-106607000.0,236881000.0,-0.211,0.767,-1.374,-1.349,0.0,0.0,16.88,0.404,0.404,111124000.0,2205188000.0,1127916000.0,1127916000.0,0.0,,,,,5295000.0,29584000.0,1.0,160762686.0,160762686.0,,7.016,8253859000.0,0.0,-52266000.0,0.0,51.342,
54,LEN,MRQ,2008-03-31,2008-02-29,2008-02-29,2021-10-01,-3660000.0,8515201000.0,,,,,23.02,317000.0,1113893000.0,1113893000.0,1137378000.0,-88216000.0,,1.307,2279497000.0,,,2279497000.0,0.0,9888000.0,0.0,0.034,0.16,-154294000.0,-144406000.0,-0.136,-144406000.0,-154294000.0,-154294000.0,-0.56,-0.56,-0.56,3680898000.0,,3680898000.0,4593288994.0,-1.0,-1.406,844840000.0,5.284,1.0,-74465000.0,-0.07,0.0,0.0,9680805000.0,,4574159000.0,915222000.0,,,4811667000.0,,,2975748994.0,380946000.0,0.0,-120000.0,-293009000.0,-25725000.0,-332957000.0,-130620000.0,-130937000.0,844523000.0,0.0,-88216000.0,-88216000.0,-88216000.0,0.0,0.0,-0.083,34822000.0,-109287000.0,243305000.0,-0.286,0.808,-1.418,-1.399,0.0,0.0,18.61,0.352,0.352,134241000.0,2351786000.0,1062913000.0,1062913000.0,0.0,,,,,5593000.0,34822000.0,1.0,159900537.0,159900537.0,,6.647,8515201000.0,0.0,-66078000.0,0.0,53.253,
55,LEN,MRQ,2007-12-31,2007-11-30,2007-11-30,2021-10-01,-2061000.0,9102747000.0,,,,,23.858,4638000.0,677896000.0,677896000.0,3660005000.0,-1251647000.0,,1.374,2295436000.0,,,2295436000.0,0.0,16907000.0,0.0,0.04,0.16,-1943283000.0,-1926376000.0,-0.885,-1926376000.0,-1943283000.0,-1969091000.0,-7.94,-7.94,-7.94,3822119000.0,,3822119000.0,4942678835.0,-2.0,-1.647,568752000.0,3.55,1.0,-1483100000.0,-0.681,0.0,25808000.0,10720287000.0,,4500403000.0,934271000.0,,,5252100000.0,,,2537631835.0,544081000.0,0.0,1403000.0,-394767000.0,-25288000.0,29534000.0,-49567000.0,-54205000.0,564114000.0,0.0,-1251647000.0,-1251647000.0,-1251647000.0,0.0,0.0,-0.575,225964000.0,-1709064000.0,376134000.0,-0.02,0.664,-1.307,-1.287,0.0,0.0,15.84,0.249,0.249,207691000.0,2496933000.0,2176905000.0,2176905000.0,0.0,,,,,6003000.0,35766000.0,1.0,160204030.0,160204030.0,,13.588,9102747000.0,881525000.0,-717444000.0,0.0,56.82,
56,LEN,MRQ,2007-09-30,2007-08-31,2007-08-31,2021-10-01,-701000.0,10432453000.0,,,,,31.804,2394000.0,166244000.0,166244000.0,2995054000.0,-513852000.0,,1.043,2571291000.0,,,2571291000.0,0.0,12784000.0,0.0,0.023,0.16,-837643000.0,-824859000.0,-0.352,-824859000.0,-837643000.0,-837643000.0,-3.25,-3.25,-3.25,5097259000.0,,5097259000.0,6844618814.0,-5.0,-4.985,303497000.0,1.894,1.0,-653201000.0,-0.279,173701000.0,0.0,12663799000.0,,6720497000.0,1077220000.0,,,5315821000.0,,,4530808814.0,-150900000.0,0.0,-686000.0,-321796000.0,-25281000.0,-385637000.0,-66366000.0,-68760000.0,301103000.0,0.0,-513852000.0,-513852000.0,-513852000.0,0.0,0.0,-0.219,44700000.0,-697901000.0,419914000.0,-0.049,0.889,-5.119,-5.057,0.0,0.0,28.27,0.369,0.369,193771000.0,3773868000.0,2341853000.0,2341853000.0,0.0,,,,,12463000.0,44700000.0,1.0,160269148.0,160269148.0,,14.612,10258752000.0,0.0,-323791000.0,0.0,64.01,
57,LEN,MRQ,2007-06-30,2007-05-31,2007-05-31,2021-10-01,-1066000.0,11542070000.0,,,,,34.888,-3082000.0,271476000.0,271476000.0,3173220000.0,-244205000.0,,1.057,2585286000.0,,,2585286000.0,0.0,12601000.0,0.0,0.014,0.16,-383272000.0,-370671000.0,-0.129,-370671000.0,-383272000.0,-383272000.0,-1.55,-1.55,-1.55,5583555000.0,,5583555000.0,9599426413.0,-37.0,-45.918,77286000.0,0.483,1.0,-297277000.0,-0.103,190198000.0,0.0,13665682000.0,,7705234000.0,1235603000.0,,,5902260000.0,,,7305869413.0,-61911000.0,0.0,1114000.0,-62188000.0,-25380000.0,-83503000.0,-58776000.0,-55694000.0,80368000.0,0.0,-244205000.0,-244205000.0,-244205000.0,0.0,0.0,-0.085,45817000.0,-343094000.0,499832000.0,-0.103,1.308,-44.409,-44.32,0.0,0.0,45.65,0.518,0.518,179808000.0,4313001000.0,2875943000.0,2875943000.0,0.0,,,,,12005000.0,45817000.0,1.0,160040951.0,160040951.0,,17.97,11351872000.0,0.0,-139067000.0,0.0,70.931,
58,LEN,MRQ,2007-03-31,2007-02-28,2007-02-28,2021-10-01,-1513000.0,12035977000.0,,,,,36.427,-3869000.0,287937000.0,287937000.0,2811207000.0,68623000.0,,1.075,2581494000.0,,,2581494000.0,0.0,12011000.0,0.0,0.013,0.16,108925000.0,120936000.0,0.043,120936000.0,108925000.0,108925000.0,0.44,0.43,0.44,5774981000.0,,5774981000.0,9725499804.0,15.0,14.143,-504941000.0,-3.185,1.0,-19127000.0,-0.007,190198000.0,0.0,14139336000.0,,8305626000.0,1215620000.0,,,6208994000.0,,,7798454804.0,-314395000.0,0.0,15786000.0,-285409000.0,-25174000.0,-295015000.0,481692000.0,485561000.0,-501072000.0,0.0,68623000.0,68623000.0,68623000.0,0.0,0.0,0.025,46919000.0,-66046000.0,565690000.0,0.364,1.35,19.282,19.215,0.0,0.0,49.19,0.493,0.493,165443000.0,4582586000.0,2792080000.0,2792080000.0,0.0,,,,,10178000.0,46919000.0,1.0,158537402.0,158537402.0,,17.611,11845779000.0,0.0,40302000.0,0.0,74.719,
59,LEN,MRQ,2006-12-31,2006-11-30,2006-11-30,2021-10-01,-2041000.0,12408266000.0,,,,,35.979,-4665000.0,686458000.0,686458000.0,4490528000.0,-195605000.0,,1.167,2613503000.0,,,2613503000.0,0.0,12130000.0,0.0,0.012,0.16,-310484000.0,-298354000.0,-0.07,-298354000.0,-310484000.0,-310484000.0,-1.23,-1.19,-1.23,5701372000.0,,5701372000.0,10931447140.0,12.0,11.063,701484000.0,4.427,1.0,-224463000.0,-0.053,196638000.0,0.0,14138673000.0,,7831483000.0,1447178000.0,,,6651501000.0,,,8319409140.0,522264000.0,0.0,-21525000.0,-113609000.0,-25123000.0,-165267000.0,-18618000.0,-19631000.0,706149000.0,0.0,-195605000.0,-195605000.0,-195605000.0,0.0,0.0,-0.046,34023000.0,-258486000.0,751496000.0,-0.13,1.459,14.009,13.963,0.0,0.0,52.5,0.511,0.511,159043000.0,4539137000.0,4266065000.0,4266065000.0,0.0,,,,,11618000.0,34023000.0,1.0,158464936.0,158464936.0,,26.921,12211628000.0,0.0,-114879000.0,0.0,77.062,
60,LEN,MRQ,2006-09-30,2006-08-31,2006-08-31,2021-10-01,-3014000.0,12501100000.0,,,,,37.279,-10141000.0,172036000.0,172036000.0,3818359000.0,206675000.0,,1.096,2784074000.0,,,2784074000.0,0.0,10977000.0,0.0,0.014,0.16,328055000.0,339032000.0,0.081,339032000.0,328055000.0,328055000.0,1.31,1.3,1.31,5930798000.0,,5930798000.0,9842920743.0,5.0,4.406,446461000.0,2.806,1.0,364076000.0,0.087,196638000.0,0.0,14916500000.0,,8724999000.0,1541104000.0,,,6497275000.0,,,7133601743.0,-59955000.0,116000.0,-28534000.0,-361743000.0,-25208000.0,-440889000.0,-75668000.0,-90604000.0,456602000.0,0.0,206675000.0,206675000.0,206675000.0,0.0,0.0,0.049,50861000.0,313215000.0,728998000.0,0.122,1.203,5.205,5.148,0.0,0.0,44.84,0.419,0.419,151572000.0,4759865000.0,4182435000.0,4182435000.0,0.0,,,,,18385000.0,50861000.0,1.0,159090137.0,159090137.0,,26.29,12304462000.0,0.0,121380000.0,0.0,77.343,
61,LEN,MRQ,2006-06-30,2006-05-31,2006-05-31,2021-10-01,-3364000.0,12833908000.0,,,,,35.979,-7019000.0,198977000.0,198977000.0,4030125000.0,324747000.0,,1.21,2908296000.0,,,2908296000.0,0.0,10571000.0,0.0,0.013,0.16,515472000.0,526043000.0,0.115,526043000.0,515472000.0,515472000.0,2.04,2.0,2.04,5766219000.0,,5766219000.0,10665229766.0,4.0,4.347,322308000.0,2.011,1.0,547378000.0,0.12,196638000.0,0.0,15346589000.0,,8908981000.0,1450699000.0,,,6976582000.0,,,7678342766.0,36099000.0,-10295000.0,-264375000.0,142603000.0,-25650000.0,-165969000.0,-127259000.0,-101380000.0,329327000.0,0.0,324747000.0,324747000.0,324747000.0,0.0,0.0,0.071,56532000.0,490846000.0,817437000.0,0.078,1.332,5.115,5.001,0.0,0.0,47.91,0.47,0.47,155038000.0,4578398000.0,4577503000.0,4577503000.0,0.0,,,,,10212000.0,56532000.0,1.0,160265973.0,160265973.0,,28.562,12637270000.0,0.0,190725000.0,0.0,78.852,
62,LEN,MRQ,2006-03-31,2006-02-28,2006-02-28,2021-10-01,-4197000.0,12683243000.0,,,,,34.977,-4958000.0,138285000.0,138285000.0,2832372000.0,258052000.0,,1.27,3125172000.0,,,3125172000.0,0.0,11753000.0,0.0,0.01,0.16,409606000.0,421359000.0,0.13,421359000.0,409606000.0,409606000.0,1.64,1.58,1.64,5554800000.0,,5554800000.0,11167077546.0,5.0,4.802,-944501000.0,-5.947,1.0,408287000.0,0.126,201977000.0,0.0,15468153000.0,,8996579000.0,1381765000.0,,,7055901000.0,,,9506543546.0,-779432000.0,-23034000.0,22336000.0,361185000.0,-25314000.0,342920000.0,-182809000.0,-151243000.0,-939543000.0,0.0,258052000.0,258052000.0,258052000.0,0.0,0.0,0.08,51891000.0,356396000.0,798121000.0,0.098,1.711,6.695,6.564,0.0,0.0,59.86,0.647,0.647,220761000.0,4279301000.0,3240659000.0,3240659000.0,0.0,,,,,12122000.0,51891000.0,1.0,158812956.0,158812956.0,,20.406,12481266000.0,0.0,151554000.0,0.0,78.591,
63,LEN,MRQ,2005-12-31,2005-11-30,2005-11-30,2021-10-01,-5221000.0,12541225000.0,,,,,33.263,-5526000.0,932238000.0,932238000.0,4137974000.0,581159000.0,,1.373,2592772000.0,,,2592772000.0,0.0,13979000.0,0.0,0.01,0.16,933588000.0,947567000.0,0.188,947567000.0,933588000.0,933588000.0,3.72,3.52,3.72,5251411000.0,,5251411000.0,11794326010.0,5.0,5.292,1167462000.0,7.395,1.0,891960000.0,0.177,195156000.0,0.0,14006603000.0,,7863531000.0,1282686000.0,,,7211571000.0,,,9106271010.0,850600000.0,-198480000.0,-39927000.0,147504000.0,-25130000.0,66901000.0,-389289000.0,-187849000.0,1172988000.0,0.0,581159000.0,581159000.0,581159000.0,2287000.0,0.0,0.116,63526000.0,828434000.0,876830000.0,0.043,1.734,6.72,6.615,0.0,0.0,57.68,0.657,0.657,299232000.0,4046563000.0,5029934000.0,5029934000.0,0.0,,,,,4177000.0,63526000.0,1.0,157875711.0,157875711.0,,31.86,12346069000.0,0.0,352429000.0,0.0,78.201,
64,LEN,MRQ,2005-09-30,2005-08-31,2005-08-31,2021-10-01,-7778000.0,10956717000.0,,,,,30.673,-4245000.0,92276000.0,92276000.0,2934874000.0,337253000.0,,1.322,2780331000.0,,,2780331000.0,0.0,16455000.0,0.0,0.009,0.138,541772000.0,558227000.0,0.16,558227000.0,541772000.0,541772000.0,2.18,2.06,2.18,4719312000.0,,4719312000.0,11814851125.0,6.0,6.209,-340880000.0,-2.216,1.0,563458000.0,0.161,0.0,0.0,13644772000.0,,7724310000.0,1194512000.0,,,6237405000.0,,,9554570125.0,37818000.0,-110509000.0,-7637000.0,692276000.0,-21622000.0,662376000.0,-287923000.0,-177671000.0,-336635000.0,0.0,337253000.0,337253000.0,337253000.0,0.0,0.0,0.096,45744000.0,517714000.0,2185538000.0,0.063,2.025,8.281,8.324,0.0,0.0,62.1,0.771,0.771,279904000.0,3490534000.0,3498332000.0,3498332000.0,0.0,,,,,22836000.0,45744000.0,1.0,153857812.0,153857812.0,,22.737,10956717000.0,0.0,204519000.0,0.0,71.213,
65,LEN,MRQ,2005-06-30,2005-05-31,2005-05-31,2021-10-01,-9759000.0,9605634000.0,,,,,27.442,-6074000.0,77155000.0,77155000.0,2504518000.0,243537000.0,,1.251,2337436000.0,,,2337436000.0,0.0,13147000.0,0.0,0.009,0.138,384982000.0,398129000.0,0.136,398129000.0,384982000.0,384982000.0,1.58,1.48,1.58,4267486000.0,,4267486000.0,10514785014.0,6.0,6.106,-361171000.0,-2.323,1.0,428456000.0,0.146,0.0,0.0,11865915000.0,,6724899000.0,1015696000.0,,,5338148000.0,,,9020986014.0,-431431000.0,-5830000.0,-121862000.0,186068000.0,-21137000.0,36327000.0,-112661000.0,-95205000.0,-355097000.0,0.0,243537000.0,243537000.0,243537000.0,-10293000.0,0.0,0.083,40827000.0,387629000.0,1910345000.0,0.087,2.114,8.66,8.62,0.0,0.0,58.01,0.775,0.775,295143000.0,3174903000.0,2932974000.0,2932974000.0,0.0,,,,,3923000.0,40827000.0,1.0,155507430.0,155507430.0,,18.861,9605634000.0,0.0,141445000.0,0.0,61.77,
66,LEN,MRQ,2005-03-31,2005-02-28,2005-02-28,2021-10-01,-11275000.0,8753494000.0,,,,,26.822,-5902000.0,509068000.0,509068000.0,2095482000.0,193206000.0,,1.103,2002867000.0,,,2002867000.0,0.0,14672000.0,0.0,0.009,0.138,310097000.0,324769000.0,0.135,324769000.0,310097000.0,310097000.0,1.25,1.17,1.25,4161508000.0,,4161508000.0,10134795836.0,6.0,6.1,-175312000.0,-1.13,1.0,310249000.0,0.129,0.0,0.0,10247293000.0,,5732821000.0,939125000.0,,,4591986000.0,,,9436253836.0,-813459000.0,-84230000.0,-81789000.0,-328097000.0,-21340000.0,-441478000.0,-202571000.0,-110923000.0,-169410000.0,0.0,193206000.0,193206000.0,193206000.0,-452000.0,0.0,0.08,37160000.0,273089000.0,1629224000.0,0.11,2.268,9.44,9.429,0.0,0.0,60.82,0.854,0.854,184492000.0,2952503000.0,2405731000.0,2405731000.0,0.0,,,,,15160000.0,37160000.0,1.0,155150507.0,155150507.0,,15.506,8753494000.0,0.0,116891000.0,0.0,56.419,
67,LEN,MRQ,2004-12-31,2004-11-30,2004-11-30,2021-10-01,-14575000.0,9165280000.0,,,,,25.954,-7771000.0,1322472000.0,1322472000.0,2994097000.0,379734000.0,,1.251,2021014000.0,,,2021014000.0,0.0,12031000.0,0.0,0.011,0.138,609794000.0,621825000.0,0.175,621825000.0,609794000.0,609794000.0,2.45,2.28,2.45,4052972000.0,,4052972000.0,8627943613.0,6.0,5.492,674919000.0,4.322,1.0,555330000.0,0.156,183345000.0,0.0,9680477000.0,,5142070000.0,856422000.0,,,5069581000.0,,,7016144613.0,979025000.0,-1706000.0,1487000.0,315430000.0,-21479000.0,277042000.0,19293000.0,-3814000.0,682690000.0,0.0,379734000.0,379734000.0,379734000.0,-365000.0,0.0,0.107,47609000.0,507721000.0,554666000.0,0.056,1.731,7.42,7.378,0.0,0.0,44.93,0.668,0.668,153285000.0,2780637000.0,3549427000.0,3549427000.0,0.0,,,,,3708000.0,47609000.0,1.0,156157236.0,156157236.0,,22.73,8981935000.0,0.0,230060000.0,0.0,57.519,
68,LEN,MRQ,2004-09-30,2004-08-31,2004-08-31,2021-10-01,-17895000.0,7838621000.0,,,,,23.636,-9669000.0,386858000.0,386858000.0,2371662000.0,225222000.0,,1.125,1998657000.0,,,1998657000.0,0.0,15684000.0,0.0,0.011,0.125,361660000.0,377344000.0,0.137,377344000.0,361660000.0,361660000.0,1.45,1.36,1.45,3688431000.0,,3688431000.0,8600618797.0,6.0,6.072,26405000.0,0.169,1.0,375667000.0,0.137,0.0,0.0,9450420000.0,,5241814000.0,779465000.0,,,4150190000.0,,,7147219797.0,257380000.0,-39918000.0,-2449000.0,432129000.0,-19360000.0,410320000.0,-189014000.0,-139427000.0,36074000.0,0.0,225222000.0,225222000.0,225222000.0,-234000.0,0.0,0.082,34184000.0,341483000.0,1222928000.0,0.086,1.938,8.418,8.327,0.0,0.0,45.8,0.723,0.723,153687000.0,2422382000.0,2747329000.0,2747329000.0,0.0,,,,,5129000.0,34184000.0,1.0,156052834.0,156052834.0,,17.605,7838621000.0,0.0,136438000.0,0.0,50.231,
69,LEN,MRQ,2004-06-30,2004-05-31,2004-05-31,2021-10-01,-17059000.0,6996083000.0,,,,,22.299,-6302000.0,140675000.0,140675000.0,2020233000.0,201411000.0,,1.01,1594074000.0,,,1594074000.0,0.0,14201000.0,0.0,0.008,0.125,323427000.0,337628000.0,0.144,337628000.0,323427000.0,323427000.0,1.3,1.22,1.3,3479976000.0,,3479976000.0,8149359165.0,6.0,5.926,-322949000.0,-2.069,1.0,321812000.0,0.137,0.0,0.0,8449482000.0,,4775343000.0,696020000.0,,,3516107000.0,,,7163035165.0,0.0,-27314000.0,8374000.0,44775000.0,-19514000.0,33635000.0,-109667000.0,-76051000.0,-316647000.0,0.0,201411000.0,201411000.0,201411000.0,-207000.0,0.0,0.086,31251000.0,290561000.0,1071321000.0,0.096,2.058,8.678,8.5,0.0,0.0,45.9,0.761,0.761,124350000.0,2216520000.0,2342045000.0,2342045000.0,0.0,,,,,5472000.0,31251000.0,1.0,156057411.0,156057411.0,,15.008,6996083000.0,0.0,122016000.0,0.0,44.83,
70,LEN,MRQ,2004-03-31,2004-02-29,2004-02-29,2021-10-01,-22034000.0,6521374000.0,,,,,20.797,-3647000.0,545522000.0,545522000.0,1633844000.0,139252000.0,,0.989,1531846000.0,,,1531846000.0,0.0,10656000.0,0.0,0.058,0.125,223698000.0,234354000.0,0.126,234354000.0,223698000.0,223698000.0,0.9,0.84,0.9,3278490000.0,,3278490000.0,8717904032.0,7.0,6.653,79182000.0,0.502,1.0,229063000.0,0.123,0.0,0.0,7507698000.0,,4066136000.0,636948000.0,,,3242884000.0,,,7795421032.0,-653559000.0,-36792000.0,-106457000.0,-290866000.0,-19592000.0,-416915000.0,-319473000.0,-279034000.0,82829000.0,0.0,139252000.0,139252000.0,139252000.0,0.0,0.0,0.075,28678000.0,200385000.0,1011346000.0,0.139,2.378,9.939,9.455,0.0,0.0,49.45,0.85,0.85,65135000.0,2034623000.0,1862907000.0,1862907000.0,0.0,,,,,1834000.0,28678000.0,1.0,157642488.0,157642488.0,,11.817,6521374000.0,0.0,84446000.0,0.0,41.368,
71,LEN,MRQ,2003-12-31,2003-11-30,2003-11-30,2021-10-01,-20976000.0,6775432000.0,,,,,20.704,-5059000.0,1201276000.0,1201276000.0,2486255000.0,283181000.0,,1.076,1552217000.0,,,1552217000.0,0.0,12494000.0,0.0,0.057,0.125,454632000.0,467126000.0,0.159,467126000.0,454632000.0,454632000.0,1.85,1.71,1.85,3263774000.0,,3263774000.0,8639082788.0,7.0,6.849,719067000.0,4.561,1.0,447551000.0,0.153,0.0,0.0,7126373000.0,,3656101000.0,390334000.0,,,3511658000.0,,,7716599788.0,620538000.0,-53364000.0,2841000.0,64138000.0,-19727000.0,49934000.0,-153522000.0,-107819000.0,724126000.0,0.0,283181000.0,283181000.0,283181000.0,-457000.0,0.0,0.097,36609000.0,410942000.0,1040961000.0,0.068,2.364,10.27,9.598,0.0,0.0,48.95,0.867,0.867,60392000.0,1914963000.0,2933806000.0,2933806000.0,0.0,,,,,2796000.0,36609000.0,1.0,157642488.0,157642488.0,,18.611,6775432000.0,0.0,171451000.0,0.0,42.98,
72,LEN,MRQ,2003-09-30,2003-08-31,2003-08-31,2021-10-01,-21833000.0,6222031000.0,,,,,20.32,-4866000.0,599223000.0,599223000.0,1946459000.0,201577000.0,,1.079,1521706000.0,,,1521706000.0,0.0,12159000.0,0.0,0.079,0.006,323819000.0,335978000.0,0.148,335978000.0,323819000.0,323819000.0,1.35,1.21,1.35,2993008000.0,,2993008000.0,6270141767.0,6.0,5.357,114535000.0,0.778,1.0,321383000.0,0.142,0.0,0.0,7144514000.0,,3868168000.0,362766000.0,,,3229023000.0,,,4952662767.0,122148000.0,1904000.0,6480000.0,1166000.0,-985000.0,6661000.0,-3914000.0,230000.0,119401000.0,0.0,201577000.0,201577000.0,201577000.0,0.0,0.0,0.089,27488000.0,293895000.0,906655000.0,0.004,1.655,7.144,6.969,0.0,0.0,33.625,0.578,0.578,78501000.0,1651509000.0,2267842000.0,2267842000.0,0.0,,,,,3900000.0,27488000.0,1.0,147291086.0,147291086.0,,15.397,6222031000.0,0.0,122242000.0,0.0,42.243,
73,LEN,MRQ,2003-06-30,2003-05-31,2003-05-31,2021-10-01,-30332000.0,5939061000.0,,,,,19.23,-4857000.0,480719000.0,480719000.0,1836458000.0,160315000.0,,1.374,1798198000.0,,,1798198000.0,0.0,15444000.0,0.0,0.079,2.631,257534000.0,272978000.0,0.13,272978000.0,257534000.0,257534000.0,1.13,1.02,1.13,2501544000.0,,2501544000.0,5687602280.0,6.0,5.29,-113713000.0,-0.874,1.0,266650000.0,0.127,0.0,0.0,7256540000.0,,3752102000.0,313093000.0,,,3437517000.0,,,4361039280.0,-13105000.0,-79735000.0,6208000.0,164946000.0,-1193000.0,169961000.0,-74210000.0,7922000.0,-108856000.0,0.0,160315000.0,160315000.0,160315000.0,0.0,0.0,0.076,25727000.0,240923000.0,866813000.0,2.328,1.743,6.88,7.475,0.0,0.0,33.525,0.535,0.535,69814000.0,1450917000.0,2103108000.0,2103108000.0,0.0,,,,,3491000.0,25727000.0,1.0,130083200.0,130083200.0,,16.167,5939061000.0,0.0,97219000.0,0.0,45.656,
74,LEN,MRQ,2003-03-31,2003-02-28,2003-02-28,2021-10-01,-28487000.0,5591826000.0,,,,,17.97,-4066000.0,500227000.0,500227000.0,1422046000.0,106318000.0,,1.396,1826790000.0,,,1826790000.0,0.0,14406000.0,0.0,0.001,0.006,170792000.0,185198000.0,0.116,185198000.0,170792000.0,170792000.0,0.75,0.68,0.75,2333789000.0,,2333789000.0,4359974772.0,5.0,4.305,-23848000.0,-0.184,1.0,178424000.0,0.111,0.0,0.0,6918389000.0,,3662319000.0,298440000.0,,,3258037000.0,,,3505828772.0,-225215000.0,-28194000.0,1624000.0,-193587000.0,-800000.0,-192763000.0,-12670000.0,22050000.0,-19782000.0,0.0,106318000.0,106318000.0,106318000.0,0.0,0.0,0.066,21664000.0,156760000.0,879703000.0,0.008,1.502,6.049,6.568,0.0,0.0,26.995,0.46,0.46,51348000.0,1644463000.0,1600470000.0,1600470000.0,0.0,,,,,764000.0,21664000.0,1.0,129869560.0,129869560.0,,12.324,5591826000.0,0.0,64474000.0,0.0,43.057,
75,LEN,MRQ,2002-12-31,2002-11-30,2002-11-30,2021-10-01,-24437000.0,5755633000.0,,,,,17.183,3335000.0,731163000.0,731163000.0,2243161000.0,225012000.0,,1.582,1585309000.0,,,1585309000.0,0.0,14820000.0,0.0,0.001,0.006,361465000.0,376285000.0,0.145,376285000.0,361465000.0,361465000.0,1.595,1.44,1.595,2229157000.0,,2229157000.0,5023829398.0,6.0,5.444,458119000.0,3.531,1.0,358022000.0,0.138,0.0,0.0,6609779000.0,,3237577000.0,285594000.0,,,3526476000.0,,,3439184398.0,654753000.0,-33884000.0,2204000.0,200680000.0,-799000.0,202085000.0,-2116000.0,26639000.0,454784000.0,0.0,225012000.0,225012000.0,225012000.0,0.0,0.0,0.087,29979000.0,328043000.0,969779000.0,0.004,1.543,6.309,6.832,0.0,0.0,26.51,0.475,0.475,48432000.0,1538945000.0,2601183000.0,2601183000.0,0.0,,,,,1178000.0,29979000.0,1.0,129731588.0,129731588.0,,20.05,5755633000.0,0.0,136453000.0,0.0,44.366,
76,LEN,MRQ,2002-09-30,2002-08-31,2002-08-31,2021-10-01,-25321000.0,5209045000.0,,,,,15.46,-1674000.0,58363000.0,58363000.0,1611190000.0,142219000.0,,1.605,1643008000.0,,,1643008000.0,0.0,12209000.0,0.0,0.001,0.006,228464000.0,240673000.0,0.13,240673000.0,228464000.0,228464000.0,1.01,0.915,1.01,1999901000.0,,1999901000.0,4456342741.0,6.0,5.608,-204361000.0,-1.58,1.0,236762000.0,0.128,0.0,0.0,6793690000.0,,3576443000.0,353708000.0,,,3209144000.0,,,3415121741.0,-400867000.0,-369142000.0,1463000.0,210067000.0,-797000.0,210733000.0,-408913000.0,-35727000.0,-202687000.0,0.0,142219000.0,142219000.0,142219000.0,0.0,0.0,0.077,19575000.0,217187000.0,892098000.0,0.006,1.708,7.071,8.061,0.0,0.0,26.4,0.519,0.519,87465000.0,1314732000.0,1847952000.0,1847952000.0,0.0,,,,,1140000.0,19575000.0,1.0,129360672.0,129360672.0,,14.285,5209045000.0,0.0,86245000.0,0.0,40.268,
77,LEN,MRQ,2002-06-30,2002-05-31,2002-05-31,2021-10-01,-17225000.0,4556290000.0,,,,,14.48,-3789000.0,461497000.0,461497000.0,1351014000.0,106007000.0,,1.445,1502718000.0,,,1502718000.0,0.0,9796000.0,0.0,0.001,0.006,200823000.0,210619000.0,0.134,210619000.0,200823000.0,170293000.0,0.755,0.685,0.755,1863194000.0,,1863194000.0,4542491703.0,6.0,5.9,-72614000.0,-0.564,1.0,220603000.0,0.14,0.0,30530000.0,5597511000.0,,2802260000.0,324510000.0,,,2693096000.0,,,3520494703.0,-39589000.0,-412000.0,9641000.0,24773000.0,-796000.0,33618000.0,-4382000.0,-9473000.0,-68825000.0,0.0,106007000.0,106007000.0,106007000.0,0.0,0.0,0.067,19780000.0,200823000.0,680512000.0,0.008,1.889,7.868,8.797,0.0,0.0,27.36,0.558,0.558,51222000.0,1173310000.0,1571617000.0,1571617000.0,0.0,,,,,5740000.0,19780000.0,1.0,128673052.0,128673052.0,,12.214,4556290000.0,0.0,64286000.0,0.0,35.41,
78,LEN,MRQ,2002-03-31,2002-02-28,2002-02-28,2021-10-01,-18333000.0,4379949000.0,,,,,13.565,-1957000.0,483573000.0,483573000.0,1091585000.0,71891000.0,,1.516,1505570000.0,,,1505570000.0,0.0,10206000.0,0.0,0.001,0.006,139535000.0,149741000.0,0.12,149741000.0,139535000.0,115487000.0,0.515,0.47,0.515,1740707000.0,,1740707000.0,4223552756.0,6.0,5.558,97254000.0,0.758,1.0,156159000.0,0.125,0.0,24048000.0,5401946000.0,,2660360000.0,315878000.0,,,2639242000.0,,,3542310756.0,-314412000.0,-20839000.0,5944000.0,-390596000.0,-790000.0,-385442000.0,-28181000.0,-10555000.0,99211000.0,0.0,71891000.0,71891000.0,71891000.0,0.0,0.0,0.058,16624000.0,139535000.0,660387000.0,0.012,2.035,8.079,8.819,0.0,0.0,27.605,0.578,0.578,30914000.0,1068099000.0,1247744000.0,1247744000.0,0.0,,,,,2670000.0,16624000.0,1.0,128321346.0,128321346.0,,9.724,4379949000.0,0.0,43596000.0,0.0,34.133,
79,LEN,MRQ,2001-12-31,2001-11-30,2001-11-30,2021-10-01,-19286000.0,4714426000.0,,,,,12.977,-1809000.0,824013000.0,824013000.0,1749187000.0,162878000.0,,1.841,1505255000.0,,,1505255000.0,0.0,12516000.0,0.0,0.001,0.006,181047000.0,193563000.0,0.102,193563000.0,181047000.0,264842000.0,0.995,0.89,0.995,1659262000.0,,1659262000.0,3660053892.0,5.0,5.029,273680000.0,2.14,1.0,157711000.0,0.083,0.0,-83795000.0,5395668000.0,,2416541000.0,300064000.0,,,3055164000.0,,,2378238892.0,611440000.0,70587000.0,856000.0,276703000.0,-819000.0,274778000.0,61173000.0,-6608000.0,275489000.0,0.0,162878000.0,162878000.0,162878000.0,0.0,0.0,0.085,22111000.0,135600000.0,755726000.0,0.006,1.433,5.692,6.139,0.0,0.0,18.6,0.398,0.398,24345000.0,996998000.0,1906898000.0,1906898000.0,0.0,,,,,3550000.0,22111000.0,1.0,127862306.0,127862306.0,,14.914,4714426000.0,0.0,101964000.0,0.0,36.871,
80,LEN,MRQ,2001-09-30,2001-08-31,2001-08-31,2021-10-01,-16285000.0,4172405000.0,,,,,11.716,-2977000.0,208570000.0,208570000.0,1353914000.0,106695000.0,,1.791,1490385000.0,,,1490385000.0,0.0,11882000.0,0.0,0.001,0.006,204169000.0,216051000.0,0.137,216051000.0,204169000.0,173488000.0,0.845,0.765,0.845,1494829000.0,,1494829000.0,4119972456.0,6.0,5.363,67204000.0,0.527,1.0,223714000.0,0.142,0.0,30681000.0,5454220000.0,,2703412000.0,349772000.0,,,2677576000.0,,,2842135456.0,-6086000.0,-57514000.0,2620000.0,-30390000.0,-787000.0,-27183000.0,-49084000.0,11407000.0,70181000.0,0.0,106695000.0,106695000.0,106695000.0,0.0,0.0,0.068,19545000.0,204169000.0,681738000.0,0.007,1.901,7.799,7.513,0.0,0.0,22.275,0.49,0.49,46339000.0,834939000.0,1577628000.0,1577628000.0,0.0,,,,,1200000.0,19545000.0,1.0,127593062.0,127593062.0,,12.365,4172405000.0,0.0,66793000.0,0.0,32.701,
81,LEN,MRQ,2001-06-30,2001-05-31,2001-05-31,2021-10-01,-11802000.0,4000341000.0,,,,,10.94,-5969000.0,219002000.0,219002000.0,1186047000.0,97006000.0,,1.88,1496839000.0,,,1496839000.0,0.0,13447000.0,0.0,0.001,0.006,187099000.0,200546000.0,0.144,200546000.0,187099000.0,157733000.0,0.775,0.7,0.775,1388812000.0,,1388812000.0,3582601070.0,6.0,5.172,-122745000.0,-0.967,1.0,205486000.0,0.148,0.0,29366000.0,5278178000.0,,2521812000.0,286480000.0,,,2611529000.0,,,2348616070.0,175990000.0,12093000.0,9076000.0,267014000.0,-774000.0,275330000.0,17436000.0,500000.0,-116776000.0,0.0,97006000.0,97006000.0,97006000.0,0.0,0.0,0.07,18387000.0,187099000.0,586205000.0,0.008,1.691,7.368,7.075,0.0,0.0,18.5,0.42,0.42,47980000.0,729031000.0,1391533000.0,1391533000.0,0.0,,,,,4900000.0,18387000.0,1.0,126952220.0,126952220.0,,10.961,4000341000.0,0.0,60727000.0,0.0,31.511,
82,LEN,MRQ,2001-03-31,2001-02-28,2001-02-28,2021-10-01,-13564000.0,3692854000.0,,,,,10.112,-2355000.0,57573000.0,57573000.0,981146000.0,51266000.0,,1.894,1291558000.0,,,1291558000.0,0.0,10538000.0,0.0,0.001,0.006,107108000.0,117646000.0,0.107,117646000.0,107108000.0,83360000.0,0.415,0.375,0.415,1276031000.0,,1276031000.0,3206840226.0,6.0,5.514,-172053000.0,-1.363,1.0,122896000.0,0.111,0.0,23748000.0,4926839000.0,,2483343000.0,292185000.0,,,2416823000.0,,,2239817226.0,-237947000.0,-25166000.0,7237000.0,-47632000.0,-766000.0,-40587000.0,-27662000.0,-141000.0,-169698000.0,0.0,51266000.0,51266000.0,51266000.0,0.0,0.0,0.046,15788000.0,107108000.0,671155000.0,0.014,1.755,8.675,8.124,0.0,0.0,17.75,0.433,0.433,47936000.0,632799000.0,1104042000.0,1104042000.0,0.0,,,,,2500000.0,15788000.0,1.0,126186886.0,126186886.0,,8.749,3692854000.0,0.0,32094000.0,0.0,29.265,
83,LEN,MRQ,2000-12-31,2000-11-30,2000-11-30,2021-10-01,0.0,3777914000.0,,,,,9.815,2909000.0,287627000.0,287627000.0,1485414000.0,109478000.0,,2.075,1254650000.0,,,1254650000.0,0.0,13393000.0,0.0,0.002,0.006,220517000.0,233910000.0,0.136,233910000.0,220517000.0,179473000.0,0.93,0.83,0.93,1228580000.0,,1228580000.0,3581220671.0,8.0,6.907,508630000.0,4.064,1.0,236792000.0,0.137,0.0,41044000.0,4744937000.0,,2301584000.0,257639000.0,,,2549334000.0,,,1983288671.0,243044000.0,6233000.0,2064000.0,-278505000.0,-760000.0,-277280000.0,14603000.0,-3383000.0,505721000.0,0.0,109478000.0,109478000.0,109478000.0,0.0,0.0,0.064,16275000.0,220517000.0,778238000.0,0.006,1.614,8.655,7.923,0.0,0.0,15.845,0.421,0.421,42270000.0,582299000.0,1722206000.0,1722206000.0,0.0,,,,,1105000.0,16275000.0,1.0,125168108.0,125168108.0,,13.759,3777914000.0,0.0,69995000.0,0.0,30.183,
84,LEN,MRQ,2000-09-30,2000-08-31,2000-08-31,2021-10-01,0.0,3769387000.0,,,,,9.055,-3222000.0,58134000.0,58134000.0,1234821000.0,61007000.0,,2.377,1656066000.0,,,1656066000.0,0.0,12747000.0,0.0,0.002,0.006,127840000.0,140587000.0,0.102,140587000.0,127840000.0,100011000.0,0.495,0.45,0.495,1116102000.0,,1116102000.0,3363343742.0,9.0,8.235,126127000.0,1.023,1.0,141394000.0,0.103,0.0,27829000.0,5367319000.0,,2662750000.0,254839000.0,,,2653285000.0,,,1702793742.0,-21192000.0,-4148000.0,1096000.0,-122967000.0,-758000.0,-122658000.0,-27883000.0,165000.0,129349000.0,0.0,61007000.0,61007000.0,61007000.0,0.0,0.0,0.044,13554000.0,127840000.0,616181000.0,0.012,1.526,9.489,8.827,0.0,0.0,13.815,0.431,0.431,37684000.0,473581000.0,1376215000.0,1376215000.0,0.0,,,,,0.0,13554000.0,1.0,123256876.0,123256876.0,,11.165,3769387000.0,0.0,39004000.0,0.0,30.582,
85,LEN,MRQ,2000-06-30,2000-05-31,2000-05-31,2021-10-01,0.0,3805312000.0,,,,,8.974,-6115000.0,72234000.0,72234000.0,877412000.0,36441000.0,,2.61,1732784000.0,,,1732784000.0,0.0,9992000.0,0.0,0.003,0.006,79499000.0,89491000.0,0.092,89491000.0,79499000.0,59739000.0,0.345,0.32,0.345,1054027000.0,,1054027000.0,1839312611.0,6.0,5.018,-99225000.0,-0.845,1.0,90768000.0,0.094,0.0,19760000.0,5465862000.0,,2641423000.0,243829000.0,,,2751285000.0,,,1119307611.0,61405000.0,-168849000.0,-1240000.0,335475000.0,-750000.0,333652000.0,-179137000.0,-4173000.0,-93110000.0,0.0,36441000.0,36441000.0,36441000.0,0.0,0.0,0.038,11269000.0,79499000.0,596971000.0,0.017,1.062,6.829,6.527,0.0,0.0,9.53,0.329,0.329,43815000.0,413332000.0,968180000.0,968180000.0,0.0,,,,,0.0,11269000.0,1.0,117450956.0,117450956.0,,8.243,3805312000.0,0.0,23298000.0,0.0,32.399,
86,LEN,MRQ,2000-03-31,2000-02-29,2000-02-29,2021-10-01,0.0,2053068000.0,,,,,6.416,-4074000.0,30179000.0,30179000.0,584930000.0,22211000.0,,1.728,750184000.0,,,750184000.0,0.0,8135000.0,0.0,0.003,0.006,46380000.0,54515000.0,0.085,54515000.0,46380000.0,36412000.0,0.21,0.2,0.21,752709000.0,,752709000.0,1727236470.0,5.0,4.751,-65530000.0,-0.559,1.0,55437000.0,0.087,0.0,9968000.0,2773073000.0,,1393024000.0,173169000.0,,,1300359000.0,,,967876470.0,-67547000.0,8407000.0,-150373000.0,139268000.0,-628000.0,-11792000.0,5701000.0,1368000.0,-61456000.0,0.0,22211000.0,22211000.0,22211000.0,0.0,0.0,0.035,9057000.0,46380000.0,316761000.0,0.029,1.286,5.793,5.67,0.0,0.0,8.25,0.305,0.305,29374000.0,377641000.0,640367000.0,640367000.0,0.0,,,,,0.0,9057000.0,1.0,117318360.0,117318360.0,,5.458,2053068000.0,0.0,14201000.0,0.0,17.5,
87,LEN,MRQ,1999-12-31,1999-11-30,1999-11-30,2021-10-01,0.0,2057647000.0,,,,,7.553,-4765000.0,83256000.0,83256000.0,846118000.0,59788000.0,,1.334,523661000.0,,,523661000.0,0.0,10173000.0,0.0,0.003,0.006,113630000.0,123803000.0,0.128,123803000.0,113630000.0,98822000.0,0.515,0.47,0.515,881499000.0,,881499000.0,1625168970.0,5.0,4.354,228200000.0,1.955,1.0,123943000.0,0.128,0.0,14808000.0,2498052000.0,,1274551000.0,173310000.0,,,1176148000.0,,,951804970.0,42788000.0,-4621000.0,-5752000.0,-172548000.0,-712000.0,-180014000.0,-10163000.0,1194000.0,232965000.0,0.0,59788000.0,59788000.0,59788000.0,0.0,0.0,0.062,10313000.0,113630000.0,333532000.0,0.012,1.08,5.511,5.492,0.0,0.0,8.155,0.305,0.305,11162000.0,356058000.0,970061000.0,970061000.0,0.0,,,,,1020000.0,10313000.0,1.0,116714282.0,116714282.0,,8.311,2057647000.0,0.0,39034000.0,0.0,17.63,
88,LEN,MRQ,1999-09-30,1999-08-31,1999-08-31,2021-10-01,0.0,2203998000.0,,,,,7.103,-3501000.0,38357000.0,38357000.0,720858000.0,45473000.0,,1.661,711721000.0,,,711721000.0,0.0,10036000.0,0.0,0.003,0.006,88710000.0,98746000.0,0.12,98746000.0,88710000.0,75162000.0,0.39,0.36,0.39,828407000.0,,828407000.0,1797346015.0,5.0,4.701,-8356000.0,-0.072,1.0,98639000.0,0.12,0.0,13548000.0,2877362000.0,,1438254000.0,158862000.0,,,1375591000.0,,,1107941015.0,13474000.0,34714000.0,1485000.0,-13099000.0,-717000.0,-12184000.0,30513000.0,-2493000.0,-4855000.0,0.0,45473000.0,45473000.0,45473000.0,0.0,0.0,0.055,9929000.0,88710000.0,327892000.0,0.015,1.337,6.151,6.07,0.0,0.0,9.5,0.373,0.373,28533000.0,296982000.0,819497000.0,819497000.0,0.0,,,,,0.0,9929000.0,1.0,116625370.0,116625370.0,,7.027,2203998000.0,0.0,29689000.0,16687000.0,18.898,
89,LEN,MRQ,1999-06-30,1999-05-31,1999-05-31,2021-10-01,0.0,2148895000.0,,,,,6.712,-3486000.0,27642000.0,27642000.0,653151000.0,39591000.0,,1.747,717047000.0,,,717047000.0,0.0,10102000.0,0.0,0.002,0.006,76400000.0,86502000.0,0.117,86502000.0,76400000.0,65440000.0,0.34,0.315,0.34,782166000.0,,782166000.0,1957411639.0,6.0,5.418,-29046000.0,-0.249,1.0,85206000.0,0.115,0.0,10960000.0,2838300000.0,,1381725000.0,193002000.0,,,1366729000.0,,,1318651639.0,-40173000.0,-20362000.0,466000.0,12547000.0,-716000.0,12413000.0,-27026000.0,-3077000.0,-25560000.0,0.0,39591000.0,39591000.0,39591000.0,0.0,0.0,0.054,8806000.0,76400000.0,320700000.0,0.018,1.686,7.77,7.645,0.0,0.0,11.315,0.476,0.476,27736000.0,252226000.0,738357000.0,738357000.0,0.0,,,,,0.0,8806000.0,1.0,116540136.0,116540136.0,,6.336,2148895000.0,0.0,25849000.0,11093000.0,18.439,
90,LEN,MRQ,1999-03-31,1999-02-28,1999-02-28,2021-10-01,0.0,2071945000.0,,,,,6.389,-3576000.0,74543000.0,74543000.0,526488000.0,27862000.0,,1.789,713303000.0,,,713303000.0,0.0,8645000.0,0.0,0.002,0.006,55596000.0,64241000.0,0.109,64241000.0,55596000.0,46053000.0,0.24,0.225,0.24,742825000.0,,742825000.0,2139817333.0,7.0,6.412,-83816000.0,-0.721,1.0,64111000.0,0.109,0.0,9543000.0,2710705000.0,,1324905000.0,175372000.0,,,1329120000.0,,,1348172333.0,40501000.0,-22954000.0,14000.0,143033000.0,-716000.0,142587000.0,-21846000.0,4405000.0,-80240000.0,0.0,27862000.0,27862000.0,27862000.0,0.0,0.0,0.047,8515000.0,55596000.0,312195000.0,0.025,1.815,8.657,8.402,0.0,0.0,11.595,0.525,0.525,26653000.0,213351000.0,590599000.0,590599000.0,0.0,,,,,0.0,8515000.0,1.0,116271870.0,116271870.0,,5.079,2071945000.0,0.0,18191000.0,16929000.0,17.82,
91,LEN,MRQ,1998-12-31,1998-11-30,1998-11-30,2021-10-01,0.0,1917834000.0,,,,,6.155,-2750000.0,34677000.0,34677000.0,692069000.0,67194000.0,,1.68,846462000.0,,,846462000.0,0.0,9634000.0,0.0,0.002,0.006,123176000.0,132810000.0,0.161,132810000.0,123176000.0,111991000.0,0.595,0.56,0.595,715665000.0,,715665000.0,2085169554.0,7.0,6.662,166122000.0,1.429,1.0,131043000.0,0.159,0.0,11185000.0,2729619000.0,,1198553000.0,523490000.0,,,1202169000.0,,,1293524554.0,-23680000.0,-8523000.0,357000.0,-203890000.0,-716000.0,-204019000.0,11467000.0,22600000.0,168872000.0,0.0,67194000.0,67194000.0,67194000.0,0.0,0.0,0.082,7867000.0,123176000.0,355707000.0,0.01,1.807,8.979,8.591,0.0,0.0,11.125,0.535,0.535,23803000.0,186205000.0,823112000.0,823112000.0,0.0,,,,,0.0,7867000.0,1.0,116271870.0,116271870.0,,7.079,1917834000.0,0.0,44797000.0,0.0,16.494,
92,LEN,MRQ,1998-09-30,1998-08-31,1998-08-31,2021-10-01,0.0,1967546000.0,,,,,5.583,-6266000.0,49372000.0,49372000.0,540754000.0,35065000.0,,2.032,841017000.0,,,841017000.0,0.0,5819000.0,0.0,1.382,0.006,71878000.0,77697000.0,0.125,77697000.0,71878000.0,58441000.0,0.305,0.295,0.305,648831000.0,,648831000.0,1742514825.0,9.0,8.071,4238000.0,0.036,1.0,80181000.0,0.129,0.0,13437000.0,2759191000.0,,1308147000.0,186663000.0,,,1318715000.0,,,1053585825.0,25620000.0,-105689000.0,20411000.0,129485000.0,-719000.0,149367000.0,-134251000.0,-22329000.0,10504000.0,0.0,35065000.0,35065000.0,35065000.0,0.0,0.0,0.056,8303000.0,71878000.0,262347000.0,0.02,1.624,11.503,10.665,11857000.0,0.0,9.065,0.511,0.511,28163000.0,119727000.0,620935000.0,620935000.0,0.0,,,,,0.0,8303000.0,1.0,116225684.0,116225684.0,,5.342,1967546000.0,0.0,23376000.0,13353000.0,16.929,
93,LEN,MRQ,1998-06-30,1998-05-31,1998-05-31,2021-10-01,0.0,1617245000.0,,,,,4.763,-2473000.0,39075000.0,39075000.0,470537000.0,25606000.0,,2.178,728004000.0,,,728004000.0,0.0,3895000.0,0.0,0.946,0.006,55066000.0,58961000.0,0.111,58961000.0,55066000.0,42677000.0,0.24,0.235,0.24,508953000.0,,508953000.0,2073868962.0,12.0,11.091,-58230000.0,-0.545,1.0,61569000.0,0.116,0.0,12389000.0,2306174000.0,,1010819000.0,183269000.0,,,1108292000.0,,,1415688962.0,-11127000.0,-15563000.0,17731000.0,44677000.0,-661000.0,61819000.0,-17189000.0,316000.0,-55757000.0,0.0,25606000.0,25606000.0,25606000.0,0.0,0.0,0.048,6503000.0,55066000.0,195078000.0,0.025,2.782,16.693,14.171,9824000.0,0.0,13.25,0.799,0.799,11802000.0,85381000.0,532106000.0,532106000.0,0.0,,,,,0.0,6503000.0,1.0,106844450.0,106844450.0,,4.98,1617245000.0,0.0,17071000.0,4645000.0,15.136,
94,LEN,MRQ,1998-03-31,1998-02-28,1998-02-28,2021-10-01,0.0,1534113000.0,,,,,4.287,-1693000.0,53110000.0,53110000.0,396801000.0,16203000.0,,2.355,711290000.0,,,711290000.0,0.0,5916000.0,0.0,0.897,0.006,37622000.0,43538000.0,0.099,43538000.0,37622000.0,27005000.0,0.15,0.15,0.15,457301000.0,,457301000.0,2120486713.0,14.0,12.803,-62116000.0,-0.582,1.0,43911000.0,0.1,0.0,10617000.0,2192293000.0,,952394000.0,176923000.0,,,1076812000.0,,,1490147713.0,8165000.0,-67473000.0,2752000.0,136053000.0,-653000.0,138387000.0,-69799000.0,-215000.0,-60423000.0,0.0,16203000.0,16203000.0,16203000.0,0.0,0.0,0.037,6289000.0,37622000.0,212154000.0,0.04,3.259,18.35,13.97,8661000.0,0.0,13.97,0.986,0.986,18776000.0,60436000.0,440712000.0,440712000.0,0.0,,,,,0.0,6289000.0,1.0,106667696.0,106667696.0,,4.132,1534113000.0,0.0,10802000.0,7749000.0,14.382,
95,LEN,MRQ,1997-12-31,1997-11-30,1997-11-30,2021-10-01,0.0,1343284000.0,,,,,6.086,3555000.0,52926000.0,52926000.0,405036000.0,14719000.0,,2.06,683265000.0,,,683265000.0,0.0,2897000.0,0.0,1.202,12.507,32792000.0,35689000.0,0.077,35689000.0,32792000.0,22704000.0,0.155,0.155,0.155,438999000.0,,438999000.0,916666709.0,6.0,5.957,25264000.0,0.35,1.0,61047000.0,0.131,0.0,10088000.0,1973623000.0,,806975000.0,312508000.0,,,904285000.0,,,753022709.0,-8617000.0,69536000.0,722000.0,-36615000.0,-651000.0,-112528000.0,82202000.0,-632000.0,21709000.0,0.0,14719000.0,14719000.0,14719000.0,-6559000.0,0.0,0.032,34814000.0,26233000.0,198386000.0,80.69,1.715,8.919,9.28,0.0,0.0,10.44,0.578,0.578,34646000.0,44886000.0,466083000.0,466083000.0,0.0,,,,,0.0,5585000.0,1.0,72128612.0,72128612.0,,6.462,1343284000.0,0.0,7985000.0,22634000.0,18.623,
96,LEN,MRQ,1997-09-30,1997-08-31,1997-08-31,2021-10-01,18774000.0,1943847000.0,,,,,10.628,-8257000.0,31103000.0,31103000.0,290871000.0,28281000.0,,1.506,967096000.0,,,967096000.0,0.0,2331000.0,0.0,0.003,0.013,46468000.0,48799000.0,0.147,48799000.0,46468000.0,41008000.0,0.39,0.39,0.39,775523000.0,,775523000.0,698201020.0,5.0,4.78,-18002000.0,-0.247,1.0,41749000.0,0.126,0.0,5460000.0,2879840000.0,,847123000.0,518466000.0,,,1168324000.0,,,559475020.0,225000.0,29437000.0,589000.0,-41225000.0,-877000.0,-39340000.0,49310000.0,28198000.0,-9745000.0,0.0,28281000.0,28281000.0,28281000.0,-8374000.0,0.0,0.085,3655000.0,38094000.0,193726000.0,0.033,0.721,5.69,13.642,239065000.0,0.0,18.69,0.518,1.263,44209000.0,579431000.0,332620000.0,332620000.0,0.0,,,,,0.0,3655000.0,1.0,29934458.0,72972000.0,,4.558,1943847000.0,0.0,12727000.0,7502000.0,26.638,
97,LEN,MRQ,1997-06-30,1997-05-31,1997-05-31,2021-10-01,13761000.0,1925837000.0,,,,,10.222,-10923000.0,15828000.0,15828000.0,242226000.0,22004000.0,,1.594,985867000.0,,,985867000.0,0.0,1884000.0,0.0,0.004,0.013,35719000.0,37603000.0,0.138,37603000.0,35719000.0,30142000.0,0.305,0.305,0.305,742517000.0,,742517000.0,543177201.0,4.0,3.683,-49674000.0,-0.684,1.0,29698000.0,0.109,0.0,5577000.0,2895876000.0,,838177000.0,557752000.0,,,1183320000.0,,,392693201.0,19942000.0,19370000.0,574000.0,-7864000.0,-875000.0,-5552000.0,64245000.0,56127000.0,-38751000.0,0.0,22004000.0,22004000.0,22004000.0,-9276000.0,0.0,0.081,3255000.0,26443000.0,180492000.0,0.043,0.529,4.181,10.019,238435000.0,0.0,13.125,0.369,0.896,52189000.0,552027000.0,271924000.0,271924000.0,0.0,,,,,0.0,3255000.0,1.0,29919482.0,72638000.0,,3.744,1925837000.0,0.0,8138000.0,16961000.0,26.513,
98,LEN,MRQ,1997-03-31,1997-02-28,1997-02-28,2021-10-01,8221000.0,1845234000.0,,,,,9.857,-6970000.0,19969000.0,19969000.0,209164000.0,19427000.0,,1.58,943488000.0,,,943488000.0,0.0,2240000.0,0.0,0.004,0.013,29553000.0,31793000.0,0.137,31793000.0,29553000.0,25699000.0,0.27,0.27,0.27,715274000.0,,715274000.0,511845460.0,4.0,3.4,-71248000.0,-0.982,1.0,23291000.0,0.1,0.0,3854000.0,2768753000.0,,750139000.0,606043000.0,,,1129960000.0,,,377733460.0,-9621000.0,21198000.0,944000.0,76612000.0,-874000.0,79149000.0,-24492000.0,-37906000.0,-64278000.0,0.0,19427000.0,19427000.0,19427000.0,-9617000.0,0.0,0.084,3355000.0,19936000.0,167848000.0,0.048,0.528,4.187,10.02,226371000.0,0.0,12.625,0.36,0.872,47421000.0,530898000.0,232455000.0,232455000.0,0.0,,,,,0.0,3355000.0,1.0,29919482.0,72564000.0,,3.203,1845234000.0,0.0,6272000.0,18624000.0,25.429,
99,LEN,MRQ,1996-12-31,1996-11-30,1996-11-30,2021-10-01,7900000.0,1589593000.0,,,,,,-1584000.0,43312000.0,43312000.0,251183000.0,28606000.0,,1.286,709451000.0,,,709451000.0,0.0,2649000.0,0.0,0.004,0.013,25229000.0,27878000.0,0.115,27878000.0,25229000.0,23568000.0,0.405,,0.405,695456000.0,,695456000.0,,,,59153000.0,,1.0,-8160000.0,-0.034,0.0,1661000.0,2255732000.0,,696327000.0,768295000.0,,,894137000.0,,,,20843000.0,10008000.0,125000.0,-14024000.0,-874000.0,-11879000.0,-28015000.0,-35530000.0,60737000.0,0.0,28606000.0,28606000.0,28606000.0,-36484000.0,0.0,0.118,3095000.0,-11255000.0,158641000.0,0.032,,,10.612,9330000.0,0.0,13.0,,,16411000.0,512345000.0,243023000.0,243023000.0,0.0,,,,,0.0,3095000.0,1.0,,,,,1589593000.0,0.0,-5038000.0,26045000.0,,
100,LEN,MRQ,1996-09-30,1996-09-30,1996-09-30,2021-10-01,,,,,,,,0.0,,,93023000.0,5232000.0,,,,,,,,257000.0,,0.004,0.013,8839000.0,9096000.0,0.081,9096000.0,8839000.0,8839000.0,0.175,0.175,0.175,,,,,,,-15404000.0,-0.515,1.0,19523000.0,0.173,,0.0,,,,,,,,,,,-9295000.0,0.0,0.0,6109000.0,0.0,6109000.0,0.0,0.0,-15404000.0,0.0,5232000.0,5232000.0,5232000.0,0.0,0.0,0.046,11191000.0,8332000.0,,0.074,,,,,0.0,11.125,,,,,112546000.0,112546000.0,0.0,,,,,0.0,11191000.0,1.0,,29920000.0,29920000.0,3.762,,,3607000.0,,,
101,LEN,MRQ,1996-06-30,1996-06-30,1996-06-30,2021-10-01,,,,,,,,0.0,,,77222000.0,3036000.0,,,,,,,,206000.0,,0.004,0.013,5128000.0,5334000.0,0.058,5334000.0,5128000.0,5128000.0,,,,,,,,,,-16022000.0,-0.535,1.0,14574000.0,0.159,,0.0,,,,,,,,,,,5801000.0,0.0,54316000.0,14725000.0,0.0,21823000.0,0.0,0.0,-16022000.0,0.0,3036000.0,3036000.0,3036000.0,0.0,0.0,0.033,9576000.0,4998000.0,,,,,,,0.0,12.875,,,,,91796000.0,91796000.0,0.0,,,,,0.0,9576000.0,1.0,,29920000.0,29920000.0,3.068,,,2092000.0,,,
102,LEN,MRQ,1996-03-31,1996-03-31,1996-03-31,2021-10-01,,,,,,,,0.0,,,51840000.0,1897000.0,,,,,,,,208000.0,,0.004,0.013,3204000.0,3412000.0,0.054,3412000.0,3204000.0,3204000.0,,,,,,,,,,-32360000.0,-1.081,1.0,11379000.0,0.18,,0.0,,,,,,,,,,,-23747000.0,0.0,0.0,8613000.0,0.0,8613000.0,0.0,0.0,-32360000.0,0.0,1897000.0,1897000.0,1897000.0,0.0,0.0,0.03,8173000.0,3206000.0,,,,,,,0.0,12.312,,,,,63219000.0,63219000.0,0.0,,,,,0.0,8173000.0,1.0,,29944000.0,29944000.0,2.111,,,1307000.0,,,
103,LEN,MRQ,1995-12-31,1995-12-31,1995-12-31,2021-10-01,0.0,289970000.0,,,,,,,49294000.0,49294000.0,,,,1.303,137337000.0,,,137337000.0,0.0,,0.0,,0.013,,,,,,,,,,125895000.0,,125895000.0,,,,,,1.0,,,0.0,,378013000.0,,0.0,0.0,,,164075000.0,,,,,,,,,,,,,,,,,,,,,,26738000.0,,,,,0.0,,12.565,,,0.0,33209000.0,,,,,,,,,,1.0,,,,,289970000.0,15498000.0,,0.0,,
0,LEN,MRT,2021-09-30,2021-08-31,2021-08-31,2021-10-01,-1300000.0,32744190000.0,31113643500.0,,,0.82,66.12,-32135000.0,2644839000.0,2644839000.0,20620453000.0,4153808000.0,,0.579,5542513000.0,,,5542513000.0,0.0,91627000.0,0.0,0.009,1.0,5371471000.0,5463098000.0,0.214,5463098000.0,5371471000.0,5371471000.0,13.21,13.19,13.21,20650188000.0,19279349500.0,20650188000.0,36791749921.0,7.0,6.735,2574187000.0,8.242,1.0,4902553000.0,0.192,3442359000.0,0.0,32199505000.0,30908343500.0,19105943000.0,983429000.0,,,11964651000.0,,,33514627921.0,579912000.0,239990000.0,-455043000.0,-863138000.0,-311919000.0,-1882504000.0,-143906000.0,-351777000.0,2606322000.0,0.0,4122380000.0,4122380000.0,4122380000.0,0.0,31428000.0,0.162,433655000.0,4468898000.0,1230577000.0,0.076,1.623,8.13,8.123,0.0,0.0,107.31,1.313,1.313,369492000.0,13570626000.0,25523006000.0,25523006000.0,0.0,0.132,0.214,0.174,0.21,128718000.0,391649000.0,1.0,312315981.0,312315981.0,,81.722,29301831000.0,0.0,1249091000.0,0.0,93.821,
1,LEN,MRT,2021-06-30,2021-05-31,2021-05-31,2021-10-01,-1431000.0,31223227000.0,30256417250.0,,,0.808,62.467,-35174000.0,2617220000.0,2617220000.0,20012641000.0,3413913000.0,,0.589,5894342000.0,,,5894342000.0,0.0,94832000.0,0.0,0.009,0.875,4415555000.0,4510387000.0,0.184,4510387000.0,4415555000.0,4415555000.0,10.82,10.79,10.82,19576108000.0,18409828250.0,19576108000.0,34564792503.0,8.0,7.663,3562962000.0,11.369,1.0,4439216000.0,0.182,3442359000.0,0.0,31057990000.0,30627078500.0,18418999000.0,1010256000.0,,,11521129000.0,,,31027913503.0,1126063000.0,245872000.0,-199075000.0,-1677240000.0,-273224000.0,-2315838000.0,-156235000.0,-366914000.0,3598136000.0,0.0,3381910000.0,3381910000.0,3381910000.0,0.0,32003000.0,0.138,416175000.0,4023041000.0,1171358000.0,0.081,1.585,9.175,9.151,0.0,0.0,99.01,1.269,1.269,353910000.0,12241400000.0,24451857000.0,24451857000.0,0.0,0.112,0.184,0.144,0.181,132625000.0,382705000.0,1.0,313381613.0,313381613.0,,78.026,27780868000.0,0.0,1033645000.0,0.0,88.649,
2,LEN,MRT,2021-03-31,2021-02-28,2021-02-28,2021-10-01,-1747000.0,30551980000.0,29777866750.0,,,0.783,60.433,-11219000.0,2439289000.0,2439289000.0,19377123000.0,3093239000.0,,0.61,5976168000.0,,,5976168000.0,0.0,96464000.0,0.0,0.009,0.75,4001964000.0,4098428000.0,0.176,4098428000.0,4001964000.0,4001964000.0,9.82,9.79,9.82,18896246000.0,17651477000.0,18896246000.0,29179709046.0,7.0,7.12,4182132000.0,13.375,1.0,3931862000.0,0.169,3442359000.0,0.0,30646500000.0,30851103250.0,17692942000.0,1077353000.0,,,11534529000.0,,,25943148046.0,1520156000.0,235691000.0,-95016000.0,-2022865000.0,-233646000.0,-2286459000.0,-386736000.0,-611858000.0,4193351000.0,0.0,3067953000.0,3067953000.0,3067953000.0,0.0,25286000.0,0.132,394416000.0,3537446000.0,1037266000.0,0.076,1.373,8.456,8.449,0.0,0.0,82.97,1.113,1.113,300134000.0,11488520000.0,23308985000.0,23308985000.0,0.0,0.103,0.174,0.13,0.172,124094000.0,370171000.0,1.0,312681066.0,312681066.0,,74.546,27109621000.0,0.0,934011000.0,0.0,86.701,
3,LEN,MRT,2020-12-31,2020-11-30,2020-11-30,2021-10-01,-805000.0,29935177000.0,29433296500.0,,,0.764,57.54,-38818000.0,2719197000.0,2719197000.0,19014746000.0,2467553000.0,,0.658,5955758000.0,,,5955758000.0,0.0,94553000.0,0.0,0.008,0.625,3121271000.0,3215824000.0,0.143,3215824000.0,3121271000.0,3121271000.0,7.88,7.85,7.88,17994856000.0,16938565250.0,17994856000.0,28925741220.0,9.0,8.995,4152001000.0,13.276,1.0,3474108000.0,0.154,3442359000.0,0.0,29729379000.0,31452783750.0,16925228000.0,953177000.0,,,11835776000.0,,,23724222220.0,1464039000.0,235691000.0,-321524000.0,-2064276000.0,-195043000.0,-2446575000.0,-280205000.0,-478721000.0,4190819000.0,0.0,2465036000.0,2465036000.0,2465036000.0,0.0,2517000.0,0.11,358418000.0,3115690000.0,1037338000.0,0.079,1.318,9.624,9.627,0.0,0.0,75.86,1.055,1.055,298671000.0,10564994000.0,22488854000.0,22488854000.0,0.0,0.084,0.146,0.099,0.139,107131000.0,358418000.0,1.0,312736913.0,312736913.0,,71.91,26492818000.0,0.0,656235000.0,0.0,84.713,
4,LEN,MRT,2020-09-30,2020-08-31,2020-08-31,2021-10-01,-163000.0,29315285000.0,29289380000.0,,,0.773,54.996,-5971000.0,1978755000.0,1978755000.0,19419192000.0,2247827000.0,,0.701,7180274000.0,,,7180274000.0,0.0,97149000.0,0.0,0.006,0.415,2856581000.0,2953730000.0,0.13,2953730000.0,2856581000.0,2856581000.0,7.18,7.15,7.18,17172103000.0,16427230500.0,17172103000.0,29449333302.0,10.0,9.97,4074923000.0,13.051,1.0,3215303000.0,0.142,3442359000.0,0.0,31074445000.0,32141254000.0,17671262000.0,940695000.0,,,12034940000.0,,,23361910302.0,1162216000.0,420655000.0,-422636000.0,-2296272000.0,-129790000.0,-2710164000.0,-208514000.0,-624837000.0,4080894000.0,0.0,2256580000.0,2256580000.0,2256580000.0,0.0,-8753000.0,0.1,356002000.0,2859301000.0,1140341000.0,0.058,1.36,10.353,10.421,0.0,0.0,74.82,1.032,1.032,295958000.0,9760165000.0,22634495000.0,22634495000.0,0.0,0.077,0.137,0.089,0.126,105301000.0,339858000.0,1.0,312241517.0,312241517.0,,72.49,25872926000.0,0.0,600001000.0,0.0,82.862,
5,LEN,MRT,2020-06-30,2020-05-31,2020-05-31,2021-10-01,-338000.0,29309025000.0,29325420500.0,,,0.771,52.981,40362000.0,1408251000.0,1408251000.0,19639283000.0,2091147000.0,,0.766,7495674000.0,,,7495674000.0,0.0,95678000.0,0.0,0.005,0.33,2668279000.0,2763957000.0,0.122,2763957000.0,2668279000.0,2668279000.0,6.65,6.62,6.65,16542703000.0,15977189250.0,16542703000.0,26199964758.0,10.0,9.479,3263398000.0,10.452,1.0,2982016000.0,0.132,3442359000.0,0.0,31954089000.0,32943508000.0,17947406000.0,973044000.0,,,12676401000.0,,,18878082758.0,635813000.0,414773000.0,-718079000.0,-1848627000.0,-103722000.0,-2524363000.0,-62860000.0,-519865000.0,3223036000.0,0.0,2103528000.0,2103528000.0,2103528000.0,0.0,-12381000.0,0.093,355956000.0,2626060000.0,1033558000.0,0.05,1.141,8.974,9.092,0.0,0.0,60.46,0.835,0.835,299494000.0,9132714000.0,22621299000.0,22621299000.0,0.0,0.072,0.132,0.081,0.118,110691000.0,346475000.0,1.0,312240866.0,312240866.0,,72.448,25866666000.0,0.0,564751000.0,0.0,82.842,
6,LEN,MRT,2020-03-31,2020-02-29,2020-02-29,2021-10-01,452000.0,29173699000.0,29393930250.0,,,0.779,50.797,15363000.0,793616000.0,793616000.0,19980364000.0,1993918000.0,,0.809,8115498000.0,,,8115498000.0,0.0,94252000.0,0.0,0.004,0.245,2552396000.0,2646648000.0,0.116,2646648000.0,2552396000.0,2552396000.0,6.3,6.27,6.3,16044599000.0,15631339500.0,16044599000.0,25625010674.0,10.0,9.682,2405105000.0,7.615,1.0,2916452000.0,0.127,3442359000.0,0.0,33053222000.0,33634806000.0,18643480000.0,946716000.0,,,12980322000.0,,,19058902674.0,12455000.0,405677000.0,-770033000.0,-1694403000.0,-77834000.0,-2488050000.0,110763000.0,-307875000.0,2389742000.0,0.0,2007594000.0,2007594000.0,2007594000.0,0.0,-13676000.0,0.088,348618000.0,2567834000.0,1180708000.0,0.039,1.188,9.493,9.578,0.0,0.0,60.34,0.832,0.832,311817000.0,8654213000.0,22896816000.0,22896816000.0,0.0,0.068,0.128,0.076,0.111,101896000.0,344405000.0,1.0,315858513.0,315858513.0,,72.491,25731340000.0,0.0,544802000.0,0.0,81.465,
7,LEN,MRT,2019-12-31,2019-11-30,2019-11-30,2021-10-01,498000.0,29359511000.0,29287987000.0,,,0.76,50.216,-7190000.0,1210530000.0,1210530000.0,19457266000.0,1842119000.0,,0.835,7776638000.0,,,7776638000.0,0.0,92200000.0,0.0,0.003,0.16,2441225000.0,2533425000.0,0.114,2533425000.0,2441225000.0,2441225000.0,5.76,5.74,5.76,15949517000.0,15316893250.0,15949517000.0,27212352673.0,11.0,10.741,1475153000.0,4.644,1.0,2802295000.0,0.126,3442359000.0,0.0,32483260000.0,33796141500.0,17776507000.0,1009035000.0,,,13325681000.0,,,18945979673.0,-127285000.0,447913000.0,-522581000.0,-1039314000.0,-51454000.0,-1629224000.0,19596000.0,-421127000.0,1482343000.0,0.0,1849052000.0,1849052000.0,1849052000.0,0.0,-6933000.0,0.083,341114000.0,2461181000.0,1069179000.0,0.028,1.188,10.246,10.356,0.0,0.0,59.65,0.851,0.851,329124000.0,8295001000.0,22259561000.0,22259561000.0,0.0,0.063,0.121,0.072,0.11,86940000.0,341114000.0,1.0,317619106.0,317619106.0,,70.083,25917152000.0,0.0,592173000.0,0.0,81.598,
8,LEN,MRT,2019-09-30,2019-08-31,2019-08-31,2021-10-01,407000.0,29459447000.0,29089654500.0,,,0.748,47.717,-11891000.0,808643000.0,808643000.0,19046182000.0,1969163000.0,,0.91,9075016000.0,,,9075016000.0,0.0,88289000.0,0.0,0.003,0.16,2583867000.0,2672156000.0,0.123,2672156000.0,2583867000.0,2583867000.0,6.16,6.13,6.16,15371938000.0,14974897750.0,15371938000.0,25008041380.0,10.0,9.359,1251732000.0,3.886,1.0,2701058000.0,0.124,3442359000.0,0.0,34283461000.0,33754697500.0,18848170000.0,1002936000.0,,,13993500000.0,,,16429465380.0,-13680000.0,202674000.0,-669405000.0,-929587000.0,-51950000.0,-1662866000.0,385563000.0,209400000.0,1263623000.0,0.0,1970896000.0,1970896000.0,1970896000.0,0.0,-1733000.0,0.091,355852000.0,2345206000.0,1092708000.0,0.026,1.069,8.336,8.279,0.0,0.0,51.0,0.755,0.755,295418000.0,7633375000.0,21747240000.0,21747240000.0,0.0,0.068,0.132,0.077,0.119,82455000.0,342934000.0,1.0,322146380.0,322146380.0,,67.507,26017088000.0,0.0,612971000.0,0.0,80.762,
9,LEN,MRT,2019-06-30,2019-05-31,2019-05-31,2021-10-01,227000.0,29583064000.0,28797141500.0,,,0.749,46.908,-67026000.0,812365000.0,812365000.0,18923582000.0,1924140000.0,,0.946,9390941000.0,,,9390941000.0,0.0,90737000.0,0.0,0.003,0.16,2467570000.0,2558307000.0,0.119,2558307000.0,2467570000.0,2467570000.0,5.93,5.91,5.93,15159304000.0,14639917250.0,15159304000.0,24439833980.0,10.0,9.553,1175317000.0,3.637,1.0,2639169000.0,0.122,3442359000.0,0.0,34719281000.0,33532424250.0,18774488000.0,983683000.0,,,14336529000.0,,,16048836979.0,-175282000.0,454522000.0,-372025000.0,-1201387000.0,-52256000.0,-1683399000.0,265774000.0,-113941000.0,1242343000.0,0.0,1910741000.0,1910741000.0,1910741000.0,0.0,13399000.0,0.089,371575000.0,2267594000.0,1067984000.0,0.027,1.059,8.399,8.374,0.0,0.0,49.66,0.744,0.744,303595000.0,7132908000.0,21562751000.0,21562751000.0,0.0,0.066,0.131,0.074,0.114,70325000.0,346665000.0,1.0,323174325.0,323174325.0,,66.722,26140705000.0,0.0,556829000.0,0.0,80.887,
10,LEN,MRT,2019-03-31,2019-02-28,2019-02-28,2021-10-01,-158000.0,28749926000.0,28489152750.0,,,0.753,45.61,-46170000.0,865426000.0,865426000.0,19005356000.0,1820120000.0,,0.937,9256423000.0,,,9256423000.0,0.0,89973000.0,0.0,0.003,0.16,2291786000.0,2381759000.0,0.111,2381759000.0,2291786000.0,2291786000.0,5.57,5.55,5.57,14786814000.0,14247919000.0,14786814000.0,22748675947.0,10.0,9.551,1276683000.0,3.938,1.0,2453566000.0,0.114,3442359000.0,0.0,33698564000.0,33336471000.0,18208798000.0,924056000.0,,,13856231000.0,,,15555013947.0,-21627000.0,453329000.0,-319953000.0,-1250716000.0,-52402000.0,-1676530000.0,332050000.0,-73308000.0,1322853000.0,0.0,1799526000.0,1799526000.0,1799526000.0,0.0,20594000.0,0.084,404252000.0,2049314000.0,1025286000.0,0.029,1.052,8.644,8.614,0.0,0.0,47.98,0.725,0.725,222579000.0,6724242000.0,21458922000.0,21458922000.0,0.0,0.063,0.126,0.069,0.107,71788000.0,355467000.0,1.0,324197873.0,324197873.0,,66.191,25307567000.0,0.0,492260000.0,0.0,78.062,
11,LEN,MRT,2018-12-31,2018-11-30,2018-11-30,2021-10-01,-366000.0,28566181000.0,28287677000.0,,,0.727,44.148,-59585000.0,1350206000.0,1350206000.0,18237446000.0,1717513000.0,,0.952,8543868000.0,,,8543868000.0,0.0,91181000.0,0.0,0.004,0.16,2241002000.0,2332183000.0,0.113,2332183000.0,2241002000.0,2241002000.0,5.46,5.44,5.46,14581535000.0,13816448000.0,14581535000.0,22676059365.0,10.0,9.723,1632162000.0,4.942,1.0,2334185000.0,0.113,3442359000.0,0.0,32317484000.0,33445914750.0,17068704000.0,870201000.0,,,13883224000.0,,,14113087365.0,-1098108000.0,-490499000.0,-296772000.0,-1778521000.0,-49159000.0,-2195901000.0,-593954000.0,-57947000.0,1691747000.0,0.0,1695831000.0,1695831000.0,1695831000.0,0.0,21682000.0,0.082,496914000.0,1837271000.0,1154782000.0,0.029,0.968,8.322,7.826,0.0,0.0,42.73,0.686,0.686,236841000.0,6487650000.0,20571631000.0,20571631000.0,0.0,0.06,0.123,0.067,0.109,72655000.0,343934000.0,1.0,330285218.0,330285218.0,,62.284,25123822000.0,0.0,545171000.0,0.0,76.067,
12,LEN,MRT,2018-09-30,2018-08-31,2018-08-31,2021-10-01,-615000.0,28289395000.0,25832390250.0,,,0.693,42.589,-39403000.0,845015000.0,845015000.0,15918055000.0,1217068000.0,,1.01,9407987000.0,,,9407987000.0,0.0,86131000.0,0.0,0.003,0.16,1680344000.0,1766475000.0,0.099,1766475000.0,1680344000.0,1680344000.0,4.14,4.13,4.14,14032016000.0,12139143500.0,14032016000.0,26060515259.0,16.0,14.753,1341675000.0,4.072,1.0,1979935000.0,0.111,3457999000.0,0.0,33394368000.0,31048245250.0,17569072000.0,997488000.0,,,14173215000.0,,,17024162259.0,212851000.0,-436577000.0,-46224000.0,-85267000.0,-45412000.0,-261824000.0,-906403000.0,-472733000.0,1381078000.0,0.0,1209273000.0,1209273000.0,1209273000.0,0.0,7795000.0,0.068,474689000.0,1505246000.0,956597000.0,0.039,1.213,14.078,12.481,0.0,0.0,51.67,0.951,0.951,170658000.0,5704676000.0,17897990000.0,17897990000.0,0.0,0.047,0.1,0.054,0.094,73690000.0,334627000.0,1.0,329478658.0,329478658.0,,54.322,24831396000.0,0.0,471071000.0,0.0,75.366,
13,LEN,MRT,2018-06-30,2018-05-31,2018-05-31,2021-10-01,-339000.0,28351109000.0,22994884750.0,,,0.673,41.732,-36909000.0,949262000.0,949262000.0,13738092000.0,993038000.0,,1.078,9985615000.0,,,9985615000.0,0.0,78336000.0,0.0,0.003,0.16,1502795000.0,1581131000.0,0.102,1581131000.0,1502795000.0,1502795000.0,3.81,3.8,3.81,13591311000.0,10519704500.0,13591311000.0,26476708461.0,18.0,16.745,1124738000.0,3.453,1.0,1748805000.0,0.113,3451994000.0,0.0,33935468000.0,28136959750.0,17394994000.0,960676000.0,,,14652239000.0,,,16850915461.0,179418000.0,-688721000.0,-52286000.0,83619000.0,-41610000.0,-59371000.0,-922858000.0,-249930000.0,1161647000.0,0.0,1005227000.0,1005227000.0,1005227000.0,0.0,-12189000.0,0.065,439211000.0,1309594000.0,844883000.0,0.042,1.24,16.763,13.58,0.0,0.0,51.74,1.088,1.088,193984000.0,5264674000.0,15486897000.0,15486897000.0,0.0,0.044,0.096,0.053,0.097,70258000.0,311141000.0,1.0,325684489.0,325684489.0,,47.552,24899115000.0,0.0,497568000.0,0.0,76.452,
14,LEN,MRT,2018-03-31,2018-02-28,2018-02-28,2021-10-01,376000.0,27944023000.0,20095733750.0,,,0.661,54.43,-62862000.0,756747000.0,756747000.0,11631043000.0,878897000.0,,1.131,10382540000.0,,,10382540000.0,0.0,74151000.0,0.0,0.003,0.16,1439114000.0,1513265000.0,0.114,1513265000.0,1439114000.0,1439114000.0,3.75,3.75,3.75,13060930000.0,8952519500.0,13060930000.0,17695278138.0,12.0,11.693,684659000.0,2.853,1.0,1658685000.0,0.125,3433477000.0,0.0,34136339000.0,25060970750.0,17580816000.0,990723000.0,,,14769939000.0,,,13576940138.0,122189000.0,-702459000.0,-51705000.0,611414000.0,-37825000.0,457658000.0,-1082990000.0,-397947000.0,747521000.0,0.0,908615000.0,908615000.0,908615000.0,0.0,-29718000.0,0.068,397195000.0,1261490000.0,782797000.0,0.043,1.04,14.942,15.088,0.0,0.0,56.58,1.022,1.022,194235000.0,4967580000.0,13289728000.0,13289728000.0,0.0,0.045,0.101,0.057,0.108,66589000.0,293000000.0,1.0,239960059.0,239960059.0,,55.383,24510546000.0,0.0,530499000.0,0.0,102.144,
15,LEN,MRT,2017-12-31,2017-11-30,2017-11-30,2021-10-01,1034000.0,18745034000.0,17167256250.0,,,0.737,33.462,-47837000.0,2291665000.0,2291665000.0,11021481000.0,771754000.0,,1.367,6410003000.0,,,6410003000.0,0.0,66324000.0,0.0,0.003,0.16,1228337000.0,1294661000.0,0.102,1294661000.0,1228337000.0,1228337000.0,3.38,3.38,3.38,7872317000.0,7463800250.0,7872317000.0,19719762499.0,16.0,15.232,934537000.0,3.972,1.0,1624884000.0,0.128,136566000.0,0.0,22726806000.0,21829749750.0,10860890000.0,900769000.0,,,10758902000.0,,,14769639499.0,1331590000.0,-397039000.0,-26334000.0,1324843000.0,-37608000.0,1194296000.0,-845080000.0,-486769000.0,982374000.0,0.0,810480000.0,810480000.0,810480000.0,0.0,-38726000.0,0.064,285889000.0,1338995000.0,604953000.0,0.047,1.876,18.223,18.574,0.0,0.0,62.78,1.168,1.168,137667000.0,4840978000.0,12646365000.0,12646365000.0,0.0,0.047,0.109,0.056,0.097,59375000.0,285889000.0,1.0,235260266.0,235260266.0,,53.755,18608468000.0,0.0,417857000.0,0.0,79.097,
16,LEN,MRT,2017-09-30,2017-08-31,2017-08-31,2021-10-01,1251000.0,16939373000.0,16321443000.0,,,0.75,32.215,-77863000.0,573642000.0,573642000.0,10635739000.0,784442000.0,,1.228,5523765000.0,,,5523765000.0,0.0,61341000.0,0.0,0.003,0.16,1218908000.0,1280249000.0,0.105,1280249000.0,1218908000.0,1218908000.0,3.4,3.36,3.4,7554260000.0,7252231500.0,7554260000.0,17151110413.0,14.0,13.397,760734000.0,3.244,1.0,1601683000.0,0.131,140270000.0,0.0,21749226000.0,20868459000.0,10921584000.0,1016588000.0,,,9279913000.0,,,12137470413.0,21631000.0,-611399000.0,-26442000.0,252120000.0,-37283000.0,109747000.0,-926713000.0,-342599000.0,838597000.0,0.0,814343000.0,814343000.0,814343000.0,0.0,-29901000.0,0.067,268261000.0,1333422000.0,524852000.0,0.047,1.607,14.905,15.224,0.0,0.0,51.76,0.992,0.992,86640000.0,4778965000.0,12237422000.0,12237422000.0,0.0,0.05,0.112,0.058,0.1,62211000.0,268261000.0,1.0,234495178.0,234495178.0,,52.186,16799103000.0,0.0,404565000.0,0.0,71.639,
17,LEN,MRT,2017-06-30,2017-05-31,2017-05-31,2021-10-01,1086000.0,16754505000.0,15836279750.0,,,0.746,31.231,-57261000.0,754049000.0,754049000.0,10270752000.0,773983000.0,,1.272,5767689000.0,,,5767689000.0,0.0,56885000.0,0.0,0.003,0.16,1187217000.0,1244102000.0,0.105,1244102000.0,1187217000.0,1187217000.0,3.4,3.33,3.4,7322571000.0,7000050250.0,7322571000.0,17154940635.0,14.0,13.789,466166000.0,1.988,1.0,1539088000.0,0.13,136633000.0,0.0,21631512000.0,20267754500.0,10433174000.0,995400000.0,,,9317499000.0,,,12030300635.0,168491000.0,-611228000.0,556000.0,590803000.0,-36911000.0,454810000.0,-809746000.0,-252200000.0,523427000.0,0.0,801020000.0,801020000.0,801020000.0,0.0,-27037000.0,0.068,256565000.0,1282523000.0,492734000.0,0.047,1.643,15.019,15.091,0.0,0.0,51.31,1.019,1.019,82640000.0,4539203000.0,11809840000.0,11809840000.0,0.0,0.051,0.114,0.059,0.101,56087000.0,256565000.0,1.0,234463080.0,234463080.0,,50.37,16617872000.0,0.0,386197000.0,0.0,70.876,
18,LEN,MRT,2017-03-31,2017-02-28,2017-02-28,2021-10-01,663000.0,16230113000.0,15359603750.0,,,0.735,30.304,-57289000.0,653666000.0,653666000.0,9776419000.0,797313000.0,,1.263,5778306000.0,,,5778306000.0,0.0,51885000.0,0.0,0.003,0.16,1186950000.0,1238835000.0,0.11,1238835000.0,1186950000.0,1186950000.0,3.52,3.39,3.52,7106053000.0,6698999000.0,7106053000.0,14960789765.0,13.0,12.076,745726000.0,3.18,1.0,1517344000.0,0.134,143298000.0,0.0,21211455000.0,19749159250.0,10468676000.0,910084000.0,,,8974338000.0,,,11440927765.0,208601000.0,-596297000.0,-196000.0,336149000.0,-36172000.0,190919000.0,-785333000.0,-236569000.0,803015000.0,0.0,805844000.0,805844000.0,805844000.0,0.0,-8531000.0,0.071,245593000.0,1271751000.0,473802000.0,0.045,1.61,14.197,13.861,0.0,0.0,48.79,1.013,1.013,81299000.0,4334936000.0,11293763000.0,11293763000.0,0.0,0.052,0.12,0.06,0.105,54916000.0,245593000.0,1.0,234493293.0,234493293.0,,48.162,16086815000.0,0.0,381106000.0,0.0,68.602,
19,LEN,MRT,2016-12-31,2016-11-30,2016-11-30,2021-10-01,-309000.0,15361781000.0,14850872500.0,,,0.737,30.843,-51151000.0,1056115000.0,1056115000.0,9455074000.0,913091000.0,,1.16,4575977000.0,,,4575977000.0,0.0,50219000.0,0.0,0.004,0.16,1329222000.0,1379441000.0,0.126,1379441000.0,1329222000.0,1329222000.0,4.05,3.86,4.05,7026042000.0,6377514250.0,7026042000.0,14038446253.0,11.0,10.177,456653000.0,2.005,1.0,1494925000.0,0.137,0.0,0.0,18881643000.0,19200054500.0,9178926000.0,811723000.0,,,8150214000.0,,,9690758253.0,171084000.0,-725000.0,-431000.0,-95110000.0,-35324000.0,-250883000.0,-85837000.0,-132795000.0,507804000.0,0.0,911844000.0,911844000.0,911844000.0,0.0,1247000.0,0.083,232562000.0,1262363000.0,478546000.0,0.04,1.379,10.628,10.504,0.0,0.0,42.54,0.885,0.885,106976000.0,4306256000.0,10949999000.0,10949999000.0,0.0,0.061,0.143,0.069,0.121,48477000.0,232562000.0,1.0,227803438.0,227803438.0,,48.068,15361781000.0,0.0,417378000.0,0.0,67.434,
20,LEN,MRT,2016-09-30,2016-08-31,2016-08-31,2021-10-01,1123000.0,14998720000.0,14615304500.0,,,0.72,29.867,-73248000.0,573160000.0,573160000.0,9083715000.0,895283000.0,,1.258,4920848000.0,,,4920848000.0,0.0,49001000.0,0.0,0.003,0.16,1275605000.0,1324606000.0,0.126,1324606000.0,1275605000.0,1286306000.0,3.98,3.73,3.98,6545535000.0,6033239750.0,6545535000.0,15075421571.0,12.0,11.381,592440000.0,2.703,1.0,1435225000.0,0.136,0.0,-10701000.0,19346408000.0,19114075250.0,9655746000.0,796499000.0,,,8235814000.0,,,10366091571.0,10801000.0,-725000.0,-456000.0,-301799000.0,-34649000.0,-455500000.0,-199387000.0,-253043000.0,665688000.0,0.0,879994000.0,879994000.0,879994000.0,0.0,15289000.0,0.084,230523000.0,1204702000.0,459183000.0,0.04,1.584,11.78,11.884,0.0,0.0,47.3,0.985,0.985,78986000.0,4001905000.0,10518940000.0,10518940000.0,0.0,0.06,0.146,0.067,0.121,39263000.0,230523000.0,1.0,219156270.0,219156270.0,,47.997,14998720000.0,0.0,406312000.0,0.0,68.438,
21,LEN,MRT,2016-06-30,2016-05-31,2016-05-31,2021-10-01,515000.0,14847801000.0,14407968250.0,,,0.706,28.496,-85313000.0,606905000.0,606905000.0,8778168000.0,887189000.0,,1.387,5316235000.0,,,5316235000.0,0.0,47512000.0,0.0,0.004,0.16,1255081000.0,1302593000.0,0.128,1302593000.0,1255081000.0,1262970000.0,4.01,3.68,4.01,6118366000.0,5736860000.0,6118366000.0,14604127332.0,12.0,11.212,314192000.0,1.463,1.0,1398576000.0,0.137,0.0,-7889000.0,19557131000.0,18983281500.0,9649703000.0,785883000.0,,,8484867000.0,,,9784279332.0,-104680000.0,-600000.0,-22600000.0,-86439000.0,-33965000.0,-263501000.0,-240684000.0,-292543000.0,399505000.0,0.0,867464000.0,867464000.0,867464000.0,0.0,19725000.0,0.085,225853000.0,1172723000.0,451517000.0,0.04,1.599,11.279,11.364,0.0,0.0,45.57,0.961,0.961,45000000.0,3775094000.0,10176744000.0,10176744000.0,0.0,0.06,0.151,0.066,0.123,38450000.0,225853000.0,1.0,214708785.0,214708785.0,,47.398,14847801000.0,0.0,395506000.0,0.0,69.153,
22,LEN,MRT,2016-03-31,2016-02-29,2016-02-29,2021-10-01,-398000.0,14195188000.0,14169882750.0,,,0.693,27.529,-14454000.0,514133000.0,514133000.0,8481688000.0,847735000.0,,1.392,5333981000.0,,,5333981000.0,0.0,45437000.0,0.0,0.004,0.16,1214871000.0,1260308000.0,0.128,1260308000.0,1214871000.0,1218942000.0,3.89,3.52,3.89,5820114000.0,5491953000.0,5820114000.0,12984967384.0,11.0,10.303,80277000.0,0.38,1.0,1341845000.0,0.137,0.0,-4071000.0,19015036000.0,18727806250.0,9368319000.0,771401000.0,,,8101739000.0,,,8866750384.0,-97971000.0,-600000.0,-22043000.0,71256000.0,-33536000.0,-94917000.0,-97785000.0,-225141000.0,94731000.0,0.0,832011000.0,832011000.0,832011000.0,0.0,15724000.0,0.085,220258000.0,1121587000.0,442905000.0,0.041,1.523,10.657,10.781,0.0,0.0,41.94,0.903,0.903,61229000.0,3565264000.0,9823533000.0,9823533000.0,0.0,0.059,0.151,0.065,0.124,37657000.0,220258000.0,1.0,211415126.0,211415126.0,,46.466,14195188000.0,0.0,386931000.0,0.0,67.144,
23,LEN,MRT,2015-12-31,2015-11-30,2015-11-30,2021-10-01,39000.0,14419509000.0,13901247000.0,,,0.682,26.856,-26100000.0,906913000.0,906913000.0,8171748000.0,819200000.0,,1.499,5025130000.0,,,5025130000.0,0.0,43666000.0,0.0,0.003,0.16,1193310000.0,1236976000.0,0.131,1236976000.0,1193310000.0,1193310000.0,3.78,3.39,3.78,5648944000.0,5275008000.0,5648944000.0,15425643937.0,13.0,12.47,-445746000.0,-2.119,1.0,1302260000.0,0.137,0.0,0.0,18537726000.0,18388919500.0,8740596000.0,741551000.0,,,8469437000.0,,,10771785937.0,-123369000.0,0.0,-13783000.0,573610000.0,-33192000.0,394670000.0,-98393000.0,-222566000.0,-419646000.0,0.0,802894000.0,802894000.0,802894000.0,0.0,16306000.0,0.085,216244000.0,1086016000.0,475909000.0,0.042,1.907,13.416,13.548,0.0,0.0,51.21,1.137,1.137,74538000.0,3429736000.0,9474008000.0,9474008000.0,0.0,0.058,0.152,0.065,0.126,43760000.0,216244000.0,1.0,210345361.0,210345361.0,,45.04,14419509000.0,0.0,390416000.0,0.0,68.552,
24,LEN,MRT,2015-09-30,2015-08-31,2015-08-31,2021-10-01,-187000.0,14169375000.0,13527157500.0,,,0.674,26.116,26228000.0,608004000.0,608004000.0,7835355000.0,779209000.0,,1.585,5261862000.0,,,5261862000.0,0.0,41831000.0,0.0,0.003,0.16,1158352000.0,1200183000.0,0.132,1200183000.0,1158352000.0,1142459000.0,3.72,3.32,3.72,5360016000.0,5069527000.0,5360016000.0,15086516624.0,13.0,12.57,-952173000.0,-4.639,1.0,1277024000.0,0.14,0.0,15893000.0,18823233000.0,17926697750.0,8946063000.0,640908000.0,,,8494678000.0,,,10446745624.0,-28219000.0,0.0,-22002000.0,964416000.0,-32975000.0,769959000.0,180223000.0,-28090000.0,-978401000.0,0.0,766614000.0,766614000.0,766614000.0,0.0,12595000.0,0.084,208015000.0,1069009000.0,437699000.0,0.043,1.949,13.627,13.683,0.0,0.0,50.9,1.146,1.146,74604000.0,3156560000.0,9112379000.0,9112379000.0,0.0,0.057,0.151,0.065,0.127,39724000.0,208015000.0,1.0,205240582.0,205240582.0,,44.399,14169375000.0,0.0,375845000.0,0.0,69.038,
25,LEN,MRT,2015-06-30,2015-05-31,2015-05-31,2021-10-01,0.0,13895459000.0,13057333000.0,,,0.661,25.042,33552000.0,651365000.0,651365000.0,7420046000.0,727612000.0,,1.638,5291136000.0,,,5291136000.0,0.0,40803000.0,0.0,0.003,0.16,1111640000.0,1152443000.0,0.133,1152443000.0,1111640000.0,1090178000.0,3.52,3.14,3.52,5138738000.0,4874892750.0,5138738000.0,14107494723.0,13.0,12.241,-1027773000.0,-5.009,1.0,1214669000.0,0.141,0.0,21462000.0,18535230000.0,17267459750.0,8753776000.0,688467000.0,,,8419740000.0,,,9568650723.0,-40082000.0,-681000.0,-11121000.0,974289000.0,-32838000.0,778126000.0,243117000.0,-10767000.0,-1061325000.0,0.0,721059000.0,721059000.0,721059000.0,0.0,6553000.0,0.084,194593000.0,1020076000.0,441990000.0,0.045,1.862,13.27,13.247,0.0,0.0,46.63,1.108,1.108,70443000.0,2941595000.0,8634715000.0,8634715000.0,0.0,0.055,0.148,0.064,0.129,36749000.0,194593000.0,1.0,205203747.0,205203747.0,,42.079,13895459000.0,0.0,369119000.0,0.0,67.715,
26,LEN,MRT,2015-03-31,2015-02-28,2015-02-28,2021-10-01,0.0,13120645000.0,12582124750.0,,,0.641,24.153,-20702000.0,594274000.0,594274000.0,6939485000.0,665645000.0,,1.577,5133118000.0,,,5133118000.0,0.0,39009000.0,0.0,0.003,0.16,1058599000.0,1097608000.0,0.136,1097608000.0,1058599000.0,1030668000.0,3.3,2.96,3.3,4952334000.0,4690044250.0,4952334000.0,13738796512.0,13.0,12.517,-1144847000.0,-5.584,1.0,1121371000.0,0.139,0.0,27931000.0,17659489000.0,16566601250.0,8406502000.0,684135000.0,,,7811655000.0,,,10295025512.0,-55868000.0,-5489000.0,-11204000.0,975563000.0,-32814000.0,772382000.0,295895000.0,72076000.0,-1124145000.0,0.0,675762000.0,675762000.0,675762000.0,0.0,-10117000.0,0.084,182703000.0,938668000.0,388206000.0,0.048,2.079,15.235,15.215,0.0,0.0,50.21,1.277,1.277,69541000.0,2766789000.0,8060856000.0,8060856000.0,0.0,0.054,0.144,0.064,0.131,34833000.0,182703000.0,1.0,205039345.0,205039345.0,,39.314,13120645000.0,0.0,354906000.0,0.0,63.991,
27,LEN,MRT,2014-12-31,2014-11-30,2014-11-30,2021-10-01,130000.0,12923151000.0,12183660500.0,,,0.639,23.518,7060000.0,895578000.0,895578000.0,6680613000.0,628693000.0,,1.589,4661266000.0,,,4661266000.0,0.0,38542000.0,0.0,0.003,0.16,1016558000.0,1055100000.0,0.136,1055100000.0,1016558000.0,980007000.0,3.12,2.8,3.12,4827020000.0,4517000250.0,4827020000.0,13591974871.0,13.0,12.882,-781428000.0,-3.807,1.0,1099199000.0,0.141,0.0,36551000.0,16688839000.0,15982326500.0,7736600000.0,656837000.0,,,7671849000.0,,,9695770871.0,311309000.0,-5489000.0,-6825000.0,837847000.0,-32775000.0,661438000.0,438359000.0,165951000.0,-788488000.0,0.0,638916000.0,638916000.0,638916000.0,0.0,-10223000.0,0.082,177161000.0,922038000.0,412558000.0,0.051,2.009,15.175,15.141,0.0,0.0,47.24,1.246,1.246,93444000.0,2660034000.0,7779812000.0,7779812000.0,0.0,0.052,0.141,0.064,0.131,33221000.0,177161000.0,1.0,205244938.0,205244938.0,,37.905,12923151000.0,0.0,341091000.0,0.0,62.965,
28,LEN,MRT,2014-09-30,2014-08-31,2014-08-31,2021-10-01,0.0,12290077000.0,11771184500.0,,,0.604,22.411,115547000.0,796676000.0,796676000.0,6118286000.0,559038000.0,,1.583,4692880000.0,,,4692880000.0,0.0,35827000.0,0.0,0.004,0.16,919354000.0,955181000.0,0.134,955181000.0,919354000.0,867452000.0,2.76,2.47,2.76,4581479000.0,4352470500.0,4581479000.0,11746885344.0,13.0,12.298,-572929000.0,-2.803,1.0,992792000.0,0.14,0.0,51902000.0,16186281000.0,15443120750.0,7724434000.0,1212964000.0,,,7251936000.0,,,8009715344.0,261743000.0,-11112000.0,-10510000.0,617660000.0,-32335000.0,452559000.0,497660000.0,-88391000.0,-688476000.0,0.0,557677000.0,557677000.0,557677000.0,0.0,1361000.0,0.078,162819000.0,829973000.0,349382000.0,0.058,1.748,14.363,14.196,0.0,0.0,39.18,1.126,1.126,83420000.0,2422921000.0,7111078000.0,7111078000.0,0.0,0.047,0.128,0.06,0.129,35745000.0,162819000.0,1.0,204433776.0,204433776.0,,34.784,12290077000.0,0.0,309775000.0,0.0,60.118,
29,LEN,MRT,2014-06-30,2014-05-31,2014-05-31,2021-10-01,0.0,11994626000.0,11452563500.0,,,0.585,21.521,117798000.0,946268000.0,946268000.0,5765695000.0,507752000.0,,1.615,4683438000.0,,,4683438000.0,0.0,33255000.0,0.0,0.004,0.16,854418000.0,887673000.0,0.132,887673000.0,854418000.0,788667000.0,2.51,2.23,2.51,4399344000.0,4135637250.0,4399344000.0,12156304948.0,14.0,13.695,-801703000.0,-3.922,1.0,934116000.0,0.139,0.0,65751000.0,15731796000.0,15273417000.0,7395113000.0,1095983000.0,,,7103319000.0,,,8360702948.0,68562000.0,-10431000.0,4993000.0,634788000.0,-31877000.0,512920000.0,475143000.0,1052000.0,-919501000.0,0.0,500582000.0,500582000.0,500582000.0,0.0,7170000.0,0.075,157366000.0,776750000.0,316257000.0,0.064,1.9,16.702,16.295,0.0,0.0,40.9,1.248,1.248,208926000.0,2253374000.0,6699811000.0,6699811000.0,0.0,0.044,0.121,0.056,0.128,27161000.0,157366000.0,1.0,204418165.0,204418165.0,,32.775,11994626000.0,0.0,288085000.0,0.0,58.677,
30,LEN,MRT,2014-03-31,2014-02-28,2014-02-28,2021-10-01,0.0,11526788000.0,11077446250.0,,,0.569,20.841,120761000.0,869113000.0,869113000.0,5407493000.0,527933000.0,,1.602,4664715000.0,,,4664715000.0,0.0,31855000.0,0.0,0.004,0.16,807435000.0,839290000.0,0.133,839290000.0,807435000.0,726862000.0,2.55,2.23,2.55,4260158000.0,3932201750.0,4260158000.0,12725375077.0,16.0,15.162,-760068000.0,-3.718,1.0,900454000.0,0.143,0.0,80573000.0,15322390000.0,14960839500.0,7147336000.0,1206784000.0,,,6825631000.0,,,8969598077.0,-367818000.0,-5623000.0,12546000.0,258320000.0,-31388000.0,8538000.0,504473000.0,116330000.0,-880829000.0,0.0,500299000.0,500299000.0,500299000.0,0.0,27634000.0,0.079,152902000.0,747552000.0,285281000.0,0.063,2.105,17.928,17.208,0.0,0.0,43.88,1.422,1.422,130402000.0,2123841000.0,6307947000.0,6307947000.0,0.0,0.045,0.127,0.054,0.128,25508000.0,152902000.0,1.0,204411989.0,204411989.0,,30.859,11526788000.0,0.0,226563000.0,0.0,56.39,
31,LEN,MRT,2013-12-31,2013-11-30,2013-11-30,2021-10-01,0.0,11273247000.0,10803816500.0,,,0.549,21.443,123031000.0,935663000.0,935663000.0,5103199000.0,504926000.0,,1.594,4194432000.0,,,4194432000.0,0.0,30349000.0,0.0,0.004,0.16,750602000.0,780951000.0,0.132,780951000.0,750602000.0,656689000.0,2.48,2.15,2.48,4168901000.0,3741132500.0,4168901000.0,11444146033.0,15.0,14.654,-684683000.0,-3.522,1.0,831896000.0,0.14,0.0,93913000.0,14532016000.0,14639766000.0,6601048000.0,1194142000.0,,,6645777000.0,,,6952273033.0,-340238000.0,-5623000.0,21794000.0,-515000.0,-30912000.0,-221773000.0,689249000.0,130340000.0,-807714000.0,0.0,479674000.0,479674000.0,479674000.0,0.0,25252000.0,0.081,146060000.0,685836000.0,271365000.0,0.065,1.668,14.494,14.419,0.0,0.0,35.76,1.171,1.171,163768000.0,2053893000.0,5935095000.0,5935095000.0,0.0,0.044,0.128,0.051,0.126,23541000.0,146060000.0,1.0,194414794.0,194414794.0,,30.528,11273247000.0,0.0,177015000.0,0.0,57.986,
32,LEN,MRT,2013-09-30,2013-08-31,2013-08-31,2021-10-01,0.0,11015593000.0,10576056250.0,,,0.508,19.243,-4552000.0,523812000.0,523812000.0,4673951000.0,445430000.0,,1.843,5015685000.0,,,5015685000.0,0.0,29396000.0,0.0,0.005,0.16,600808000.0,630204000.0,0.117,630204000.0,600808000.0,504396000.0,2.28,1.96,2.28,3714146000.0,3552598250.0,3714146000.0,10127041547.0,17.0,16.069,-956432000.0,-4.955,1.0,696303000.0,0.13,0.0,96412000.0,15507466000.0,14433799750.0,6528931000.0,1531881000.0,,,6844907000.0,,,6139712547.0,-273388000.0,0.0,32456000.0,431304000.0,-30781000.0,240107000.0,438385000.0,162630000.0,-951880000.0,0.0,439934000.0,439934000.0,439934000.0,0.0,5496000.0,0.082,141784000.0,554519000.0,270401000.0,0.07,1.653,13.956,13.952,0.0,0.0,31.81,1.143,1.143,58609000.0,1897579000.0,5370254000.0,5370254000.0,0.0,0.042,0.124,0.042,0.112,31766000.0,141784000.0,1.0,193012026.0,193012026.0,,27.823,11015593000.0,0.0,64462000.0,0.0,57.072,
33,LEN,MRT,2013-06-30,2013-05-31,2013-05-31,2021-10-01,0.0,10494157000.0,10251783000.0,,,0.475,18.638,-6191000.0,827738000.0,827738000.0,4277131000.0,394687000.0,,1.799,4815067000.0,,,4815067000.0,0.0,29329000.0,0.0,0.004,0.16,487703000.0,517032000.0,0.106,517032000.0,487703000.0,390862000.0,2.12,1.82,2.12,3585602000.0,3441992250.0,3585602000.0,11170439094.0,23.0,21.605,-826941000.0,-4.298,1.0,590114000.0,0.121,0.0,96841000.0,14481486000.0,13865233500.0,5830625000.0,1253786000.0,,,6449318000.0,,,7564612094.0,62295000.0,0.0,32488000.0,622059000.0,-30652000.0,413938000.0,469107000.0,203215000.0,-820750000.0,0.0,406381000.0,406381000.0,406381000.0,0.0,-11694000.0,0.083,136451000.0,453663000.0,228491000.0,0.075,2.11,18.615,18.547,0.0,0.0,39.32,1.554,1.554,60178000.0,1784669000.0,4867245000.0,4867245000.0,0.0,0.04,0.118,0.035,0.1,40932000.0,136451000.0,1.0,192385862.0,192385862.0,,25.299,10494157000.0,0.0,-15519000.0,0.0,54.547,
34,LEN,MRT,2013-03-31,2013-02-28,2013-02-28,2021-10-01,0.0,10432269000.0,9966046000.0,,,0.439,18.21,-5223000.0,1185001000.0,1185001000.0,3877469000.0,706313000.0,,1.82,4790828000.0,,,4790828000.0,0.0,26784000.0,0.0,0.004,0.16,379852000.0,406636000.0,0.093,406636000.0,379852000.0,284317000.0,3.8,3.27,3.8,3495881000.0,3339936250.0,3495881000.0,10753881601.0,28.0,26.446,-618919000.0,-3.224,1.0,493050000.0,0.113,0.0,95535000.0,14038096000.0,13411042750.0,5611976000.0,1094813000.0,,,6362629000.0,,,7408501601.0,319210000.0,0.0,25932000.0,646255000.0,-30525000.0,584275000.0,348631000.0,75101000.0,-613696000.0,0.0,721648000.0,721648000.0,721648000.0,0.0,-15335000.0,0.165,131766000.0,361284000.0,229880000.0,0.042,2.119,10.266,10.155,0.0,0.0,38.59,1.695,1.695,58175000.0,1654930000.0,4370519000.0,4370519000.0,0.0,0.072,0.216,0.028,0.087,41951000.0,131766000.0,1.0,191979829.0,191979829.0,,22.766,10432269000.0,0.0,-437331000.0,0.0,54.34,
35,LEN,MRT,2012-12-31,2012-11-30,2012-11-30,2021-10-01,0.0,10362206000.0,9574852250.0,,,0.429,17.889,-2822000.0,1259708000.0,1259708000.0,3661498000.0,657332000.0,,1.863,4605653000.0,,,4605653000.0,0.0,28081000.0,0.0,0.004,0.16,338259000.0,366340000.0,0.089,366340000.0,338259000.0,243906000.0,3.58,3.11,3.58,3414764000.0,3146665000.0,3414764000.0,10775925545.0,32.0,29.415,-427470000.0,-2.239,1.0,443634000.0,0.108,0.0,94353000.0,13708151000.0,12921074500.0,5046390000.0,1330722000.0,,,6360998000.0,,,7261224545.0,147139000.0,0.0,15025000.0,389386000.0,-30394000.0,326496000.0,245291000.0,82602000.0,-424648000.0,0.0,679124000.0,679124000.0,679124000.0,0.0,-21792000.0,0.165,127338000.0,316296000.0,217396000.0,0.045,2.126,10.692,10.626,0.0,0.0,38.04,1.769,1.769,53745000.0,1605131000.0,4105132000.0,4105132000.0,0.0,0.071,0.216,0.026,0.082,43475000.0,127338000.0,1.0,190883926.0,190883926.0,,21.506,10362206000.0,0.0,-435218000.0,0.0,54.285,
36,LEN,MRT,2012-09-30,2012-08-31,2012-08-31,2021-10-01,0.0,9718500000.0,9272968500.0,,,0.4,17.282,-9830000.0,771284000.0,771284000.0,3378250000.0,559283000.0,,1.791,4285985000.0,,,4285985000.0,0.0,29547000.0,0.0,0.005,0.16,248047000.0,277594000.0,0.075,277594000.0,248047000.0,154740000.0,3.09,2.69,3.09,3271722000.0,2967091000.0,3271722000.0,9453085227.0,38.0,34.054,-643889000.0,-3.401,1.0,329173000.0,0.089,0.0,93307000.0,13233201000.0,12543239250.0,5035650000.0,1355111000.0,,,5860123000.0,,,6139571227.0,-82173000.0,0.0,11832000.0,364820000.0,-30236000.0,285461000.0,266425000.0,258271000.0,-634059000.0,0.0,585058000.0,585058000.0,585058000.0,0.0,-25775000.0,0.158,116826000.0,212347000.0,169863000.0,0.052,1.877,10.494,10.495,0.0,0.0,32.43,1.656,1.656,46281000.0,1488426000.0,3707423000.0,3707423000.0,0.0,0.063,0.197,0.02,0.067,33198000.0,116826000.0,1.0,189317645.0,189317645.0,,19.583,9718500000.0,0.0,-430318000.0,0.0,51.334,
37,LEN,MRT,2012-06-30,2012-05-31,2012-05-31,2021-10-01,0.0,9351209000.0,9024348000.0,,,0.38,16.793,-8239000.0,768700000.0,768700000.0,3154838000.0,511372000.0,,1.753,4082214000.0,,,4082214000.0,0.0,26340000.0,0.0,0.006,0.16,196471000.0,222811000.0,0.065,222811000.0,196471000.0,101716000.0,2.74,2.4,2.74,3177378000.0,2816783250.0,3177378000.0,8374330457.0,43.0,37.585,-485790000.0,-2.567,1.0,273020000.0,0.08,0.0,94755000.0,12664723000.0,12174204500.0,4799298000.0,1434349000.0,,,5571301000.0,,,5163601457.0,-302072000.0,0.0,8258000.0,108261000.0,-30092000.0,37873000.0,137606000.0,84292000.0,-477551000.0,0.0,518679000.0,518679000.0,518679000.0,0.0,-7307000.0,0.151,107316000.0,165704000.0,154664000.0,0.058,1.625,9.955,9.96,0.0,0.0,27.29,1.506,1.506,44843000.0,1408940000.0,3427858000.0,3427858000.0,0.0,0.057,0.184,0.016,0.057,28734000.0,107316000.0,1.0,189212219.0,189212219.0,,18.116,9351209000.0,0.0,-416963000.0,0.0,49.422,
38,LEN,MRT,2012-03-31,2012-02-29,2012-02-29,2021-10-01,0.0,8867494000.0,8861353000.0,,,0.368,14.427,-8804000.0,874352000.0,874352000.0,3042094000.0,81795000.0,,2.036,4085081000.0,,,4085081000.0,0.0,25363000.0,0.0,0.007,0.16,159492000.0,184855000.0,0.057,184855000.0,159492000.0,66072000.0,0.42,0.41,0.42,2722796000.0,2685400000.0,2722796000.0,7454555031.0,47.0,40.326,-410058000.0,-2.173,1.0,220102000.0,0.067,0.0,93420000.0,12078223000.0,11895170000.0,4667542000.0,1474113000.0,,,5544241000.0,,,4412416031.0,-283680000.0,0.0,7034000.0,157569000.0,-29999000.0,94886000.0,22688000.0,-54803000.0,-401254000.0,0.0,79761000.0,79761000.0,79761000.0,0.0,2034000.0,0.024,98746000.0,121356000.0,170216000.0,0.381,1.621,55.32,55.667,0.0,0.0,23.38,1.353,1.353,47745000.0,963807000.0,3262196000.0,3262196000.0,0.0,0.009,0.03,0.013,0.049,25736000.0,98746000.0,1.0,188726092.0,188726092.0,,17.285,8867494000.0,0.0,-13689000.0,0.0,46.986,
39,LEN,MRT,2011-12-31,2011-11-30,2011-11-30,2021-10-01,0.0,9154671000.0,8789600500.0,,,0.352,14.419,-9936000.0,1116740000.0,1116740000.0,2896656000.0,112544000.0,,2.17,4158879000.0,,,4158879000.0,0.0,21500000.0,0.0,0.009,0.16,168279000.0,189779000.0,0.061,189779000.0,168279000.0,77629000.0,0.49,0.48,0.49,2696468000.0,2664795250.0,2696468000.0,6475859881.0,38.0,34.123,-269071000.0,-1.439,1.0,198729000.0,0.064,0.0,90650000.0,12196810000.0,11719271750.0,4360535000.0,1603212000.0,,,5851146000.0,,,3442815881.0,-230531000.0,0.0,1027000.0,243354000.0,-29906000.0,164758000.0,-136154000.0,-105595000.0,-259135000.0,0.0,92199000.0,92199000.0,92199000.0,0.0,20345000.0,0.03,95256000.0,103473000.0,201101000.0,0.327,1.277,37.341,37.571,0.0,0.0,18.41,1.112,1.112,53977000.0,956401000.0,3095385000.0,3095385000.0,0.0,0.01,0.035,0.014,0.054,24047000.0,95256000.0,1.0,187007924.0,187007924.0,,16.552,9154671000.0,0.0,-14570000.0,0.0,48.953,
40,LEN,MRT,2011-09-30,2011-08-31,2011-08-31,2021-10-01,0.0,8724018000.0,8697895500.0,,,0.345,14.282,-7766000.0,878797000.0,878797000.0,2816588000.0,129591000.0,,2.038,3911841000.0,,,3911841000.0,0.0,16115000.0,0.0,0.011,0.16,174571000.0,190686000.0,0.064,190686000.0,174571000.0,89341000.0,0.5,0.49,0.5,2670491000.0,2642915500.0,2670491000.0,5598007394.0,32.0,29.357,-38208000.0,-0.204,1.0,186267000.0,0.062,0.0,85230000.0,11757062000.0,11518785500.0,4265010000.0,1778577000.0,,,5443731000.0,,,2748651394.0,-110203000.0,0.0,5987000.0,268845000.0,-29823000.0,198079000.0,-277840000.0,-375309000.0,-30442000.0,0.0,93951000.0,93951000.0,93951000.0,0.0,35640000.0,0.031,91784000.0,94483000.0,196793000.0,0.32,1.029,29.256,29.4,0.0,0.0,14.7,0.915,0.915,55624000.0,933604000.0,3002855000.0,3002855000.0,0.0,0.011,0.036,0.015,0.058,27017000.0,91784000.0,1.0,186983088.0,186983088.0,,16.06,8724018000.0,0.0,-4610000.0,0.0,46.657,
41,LEN,MRT,2011-06-30,2011-05-31,2011-05-31,2021-10-01,0.0,8699229000.0,8586865750.0,,,0.35,14.186,-5427000.0,1023337000.0,1023337000.0,2813562000.0,144921000.0,,2.051,3872693000.0,,,3872693000.0,0.0,14821000.0,0.0,0.008,0.16,177463000.0,192284000.0,0.064,192284000.0,177463000.0,98672000.0,0.55,0.54,0.55,2651845000.0,2600733500.0,2651845000.0,6342138155.0,36.0,32.983,-1264000.0,-0.007,1.0,194075000.0,0.065,0.0,78791000.0,11548585000.0,11255228750.0,4301565000.0,1867004000.0,,,5439981000.0,,,3547992155.0,-125611000.0,0.0,5315000.0,257401000.0,-29736000.0,195967000.0,-325741000.0,-436718000.0,4163000.0,0.0,103256000.0,103256000.0,103256000.0,0.0,41665000.0,0.034,93002000.0,101073000.0,168398000.0,0.291,1.338,34.361,34.509,0.0,0.0,18.98,1.18,1.18,66982000.0,920353000.0,3007637000.0,3007637000.0,0.0,0.012,0.04,0.016,0.059,27681000.0,93002000.0,1.0,186933201.0,186933201.0,,16.089,8699229000.0,0.0,-4584000.0,0.0,46.537,
42,LEN,MRT,2011-03-31,2011-02-28,2011-02-28,2021-10-01,0.0,8580484000.0,8474278500.0,,,0.361,14.147,-3134000.0,1104409000.0,1104409000.0,2830737000.0,166658000.0,,2.025,3898555000.0,,,3898555000.0,0.0,14383000.0,0.0,0.008,0.16,186462000.0,200845000.0,0.066,200845000.0,186462000.0,112623000.0,0.69,0.68,0.69,2640377000.0,2556245500.0,2640377000.0,6369637572.0,34.0,31.714,191353000.0,1.025,1.0,226888000.0,0.074,0.0,73839000.0,11374630000.0,10988614750.0,4296772000.0,1894479000.0,,,5347498000.0,,,3762623572.0,293382000.0,0.0,5869000.0,423761000.0,-29660000.0,350293000.0,-251398000.0,-408439000.0,194487000.0,0.0,129190000.0,129190000.0,129190000.0,0.0,37468000.0,0.042,94638000.0,132250000.0,147046000.0,0.232,1.425,29.125,29.217,0.0,0.0,20.16,1.231,1.231,61258000.0,914045000.0,3057625000.0,3057625000.0,0.0,0.015,0.051,0.017,0.061,28249000.0,94638000.0,1.0,186638074.0,186638074.0,,16.383,8580484000.0,0.0,-16567000.0,0.0,45.974,
43,LEN,MRT,2010-12-31,2010-11-30,2010-11-30,2021-10-01,0.0,8787851000.0,8324594250.0,,,0.369,14.106,-5062000.0,1291854000.0,1291854000.0,2855729000.0,120459000.0,,2.144,3898868000.0,,,3898868000.0,0.0,13520000.0,0.0,0.011,0.16,139952000.0,153472000.0,0.05,153472000.0,139952000.0,69527000.0,0.51,0.51,0.51,2608949000.0,2504949000.0,2608949000.0,5232331422.0,37.0,34.093,269166000.0,1.455,1.0,218293000.0,0.071,0.0,70425000.0,11394865000.0,10728157250.0,4169608000.0,2031334000.0,,,5593468000.0,,,2809395422.0,-63303000.0,0.0,432000.0,413461000.0,-29577000.0,335840000.0,-673371000.0,-667052000.0,274228000.0,0.0,95261000.0,95261000.0,95261000.0,0.0,25198000.0,0.031,93926000.0,124367000.0,168006000.0,0.314,1.077,29.492,29.784,0.0,0.0,15.19,0.914,0.914,82202000.0,894108000.0,3074022000.0,3074022000.0,0.0,0.011,0.038,0.013,0.046,28075000.0,93926000.0,1.0,184950324.0,184950324.0,,16.621,8787851000.0,0.0,-25734000.0,0.0,47.515,
44,LEN,MRT,2010-09-30,2010-08-31,2010-08-31,2021-10-01,0.0,8279899000.0,7956329250.0,,,0.393,13.527,558000.0,1059283000.0,1059283000.0,3157291000.0,95634000.0,,2.083,3482219000.0,,,3482219000.0,0.0,15577000.0,0.0,0.012,0.16,-167925000.0,-152348000.0,-0.049,-152348000.0,-167925000.0,-243674000.0,0.6,0.6,0.6,2501763000.0,2463581500.0,2501763000.0,4665233552.0,-28.0,-30.622,223572000.0,1.209,1.0,-29652000.0,-0.009,0.0,75749000.0,10702835000.0,10063519750.0,4274327000.0,1940113000.0,,,5211476000.0,,,2431984552.0,-445518000.0,0.0,-161000.0,8344000.0,-29507000.0,-70831000.0,-597701000.0,-476283000.0,223014000.0,0.0,98803000.0,98803000.0,98803000.0,0.0,-3169000.0,0.032,101627000.0,-131279000.0,200015000.0,0.267,0.972,24.614,21.917,0.0,0.0,13.15,0.778,0.778,60860000.0,869476000.0,3127639000.0,3127639000.0,0.0,0.012,0.04,-0.017,-0.054,25424000.0,101627000.0,1.0,184941791.0,184941791.0,,16.911,8279899000.0,11726000.0,-342477000.0,0.0,44.77,
45,LEN,MRT,2010-06-30,2010-05-31,2010-05-31,2021-10-01,0.0,8248880000.0,7658439250.0,,,0.395,13.378,36000.0,1285559000.0,1285559000.0,3176277000.0,-117580000.0,,2.11,3518808000.0,,,3518808000.0,0.0,16092000.0,0.0,0.009,0.16,-362670000.0,-346578000.0,-0.115,-346578000.0,-362670000.0,-443179000.0,-0.53,-0.53,-0.53,2473893000.0,2439630750.0,2473893000.0,5550273613.0,-15.0,-16.015,442824000.0,2.395,1.0,-152883000.0,-0.051,0.0,80509000.0,10482129000.0,9489331250.0,4162134000.0,1900554000.0,,,5219947000.0,,,3199220613.0,-322266000.0,0.0,97126000.0,-155358000.0,-29119000.0,-144656000.0,-620398000.0,-494539000.0,442788000.0,0.0,-102837000.0,-102837000.0,-102837000.0,0.0,-14743000.0,-0.034,105190000.0,-258073000.0,173509000.0,-0.302,1.293,-31.11,-32.642,0.0,0.0,17.3,1.058,1.058,62178000.0,846833000.0,3023394000.0,3023394000.0,0.0,-0.013,-0.042,-0.038,-0.12,26439000.0,105190000.0,1.0,184926047.0,184926047.0,,16.349,8248880000.0,11769000.0,-340342000.0,0.0,44.606,
46,LEN,MRT,2010-03-31,2010-02-28,2010-02-28,2021-10-01,0.0,7981747000.0,7416966000.0,,,0.418,13.171,-1689000.0,958888000.0,958888000.0,3349016000.0,-295869000.0,,2.055,3309941000.0,,,3309941000.0,0.0,17480000.0,0.0,0.01,0.16,-518020000.0,-500540000.0,-0.161,-500540000.0,-518020000.0,-595506000.0,-1.5,-1.5,-1.5,2435191000.0,2441659000.0,2435191000.0,4455648160.0,-9.0,-8.902,428375000.0,2.317,1.0,-248250000.0,-0.08,0.0,77486000.0,10332800000.0,8991605250.0,4101016000.0,1868175000.0,,,5003383000.0,,,3034124160.0,-301902000.0,0.0,219874000.0,-228676000.0,-28562000.0,-89456000.0,-642510000.0,-476671000.0,430064000.0,0.0,-267741000.0,-267741000.0,-267741000.0,0.0,-28128000.0,-0.086,112730000.0,-360980000.0,174019000.0,-0.107,1.246,-11.332,-10.94,0.0,0.0,16.41,0.979,0.979,98798000.0,814515000.0,3100766000.0,3100766000.0,0.0,-0.036,-0.11,-0.058,-0.167,28970000.0,112730000.0,1.0,184894830.0,184894830.0,,16.77,7981747000.0,241664000.0,-327765000.0,0.0,43.169,
47,LEN,MRT,2009-12-31,2009-11-30,2009-11-30,2021-10-01,0.0,7314791000.0,7214057000.0,,,0.432,13.329,329000.0,1339828000.0,1339828000.0,3462034000.0,-446059000.0,,1.934,2761352000.0,,,2761352000.0,0.0,19905000.0,0.0,0.013,0.16,-660642000.0,-640737000.0,-0.205,-640737000.0,-660642000.0,-731492000.0,-2.45,-2.45,-2.45,2443479000.0,2449705000.0,2443479000.0,3640476022.0,-6.0,-5.682,421172000.0,2.297,1.0,-342647000.0,-0.11,0.0,70850000.0,8736315000.0,8567575250.0,4087989000.0,609140000.0,,,4726777000.0,,,2322734022.0,254016000.0,0.0,219871000.0,-42710000.0,-27588000.0,108293000.0,-275120000.0,-275449000.0,420843000.0,0.0,-417147000.0,-417147000.0,-417147000.0,0.0,-28912000.0,-0.134,117565000.0,-460212000.0,169596000.0,-0.065,0.951,-5.568,-5.171,0.0,0.0,12.67,0.745,0.745,122053000.0,828424000.0,3119387000.0,3119387000.0,0.0,-0.058,-0.17,-0.077,-0.212,30392000.0,117565000.0,1.0,183325495.0,183325495.0,,17.016,7314791000.0,334428000.0,-314345000.0,0.0,39.901,
48,LEN,MRT,2009-09-30,2009-08-31,2009-08-31,2021-10-01,0.0,7088339000.0,7241583750.0,,,0.481,13.729,2792000.0,1348054000.0,1348054000.0,3736802000.0,-1278838000.0,,1.875,2665796000.0,,,2665796000.0,0.0,20511000.0,0.0,0.011,0.16,-464990000.0,-444479000.0,-0.128,-444479000.0,-464990000.0,-541534000.0,-7.84,-7.84,-7.84,2405960000.0,2494587000.0,2405960000.0,3863151088.0,-8.0,-8.691,636174000.0,3.63,1.0,-253108000.0,-0.073,0.0,76544000.0,8406081000.0,8600880750.0,4221458000.0,650878000.0,,,4510988000.0,,,2654913088.0,543636000.0,0.0,219923000.0,-12438000.0,-26674000.0,154284000.0,-244030000.0,-246822000.0,633382000.0,0.0,-1263708000.0,-1263708000.0,-1263708000.0,0.0,-15130000.0,-0.363,116105000.0,-369213000.0,216239000.0,-0.02,1.103,-2.101,-1.932,0.0,0.0,15.15,0.762,0.762,110983000.0,800180000.0,3483694000.0,3483694000.0,0.0,-0.175,-0.507,-0.054,-0.133,30449000.0,116105000.0,1.0,175241788.0,175241788.0,,19.879,7088339000.0,1501000.0,722174000.0,0.0,40.449,
49,LEN,MRT,2009-06-30,2009-05-31,2009-05-31,2021-10-01,0.0,7282987000.0,7526239000.0,,,0.514,15.471,1687000.0,1456615000.0,1456615000.0,4123410000.0,-1193418000.0,,1.87,2664853000.0,,,2664853000.0,0.0,24174000.0,0.0,0.029,0.28,-457655000.0,-433481000.0,-0.112,-433481000.0,-457655000.0,-511771000.0,-7.43,-7.43,-7.43,2482006000.0,2751071500.0,2482006000.0,2992272498.0,-7.0,-6.903,588455000.0,3.668,1.0,-253906000.0,-0.066,0.0,54116000.0,8491225000.0,8923510250.0,4341984000.0,656280000.0,,,4642482000.0,,,1525703498.0,569282000.0,0.0,122488000.0,-29649000.0,-45332000.0,166861000.0,-184347000.0,-186034000.0,586768000.0,0.0,-1181067000.0,-1181067000.0,-1181067000.0,0.0,-12351000.0,-0.305,122595000.0,-376501000.0,199596000.0,-0.038,0.615,-1.292,-1.28,0.0,0.0,9.51,0.394,0.394,77226000.0,978789000.0,3869504000.0,3869504000.0,0.0,-0.157,-0.429,-0.051,-0.118,28436000.0,122595000.0,1.0,160431493.0,160431493.0,,24.119,7282987000.0,987000.0,669296000.0,0.0,45.396,
50,LEN,MRT,2009-03-31,2009-02-28,2009-02-28,2021-10-01,0.0,7170111000.0,7768957000.0,,,0.528,15.37,1171000.0,1107546000.0,1107546000.0,4418524000.0,-1182629000.0,,1.839,2574115000.0,,,2574115000.0,0.0,27840000.0,0.0,0.06,0.4,-521692000.0,-493852000.0,-0.12,-493852000.0,-521692000.0,-561315000.0,-7.43,-7.43,-7.43,2467375000.0,3015467500.0,2467375000.0,2517014637.0,-5.0,-5.097,337677000.0,2.103,1.0,-312957000.0,-0.076,0.0,39623000.0,8636680000.0,9216484250.0,4501742000.0,776812000.0,,,4538464000.0,,,1072375637.0,38966000.0,0.0,-2100000.0,-152910000.0,-64174000.0,-105738000.0,-191802000.0,-192973000.0,336506000.0,0.0,-1176798000.0,-1176798000.0,-1176798000.0,0.0,-5831000.0,-0.287,122405000.0,-435362000.0,203776000.0,-0.054,0.435,-0.911,-0.899,0.0,0.0,6.68,0.261,0.261,99871000.0,1110818000.0,4105567000.0,4105567000.0,0.0,-0.151,-0.39,-0.057,-0.127,25859000.0,122405000.0,1.0,160535275.0,160535275.0,,25.574,7170111000.0,4592000.0,615483000.0,0.0,44.664,
51,LEN,MRT,2008-12-31,2008-11-30,2008-11-30,2021-10-01,0.0,7424898000.0,8105229500.0,,,0.565,16.337,1390000.0,1100296000.0,1100296000.0,4885250000.0,-1113182000.0,,1.767,2544935000.0,,,2544935000.0,0.0,32399000.0,0.0,0.073,0.52,-533934000.0,-501535000.0,-0.11,-501535000.0,-533934000.0,-561528000.0,-7.01,-7.01,-7.01,2623007000.0,3318848250.0,2623007000.0,2611219797.0,-5.0,-5.206,1102224000.0,6.865,1.0,-309833000.0,-0.068,0.0,27594000.0,8869537000.0,9477515500.0,4500090000.0,766752000.0,,,4636145000.0,,,1141580797.0,408228000.0,0.0,-1534000.0,-444483000.0,-83487000.0,-426903000.0,-265703000.0,-267093000.0,1100834000.0,0.0,-1109085000.0,-1109085000.0,-1109085000.0,0.0,-4097000.0,-0.242,129752000.0,-439585000.0,246727000.0,-0.074,0.435,-1.029,-1.014,0.0,0.0,7.11,0.25,0.25,94520000.0,1273159000.0,4575417000.0,4575417000.0,0.0,-0.137,-0.334,-0.056,-0.117,23732000.0,129752000.0,1.0,160559887.0,160559887.0,,28.497,7424898000.0,255460000.0,547557000.0,0.0,46.244,
52,LEN,MRT,2008-09-30,2008-08-31,2008-08-31,2021-10-01,0.0,8226960000.0,8524691750.0,,,0.642,21.363,2404000.0,869058000.0,869058000.0,7159747000.0,-1549743000.0,,1.346,2338697000.0,,,2338697000.0,0.0,42849000.0,0.0,0.049,0.64,-2409861000.0,-2367012000.0,-0.432,-2367012000.0,-2409861000.0,-2435669000.0,-9.82,-9.82,-9.82,3431898000.0,3618626250.0,3431898000.0,3521754757.0,-1.0,-1.488,1420886000.0,8.845,1.0,-1685473000.0,-0.308,0.0,25808000.0,9696599000.0,9940203000.0,4775586000.0,799189000.0,,,4620082000.0,,,2112492757.0,688303000.0,0.0,-59000.0,-871069000.0,-102361000.0,-424360000.0,-305819000.0,-308223000.0,1418482000.0,0.0,-1549743000.0,-1549743000.0,-1549743000.0,0.0,0.0,-0.283,324417000.0,-2009890000.0,260667000.0,-0.065,0.616,-1.363,-1.339,0.0,0.0,13.15,0.386,0.386,94967000.0,2090564000.0,5474274000.0,5474274000.0,0.0,-0.182,-0.428,-0.242,-0.44,21249000.0,134219000.0,1.0,160645837.0,160645837.0,,34.077,8226960000.0,0.0,-885926000.0,0.0,51.212,
53,LEN,MRT,2008-06-30,2008-05-31,2008-05-31,2021-10-01,-2812000.0,8253859000.0,9076065000.0,,,0.739,22.017,6086000.0,901232000.0,901232000.0,8997376000.0,-1974631000.0,,1.32,2310494000.0,,,2310494000.0,0.0,48079000.0,0.0,0.038,0.64,-3108402000.0,-3060323000.0,-0.456,-3060323000.0,-3108402000.0,-3134210000.0,-12.51,-12.51,-12.51,3539590000.0,4034966500.0,3539590000.0,3879278140.0,-1.0,-1.268,1638098000.0,10.19,1.0,-2287789000.0,-0.341,0.0,25808000.0,9663121000.0,10682003000.0,4544726000.0,869859000.0,,,4673520000.0,,,2713674140.0,608036000.0,0.0,-600000.0,-1006367000.0,-101980000.0,-728771000.0,-295205000.0,-301291000.0,1632012000.0,0.0,-1974631000.0,-1974631000.0,-1974631000.0,0.0,0.0,-0.294,335070000.0,-2622859000.0,236881000.0,-0.051,0.767,-1.374,-1.349,0.0,0.0,16.88,0.404,0.404,111124000.0,2205188000.0,6709587000.0,6709587000.0,0.0,-0.218,-0.489,-0.291,-0.463,29354000.0,144872000.0,1.0,160762686.0,160762686.0,,41.736,8253859000.0,0.0,-1159579000.0,0.0,51.342,
54,LEN,MRT,2008-03-31,2008-02-29,2008-02-29,2021-10-01,-3660000.0,8515201000.0,9898117750.0,,,0.854,23.02,4267000.0,1113893000.0,1113893000.0,10965657000.0,-2097920000.0,,1.307,2279497000.0,,,2279497000.0,0.0,52180000.0,0.0,0.034,0.64,-3318492000.0,-3266312000.0,-0.386,-3266312000.0,-3318492000.0,-3344300000.0,-13.3,-13.3,-13.3,3680898000.0,4545957750.0,3680898000.0,4593288994.0,-1.0,-1.406,1794375000.0,11.222,1.0,-2508043000.0,-0.297,0.0,25808000.0,9680805000.0,11682643250.0,4574159000.0,915222000.0,,,4811667000.0,,,2975748994.0,712216000.0,0.0,1711000.0,-1071760000.0,-101674000.0,-772563000.0,-305329000.0,-309596000.0,1790108000.0,0.0,-2097920000.0,-2097920000.0,-2097920000.0,0.0,0.0,-0.248,351303000.0,-2859346000.0,243305000.0,-0.048,0.808,-1.418,-1.399,0.0,0.0,18.61,0.352,0.352,134241000.0,2351786000.0,8457614000.0,8457614000.0,0.0,-0.212,-0.461,-0.284,-0.392,36064000.0,161105000.0,1.0,159900537.0,159900537.0,,52.893,8515201000.0,0.0,-1246380000.0,0.0,53.253,
55,LEN,MRT,2007-12-31,2007-11-30,2007-11-30,2021-10-01,-2061000.0,9102747000.0,10778311750.0,,,0.945,23.858,81000.0,677896000.0,677896000.0,12639486000.0,-1941081000.0,,1.374,2295436000.0,,,2295436000.0,0.0,54303000.0,0.0,0.04,0.64,-3055273000.0,-3000970000.0,-0.295,-3000970000.0,-3055273000.0,-3081081000.0,-12.31,-12.31,-12.31,3822119000.0,5069478500.0,3822119000.0,4942678835.0,-2.0,-1.647,444594000.0,2.775,1.0,-2452705000.0,-0.241,0.0,25808000.0,10720287000.0,12797276000.0,4500403000.0,934271000.0,,,5252100000.0,,,2537631835.0,16875000.0,0.0,17617000.0,-1064160000.0,-101123000.0,-734621000.0,306983000.0,306902000.0,444513000.0,0.0,-1941081000.0,-1941081000.0,-1941081000.0,0.0,0.0,-0.191,363400000.0,-2816105000.0,376134000.0,-0.052,0.664,-1.307,-1.287,0.0,0.0,15.84,0.249,0.249,207691000.0,2496933000.0,10186781000.0,10186781000.0,0.0,-0.18,-0.383,-0.239,-0.3,40649000.0,173202000.0,1.0,160204030.0,160204030.0,,63.586,9102747000.0,881525000.0,-1140000000.0,0.0,56.82,
56,LEN,MRT,2007-09-30,2007-08-31,2007-08-31,2021-10-01,-701000.0,10432453000.0,11604691500.0,,,1.058,31.804,-9222000.0,166244000.0,166244000.0,13470009000.0,-885039000.0,,1.043,2571291000.0,,,2571291000.0,0.0,49526000.0,0.0,0.023,0.64,-1422474000.0,-1372948000.0,-0.112,-1372948000.0,-1422474000.0,-1422474000.0,-5.59,-5.56,-5.59,5097259000.0,5539291750.0,5097259000.0,6844618814.0,-5.0,-4.985,577326000.0,3.602,1.0,-1194068000.0,-0.097,173701000.0,0.0,12663799000.0,13651872500.0,6720497000.0,1077220000.0,,,5315821000.0,,,4530808814.0,-4942000.0,0.0,-5311000.0,-783002000.0,-100958000.0,-929422000.0,337932000.0,341476000.0,586548000.0,0.0,-885039000.0,-885039000.0,-885039000.0,0.0,0.0,-0.072,171459000.0,-1365527000.0,419914000.0,-0.114,0.889,-5.119,-5.057,0.0,0.0,28.27,0.369,0.369,193771000.0,3773868000.0,12275941000.0,12275941000.0,0.0,-0.076,-0.16,-0.104,-0.116,46264000.0,171459000.0,1.0,160269148.0,160269148.0,,76.596,10258752000.0,0.0,-537435000.0,0.0,64.01,
57,LEN,MRT,2007-06-30,2007-05-31,2007-05-31,2021-10-01,-1066000.0,11542070000.0,12121853250.0,,,1.165,34.888,-21757000.0,271476000.0,271476000.0,14293314000.0,-164512000.0,,1.057,2585286000.0,,,2585286000.0,0.0,47719000.0,0.0,0.014,0.64,-256776000.0,-209057000.0,-0.015,-209057000.0,-256776000.0,-256776000.0,-1.03,-1.01,-1.03,5583555000.0,5747676500.0,5583555000.0,9599426413.0,-37.0,-45.918,720290000.0,4.501,1.0,-176791000.0,-0.013,190198000.0,0.0,13665682000.0,14215047750.0,7705234000.0,1235603000.0,,,5902260000.0,,,7305869413.0,86003000.0,116000.0,-33159000.0,-822949000.0,-100885000.0,-984674000.0,328630000.0,319632000.0,742047000.0,0.0,-164512000.0,-164512000.0,-164512000.0,0.0,0.0,-0.012,177620000.0,-354411000.0,499832000.0,-0.621,1.308,-44.409,-44.32,0.0,0.0,45.65,0.518,0.518,179808000.0,4313001000.0,14116523000.0,14116523000.0,0.0,-0.014,-0.029,-0.018,-0.018,52186000.0,177620000.0,1.0,160040951.0,160040951.0,,88.206,11351872000.0,0.0,-92264000.0,0.0,70.931,
58,LEN,MRT,2007-03-31,2007-02-28,2007-02-28,2021-10-01,-1513000.0,12035977000.0,12444812750.0,,,1.271,36.427,-25694000.0,287937000.0,287937000.0,15150219000.0,404440000.0,,1.075,2581494000.0,,,2581494000.0,0.0,45689000.0,0.0,0.013,0.64,641968000.0,687657000.0,0.043,687657000.0,641968000.0,641968000.0,2.56,2.54,2.56,5774981000.0,5793342500.0,5774981000.0,9725499804.0,15.0,14.143,965312000.0,6.089,1.0,667864000.0,0.042,190198000.0,0.0,14139336000.0,14635274500.0,8305626000.0,1215620000.0,,,6208994000.0,,,7798454804.0,184013000.0,-10179000.0,-298648000.0,-618158000.0,-101155000.0,-1067140000.0,260147000.0,273946000.0,991006000.0,0.0,404440000.0,404440000.0,404440000.0,0.0,0.0,0.026,188335000.0,479529000.0,565690000.0,0.25,1.35,19.282,19.215,0.0,0.0,49.19,0.493,0.493,165443000.0,4582586000.0,15818083000.0,15818083000.0,0.0,0.032,0.07,0.044,0.041,50393000.0,188335000.0,1.0,158537402.0,158537402.0,,99.775,11845779000.0,0.0,237528000.0,0.0,74.719,
59,LEN,MRT,2006-12-31,2006-11-30,2006-11-30,2021-10-01,-2041000.0,12408266000.0,12606629250.0,,,1.29,35.979,-26783000.0,686458000.0,686458000.0,15171384000.0,593869000.0,,1.167,2613503000.0,,,2613503000.0,0.0,45431000.0,0.0,0.012,0.64,942649000.0,988080000.0,0.061,988080000.0,942649000.0,942649000.0,3.76,3.69,3.76,5701372000.0,5738297250.0,5701372000.0,10931447140.0,12.0,11.063,525752000.0,3.318,1.0,1095278000.0,0.067,196638000.0,0.0,14138673000.0,14967478750.0,7831483000.0,1447178000.0,,,6651501000.0,,,8319409140.0,-281024000.0,-33213000.0,-292098000.0,28436000.0,-101295000.0,-429205000.0,-404354000.0,-362858000.0,552535000.0,0.0,593869000.0,593869000.0,593869000.0,0.0,0.0,0.037,193307000.0,901971000.0,751496000.0,0.17,1.459,14.009,13.963,0.0,0.0,52.5,0.511,0.511,159043000.0,4539137000.0,16266662000.0,16266662000.0,0.0,0.047,0.103,0.063,0.058,52337000.0,193307000.0,1.0,158464936.0,158464936.0,,102.651,12211628000.0,0.0,348780000.0,0.0,77.062,
60,LEN,MRT,2006-09-30,2006-08-31,2006-08-31,2021-10-01,-3014000.0,12501100000.0,12639869000.0,,,1.347,37.279,-27644000.0,172036000.0,172036000.0,14818830000.0,1370633000.0,,1.096,2784074000.0,,,2784074000.0,0.0,47280000.0,0.0,0.014,0.64,2186721000.0,2234001000.0,0.131,2234001000.0,2186721000.0,2186721000.0,8.71,8.4,8.71,5930798000.0,5625807000.0,5930798000.0,9842920743.0,5.0,4.406,991730000.0,6.234,1.0,2211701000.0,0.13,196638000.0,0.0,14916500000.0,14934461250.0,8724999000.0,1541104000.0,,,6497275000.0,,,7133601743.0,47312000.0,-231693000.0,-310500000.0,289549000.0,-101302000.0,-197037000.0,-775025000.0,-531076000.0,1019374000.0,0.0,1370633000.0,1370633000.0,1370633000.0,2287000.0,0.0,0.08,222810000.0,1988891000.0,728998000.0,0.073,1.203,5.205,5.148,0.0,0.0,44.84,0.419,0.419,151572000.0,4759865000.0,17030531000.0,17030531000.0,0.0,0.108,0.244,0.146,0.128,44896000.0,222810000.0,1.0,159090137.0,159090137.0,,107.05,12304462000.0,0.0,816088000.0,0.0,77.343,
61,LEN,MRT,2006-06-30,2006-05-31,2006-05-31,2021-10-01,-3364000.0,12833908000.0,12253773250.0,,,1.334,35.979,-21748000.0,198977000.0,198977000.0,13935345000.0,1501211000.0,,1.21,2908296000.0,,,2908296000.0,0.0,52758000.0,0.0,0.013,0.617,2400438000.0,2453196000.0,0.15,2453196000.0,2400438000.0,2400438000.0,9.58,9.16,9.58,5766219000.0,5322935500.0,5766219000.0,10665229766.0,4.0,4.347,204389000.0,1.275,1.0,2411083000.0,0.147,196638000.0,0.0,15346589000.0,14616529250.0,8908981000.0,1450699000.0,,,6976582000.0,,,7678342766.0,145085000.0,-342318000.0,-289603000.0,1343568000.0,-97716000.0,906228000.0,-987280000.0,-618143000.0,226137000.0,0.0,1501211000.0,1501211000.0,1501211000.0,2287000.0,0.0,0.092,217693000.0,2193390000.0,817437000.0,0.064,1.332,5.115,5.001,0.0,0.0,47.91,0.47,0.47,155038000.0,4578398000.0,16346428000.0,16346428000.0,0.0,0.123,0.282,0.164,0.147,49347000.0,217693000.0,1.0,160265973.0,160265973.0,,101.996,12637270000.0,0.0,899227000.0,0.0,78.852,
62,LEN,MRT,2006-03-31,2006-02-28,2006-02-28,2021-10-01,-4197000.0,12683243000.0,11446704750.0,,,1.284,34.977,-20803000.0,138285000.0,138285000.0,12409738000.0,1420001000.0,,1.27,3125172000.0,,,3125172000.0,0.0,55334000.0,0.0,0.01,0.595,2269948000.0,2325282000.0,0.158,2325282000.0,2269948000.0,2269948000.0,9.12,8.64,9.12,5554800000.0,4948252250.0,5554800000.0,11167077546.0,5.0,4.802,-479090000.0,-3.017,1.0,2292161000.0,0.156,201977000.0,0.0,15468153000.0,13746360750.0,8996579000.0,1381765000.0,,,7055901000.0,,,9506543546.0,-322445000.0,-337853000.0,-147090000.0,1387033000.0,-93203000.0,1108524000.0,-972682000.0,-611968000.0,-458287000.0,0.0,1420001000.0,1420001000.0,1420001000.0,-8006000.0,0.0,0.097,201988000.0,2090173000.0,798121000.0,0.065,1.711,6.695,6.564,0.0,0.0,59.86,0.647,0.647,220761000.0,4279301000.0,14701899000.0,14701899000.0,0.0,0.124,0.287,0.165,0.154,43058000.0,201988000.0,1.0,158812956.0,158812956.0,,92.574,12481266000.0,0.0,849947000.0,0.0,78.591,
63,LEN,MRT,2005-12-31,2005-11-30,2005-11-30,2021-10-01,-5221000.0,12541225000.0,10464267500.0,,,1.325,33.263,-21747000.0,932238000.0,932238000.0,11672848000.0,1355155000.0,,1.373,2592772000.0,,,2592772000.0,0.0,58253000.0,0.0,0.01,0.573,2170439000.0,2228692000.0,0.161,2228692000.0,2170439000.0,2170439000.0,8.72,8.23,8.72,5251411000.0,4599929250.0,5251411000.0,11794326010.0,5.0,5.292,290099000.0,1.838,1.0,2194123000.0,0.158,195156000.0,0.0,14006603000.0,12441145750.0,7863531000.0,1282686000.0,,,7211571000.0,,,9106271010.0,-356472000.0,-399049000.0,-251215000.0,697751000.0,-89229000.0,324126000.0,-992444000.0,-571648000.0,311846000.0,0.0,1355155000.0,1355155000.0,1355155000.0,-10745000.0,0.0,0.098,187257000.0,2006866000.0,876830000.0,0.066,1.734,6.72,6.615,0.0,0.0,57.68,0.657,0.657,299232000.0,4046563000.0,13866971000.0,13866971000.0,0.0,0.13,0.295,0.174,0.157,46096000.0,187257000.0,1.0,157875711.0,157875711.0,,87.835,12346069000.0,0.0,815284000.0,0.0,78.201,
64,LEN,MRT,2005-09-30,2005-08-31,2005-08-31,2021-10-01,-7778000.0,10956717000.0,9620281250.0,,,1.288,30.673,-23992000.0,92276000.0,92276000.0,10528971000.0,1153730000.0,,1.322,2780331000.0,,,2780331000.0,0.0,56305000.0,0.0,0.009,0.55,1846645000.0,1902950000.0,0.154,1902950000.0,1846645000.0,1846645000.0,7.46,6.99,7.46,4719312000.0,4300319500.0,4719312000.0,11814851125.0,6.0,6.209,-202444000.0,-1.316,1.0,1857493000.0,0.15,0.0,0.0,13644772000.0,11359614250.0,7724310000.0,1194512000.0,,,6237405000.0,,,9554570125.0,-228047000.0,-202275000.0,-209801000.0,865677000.0,-85578000.0,534267000.0,-583862000.0,-387613000.0,-178452000.0,0.0,1153730000.0,1153730000.0,1153730000.0,-11110000.0,0.0,0.093,171340000.0,1686153000.0,2185538000.0,0.074,2.025,8.281,8.324,0.0,0.0,62.1,0.771,0.771,279904000.0,3490534000.0,12386464000.0,12386464000.0,0.0,0.12,0.268,0.163,0.149,45627000.0,171340000.0,1.0,153857812.0,153857812.0,,80.506,10956717000.0,0.0,692915000.0,0.0,71.213,
65,LEN,MRT,2005-06-30,2005-05-31,2005-05-31,2021-10-01,-9759000.0,9605634000.0,8840757250.0,,,1.316,27.442,-29416000.0,77155000.0,77155000.0,9965759000.0,1041699000.0,,1.251,2337436000.0,,,2337436000.0,0.0,55534000.0,0.0,0.009,0.538,1666533000.0,1722067000.0,0.148,1722067000.0,1666533000.0,1666533000.0,6.73,6.29,6.73,4267486000.0,4042599250.0,4267486000.0,10514785014.0,6.0,6.106,164841000.0,1.06,1.0,1669702000.0,0.144,0.0,0.0,11865915000.0,10311026250.0,6724899000.0,1015696000.0,,,5338148000.0,,,9020986014.0,-8485000.0,-131684000.0,-204613000.0,605530000.0,-83316000.0,282211000.0,-484953000.0,-349369000.0,194257000.0,0.0,1041699000.0,1041699000.0,1041699000.0,-11344000.0,0.0,0.09,159780000.0,1509922000.0,1910345000.0,0.08,2.114,8.66,8.62,0.0,0.0,58.01,0.775,0.775,295143000.0,3174903000.0,11635461000.0,11635461000.0,0.0,0.118,0.258,0.162,0.143,27920000.0,159780000.0,1.0,155507430.0,155507430.0,,74.823,9605634000.0,0.0,624834000.0,0.0,61.77,
66,LEN,MRT,2005-03-31,2005-02-28,2005-02-28,2021-10-01,-11275000.0,8753494000.0,8188369500.0,,,1.349,26.822,-29644000.0,509068000.0,509068000.0,9481474000.0,999573000.0,,1.103,2002867000.0,,,2002867000.0,0.0,56588000.0,0.0,0.009,0.525,1604978000.0,1661566000.0,0.15,1661566000.0,1604978000.0,1604978000.0,6.45,6.03,6.45,4161508000.0,3845721750.0,4161508000.0,10134795836.0,6.0,6.1,203063000.0,1.309,1.0,1563058000.0,0.142,0.0,0.0,10247293000.0,9456918000.0,5732821000.0,939125000.0,,,4591986000.0,,,9436253836.0,422946000.0,-153168000.0,-74377000.0,464237000.0,-81693000.0,279519000.0,-481959000.0,-330215000.0,232707000.0,0.0,999573000.0,999573000.0,999573000.0,-1258000.0,0.0,0.091,150204000.0,1412854000.0,1629224000.0,0.081,2.268,9.44,9.429,0.0,0.0,60.82,0.854,0.854,184492000.0,2952503000.0,11044532000.0,11044532000.0,0.0,0.122,0.26,0.17,0.145,29469000.0,150204000.0,1.0,155150507.0,155150507.0,,71.186,8753494000.0,0.0,605405000.0,0.0,56.419,
67,LEN,MRT,2004-12-31,2004-11-30,2004-11-30,2021-10-01,-14575000.0,9165280000.0,7630339500.0,,,1.376,25.954,-27389000.0,1322472000.0,1322472000.0,9019372000.0,945619000.0,,1.251,2021014000.0,,,2021014000.0,0.0,52572000.0,0.0,0.011,0.512,1518474000.0,1571046000.0,0.15,1571046000.0,1518474000.0,1518474000.0,6.09,5.7,6.09,4052972000.0,3624967250.0,4052972000.0,8627943613.0,6.0,5.492,392803000.0,2.515,1.0,1481596000.0,0.141,183345000.0,0.0,9680477000.0,8772019250.0,5142070000.0,856422000.0,,,5069581000.0,,,7016144613.0,190167000.0,-105730000.0,-99045000.0,501468000.0,-79945000.0,304082000.0,-534107000.0,-433572000.0,420192000.0,0.0,945619000.0,945619000.0,945619000.0,-977000.0,0.0,0.09,141722000.0,1339874000.0,554666000.0,0.084,1.731,7.42,7.378,0.0,0.0,44.93,0.668,0.668,153285000.0,2780637000.0,10500968000.0,10500968000.0,0.0,0.124,0.261,0.173,0.145,16143000.0,141722000.0,1.0,156157236.0,156157236.0,,67.246,8981935000.0,0.0,572855000.0,0.0,57.519,
68,LEN,MRT,2004-09-30,2004-08-31,2004-08-31,2021-10-01,-17895000.0,7838621000.0,7032877500.0,,,1.406,23.636,-24677000.0,386858000.0,386858000.0,8511994000.0,849066000.0,,1.125,1998657000.0,,,1998657000.0,0.0,53035000.0,0.0,0.011,0.5,1363417000.0,1416452000.0,0.143,1416452000.0,1363417000.0,1363417000.0,5.5,5.13,5.5,3688431000.0,3427667750.0,3688431000.0,8600618797.0,6.0,6.072,501705000.0,3.215,1.0,1374093000.0,0.139,0.0,0.0,9450420000.0,8133493250.0,5241814000.0,779465000.0,,,4150190000.0,,,7147219797.0,224359000.0,-157388000.0,-97691000.0,250176000.0,-78193000.0,76974000.0,-771676000.0,-602331000.0,526382000.0,0.0,849066000.0,849066000.0,849066000.0,-898000.0,0.0,0.086,130722000.0,1243371000.0,1222928000.0,0.091,1.938,8.418,8.327,0.0,0.0,45.8,0.723,0.723,153687000.0,2422382000.0,9886087000.0,9886087000.0,0.0,0.121,0.248,0.168,0.138,15231000.0,130722000.0,1.0,156052834.0,156052834.0,,63.351,7838621000.0,0.0,514351000.0,0.0,50.231,
69,LEN,MRT,2004-06-30,2004-05-31,2004-05-31,2021-10-01,-17059000.0,6996083000.0,6628730000.0,,,1.419,22.299,-19874000.0,140675000.0,140675000.0,8086791000.0,825421000.0,,1.01,1594074000.0,,,1594074000.0,0.0,49510000.0,0.0,0.008,0.381,1325576000.0,1375086000.0,0.146,1375086000.0,1325576000.0,1325576000.0,5.4,4.98,5.4,3479976000.0,3253812000.0,3479976000.0,8149359165.0,6.0,5.926,589835000.0,3.78,1.0,1319809000.0,0.14,0.0,0.0,8449482000.0,7557016750.0,4775343000.0,696020000.0,,,3516107000.0,,,7163035165.0,89127000.0,-115566000.0,-88762000.0,-180787000.0,-59818000.0,-326685000.0,-586576000.0,-462674000.0,609709000.0,0.0,825421000.0,825421000.0,825421000.0,-664000.0,0.0,0.088,124026000.0,1195783000.0,1071321000.0,0.071,2.058,8.678,8.5,0.0,0.0,45.9,0.761,0.761,124350000.0,2216520000.0,9406600000.0,9406600000.0,0.0,0.125,0.254,0.175,0.141,14002000.0,124026000.0,1.0,156057411.0,156057411.0,,60.277,6996083000.0,0.0,500155000.0,0.0,44.83,
70,LEN,MRT,2004-03-31,2004-02-29,2004-02-29,2021-10-01,-22034000.0,6521374000.0,6364474500.0,,,1.44,20.797,-18429000.0,545522000.0,545522000.0,7903016000.0,784325000.0,,0.989,1531846000.0,,,1531846000.0,0.0,50753000.0,0.0,0.058,2.888,1259683000.0,1310436000.0,0.143,1310436000.0,1259683000.0,1259683000.0,5.23,4.78,5.23,3278490000.0,3009204000.0,3278490000.0,8717904032.0,7.0,6.653,799071000.0,5.069,1.0,1264647000.0,0.138,0.0,0.0,7507698000.0,7258781250.0,4066136000.0,636948000.0,,,3242884000.0,,,7795421032.0,76022000.0,-167987000.0,-90928000.0,-60616000.0,-41497000.0,-190359000.0,-551119000.0,-378701000.0,817500000.0,0.0,784325000.0,784325000.0,784325000.0,-457000.0,0.0,0.086,118502000.0,1146145000.0,1011346000.0,0.552,2.378,9.939,9.455,0.0,0.0,49.45,0.85,0.85,65135000.0,2034623000.0,9167663000.0,9167663000.0,0.0,0.123,0.261,0.174,0.137,12021000.0,118502000.0,1.0,157642488.0,157642488.0,,58.155,6521374000.0,0.0,475358000.0,0.0,41.368,
71,LEN,MRT,2003-12-31,2003-11-30,2003-11-30,2021-10-01,-20976000.0,6775432000.0,6132087500.0,,,1.452,20.704,-18848000.0,1201276000.0,1201276000.0,7691218000.0,751391000.0,,1.076,1552217000.0,,,1552217000.0,0.0,54503000.0,0.0,0.057,2.769,1206777000.0,1261280000.0,0.142,1261280000.0,1206777000.0,1206777000.0,5.1,4.65,5.1,3263774000.0,2773028750.0,3263774000.0,8639082788.0,7.0,6.849,696041000.0,4.415,1.0,1214008000.0,0.136,0.0,0.0,7126373000.0,7111454000.0,3656101000.0,390334000.0,,,3511658000.0,,,7716599788.0,504366000.0,-159389000.0,17153000.0,36663000.0,-22705000.0,33793000.0,-244316000.0,-77617000.0,714889000.0,0.0,751391000.0,751391000.0,751391000.0,-457000.0,0.0,0.084,111488000.0,1102520000.0,1040961000.0,0.543,2.364,10.27,9.598,0.0,0.0,48.95,0.867,0.867,60392000.0,1914963000.0,8905226000.0,8905226000.0,0.0,0.123,0.271,0.17,0.136,10951000.0,111488000.0,1.0,157642488.0,157642488.0,,56.49,6775432000.0,0.0,455386000.0,0.0,42.98,
72,LEN,MRT,2003-09-30,2003-08-31,2003-08-31,2021-10-01,-21833000.0,6222031000.0,5877137750.0,,,1.459,20.32,-10454000.0,599223000.0,599223000.0,7448124000.0,693222000.0,,1.079,1521706000.0,,,1521706000.0,0.0,56829000.0,0.0,0.079,2.65,1113610000.0,1170439000.0,0.137,1170439000.0,1113610000.0,1113610000.0,4.825,4.35,4.825,2993008000.0,2514374500.0,2993008000.0,6270141767.0,6.0,5.357,435093000.0,2.954,1.0,1124479000.0,0.131,0.0,0.0,7144514000.0,6982305500.0,3868168000.0,362766000.0,,,3229023000.0,,,4952662767.0,538581000.0,-139909000.0,16516000.0,173205000.0,-3777000.0,185944000.0,-92910000.0,56841000.0,445547000.0,0.0,693222000.0,693222000.0,693222000.0,0.0,0.0,0.081,104858000.0,1019621000.0,906655000.0,0.549,1.655,7.144,6.969,0.0,0.0,33.625,0.578,0.578,78501000.0,1651509000.0,8572603000.0,8572603000.0,0.0,0.118,0.276,0.159,0.13,9333000.0,104858000.0,1.0,147291086.0,147291086.0,,58.202,6222031000.0,0.0,420388000.0,0.0,42.243,
73,LEN,MRT,2003-06-30,2003-05-31,2003-05-31,2021-10-01,-30332000.0,5939061000.0,5623891250.0,,,1.45,19.23,-7262000.0,480719000.0,480719000.0,7112855000.0,633864000.0,,1.374,1798198000.0,,,1798198000.0,0.0,56879000.0,0.0,0.079,2.65,1018255000.0,1075134000.0,0.132,1075134000.0,1018255000.0,1018255000.0,4.485,4.055,4.485,2501544000.0,2266097750.0,2501544000.0,5687602280.0,6.0,5.29,116197000.0,0.893,1.0,1039858000.0,0.128,0.0,0.0,7256540000.0,6894599500.0,3752102000.0,313093000.0,,,3437517000.0,,,4361039280.0,15566000.0,-510955000.0,11499000.0,382106000.0,-3589000.0,390016000.0,-497909000.0,20884000.0,123459000.0,0.0,633864000.0,633864000.0,633864000.0,0.0,0.0,0.078,96945000.0,942913000.0,866813000.0,0.591,1.743,6.88,7.475,0.0,0.0,33.525,0.535,0.535,69814000.0,1450917000.0,8152713000.0,8152713000.0,0.0,0.113,0.28,0.148,0.125,6573000.0,96945000.0,1.0,130083200.0,130083200.0,,62.673,5939061000.0,0.0,384391000.0,0.0,45.656,
74,LEN,MRT,2003-03-31,2003-02-28,2003-02-28,2021-10-01,-28487000.0,5591826000.0,5278198500.0,,,1.444,17.97,-6194000.0,500227000.0,500227000.0,6627411000.0,579556000.0,,1.396,1826790000.0,,,1826790000.0,0.0,51231000.0,0.0,0.001,0.025,961544000.0,1012775000.0,0.133,1012775000.0,961544000.0,931014000.0,4.11,3.72,4.11,2333789000.0,2106510250.0,2333789000.0,4359974772.0,5.0,4.305,157296000.0,1.211,1.0,993811000.0,0.13,0.0,30530000.0,6918389000.0,6479842250.0,3662319000.0,298440000.0,,,3258037000.0,,,3505828772.0,-10918000.0,-431632000.0,14932000.0,241933000.0,-3192000.0,253673000.0,-428081000.0,3489000.0,163490000.0,0.0,579556000.0,579556000.0,579556000.0,0.0,0.0,0.076,90998000.0,902813000.0,879703000.0,0.006,1.502,6.049,6.568,0.0,0.0,26.995,0.46,0.46,51348000.0,1644463000.0,7621222000.0,7621222000.0,0.0,0.11,0.275,0.148,0.126,8822000.0,90998000.0,1.0,129869560.0,129869560.0,,58.684,5591826000.0,0.0,351458000.0,0.0,43.057,
75,LEN,MRT,2002-12-31,2002-11-30,2002-11-30,2021-10-01,-24437000.0,5755633000.0,4975229250.0,,,1.454,17.183,-4085000.0,731163000.0,731163000.0,6349817000.0,545129000.0,,1.582,1585309000.0,,,1585309000.0,0.0,47031000.0,0.0,0.001,0.025,875709000.0,922740000.0,0.128,922740000.0,875709000.0,875709000.0,3.88,3.51,3.88,2229157000.0,1958239750.0,2229157000.0,5023829398.0,6.0,5.444,278398000.0,2.146,1.0,885703000.0,0.122,0.0,0.0,6609779000.0,6100731500.0,3237577000.0,285594000.0,,,3526476000.0,,,3439184398.0,-100115000.0,-424277000.0,19252000.0,44924000.0,-3182000.0,60994000.0,-443592000.0,-29116000.0,282483000.0,0.0,545129000.0,545129000.0,545129000.0,0.0,0.0,0.075,85958000.0,799745000.0,969779000.0,0.006,1.543,6.309,6.832,0.0,0.0,26.51,0.475,0.475,48432000.0,1538945000.0,7235520000.0,7235520000.0,0.0,0.11,0.278,0.144,0.121,10728000.0,85958000.0,1.0,129731588.0,129731588.0,,55.773,5755633000.0,0.0,330580000.0,0.0,44.366,
76,LEN,MRT,2002-09-30,2002-08-31,2002-08-31,2021-10-01,-25321000.0,5209045000.0,4714927500.0,,,1.394,15.46,-9229000.0,58363000.0,58363000.0,5802976000.0,482995000.0,,1.605,1643008000.0,,,1643008000.0,0.0,44727000.0,0.0,0.001,0.025,749869000.0,794596000.0,0.121,794596000.0,749869000.0,779086000.0,3.275,2.96,3.275,1999901000.0,1815766000.0,1999901000.0,4456342741.0,6.0,5.608,93959000.0,0.726,1.0,771235000.0,0.117,0.0,-29217000.0,6793690000.0,5797203750.0,3576443000.0,353708000.0,,,3209144000.0,,,3415121741.0,-143428000.0,-319806000.0,17904000.0,120947000.0,-3202000.0,133687000.0,-380303000.0,-62363000.0,103188000.0,0.0,482995000.0,482995000.0,482995000.0,0.0,0.0,0.073,78090000.0,693145000.0,892098000.0,0.008,1.708,7.071,8.061,0.0,0.0,26.4,0.519,0.519,87465000.0,1314732000.0,6574211000.0,6574211000.0,0.0,0.102,0.266,0.129,0.114,13100000.0,78090000.0,1.0,129360672.0,129360672.0,,50.821,5209045000.0,0.0,296091000.0,0.0,40.268,
77,LEN,MRT,2002-06-30,2002-05-31,2002-05-31,2021-10-01,-17225000.0,4556290000.0,4455767500.0,,,1.415,14.48,-10532000.0,461497000.0,461497000.0,5545700000.0,447471000.0,,1.445,1502718000.0,,,1502718000.0,0.0,44400000.0,0.0,0.001,0.025,725574000.0,769974000.0,0.122,769974000.0,725574000.0,724110000.0,3.11,2.81,3.11,1863194000.0,1689498000.0,1863194000.0,4542491703.0,6.0,5.9,365524000.0,2.841,1.0,758187000.0,0.12,0.0,1464000.0,5597511000.0,5462336250.0,2802260000.0,324510000.0,,,2693096000.0,,,3520494703.0,251353000.0,-8178000.0,19061000.0,-119510000.0,-3192000.0,-104229000.0,-20474000.0,-15229000.0,376056000.0,0.0,447471000.0,447471000.0,447471000.0,0.0,0.0,0.071,78060000.0,680127000.0,680512000.0,0.008,1.889,7.868,8.797,0.0,0.0,27.36,0.558,0.558,51222000.0,1173310000.0,6303887000.0,6303887000.0,0.0,0.1,0.265,0.133,0.115,13160000.0,78060000.0,1.0,128673052.0,128673052.0,,48.992,4556290000.0,0.0,276639000.0,0.0,35.41,
78,LEN,MRT,2002-03-31,2002-02-28,2002-02-28,2021-10-01,-18333000.0,4379949000.0,4316780250.0,,,1.419,13.565,-12712000.0,483573000.0,483573000.0,5380733000.0,438470000.0,,1.516,1505570000.0,,,1505570000.0,0.0,48051000.0,0.0,0.001,0.025,711850000.0,759901000.0,0.124,759901000.0,711850000.0,711550000.0,3.13,2.825,3.13,1740707000.0,1570902500.0,1740707000.0,4223552756.0,6.0,5.558,315393000.0,2.458,1.0,743070000.0,0.121,0.0,300000.0,5401946000.0,5382503000.0,2660360000.0,315878000.0,,,2639242000.0,,,3542310756.0,466932000.0,4327000.0,18496000.0,122731000.0,-3170000.0,137483000.0,1344000.0,-5256000.0,328105000.0,0.0,438470000.0,438470000.0,438470000.0,0.0,0.0,0.072,76667000.0,666403000.0,660387000.0,0.008,2.035,8.079,8.819,0.0,0.0,27.605,0.578,0.578,30914000.0,1068099000.0,6123803000.0,6123803000.0,0.0,0.102,0.279,0.132,0.116,12320000.0,76667000.0,1.0,128321346.0,128321346.0,,47.722,4379949000.0,0.0,273080000.0,0.0,34.133,
79,LEN,MRT,2001-12-31,2001-11-30,2001-11-30,2021-10-01,-19286000.0,4714426000.0,4145006500.0,,,1.443,12.977,-13110000.0,824013000.0,824013000.0,5270294000.0,417845000.0,,1.841,1505255000.0,,,1505255000.0,0.0,48383000.0,0.0,0.001,0.025,679423000.0,727806000.0,0.122,727806000.0,679423000.0,679423000.0,3.03,2.73,3.03,1659262000.0,1454733500.0,1659262000.0,3660053892.0,5.0,5.029,46086000.0,0.36,1.0,709807000.0,0.119,0.0,0.0,5395668000.0,5263726250.0,2416541000.0,300064000.0,,,3055164000.0,,,2378238892.0,543397000.0,0.0,19789000.0,465695000.0,-3146000.0,482338000.0,1863000.0,5158000.0,59196000.0,0.0,417845000.0,417845000.0,417845000.0,0.0,0.0,0.07,75831000.0,633976000.0,755726000.0,0.008,1.433,5.692,6.139,0.0,0.0,18.6,0.398,0.398,24345000.0,996998000.0,5980101000.0,5980101000.0,0.0,0.101,0.287,0.129,0.114,12150000.0,75831000.0,1.0,127862306.0,127862306.0,,46.77,4714426000.0,0.0,261578000.0,0.0,36.871,
80,LEN,MRT,2001-09-30,2001-08-31,2001-08-31,2021-10-01,-16285000.0,4172405000.0,3910878500.0,,,1.482,11.716,-8392000.0,208570000.0,208570000.0,5006521000.0,364445000.0,,1.791,1490385000.0,,,1490385000.0,0.0,49260000.0,0.0,0.001,0.025,718893000.0,768153000.0,0.133,768153000.0,718893000.0,594054000.0,2.965,2.67,2.965,1494829000.0,1347063000.0,1494829000.0,4119972456.0,6.0,5.363,281036000.0,2.203,1.0,788888000.0,0.136,0.0,124839000.0,5454220000.0,5101043500.0,2703412000.0,349772000.0,,,2677576000.0,,,2842135456.0,175001000.0,-64354000.0,20997000.0,-89513000.0,-3087000.0,-69720000.0,-44707000.0,8383000.0,289428000.0,0.0,364445000.0,364445000.0,364445000.0,0.0,0.0,0.063,69995000.0,718893000.0,681738000.0,0.008,1.901,7.799,7.513,0.0,0.0,22.275,0.49,0.49,46339000.0,834939000.0,5795409000.0,5795409000.0,0.0,0.093,0.271,0.141,0.124,9705000.0,69995000.0,1.0,127593062.0,127593062.0,,45.421,4172405000.0,0.0,229609000.0,0.0,32.701,
81,LEN,MRT,2001-06-30,2001-05-31,2001-05-31,2021-10-01,-11802000.0,4000341000.0,3810124000.0,,,1.468,10.94,-8637000.0,219002000.0,219002000.0,4887428000.0,318757000.0,,1.88,1496839000.0,,,1496839000.0,0.0,50125000.0,0.0,0.001,0.025,642564000.0,692689000.0,0.124,692689000.0,642564000.0,520577000.0,2.615,2.355,2.615,1388812000.0,1252381250.0,1388812000.0,3582601070.0,6.0,5.172,339959000.0,2.678,1.0,706568000.0,0.126,0.0,121987000.0,5278178000.0,5079318250.0,2521812000.0,286480000.0,,,2611529000.0,,,2348616070.0,159895000.0,-10988000.0,19473000.0,-182090000.0,-3058000.0,-165195000.0,-23506000.0,-2859000.0,348596000.0,0.0,318757000.0,318757000.0,318757000.0,0.0,0.0,0.057,64004000.0,642564000.0,586205000.0,0.01,1.691,7.368,7.075,0.0,0.0,18.5,0.42,0.42,47980000.0,729031000.0,5593996000.0,5593996000.0,0.0,0.084,0.255,0.127,0.115,8505000.0,64004000.0,1.0,126952220.0,126952220.0,,44.064,4000341000.0,0.0,201820000.0,0.0,31.511,
82,LEN,MRT,2001-03-31,2001-02-28,2001-02-28,2021-10-01,-13564000.0,3692854000.0,3761366750.0,,,1.375,10.112,-8783000.0,57573000.0,57573000.0,4578793000.0,258192000.0,,1.894,1291558000.0,,,1291558000.0,0.0,46670000.0,0.0,0.001,0.025,534964000.0,581634000.0,0.112,581634000.0,534964000.0,422583000.0,2.185,1.975,2.185,1276031000.0,1168685000.0,1276031000.0,3206840226.0,6.0,5.514,363479000.0,2.88,1.0,591850000.0,0.114,0.0,112381000.0,4926839000.0,5126239250.0,2483343000.0,292185000.0,,,2416823000.0,,,2239817226.0,45310000.0,-191930000.0,9157000.0,-113629000.0,-3034000.0,-106873000.0,-220079000.0,-7532000.0,372262000.0,0.0,258192000.0,258192000.0,258192000.0,0.0,0.0,0.05,56886000.0,534964000.0,671155000.0,0.011,1.755,8.675,8.124,0.0,0.0,17.75,0.433,0.433,47936000.0,632799000.0,5170643000.0,5170643000.0,0.0,0.069,0.221,0.104,0.103,3605000.0,56886000.0,1.0,126186886.0,126186886.0,,40.976,3692854000.0,0.0,164391000.0,0.0,29.265,
83,LEN,MRT,2000-12-31,2000-11-30,2000-11-30,2021-10-01,0.0,3777914000.0,3351420250.0,,,1.404,9.815,-10502000.0,287627000.0,287627000.0,4182577000.0,229137000.0,,2.075,1254650000.0,,,1254650000.0,0.0,44267000.0,0.0,0.002,0.025,474236000.0,518503000.0,0.11,518503000.0,474236000.0,375635000.0,2.0,1.82,2.0,1228580000.0,1037854500.0,1228580000.0,3581220671.0,8.0,6.907,470002000.0,3.755,1.0,524391000.0,0.111,0.0,98601000.0,4744937000.0,4587797750.0,2301584000.0,257639000.0,,,2549334000.0,,,1983288671.0,215710000.0,-158357000.0,-148453000.0,73271000.0,-2896000.0,-78078000.0,-186716000.0,-6023000.0,480504000.0,0.0,229137000.0,229137000.0,229137000.0,0.0,0.0,0.049,50155000.0,474236000.0,778238000.0,0.013,1.614,8.655,7.923,0.0,0.0,15.845,0.421,0.421,42270000.0,582299000.0,4706968000.0,4706968000.0,0.0,0.068,0.221,0.103,0.101,1105000.0,50155000.0,1.0,125168108.0,125168108.0,,37.605,3777914000.0,0.0,146498000.0,0.0,30.183,
84,LEN,MRT,2000-09-30,2000-08-31,2000-08-31,2021-10-01,0.0,3769387000.0,2921353500.0,,,1.354,9.055,-18176000.0,58134000.0,58134000.0,3543281000.0,179447000.0,,2.377,1656066000.0,,,1656066000.0,0.0,41047000.0,0.0,0.002,0.026,367349000.0,408396000.0,0.103,408396000.0,367349000.0,294984000.0,1.565,1.44,1.565,1116102000.0,951084250.0,1116102000.0,3363343742.0,9.0,8.235,189572000.0,1.538,1.0,411542000.0,0.104,0.0,72365000.0,5367319000.0,4026076500.0,2662750000.0,254839000.0,,,2653285000.0,,,1702793742.0,15454000.0,-169211000.0,-156269000.0,179228000.0,-2848000.0,19188000.0,-211482000.0,-1446000.0,207748000.0,0.0,179447000.0,179447000.0,179447000.0,0.0,0.0,0.045,44193000.0,367349000.0,616181000.0,0.017,1.526,9.489,8.827,0.0,0.0,13.815,0.431,0.431,37684000.0,473581000.0,3954823000.0,3954823000.0,0.0,0.061,0.189,0.091,0.093,1020000.0,44193000.0,1.0,123256876.0,123256876.0,,32.086,3769387000.0,0.0,115537000.0,0.0,30.582,
85,LEN,MRT,2000-06-30,2000-05-31,2000-05-31,2021-10-01,0.0,3805312000.0,2530006250.0,,,1.343,8.974,-18455000.0,72234000.0,72234000.0,3029318000.0,163913000.0,,2.61,1732784000.0,,,1732784000.0,0.0,38336000.0,0.0,0.003,0.026,328219000.0,366555000.0,0.108,366555000.0,328219000.0,270135000.0,1.46,1.35,1.46,1054027000.0,879160500.0,1054027000.0,1839312611.0,6.0,5.018,55089000.0,0.469,1.0,368787000.0,0.109,0.0,58084000.0,5465862000.0,3403587250.0,2641423000.0,243829000.0,,,2751285000.0,,,1119307611.0,50120000.0,-130349000.0,-155880000.0,289096000.0,-2807000.0,129662000.0,-153086000.0,-4104000.0,73544000.0,0.0,163913000.0,163913000.0,163913000.0,0.0,0.0,0.048,40568000.0,328219000.0,596971000.0,0.018,1.062,6.829,6.527,0.0,0.0,9.53,0.329,0.329,43815000.0,413332000.0,3398105000.0,3398105000.0,0.0,0.065,0.186,0.096,0.097,1020000.0,40568000.0,1.0,117450956.0,117450956.0,,28.932,3805312000.0,0.0,106222000.0,0.0,32.399,
86,LEN,MRT,2000-03-31,2000-02-29,2000-02-29,2021-10-01,0.0,2053068000.0,2115902000.0,,,1.497,6.416,-15826000.0,30179000.0,30179000.0,2805057000.0,167063000.0,,1.728,750184000.0,,,750184000.0,0.0,38446000.0,0.0,0.003,0.026,325120000.0,363566000.0,0.115,363566000.0,325120000.0,275836000.0,1.455,1.345,1.455,752709000.0,811195250.0,752709000.0,1727236470.0,5.0,4.751,125268000.0,1.068,1.0,363225000.0,0.115,0.0,49284000.0,2773073000.0,2746696750.0,1393024000.0,173169000.0,,,1300359000.0,,,967876470.0,-51458000.0,18138000.0,-154174000.0,-33832000.0,-2773000.0,-191577000.0,-975000.0,-3008000.0,141094000.0,0.0,167063000.0,167063000.0,167063000.0,0.0,0.0,0.053,38105000.0,325120000.0,316761000.0,0.018,1.286,5.793,5.67,0.0,0.0,8.25,0.305,0.305,29374000.0,377641000.0,3168282000.0,3168282000.0,0.0,0.079,0.206,0.118,0.103,1020000.0,38105000.0,1.0,117318360.0,117318360.0,,27.006,2053068000.0,0.0,108773000.0,0.0,17.5,
87,LEN,MRT,1999-12-31,1999-11-30,1999-11-30,2021-10-01,0.0,2057647000.0,2120621250.0,,,1.471,7.553,-15328000.0,83256000.0,83256000.0,2746615000.0,172714000.0,,1.334,523661000.0,,,523661000.0,0.0,38956000.0,0.0,0.003,0.026,334336000.0,373292000.0,0.12,373292000.0,334336000.0,285477000.0,1.485,1.37,1.485,881499000.0,808724250.0,881499000.0,1625168970.0,5.0,4.354,106982000.0,0.917,1.0,371899000.0,0.119,0.0,48859000.0,2498052000.0,2731104750.0,1274551000.0,173310000.0,,,1176148000.0,,,951804970.0,56590000.0,-13223000.0,-3787000.0,-30067000.0,-2861000.0,-37198000.0,-28522000.0,29000.0,122310000.0,0.0,172714000.0,172714000.0,172714000.0,0.0,0.0,0.055,37563000.0,334336000.0,333532000.0,0.018,1.08,5.511,5.492,0.0,0.0,8.155,0.305,0.305,11162000.0,356058000.0,3118514000.0,3118514000.0,0.0,0.081,0.214,0.122,0.107,1020000.0,37563000.0,1.0,116714282.0,116714282.0,,26.719,2057647000.0,0.0,112763000.0,0.0,17.63,
88,LEN,MRT,1999-09-30,1999-08-31,1999-08-31,2021-10-01,0.0,2203998000.0,2085668000.0,,,1.425,7.103,-13313000.0,38357000.0,38357000.0,2592566000.0,180120000.0,,1.661,711721000.0,,,711721000.0,0.0,38417000.0,0.0,0.003,0.026,343882000.0,382299000.0,0.129,382299000.0,343882000.0,298646000.0,1.565,1.46,1.565,828407000.0,767265750.0,828407000.0,1797346015.0,5.0,4.701,44904000.0,0.385,1.0,378999000.0,0.128,0.0,45236000.0,2877362000.0,2788996500.0,1438254000.0,158862000.0,,,1375591000.0,,,1107941015.0,-9878000.0,-17125000.0,2322000.0,-61409000.0,-2865000.0,-61203000.0,-6892000.0,21435000.0,58217000.0,0.0,180120000.0,180120000.0,180120000.0,0.0,0.0,0.061,35117000.0,343882000.0,327892000.0,0.017,1.337,6.151,6.07,0.0,0.0,9.5,0.373,0.373,28533000.0,296982000.0,2971565000.0,2971565000.0,0.0,0.086,0.235,0.123,0.116,0.0,35117000.0,1.0,116625370.0,116625370.0,,25.48,2203998000.0,0.0,118526000.0,16687000.0,18.898,
89,LEN,MRT,1999-06-30,1999-05-31,1999-05-31,2021-10-01,0.0,2148895000.0,2026555000.0,,,1.368,6.712,-16078000.0,27642000.0,27642000.0,2412462000.0,169712000.0,,1.747,717047000.0,,,717047000.0,0.0,34200000.0,0.0,0.002,0.026,327050000.0,361250000.0,0.13,361250000.0,327050000.0,281925000.0,1.48,1.395,1.48,782166000.0,722371750.0,782166000.0,1957411639.0,6.0,5.418,57498000.0,0.493,1.0,360541000.0,0.13,0.0,45125000.0,2838300000.0,2759453750.0,1381725000.0,193002000.0,,,1366729000.0,,,1318651639.0,2268000.0,-157528000.0,21248000.0,81175000.0,-2867000.0,100348000.0,-171656000.0,1599000.0,73576000.0,0.0,169712000.0,169712000.0,169712000.0,0.0,0.0,0.061,33491000.0,327050000.0,320700000.0,0.018,1.686,7.77,7.645,0.0,0.0,11.315,0.476,0.476,27736000.0,252226000.0,2773003000.0,2773003000.0,0.0,0.084,0.235,0.119,0.118,0.0,33491000.0,1.0,116540136.0,116540136.0,,23.794,2148895000.0,0.0,112213000.0,11093000.0,18.439,
90,LEN,MRT,1999-03-31,1999-02-28,1999-02-28,2021-10-01,0.0,2071945000.0,1893642500.0,,,1.355,6.389,-15065000.0,74543000.0,74543000.0,2229848000.0,155727000.0,,1.789,713303000.0,,,713303000.0,0.0,27993000.0,0.0,0.002,0.026,305716000.0,333709000.0,0.13,333709000.0,305716000.0,259162000.0,1.38,1.315,1.38,742825000.0,654068500.0,742825000.0,2139817333.0,7.0,6.412,28314000.0,0.244,1.0,336904000.0,0.131,0.0,46554000.0,2710705000.0,2626422250.0,1324905000.0,175372000.0,,,1329120000.0,,,1348172333.0,31314000.0,-152729000.0,38513000.0,113305000.0,-2812000.0,149754000.0,-161819000.0,4992000.0,43379000.0,0.0,155727000.0,155727000.0,155727000.0,0.0,0.0,0.061,31188000.0,305716000.0,312195000.0,0.019,1.815,8.657,8.402,0.0,0.0,11.595,0.525,0.525,26653000.0,213351000.0,2566752000.0,2566752000.0,0.0,0.082,0.238,0.116,0.119,0.0,31188000.0,1.0,116271870.0,116271870.0,,22.075,2071945000.0,0.0,103435000.0,16929000.0,17.82,
91,LEN,MRT,1998-12-31,1998-11-30,1998-11-30,2021-10-01,0.0,1917834000.0,1759184500.0,,,1.374,6.155,-13182000.0,34677000.0,34677000.0,2100161000.0,144068000.0,,1.68,846462000.0,,,846462000.0,0.0,25264000.0,0.0,0.002,0.026,287742000.0,313006000.0,0.13,313006000.0,287742000.0,240114000.0,1.295,1.245,1.295,715665000.0,582687500.0,715665000.0,2085169554.0,7.0,6.662,50014000.0,0.43,1.0,316704000.0,0.131,0.0,47628000.0,2729619000.0,2496819250.0,1198553000.0,523490000.0,,,1202169000.0,,,1293524554.0,-1022000.0,-197248000.0,41251000.0,106325000.0,-2749000.0,145554000.0,-209772000.0,372000.0,63196000.0,0.0,144068000.0,144068000.0,144068000.0,0.0,0.0,0.06,28962000.0,287742000.0,355707000.0,0.02,1.807,8.979,8.591,0.0,0.0,11.125,0.535,0.535,23803000.0,186205000.0,2416865000.0,2416865000.0,0.0,0.082,0.247,0.115,0.119,0.0,28962000.0,1.0,116271870.0,116271870.0,,20.786,1917834000.0,0.0,96046000.0,0.0,16.494,
92,LEN,MRT,1998-09-30,1998-08-31,1998-08-31,2021-10-01,0.0,1967546000.0,1615547000.0,,,1.275,5.583,-6877000.0,49372000.0,49372000.0,1813128000.0,91593000.0,,2.032,841017000.0,,,841017000.0,0.0,18527000.0,0.0,1.382,12.526,197358000.0,215885000.0,0.105,215885000.0,197358000.0,150827000.0,0.85,0.835,0.85,648831000.0,513521000.0,648831000.0,1742514825.0,9.0,8.071,-90844000.0,-0.782,1.0,246708000.0,0.12,0.0,46531000.0,2759191000.0,2307820250.0,1308147000.0,186663000.0,,,1318715000.0,,,1053585825.0,14041000.0,-119189000.0,41616000.0,273600000.0,-2684000.0,237045000.0,-139037000.0,-22860000.0,-83967000.0,0.0,91593000.0,91593000.0,91593000.0,-6559000.0,0.0,0.044,55909000.0,190799000.0,262347000.0,14.736,1.624,11.503,10.665,11857000.0,0.0,9.065,0.511,0.511,28163000.0,119727000.0,2059836000.0,2059836000.0,0.0,0.057,0.178,0.086,0.096,0.0,26680000.0,1.0,116225684.0,116225684.0,,17.723,1967546000.0,0.0,59234000.0,13353000.0,16.929,
93,LEN,MRT,1998-06-30,1998-05-31,1998-05-31,2021-10-01,0.0,1617245000.0,1609622250.0,,,1.101,4.763,-8868000.0,39075000.0,39075000.0,1563245000.0,84809000.0,,2.178,728004000.0,,,728004000.0,0.0,15039000.0,0.0,0.946,12.532,171948000.0,186987000.0,0.106,186987000.0,171948000.0,133394000.0,0.935,0.93,0.935,508953000.0,545194000.0,508953000.0,2073868962.0,12.0,11.091,-113084000.0,-1.058,1.0,208276000.0,0.118,0.0,38554000.0,2306174000.0,2337982500.0,1010819000.0,183269000.0,,,1108292000.0,,,1415688962.0,-11354000.0,15937000.0,21794000.0,102890000.0,-2842000.0,48338000.0,44524000.0,27667000.0,-104216000.0,0.0,84809000.0,84809000.0,84809000.0,-14933000.0,0.0,0.048,51261000.0,157015000.0,195078000.0,13.403,2.782,16.693,14.171,9824000.0,0.0,13.25,0.799,0.799,11802000.0,85381000.0,1771521000.0,1771521000.0,0.0,0.053,0.156,0.074,0.097,0.0,22032000.0,1.0,106844450.0,106844450.0,,16.58,1617245000.0,0.0,48585000.0,4645000.0,15.136,
94,LEN,MRT,1998-03-31,1998-02-28,1998-02-28,2021-10-01,0.0,1534113000.0,1686770250.0,,,0.896,4.287,-17318000.0,53110000.0,53110000.0,1334934000.0,81207000.0,,2.355,711290000.0,,,711290000.0,0.0,13028000.0,0.0,0.897,12.538,152601000.0,165629000.0,0.11,165629000.0,152601000.0,120859000.0,1.0,1.0,1.0,457301000.0,603585000.0,457301000.0,2120486713.0,14.0,12.803,-104528000.0,-0.98,1.0,176405000.0,0.117,0.0,31742000.0,2192293000.0,2485408000.0,952394000.0,176923000.0,,,1076812000.0,,,1490147713.0,19715000.0,50870000.0,4637000.0,50349000.0,-3056000.0,-19033000.0,125958000.0,83478000.0,-87210000.0,0.0,81207000.0,81207000.0,81207000.0,-24209000.0,0.0,0.054,48013000.0,128392000.0,212154000.0,12.538,3.259,18.35,13.97,8661000.0,0.0,13.97,0.986,0.986,18776000.0,60436000.0,1511339000.0,1511339000.0,0.0,0.048,0.135,0.061,0.101,0.0,18784000.0,1.0,106667696.0,106667696.0,,14.169,1534113000.0,0.0,39652000.0,7749000.0,14.382,
95,LEN,MRT,1997-12-31,1997-11-30,1997-11-30,2021-10-01,0.0,1343284000.0,1764550500.0,,,0.738,6.086,-22595000.0,52926000.0,52926000.0,1147297000.0,84431000.0,,2.06,683265000.0,,,683265000.0,0.0,9352000.0,0.0,1.202,12.544,144532000.0,153884000.0,0.118,153884000.0,144532000.0,119553000.0,1.125,1.115,1.125,438999000.0,668078250.0,438999000.0,916666709.0,6.0,5.957,-113660000.0,-1.576,1.0,155785000.0,0.12,0.0,24979000.0,1973623000.0,2629523000.0,806975000.0,312508000.0,,,904285000.0,,,753022709.0,1929000.0,139541000.0,2829000.0,-9092000.0,-3277000.0,-78271000.0,171265000.0,45787000.0,-91065000.0,0.0,84431000.0,84431000.0,84431000.0,-33826000.0,0.0,0.065,45079000.0,110706000.0,198386000.0,11.15,1.715,8.919,9.28,0.0,0.0,10.44,0.578,0.578,34646000.0,44886000.0,1303082000.0,1303082000.0,0.0,0.048,0.126,0.055,0.111,0.0,15850000.0,1.0,72128612.0,72128612.0,,18.066,1343284000.0,0.0,35122000.0,22634000.0,18.623,
96,LEN,MRT,1997-09-30,1997-08-31,1997-08-31,2021-10-01,18774000.0,1943847000.0,1826127750.0,,,0.591,10.628,-27734000.0,31103000.0,31103000.0,993444000.0,98318000.0,,1.506,967096000.0,,,967096000.0,0.0,9104000.0,0.0,0.003,0.05,136969000.0,146073000.0,0.135,146073000.0,136969000.0,120417000.0,1.37,,1.37,775523000.0,732192500.0,775523000.0,698201020.0,5.0,4.78,-79771000.0,-1.093,1.0,86578000.0,0.08,0.0,16552000.0,2879840000.0,2700050250.0,847123000.0,518466000.0,,,1168324000.0,,,559475020.0,31389000.0,80013000.0,2232000.0,13499000.0,-3500000.0,22378000.0,61048000.0,10889000.0,-52037000.0,0.0,98318000.0,98318000.0,98318000.0,-63751000.0,0.0,0.091,13360000.0,73218000.0,193726000.0,0.036,0.721,5.69,13.642,239065000.0,0.0,18.69,0.518,1.263,44209000.0,579431000.0,1080022000.0,1080022000.0,0.0,0.054,0.134,0.051,0.127,0.0,13360000.0,1.0,29934458.0,72972000.0,,14.8,1943847000.0,0.0,22099000.0,7502000.0,26.638,
97,LEN,MRT,1997-06-30,1997-05-31,1997-05-31,2021-10-01,13761000.0,1925837000.0,,,,,10.222,-23437000.0,15828000.0,15828000.0,968905000.0,93921000.0,,1.594,985867000.0,,,985867000.0,0.0,9985000.0,0.0,0.004,0.05,137491000.0,147476000.0,0.139,147476000.0,137491000.0,118564000.0,1.31,,1.31,742517000.0,,742517000.0,543177201.0,4.0,3.683,-61219000.0,-0.843,1.0,95140000.0,0.089,0.0,18927000.0,2895876000.0,,838177000.0,557752000.0,,,1183320000.0,,,392693201.0,34213000.0,55483000.0,1832000.0,50638000.0,-3496000.0,60793000.0,11202000.0,-22963000.0,-37782000.0,0.0,93921000.0,93921000.0,93921000.0,-55377000.0,0.0,0.088,13026000.0,82114000.0,180492000.0,0.038,0.529,4.181,10.019,238435000.0,0.0,13.125,0.369,0.896,52189000.0,552027000.0,1064045000.0,1064045000.0,0.0,,,,0.129,0.0,13026000.0,1.0,29919482.0,72638000.0,,14.649,1925837000.0,0.0,24643000.0,16961000.0,26.513,
98,LEN,MRT,1997-03-31,1997-02-28,1997-02-28,2021-10-01,8221000.0,1845234000.0,,,,,9.857,-12646000.0,19969000.0,19969000.0,944432000.0,90210000.0,,1.58,943488000.0,,,943488000.0,0.0,11273000.0,0.0,0.004,0.05,139262000.0,150535000.0,0.143,150535000.0,139262000.0,118411000.0,1.26,,1.26,715274000.0,,715274000.0,511845460.0,4.0,3.4,-49414000.0,-0.681,1.0,105942000.0,0.101,0.0,20851000.0,2768753000.0,,750139000.0,606043000.0,,,1129960000.0,,,377733460.0,17428000.0,23363000.0,1413000.0,117949000.0,-3494000.0,130013000.0,-75817000.0,-98384000.0,-36768000.0,0.0,90210000.0,90210000.0,90210000.0,-46101000.0,0.0,0.086,12781000.0,93161000.0,167848000.0,0.04,0.528,4.187,10.02,226371000.0,0.0,12.625,0.36,0.872,47421000.0,530898000.0,1050374000.0,1050374000.0,0.0,,,,0.133,0.0,12781000.0,1.0,29919482.0,72564000.0,,14.475,1845234000.0,0.0,28201000.0,18624000.0,25.429,
99,LEN,MRT,1996-12-31,1996-11-30,1996-11-30,2021-10-01,7900000.0,1589593000.0,,,,,,-15470000.0,43312000.0,43312000.0,921945000.0,87986000.0,,1.286,709451000.0,,,709451000.0,0.0,12039000.0,0.0,0.004,0.05,143804000.0,155843000.0,0.15,155843000.0,143804000.0,120913000.0,1.225,1.215,1.225,695456000.0,,695456000.0,,,,15949000.0,,1.0,119716000.0,0.115,0.0,22891000.0,2255732000.0,,696327000.0,768295000.0,,,894137000.0,,,,15516000.0,-90980000.0,1038000.0,146750000.0,-3492000.0,159522000.0,-175425000.0,-78436000.0,31419000.0,0.0,87986000.0,87986000.0,87986000.0,-36484000.0,0.0,0.084,12396000.0,107320000.0,158641000.0,0.041,,,10.612,9330000.0,0.0,13.0,,,16411000.0,512345000.0,1041661000.0,1041661000.0,0.0,,,,0.138,0.0,12396000.0,1.0,,,,,1589593000.0,0.0,32927000.0,26045000.0,,
100,LEN,MRT,1996-09-30,1996-09-30,1996-09-30,2021-10-01,,,,,,,,,,,,,,,,,,,,,,0.004,0.05,,,,,,,,,,,,,,,,,,1.0,,,,,,,,,,,,,,,,,,,,,,,,,,,,,,,,,,,,,,,,11.125,,,,,,,,,,,,,,1.0,,29920000.0,,,,,,,,
101,LEN,MRT,1996-06-30,1996-06-30,1996-06-30,2021-10-01,,,,,,,,,,,,,,,,,,,,,,0.004,0.05,,,,,,,,,,,,,,,,,,1.0,,,,,,,,,,,,,,,,,,,,,,,,,,,,,,,,,,,,,,,,12.875,,,,,,,,,,,,,,1.0,,29920000.0,,,,,,,,
102,LEN,MRT,1996-03-31,1996-03-31,1996-03-31,2021-10-01,,,,,,,,,,,,,,,,,,,,,,0.004,0.05,,,,,,,,,,,,,,,,,,1.0,,,,,,,,,,,,,,,,,,,,,,,,,,,,,,,,,,,,,,,,12.312,,,,,,,,,,,,,,1.0,,29944000.0,,,,,,,,
103,LEN,MRT,1995-12-31,1995-12-31,1995-12-31,2021-10-01,0.0,289970000.0,,,,,,,49294000.0,49294000.0,,,,1.303,137337000.0,,,137337000.0,0.0,,0.0,,,,,,,,,,,,125895000.0,,125895000.0,,,,,,1.0,,,0.0,,378013000.0,,0.0,0.0,,,164075000.0,,,,,,,,,,,,,,,,,,,,,,26738000.0,,,,,0.0,,12.565,,,0.0,33209000.0,,,,,,,,,,1.0,,,,,289970000.0,15498000.0,,0.0,,
104,LEN,MRT,1995-12-31,1995-11-30,1995-11-30,2021-10-01,,,,,,,,11760000.0,,,653441000.0,70427000.0,,,,,,,,10274000.0,,0.005,0.05,104930000.0,115204000.0,0.158,115204000.0,104930000.0,91218000.0,0.975,,0.975,,,,,,,-8623000.0,,1.0,77545000.0,0.106,,13712000.0,,,,,,,,,,,5049000.0,-3701000.0,991000.0,45110000.0,-3482000.0,56677000.0,-31245000.0,-48587000.0,-20383000.0,0.0,70427000.0,70427000.0,70427000.0,-37908000.0,0.0,0.096,10523000.0,67022000.0,,0.051,,,11.349,,0.0,11.065,,,,,730986000.0,730986000.0,0.0,,,,0.144,0.0,10523000.0,1.0,,,,,,,20791000.0,,,
105,LEN,MRT,1994-12-31,1994-12-31,1994-12-31,2021-10-01,,,,,,,,0.0,,,215437000.0,18658000.0,,,,,,,,978000.0,,0.006,0.048,18658000.0,19636000.0,0.075,19636000.0,18658000.0,18658000.0,,,,,,,,,,-41339000.0,,1.0,44748000.0,0.172,,0.0,,,,,,,,,,,8319000.0,4219000.0,0.0,45439000.0,0.0,45439000.0,4219000.0,0.0,-41339000.0,0.0,18658000.0,18658000.0,18658000.0,0.0,0.0,0.072,29059000.0,15689000.0,,,,,,,0.0,7.75,,,,,260185000.0,260185000.0,0.0,,,,0.072,0.0,29059000.0,1.0,,,,,,,0.0,,,
