None,ticker,dimension,calendardate,datekey,reportperiod,lastupdated,accoci,assets,assetsavg,assetsc,assetsnc,assetturnover,bvps,capex,cashneq,cashnequsd,cor,consolinc,currentratio,de,debt,debtc,debtnc,debtusd,deferredrev,depamor,deposits,divyield,dps,ebit,ebitda,ebitdamargin,ebitdausd,ebitusd,ebt,eps,epsdil,epsusd,equity,equityavg,equityusd,ev,evebit,evebitda,fcf,fcfps,fxusd,gp,grossmargin,intangibles,intexp,invcap,invcapavg,inventory,investments,investmentsc,investmentsnc,liabilities,liabilitiesc,liabilitiesnc,marketcap,ncf,ncfbus,ncfcommon,ncfdebt,ncfdiv,ncff,ncfi,ncfinv,ncfo,ncfx,netinc,netinccmn,netinccmnusd,netincdis,netincnci,netmargin,opex,opinc,payables,payoutratio,pb,pe,pe1,ppnenet,prefdivis,price,ps,ps1,receivables,retearn,revenue,revenueusd,rnd,roa,roe,roic,ros,sbcomp,sgna,sharefactor,sharesbas,shareswa,shareswadil,sps,tangibles,taxassets,taxexp,taxliabilities,tbvps,workingcapital
0,LEN,ARY,2020-12-31,2021-01-22,2020-11-30,2021-10-01,-805000,29935177000,29433296500.0,,,0.764,57.55,-38818000.0,2719197000,2719197000,19014746000.0,2467553000.0,,0.658,5955758000,,,5955758000,0,94553000.0,0,0.006,0.5,3121271000.0,3215824000.0,0.143,3215824000.0,3121271000.0,3121271000.0,7.88,7.85,7.88,17994856000,16938565250.0,17994856000,29695632805,10.0,9.234,4152001000.0,13.279,1.0,3474108000.0,0.154,3442359000,0.0,29729379000,31452783750.0,16925228000,953177000,,,11835776000,,,26459071805,1464039000.0,235691000.0,-321524000.0,-2064276000.0,-195043000.0,-2446575000.0,-280205000.0,-478721000.0,4190819000.0,0.0,2465036000.0,2465036000.0,2465036000.0,0.0,2517000.0,0.11,358418000.0,3115690000.0,1037338000,0.063,1.47,10.734,10.739,0,0.0,84.62,1.177,1.177,298671000,10564994000,22488854000.0,22488854000.0,0.0,0.084,0.146,0.099,0.139,107131000.0,358418000.0,1.0,312681066,312681066,,71.923,26492818000,0,656235000.0,0,84.728,
1,LEN,ARY,2019-12-31,2020-01-27,2019-11-30,2021-10-01,498000,29359511000,29287987000.0,,,0.76,50.496,-16056000.0,1210530000,1210530000,19457266000.0,1842119000.0,,0.835,7776638000,,,7776638000,0,92200000.0,0,0.004,0.245,2441225000.0,2533425000.0,0.114,2533425000.0,2441225000.0,2441225000.0,5.76,5.74,5.76,15949517000,15316893250.0,15949517000,27820227340,11.0,10.981,1466287000.0,4.642,1.0,2802295000.0,0.126,3442359000,0.0,32483260000,33796141500.0,17776507000,1009035000,,,13325681000,,,21254119340,-127285000.0,447913000.0,-522581000.0,-1039314000.0,-51454000.0,-1629224000.0,19596000.0,-421127000.0,1482343000.0,0.0,1849052000.0,1849052000.0,1849052000.0,0.0,-6933000.0,0.083,341114000.0,2461181000.0,1069179000,0.043,1.333,11.495,11.682,0,0.0,67.29,0.955,0.955,329124000,8295001000,22259561000.0,22259561000.0,0.0,0.063,0.121,0.072,0.11,86940000.0,341114000.0,1.0,315858513,315858513,,70.473,25917152000,0,592173000.0,0,82.053,
2,LEN,ARY,2018-12-31,2019-01-28,2018-11-30,2021-10-01,-366000,28566181000,28287677000.0,,,0.727,44.977,-91806000.0,1350206000,1350206000,18237446000.0,1717513000.0,,0.952,8543868000,,,8543868000,0,91181000.0,0,0.004,0.16,2241002000.0,2332183000.0,0.113,2332183000.0,2241002000.0,2241002000.0,5.46,5.44,5.46,14581535000,13816448000.0,14581535000,21626951306,10.0,9.273,1619803000.0,4.996,1.0,2334185000.0,0.113,3442359000,0.0,32317484000,33445914750.0,17068704000,996926000,,,13883224000,,,14433289306,-1092414000.0,-878008000.0,-296772000.0,-1778521000.0,-49159000.0,-2195901000.0,-608122000.0,322249000.0,1711609000.0,0.0,1695831000.0,1695831000.0,1695831000.0,0.0,21682000.0,0.082,496914000.0,1837271000.0,1154782000,0.029,0.99,8.511,8.154,0,0.0,44.52,0.702,0.702,236841000,6487650000,20571631000.0,20571631000.0,0.0,0.06,0.123,0.067,0.109,72655000.0,343934000.0,1.0,324197873,324197873,,63.454,25123822000,0,545171000.0,0,77.495,
3,LEN,ARY,2017-12-31,2018-01-25,2017-11-30,2021-10-01,1034000,18745034000,17167256250.0,,,0.737,32.807,-52741000.0,2291665000,2291665000,11021481000.0,771754000.0,,1.367,6410003000,,,6410003000,0,66324000.0,0,0.002,0.2,1228337000.0,1294661000.0,0.102,1294661000.0,1228337000.0,1228337000.0,3.38,3.38,3.38,7872317000,7463800250.0,7872317000,20548403240,17.0,15.872,944123000.0,3.935,1.0,1624884000.0,0.128,136566000,0.0,22726806000,21829749750.0,10860890000,900769000,,,10758902000,,,16430065240,1321343000.0,-611103000.0,-26334000.0,1129302000.0,-37608000.0,1194296000.0,-869817000.0,-278281000.0,996864000.0,0.0,810480000.0,810480000.0,810480000.0,0.0,-38726000.0,0.064,285889000.0,1338995000.0,604953000,0.047,2.087,20.272,20.257,0,0.0,68.47,1.299,1.299,137667000,4840978000,12646365000.0,12646365000.0,0.0,0.047,0.109,0.056,0.097,59375000.0,285889000.0,1.0,239960059,239960059,,52.702,18608468000,0,417857000.0,0,77.548,
4,LEN,ARY,2016-12-31,2017-01-20,2016-11-30,2021-10-01,-309000,15361781000,14850872500.0,,,0.737,29.963,-53057000.0,1056115000,1056115000,9455074000.0,913091000.0,,1.16,4575977000,,,4575977000,0,50219000.0,0,0.004,0.16,1333848000.0,1384067000.0,0.126,1384067000.0,1333848000.0,1329222000.0,4.13,3.93,4.13,7026042000,6377514250.0,7026042000,13802392898,10.0,9.972,454747000.0,1.939,1.0,1494925000.0,0.137,0,4626000.0,18881643000,19200054500.0,9178926000,811723000,,,8150214000,,,10282530898,171084000.0,-725000.0,-431000.0,-95110000.0,-35324000.0,-250883000.0,-85837000.0,-130889000.0,507804000.0,0.0,911844000.0,911844000.0,911844000.0,0.0,1247000.0,0.083,232562000.0,1262363000.0,478546000,0.039,1.463,11.277,10.617,0,0.0,43.85,0.939,0.939,106976000,4306256000,10949999000.0,10949999000.0,0.0,0.061,0.143,0.069,0.122,48477000.0,232562000.0,1.0,234493293,234493293,,46.696,15361781000,0,417378000.0,0,65.511,
5,LEN,ARY,2015-12-31,2016-01-22,2015-11-30,2021-10-01,39000,14419509000,13901247000.0,,,0.682,26.72,-26100000.0,906913000,906913000,8171748000.0,819200000.0,,1.499,5025130000,,,5025130000,0,43666000.0,0,0.004,0.16,1205764000.0,1249430000.0,0.132,1249430000.0,1205764000.0,1193310000.0,3.87,3.46,3.87,5648944000,5275008000.0,5648944000,13042049468,11.0,10.438,-445746000.0,-2.108,1.0,1302260000.0,0.137,0,12454000.0,18537726000,18388919500.0,8740596000,741551000,,,8469437000,,,8923832468,-123369000.0,0.0,-13783000.0,573610000.0,-33192000.0,394670000.0,-98393000.0,-229618000.0,-419646000.0,0.0,802894000.0,802894000.0,802894000.0,0.0,16306000.0,0.085,216244000.0,1086016000.0,475909000,0.041,1.58,11.115,10.907,0,0.0,42.21,0.942,0.942,74538000,3429736000,9474008000.0,9474008000.0,0.0,0.058,0.152,0.066,0.127,43760000.0,216244000.0,1.0,211415126,211415126,,44.812,14419509000,0,390416000.0,0,68.205,
6,LEN,ARY,2014-12-31,2015-01-23,2014-11-30,2021-10-01,0,12958267000,12192439500.0,,,0.638,23.542,21338000.0,1246442000,1246442000,6680613000.0,628693000.0,,1.597,4690213000,,,4690213000,0,38542000.0,0,0.004,0.12,1016558000.0,1055100000.0,0.136,1055100000.0,1016558000.0,980007000.0,3.12,2.8,3.12,4827020000,4517000250.0,4827020000,12410141557,12.0,11.762,-767150000.0,-3.741,1.0,1099199000.0,0.141,0,36551000.0,16402038000,15910626250.0,7736600000,1076238000,,,7706965000,,,8966370557,311309000.0,-5489000.0,-6825000.0,847836000.0,-32775000.0,661438000.0,438359000.0,167053000.0,-788488000.0,0.0,638916000.0,638916000.0,638916000.0,0.0,-10223000.0,0.082,177161000.0,922038000.0,412558000,0.051,1.858,14.034,14.016,0,0.0,43.73,1.153,1.153,247217000,2660034000,7779812000.0,7779812000.0,0.0,0.052,0.141,0.064,0.131,33221000.0,177161000.0,1.0,205039345,205039345,,37.943,12958267000,0,341091000.0,0,63.199,
7,LEN,ARY,2013-12-31,2014-01-28,2013-11-30,2021-10-01,0,11273247000,10803816500.0,,,0.549,20.395,132438000.0,935663000,935663000,5103199000.0,504926000.0,,1.594,4691440000,,,4691440000,0,30349000.0,0,0.005,0.2,750602000.0,780951000.0,0.132,780951000.0,750602000.0,656689000.0,2.48,2.15,2.48,4168901000,3741132500.0,4168901000,11629726816,15.0,14.892,-675276000.0,-3.304,1.0,831896000.0,0.14,0,93913000.0,15029024000,14764018000.0,6601048000,1194142000,,,6645777000,,,7873949816,-340238000.0,-5623000.0,21794000.0,12420000.0,-30912000.0,-221773000.0,689249000.0,593368000.0,-807714000.0,0.0,479674000.0,479674000.0,479674000.0,0.0,25252000.0,0.081,146060000.0,685836000.0,271365000,0.081,1.889,16.415,15.532,0,0.0,38.52,1.327,1.327,163768000,2053893000,5935095000.0,5935095000.0,0.0,0.044,0.128,0.051,0.126,40703000.0,146060000.0,1.0,204411989,204411989,,29.035,11273247000,0,177015000.0,0,55.15,
8,LEN,ARY,2012-12-31,2013-01-29,2012-11-30,2021-10-01,0,10362206000,9574852250.0,,,0.429,17.787,-2822000.0,1260273000,1260273000,3655192000.0,657332000.0,,1.863,4605653000,,,4605653000,0,28081000.0,0,0.003,0.12,338259000.0,366340000.0,0.089,366340000.0,338259000.0,243906000.0,3.58,3.11,3.58,3414764000,3146665000.0,3414764000,11539079102,34.0,31.498,-427470000.0,-2.227,1.0,449514000.0,0.11,0,94353000.0,13707586000,12920933250.0,5071713000,1333848000,,,6360998000,,,8193699102,147139000.0,0.0,15025000.0,389386000.0,-30394000.0,326496000.0,245291000.0,262058000.0,-424648000.0,0.0,679124000.0,679124000.0,679124000.0,0.0,-21792000.0,0.165,127338000.0,322176000.0,220690000,0.034,2.399,12.065,11.922,0,0.0,42.68,1.996,1.996,53745000,1605131000,4104706000.0,4104706000.0,0.0,0.071,0.216,0.026,0.082,43475000.0,127338000.0,1.0,191979829,191979829,,21.381,10362206000,0,-435218000.0,0,53.975,
9,LEN,ARY,2011-12-31,2012-01-30,2011-11-30,2021-10-01,0,9154671000,8789600500.0,,,0.352,14.288,-9936000.0,1116740000,1116740000,2896195000.0,112544000.0,,2.17,4158879000,,,4158879000,0,21500000.0,0,0.007,0.16,168279000.0,189779000.0,0.061,189779000.0,168279000.0,77629000.0,0.49,0.48,0.49,2696468000,2664795250.0,2696468000,7220534677,43.0,38.047,-269071000.0,-1.426,1.0,199190000.0,0.064,0,90650000.0,12196810000,11719271750.0,4360535000,1603212000,,,5851146000,,,4178395677,-230531000.0,0.0,1027000.0,243354000.0,-29906000.0,164758000.0,-136154000.0,-105595000.0,-259135000.0,0.0,92199000.0,92199000.0,92199000.0,0.0,20345000.0,0.03,95256000.0,103934000.0,201101000,0.327,1.55,45.319,45.184,0,0.0,22.14,1.35,1.35,53977000,956401000,3095385000.0,3095385000.0,0.0,0.01,0.035,0.014,0.054,24047000.0,95256000.0,1.0,188726092,188726092,,16.401,9154671000,0,-14570000.0,0,48.508,
10,LEN,ARY,2010-12-31,2011-01-31,2010-11-30,2021-10-01,0,8787851000,8324594250.0,,,0.369,13.979,-5062000.0,1291854000,1291854000,2855729000.0,120459000.0,,2.144,3898868000,,,3898868000,0,13520000.0,0,0.008,0.16,139952000.0,153472000.0,0.05,153472000.0,139952000.0,69527000.0,0.51,0.51,0.51,2608949000,2504949000.0,2608949000,6220327113,44.0,40.531,269166000.0,1.442,1.0,218293000.0,0.071,0,70425000.0,11394865000,10728157250.0,4169608000,2031334000,,,5593468000,,,3613313113,-63303000.0,0.0,432000.0,413461000.0,-29577000.0,335840000.0,-673371000.0,-685162000.0,274228000.0,0.0,95261000.0,95261000.0,95261000.0,0.0,25198000.0,0.031,93926000.0,124367000.0,168006000,0.314,1.385,37.931,37.961,0,0.0,19.36,1.175,1.175,78419000,894108000,3074022000.0,3074022000.0,0.0,0.011,0.038,0.013,0.046,28075000.0,93926000.0,1.0,186638074,186638074,,16.47,8787851000,3783000,-25734000.0,0,47.085,
11,LEN,ARY,2009-12-31,2010-01-29,2009-11-30,2021-10-01,0,7314791000,7214057000.0,,,0.432,13.216,329000.0,1339828000,1339828000,3459506000.0,-417147000.0,,1.934,2761352000,,,2761352000,0,19905000.0,0,0.013,0.2,-660642000.0,-640737000.0,-0.205,-640737000.0,-660642000.0,-731492000.0,-2.45,-2.45,-2.45,2443479000,2449705000.0,2443479000,4261508589,-6.0,-6.651,421172000.0,2.278,1.0,-340119000.0,-0.109,0,70850000.0,8736315000,8567575250.0,4087989000,609140000,,,4726777000,,,2839984589,254016000.0,0.0,219871000.0,-42710000.0,-27588000.0,108293000.0,-275120000.0,-275449000.0,420843000.0,0.0,-417147000.0,-417147000.0,-417147000.0,0.0,0.0,-0.134,120093000.0,-460212000.0,169596000,-0.082,1.162,-6.808,-6.269,0,0.0,15.36,0.91,0.91,122053000,828424000,3119387000.0,3119387000.0,0.0,-0.058,-0.17,-0.077,-0.212,30392000.0,120093000.0,1.0,184894830,184894830,,16.871,7314791000,334428000,-314345000.0,0,39.562,
12,LEN,ARY,2008-12-31,2009-01-27,2008-11-30,2021-10-01,0,7424898000,8105229500.0,,,0.565,16.339,1390000.0,1100296000,1100296000,4885250000.0,-1109085000.0,,1.767,2544935000,,,2544935000,0,32399000.0,0,0.067,0.52,-561528000.0,-529129000.0,-0.116,-529129000.0,-561528000.0,-561528000.0,-7.0,-7.0,-7.0,2623007000,3318848250.0,2623007000,2690392734,-5.0,-5.085,1102224000.0,6.866,1.0,-309833000.0,-0.068,0,0.0,8869537000,9477515500.0,4500090000,766752000,,,4636145000,,,1245753734,408228000.0,0.0,-1534000.0,-444483000.0,-83487000.0,-426903000.0,-265703000.0,-267093000.0,1100834000.0,0.0,-1109085000.0,-1109085000.0,-1109085000.0,0.0,0.0,-0.242,129752000.0,-439585000.0,246727000,-0.074,0.475,-1.123,-1.109,0,0.0,7.76,0.272,0.272,94520000,1273159000,4575417000.0,4575417000.0,0.0,-0.137,-0.334,-0.059,-0.123,23732000.0,129752000.0,1.0,160535275,160535275,,28.501,7424898000,255460000,547557000.0,0,46.251,
13,LEN,ARY,2007-12-31,2008-01-29,2007-11-30,2021-10-01,-2061000,9102747000,10778311750.0,,,0.945,23.903,81000.0,677896000,677896000,12639486000.0,-1941081000.0,,1.374,2295436000,,,2295436000,0,54303000.0,0,0.034,0.48,-3081081000.0,-3026778000.0,-0.297,-3026778000.0,-3081081000.0,-3081081000.0,-12.31,-12.31,-12.31,3822119000,5069478500.0,3822119000,4625269101,-2.0,-1.528,444594000.0,2.78,1.0,-2452705000.0,-0.241,0,0.0,10720287000,12797276000.0,4500403000,934271000,,,5252100000,,,3007729101,16875000.0,0.0,17617000.0,-1064160000.0,-101123000.0,-734621000.0,306983000.0,306902000.0,444513000.0,0.0,-1941081000.0,-1941081000.0,-1941081000.0,0.0,0.0,-0.191,363400000.0,-2816105000.0,376134000,-0.052,0.787,-1.55,-1.528,0,0.0,18.81,0.295,0.295,207691000,2496933000,10186781000.0,10186781000.0,0.0,-0.18,-0.383,-0.241,-0.302,40649000.0,173202000.0,1.0,159900537,159900537,,63.707,9102747000,0,-1140000000.0,0,56.928,
14,LEN,ARY,2006-12-31,2007-02-08,2006-11-30,2021-10-01,-2041000,12408266000,12606629250.0,,,1.29,35.962,-26783000.0,686458000,686458000,15171384000.0,593869000.0,,1.167,2613503000,,,2613503000,0,45431000.0,0,0.012,0.64,942649000.0,988080000.0,0.061,988080000.0,942649000.0,942649000.0,3.76,3.69,3.76,5701372000,5738297250.0,5701372000,10415137503,11.0,10.541,527867000.0,3.33,1.0,1095278000.0,0.067,196638000,0.0,14138673000,14967478750.0,7831483000,1447178000,,,6651501000,,,8488092503,-281024000.0,-33213000.0,-292098000.0,28436000.0,-101295000.0,-429205000.0,-406469000.0,-362858000.0,554650000.0,0.0,593869000.0,593869000.0,593869000.0,0.0,0.0,0.037,193307000.0,901971000.0,751496000,0.17,1.489,14.293,14.239,0,0.0,53.54,0.522,0.522,159043000,4539137000,16266662000.0,16266662000.0,0.0,0.047,0.103,0.063,0.058,52337000.0,193307000.0,1.0,158537402,158537402,,102.605,12211628000,0,348780000.0,0,77.027,
15,LEN,ARY,2005-12-31,2006-02-09,2005-11-30,2021-10-01,-5221000,12541225000,10464267500.0,,,1.325,33.067,-21747000.0,932238000,932238000,11635411000.0,1355155000.0,,1.373,2592772000,,,2592772000,0,65169000.0,0,0.01,0.595,2170439000.0,2235608000.0,0.161,2235608000.0,2170439000.0,2170439000.0,8.72,8.23,8.72,5251411000,4599929250.0,5251411000,10817689043,5.0,4.839,301228000.0,1.897,1.0,2231560000.0,0.161,195156000,0.0,14006603000,12441145750.0,7863531000,1282686000,,,7211571000,,,9157155043,-356472000.0,-399049000.0,-251215000.0,697751000.0,-89229000.0,324126000.0,-1003573000.0,-571648000.0,322975000.0,0.0,1355155000.0,1355155000.0,1355155000.0,-10745000.0,0.0,0.098,187257000.0,2044303000.0,876830000,0.068,1.744,6.757,6.612,0,0.0,57.66,0.66,0.66,299232000,4046563000,13866971000.0,13866971000.0,0.0,0.13,0.295,0.174,0.157,39180000.0,187257000.0,1.0,158812956,158812956,,87.316,12346069000,0,815284000.0,0,77.74,
16,LEN,ARY,2004-12-31,2005-02-14,2004-11-30,2021-10-01,-14575000,9165280000,7630339500.0,,,1.377,26.123,-27389000.0,1322472000,1322472000,8993304000.0,945619000.0,,1.261,2021014000,,,2021014000,0,55573000.0,0,0.009,0.525,1519067000.0,1574640000.0,0.15,1574640000.0,1519067000.0,1519067000.0,6.09,5.7,6.09,4052972000,3624967250.0,4052972000,9601078092,6.0,6.097,245358000.0,1.581,1.0,1511595000.0,0.144,0,0.0,9863822000,8817855500.0,5142070000,856422000,,,5112308000,,,8902536092,157069000.0,-105730000.0,-99045000.0,501468000.0,-79945000.0,322478000.0,-438156000.0,-306248000.0,272747000.0,0.0,945619000.0,945619000.0,945619000.0,0.0,0.0,0.09,141722000.0,1369873000.0,1830047000,0.086,2.197,9.415,9.422,0,0.0,57.38,0.847,0.847,153285000,2780637000,10504899000.0,10504899000.0,0.0,0.124,0.261,0.172,0.145,13142000.0,141722000.0,1.0,155150507,155150507,,67.708,9165280000,0,573448000.0,0,59.073,
17,LEN,ARY,2003-12-31,2004-03-01,2003-11-30,2021-10-01,-20976000,6775432000,6132087500.0,,,1.453,20.987,-18848000.0,1201276000,1201276000,7692877000.0,751391000.0,,1.076,1552217000,,,1552217000,0,54503000.0,0,0.055,2.888,1207054000.0,1261557000.0,0.142,1261557000.0,1207054000.0,1207054000.0,5.1,4.65,5.1,3263774000,2773028750.0,3263774000,8446950591,7.0,6.696,561951000.0,3.614,1.0,1214742000.0,0.136,0,0.0,7126373000,7111454000.0,3656101000,390334000,,,3511658000,,,8096009591,493713000.0,-159389000.0,17153000.0,36663000.0,-22705000.0,31111000.0,-118197000.0,60133000.0,580799000.0,0.0,751391000.0,751391000.0,751391000.0,0.0,0.0,0.084,111488000.0,1103254000.0,1040961000,0.566,2.481,10.775,10.208,0,0.0,52.06,0.909,0.909,60392000,1914963000,8907619000.0,8907619000.0,0.0,0.123,0.271,0.17,0.136,10951000.0,111488000.0,1.0,155513054,155513054,,57.279,6775432000,0,455663000.0,0,43.568,
18,LEN,ARY,2002-12-31,2003-02-28,2002-11-30,2021-10-01,-24437000,5755633000,4975229250.0,,,1.471,17.165,-4085000.0,731163000,731163000,6212568000.0,545129000.0,,1.582,1585309000,,,1585309000,0,47031000.0,0,0.001,0.025,1021276000.0,1068307000.0,0.146,1068307000.0,1021276000.0,875709000.0,4.275,3.86,4.275,2229157000,1958239750.0,2229157000,4359974772,4.0,4.081,200483000.0,1.544,1.0,1107234000.0,0.151,0,145567000.0,6609779000,6100731500.0,3237577000,285594000,,,3526476000,,,3505828772,-100115000.0,-424277000.0,19252000.0,44924000.0,-3182000.0,60994000.0,-365677000.0,48799000.0,204568000.0,0.0,545129000.0,545129000.0,545129000.0,0.0,0.0,0.074,85958000.0,1021276000.0,969779000,0.006,1.573,6.431,6.315,0,0.0,26.995,0.479,0.479,48432000,1538945000,7319802000.0,7319802000.0,0.0,0.11,0.278,0.167,0.14,10728000.0,85958000.0,1.0,129869560,129869560,,56.363,5755633000,0,330580000.0,0,44.319,
19,LEN,ARY,2001-12-31,2002-02-28,2001-11-30,2021-10-01,-19286000,4714426000,4145006500.0,,,1.455,12.931,-13110000.0,824013000,824013000,5154544000.0,417845000.0,,1.841,1505255000,,,1505255000,0,48383000.0,0,0.001,0.025,798926000.0,847309000.0,0.141,847309000.0,798926000.0,679423000.0,3.33,3.005,3.33,1659262000,1454733500.0,1659262000,4223552756,5.0,4.985,46086000.0,0.359,1.0,874757000.0,0.145,0,119503000.0,5395668000,5263726250.0,2416541000,300064000,,,3055164000,,,3542310756,543397000.0,5601000.0,19789000.0,463585000.0,-3146000.0,482338000.0,1863000.0,9372000.0,59196000.0,0.0,417845000.0,417845000.0,417845000.0,0.0,0.0,0.069,75831000.0,798926000.0,755726000,0.008,2.135,8.478,8.29,0,0.0,27.605,0.588,0.588,24345000,996998000,6029301000.0,6029301000.0,0.0,0.101,0.287,0.152,0.133,12150000.0,75831000.0,1.0,128321346,128321346,,46.986,4714426000,0,261578000.0,0,36.739,
20,LEN,ARY,2000-12-31,2001-02-28,2000-11-30,2021-10-01,0,3777914000,3351420250.0,,,1.404,9.736,-10502000.0,287627000,287627000,4182577000.0,229137000.0,,2.075,1254650000,,,1254650000,0,44267000.0,0,0.001,0.025,474236000.0,518503000.0,0.11,518503000.0,474236000.0,375635000.0,2.0,1.82,2.0,1228580000,1037854500.0,1228580000,3206840226,7.0,6.185,468897000.0,3.716,1.0,524391000.0,0.111,0,98601000.0,4744937000,4587797750.0,2301584000,257639000,,,2549334000,,,2239817226,215710000.0,-161214000.0,-147348000.0,73226000.0,-2896000.0,-76973000.0,-186716000.0,-3166000.0,479399000.0,0.0,229137000.0,229137000.0,229137000.0,0.0,0.0,0.049,50155000.0,474236000.0,778238000,0.013,1.823,9.775,8.875,0,0.0,17.75,0.476,0.476,42270000,582299000,4706968000.0,4706968000.0,0.0,0.068,0.221,0.103,0.101,0.0,50155000.0,1.0,126186886,126186886,,37.302,3777914000,0,146498000.0,0,29.939,
21,LEN,ARY,1999-12-31,2000-02-28,1999-11-30,2021-10-01,0,2057647000,2120621250.0,,,1.471,7.514,-15328000.0,83256000,83256000,2746615000.0,172714000.0,,1.334,842616000,,,842616000,0,38956000.0,0,0.003,0.026,334336000.0,373292000.0,0.12,373292000.0,334336000.0,285477000.0,1.485,1.37,1.485,881499000,808724250.0,881499000,1694387329,5.0,4.539,105962000.0,0.903,1.0,371899000.0,0.119,0,48859000.0,2817007000,2810843500.0,1274551000,590852000,,,1176148000,,,935027329,56590000.0,-13223000.0,-2767000.0,-30067000.0,-2861000.0,-36178000.0,-28522000.0,68000.0,121290000.0,0.0,172714000.0,172714000.0,172714000.0,0.0,0.0,0.055,37563000.0,334336000.0,333532000,0.018,1.061,5.414,5.367,0,0.0,7.97,0.3,0.3,11162000,356058000,3118514000.0,3118514000.0,0.0,0.081,0.214,0.119,0.107,0.0,37563000.0,1.0,117318360,117318360,,26.582,2057647000,0,112763000.0,0,17.539,
22,LEN,ARY,1998-12-31,1999-03-01,1998-11-30,2021-10-01,0,1917834000,1759184500.0,,,1.374,6.141,-13182000.0,34677000,34677000,2100161000.0,144068000.0,,1.68,846462000,,,846462000,0,25264000.0,0,0.002,0.026,287742000.0,313006000.0,0.13,313006000.0,287742000.0,240114000.0,1.295,1.245,1.295,715665000,582687500.0,715665000,2162975117,8.0,6.91,50014000.0,0.429,1.0,316704000.0,0.131,0,47628000.0,2729619000,2496819250.0,1198553000,523490000,,,1202169000,,,1351190117,-1022000.0,-197248000.0,41251000.0,94641000.0,-2749000.0,145554000.0,-209772000.0,508000.0,63196000.0,0.0,144068000.0,144068000.0,144068000.0,0.0,0.0,0.06,28962000.0,287742000.0,322267000,0.02,1.888,9.379,8.954,0,0.0,11.595,0.559,0.559,23803000,186205000,2416865000.0,2416865000.0,0.0,0.082,0.247,0.115,0.119,0.0,28962000.0,1.0,116532136,116532136,,20.74,1917834000,0,96046000.0,33440000,16.458,
23,LEN,ARY,1997-12-31,1998-02-27,1997-11-30,2021-10-01,0,1343284000,1764550500.0,,,0.738,4.116,-22595000.0,52926000,52926000,1147297000.0,84431000.0,,2.06,683265000,,,683265000,0,9039000.0,0,0.897,12.538,144532000.0,153571000.0,0.118,153571000.0,144532000.0,119553000.0,1.115,,1.115,438999000,668078250.0,438999000,2120486713,15.0,13.808,-113660000.0,-1.066,1.0,155785000.0,0.12,0,24979000.0,1973623000,2629523000.0,806975000,312508000,,,904285000,,,1490147713,1929000.0,139541000.0,2829000.0,-18381000.0,-3277000.0,-78271000.0,171265000.0,45787000.0,-91065000.0,0.0,84431000.0,84431000.0,84431000.0,-33826000.0,0.0,0.065,45079000.0,110706000.0,198386000,11.245,3.394,17.649,12.529,8598000,0.0,13.97,1.144,1.144,34646000,44886000,1303082000.0,1303082000.0,0.0,0.048,0.126,0.055,0.111,0.0,15850000.0,1.0,106667696,106667696,,12.216,1343284000,0,35122000.0,22634000,12.593,
24,LEN,ARY,1996-12-31,1997-02-11,1996-12-31,2021-10-01,0,350469000,,,,,5.103,0.0,31142000,31142000,345666000.0,19690000.0,,1.295,165254000,,,165254000,0,930000.0,0,0.004,0.05,33260000.0,34190000.0,0.081,34190000.0,33260000.0,33260000.0,,,,152683000,,152683000,521270097,16.0,15.246,-39405000.0,-1.317,1.0,74355000.0,0.177,0,0.0,484581000,,0,0,,,197786000,,,387158097,-18152000.0,-117000.0,54316000.0,14272000.0,0.0,21370000.0,-117000.0,0.0,-39405000.0,0.0,19690000.0,19690000.0,19690000.0,0.0,0.0,0.047,42726000.0,31629000.0,32532000,,2.536,19.663,,0,0.0,12.94,0.922,0.922,0,20051000,420021000.0,420021000.0,0.0,,,,0.079,0.0,42726000.0,1.0,29919482,29920000,29920000.0,14.038,350469000,4480000,13570000.0,0,11.714,
0,LEN,ARQ,2021-09-30,2021-10-01,2021-08-31,2021-10-01,-1300000,32744190000,,,,,66.727,-10717000.0,2644839000,2644839000,5503807000.0,1409218000.0,,0.579,5542513000,,,5542513000,0,21102000.0,0,0.011,0.0,1812024000.0,1833126000.0,0.264,1833126000.0,1812024000.0,1812024000.0,4.52,4.52,4.52,20650188000,,20650188000,31895322960,6.0,5.838,583510000.0,1.885,1.0,1437596000.0,0.207,3442359000,0.0,32199505000,,19105943000,983429000,,,11964651000,,,28997648960,29045000.0,0.0,-278864000.0,-40010000.0,-77662000.0,-484086000.0,-81096000.0,-70383000.0,594227000.0,0.0,1406888000.0,1406888000.0,1406888000.0,0.0,2330000.0,0.203,110141000.0,1327455000.0,1230577000,0.0,1.404,7.034,7.093,0,0.0,93.7,1.136,1.136,369492000,13570626000,6941403000.0,6941403000.0,0.0,,,,,24751000.0,94942000.0,1.0,309473308,309473308,,22.43,29301831000,0,405136000.0,0,94.683,
1,LEN,ARQ,2021-06-30,2021-07-02,2021-05-31,2021-10-01,-1431000,31223227000,,,,,62.68,-15117000.0,2617220000,2617220000,5181605000.0,836772000.0,,0.589,5894342000,,,5894342000,0,22418000.0,0,0.011,0.5,1091476000.0,1113894000.0,0.173,1113894000.0,1091476000.0,1091476000.0,2.66,2.65,2.66,19576108000,,19576108000,34942839314,8.0,7.747,317495000.0,1.017,1.0,1248640000.0,0.194,3442359000,0.0,31057990000,,18418999000,1010256000,,,11521129000,,,31665717314,187747000.0,19277000.0,-104164000.0,145008000.0,-78483000.0,-188145000.0,43280000.0,39796000.0,332612000.0,0.0,831363000.0,831363000.0,831363000.0,0.0,5409000.0,0.129,105210000.0,1143430000.0,1171358000,0.188,1.618,9.363,9.371,0,0.0,101.39,1.295,1.295,353910000,12241400000,6430245000.0,6430245000.0,0.0,,,,,31817000.0,90717000.0,1.0,312315981,312315981,,20.589,27780868000,0,260113000.0,0,88.951,
2,LEN,ARQ,2021-03-31,2021-04-01,2021-02-28,2021-10-01,-1747000,30551980000,,,,,60.298,22757000.0,2439289000,2439289000,4351449000.0,1016909000.0,,0.61,5976168000,,,5976168000,0,22325000.0,0,0.007,0.25,1311474000.0,1333799000.0,0.25,1333799000.0,1311474000.0,1311474000.0,3.2,3.2,3.2,18896246000,,18896246000,35949939233,9.0,8.772,408265000.0,1.303,1.0,974019000.0,0.183,3442359000,0.0,30646500000,,17692942000,1077353000,,,11534529000,,,32413060233,-337532000.0,0.0,-69480000.0,-479864000.0,-77843000.0,-629688000.0,-93352000.0,-116793000.0,385508000.0,0.0,1001369000.0,1001369000.0,1001369000.0,0.0,15540000.0,0.188,122845000.0,851174000.0,1037266000,0.078,1.715,10.565,10.533,0,0.0,103.43,1.391,1.391,300134000,11488520000,5325468000.0,5325468000.0,0.0,,,,,48818000.0,110531000.0,1.0,313381613,313381613,,16.994,27109621000,0,310105000.0,0,86.507,
3,LEN,ARQ,2020-12-31,2021-01-22,2020-11-30,2021-10-01,-805000,29935177000,,,,,57.55,-29058000.0,2719197000,2719197000,5583592000.0,890909000.0,,0.658,5955758000,,,5955758000,0,25782000.0,0,0.006,0.25,1156497000.0,1182279000.0,0.173,1182279000.0,1156497000.0,1156497000.0,2.83,2.82,2.83,17994856000,,17994856000,29695632805,10.0,9.234,1264917000.0,4.045,1.0,1242298000.0,0.182,3442359000,0.0,29729379000,,16925228000,953177000,,,11835776000,,,26459071805,700652000.0,220713000.0,-2535000.0,-488272000.0,-77931000.0,-580585000.0,-12738000.0,-204397000.0,1293975000.0,0.0,882760000.0,882760000.0,882760000.0,0.0,8149000.0,0.129,95459000.0,1146839000.0,1037338000,0.088,1.47,10.734,10.739,0,0.0,84.62,1.177,1.177,298671000,10564994000,6825890000.0,6825890000.0,0.0,,,,,23332000.0,95459000.0,1.0,312681066,312681066,,21.83,26492818000,0,273737000.0,0,84.728,
4,LEN,ARQ,2020-09-30,2020-10-01,2020-08-31,2021-10-01,-163000,29315285000,,,,,54.909,-13756000.0,1978755000,1978755000,4895995000.0,669323000.0,,0.701,7180274000,,,7180274000,0,24307000.0,0,0.005,0.125,856108000.0,880415000.0,0.15,880415000.0,856108000.0,856108000.0,2.13,2.12,2.13,17172103000,,17172103000,31136791195,11.0,10.542,1572285000.0,5.028,1.0,974259000.0,0.166,3442359000,0.0,31074445000,,17671262000,940695000,,,12034940000,,,25935272195,575196000.0,5882000.0,-22896000.0,-854112000.0,-38967000.0,-917420000.0,-93425000.0,-85520000.0,1586041000.0,0.0,666418000.0,666418000.0,666418000.0,0.0,2905000.0,0.114,92661000.0,881598000.0,1140341000,0.059,1.51,11.493,11.55,0,0.0,82.93,1.146,1.146,295958000,9760165000,5870254000.0,5870254000.0,0.0,,,,,28658000.0,92661000.0,1.0,312736913,312736913,,18.771,25872926000,0,189690000.0,0,82.731,
5,LEN,ARQ,2020-06-30,2020-07-06,2020-05-31,2021-10-01,-338000,29309025000,,,,,52.98,8838000.0,1408251000,1408251000,4546087000.0,516098000.0,,0.766,7495674000,,,7495674000,0,24050000.0,0,0.005,0.125,677885000.0,701935000.0,0.133,701935000.0,677885000.0,677885000.0,1.66,1.65,1.66,16542703000,,16542703000,25427662563,10.0,9.2,936665000.0,3.0,1.0,741286000.0,0.14,3442359000,0.0,31954089000,,17947406000,973044000,,,12676401000,,,19340239563,581840000.0,9096000.0,-105000.0,-200617000.0,-38905000.0,-158766000.0,-187221000.0,-205148000.0,927827000.0,0.0,517406000.0,517406000.0,517406000.0,0.0,-1308000.0,0.098,83451000.0,657835000.0,1033558000,0.075,1.169,9.194,9.314,0,0.0,61.94,0.855,0.855,299494000,9132714000,5287373000.0,5287373000.0,0.0,,,,,23286000.0,83451000.0,1.0,312241517,312241517,,16.934,25866666000,0,160479000.0,0,82.842,
6,LEN,ARQ,2020-03-31,2020-04-07,2020-02-29,2021-10-01,452000,29173699000,,,,,51.385,-4842000.0,793616000,793616000,3989072000.0,391223000.0,,0.809,8115498000,,,8115498000,0,20414000.0,0,0.006,0.0,430781000.0,451195000.0,0.1,451195000.0,430781000.0,430781000.0,1.27,1.27,1.27,16044599000,,16044599000,19580458399,8.0,7.398,378134000.0,1.211,1.0,516265000.0,0.115,3442359000,0.0,33053222000,,18643480000,946716000,,,12980322000,,,12258576399,-393649000.0,0.0,-295988000.0,-521275000.0,-39240000.0,-789804000.0,13179000.0,16344000.0,382976000.0,0.0,398452000.0,398452000.0,398452000.0,0.0,-7229000.0,0.088,86847000.0,429418000.0,1180708000,0.0,0.764,6.106,6.232,0,0.0,39.26,0.535,0.535,311817000,8654213000,4505337000.0,4505337000.0,0.0,,,,,31855000.0,86847000.0,1.0,312240866,312240866,,14.429,25731340000,0,32329000.0,0,82.409,
7,LEN,ARQ,2019-12-31,2020-01-27,2019-11-30,2021-10-01,498000,29359511000,,,,,50.496,3483000.0,1210530000,1210530000,5988038000.0,671183000.0,,0.835,7776638000,,,7776638000,0,28378000.0,0,0.004,0.165,891807000.0,920185000.0,0.132,920185000.0,891807000.0,891807000.0,2.12,2.11,2.12,15949517000,,15949517000,27820227340,11.0,10.981,1187533000.0,3.76,1.0,983493000.0,0.141,3442359000,0.0,32483260000,,17776507000,1009035000,,,13325681000,,,21254119340,398829000.0,155412000.0,-103647000.0,-722801000.0,-12678000.0,-844174000.0,58953000.0,-100248000.0,1184050000.0,0.0,674304000.0,674304000.0,674304000.0,0.0,-3121000.0,0.097,93043000.0,890450000.0,1069179000,0.078,1.333,11.495,11.682,0,0.0,67.29,0.955,0.955,329124000,8295001000,6971531000.0,6971531000.0,0.0,,,,,21502000.0,93043000.0,1.0,315858513,315858513,,22.072,25917152000,0,217503000.0,0,82.053,
8,LEN,ARQ,2019-09-30,2019-10-08,2019-08-31,2021-10-01,407000,29459447000,,,,,48.397,28227000.0,808643000,808643000,5116086000.0,512643000.0,,0.91,9075016000,,,9075016000,0,22836000.0,0,0.003,0.04,667806000.0,690642000.0,0.118,690642000.0,667806000.0,667806000.0,1.6,1.59,1.6,15371938000,,15371938000,27050366929,10.0,10.123,756410000.0,2.382,1.0,740972000.0,0.127,3442359000,0.0,34283461000,,18848170000,1002936000,,,13993500000,,,18783993929,48793000.0,250265000.0,-318339000.0,-404980000.0,-12899000.0,-731619000.0,52229000.0,-230613000.0,728183000.0,0.0,513366000.0,513366000.0,513366000.0,0.0,-723000.0,0.088,92615000.0,648357000.0,1092708000,0.025,1.222,9.531,9.601,0,0.0,59.14,0.864,0.864,295418000,7633375000,5857058000.0,5857058000.0,0.0,,,,,34048000.0,92615000.0,1.0,317619106,317619106,,18.441,26017088000,0,154440000.0,0,81.913,
9,LEN,ARQ,2019-06-30,2019-07-03,2019-05-31,2021-10-01,227000,29583064000,,,,,47.057,-20371000.0,812365000,812365000,4887168000.0,418869000.0,,0.946,9390941000,,,9390941000,0,22624000.0,0,0.003,0.04,562002000.0,584626000.0,0.105,584626000.0,562002000.0,562002000.0,1.31,1.3,1.31,15159304000,,15159304000,24434620824,10.0,9.551,74162000.0,0.23,1.0,675722000.0,0.121,3442359000,0.0,34719281000,,18774488000,983683000,,,14336529000,,,15856044824,-41518000.0,24446000.0,-52059000.0,-45347000.0,-13017000.0,-122453000.0,-13598000.0,-17804000.0,94533000.0,0.0,421472000.0,421472000.0,421472000.0,0.0,-2603000.0,0.076,76113000.0,599609000.0,1067984000,0.031,1.046,8.298,8.3,0,0.0,49.22,0.735,0.735,303595000,7132908000,5562890000.0,5562890000.0,0.0,,,,,14491000.0,76113000.0,1.0,322146380,322146380,,17.268,26140705000,0,140530000.0,0,81.145,
10,LEN,ARQ,2019-03-31,2019-04-08,2019-02-28,2021-10-01,-158000,28749926000,,,,,45.755,-27395000.0,865426000,865426000,3465974000.0,239424000.0,,0.937,9256423000,,,9256423000,0,18362000.0,0,0.003,0.0,319610000.0,337972000.0,0.087,337972000.0,319610000.0,319610000.0,0.74,0.74,0.74,14786814000,,14786814000,24969839872,11.0,10.484,-551818000.0,-1.707,1.0,402108000.0,0.104,3442359000,0.0,33698564000,,18208798000,924056000,,,13856231000,,,16578842872,-533389000.0,17790000.0,-48536000.0,133814000.0,-12860000.0,69022000.0,-77988000.0,-72462000.0,-524423000.0,0.0,239910000.0,239910000.0,239910000.0,0.0,-486000.0,0.062,79343000.0,322765000.0,1025286000,0.0,1.121,9.213,9.21,0,0.0,51.3,0.773,0.773,222579000,6724242000,3868082000.0,3868082000.0,0.0,,,,,16899000.0,79343000.0,1.0,323174325,323174325,,11.969,25307567000,0,79700000.0,0,78.309,
11,LEN,ARQ,2018-12-31,2019-01-28,2018-11-30,2021-10-01,-366000,28566181000,,,,,44.977,-33133000.0,1350206000,1350206000,5576954000.0,798227000.0,,0.952,8543868000,,,8543868000,0,24467000.0,0,0.004,0.08,1034449000.0,1058916000.0,0.164,1058916000.0,1034449000.0,1034449000.0,2.51,2.5,2.51,14581535000,,14581535000,21626951306,10.0,9.273,929805000.0,2.868,1.0,882256000.0,0.137,3442359000,0.0,32317484000,,17068704000,996926000,,,13883224000,,,14433289306,510042000.0,25676000.0,-250471000.0,-610541000.0,-13174000.0,-877816000.0,424920000.0,421631000.0,962938000.0,0.0,796148000.0,796148000.0,796148000.0,0.0,2079000.0,0.123,107781000.0,774475000.0,1154782000,0.032,0.99,8.511,8.154,0,0.0,44.52,0.702,0.702,236841000,6487650000,6459210000.0,6459210000.0,0.0,,,,,17017000.0,94863000.0,1.0,324197873,324197873,,19.924,25123822000,0,238301000.0,0,77.495,
12,LEN,ARQ,2018-09-30,2018-10-09,2018-08-31,2021-10-01,-615000,28289395000,,,,,42.485,-22558000.0,845015000,845015000,4993486000.0,467620000.0,,1.01,9407987000,,,9407987000,0,25284000.0,0,0.004,0.04,551509000.0,576793000.0,0.102,576793000.0,551509000.0,551509000.0,1.37,1.37,1.37,14032016000,,14032016000,23197910010,14.0,13.132,691716000.0,2.094,1.0,679083000.0,0.12,3457999000,0.0,33394368000,,17569072000,997488000,,,14173215000,,,14634938010,-105438000.0,24094000.0,-20959000.0,-678267000.0,-13205000.0,-752152000.0,-67560000.0,-76135000.0,714274000.0,0.0,453211000.0,453211000.0,453211000.0,0.0,14409000.0,0.08,108338000.0,570745000.0,956597000,0.029,1.043,12.102,10.807,0,0.0,44.31,0.818,0.818,170658000,5704676000,5672569000.0,5672569000.0,0.0,,,,,21918000.0,96346000.0,1.0,330285218,330285218,,17.175,24831396000,0,98298000.0,0,75.182,
13,LEN,ARQ,2018-06-30,2018-07-06,2018-05-31,2021-10-01,-339000,28351109000,,,,,41.251,4695000.0,949262000,949262000,4968942000.0,314849000.0,,1.078,9985615000,,,9985615000,0,21860000.0,0,0.003,0.04,386218000.0,408078000.0,0.075,408078000.0,386218000.0,386218000.0,0.95,0.94,0.95,13591311000,,13591311000,26726062148,18.0,16.903,181820000.0,0.552,1.0,490119000.0,0.09,3451994000,0.0,33935468000,,17394994000,960676000,,,14652239000,,,17689709148,124269000.0,-1218000.0,13000.0,-95722000.0,-13163000.0,-115584000.0,62728000.0,58300000.0,177125000.0,0.0,310257000.0,310257000.0,310257000.0,0.0,4592000.0,0.057,108790000.0,381329000.0,844883000,0.042,1.302,17.598,14.166,0,0.0,53.69,1.142,1.142,193984000,5264674000,5459061000.0,5459061000.0,0.0,,,,,15954000.0,84915000.0,1.0,329478658,329478658,,16.569,24899115000,0,75961000.0,0,75.571,
14,LEN,ARQ,2018-03-31,2018-04-09,2018-02-28,2021-10-01,376000,27944023000,,,,,40.103,-40810000.0,756747000,756747000,2698064000.0,136817000.0,,1.131,10382540000,,,10382540000,0,19570000.0,0,0.003,0.0,268826000.0,288396000.0,0.097,288396000.0,268826000.0,268826000.0,0.53,0.53,0.53,13060930000,,13060930000,29420896241,20.0,19.442,-183538000.0,-0.564,1.0,282727000.0,0.095,3433477000,0.0,34136339000,,17580816000,990723000,,,14769939000,,,19795103241,-1621287000.0,-926560000.0,-25355000.0,-393991000.0,-9617000.0,-450349000.0,-1028210000.0,-81547000.0,-142728000.0,0.0,136215000.0,136215000.0,136215000.0,0.0,602000.0,0.046,172005000.0,110722000.0,782797000,0.0,1.516,21.786,16.208,0,0.0,60.78,1.49,1.49,194235000,4967580000,2980791000.0,2980791000.0,0.0,,,,,17766000.0,67810000.0,1.0,325684489,325684489,,9.152,24510546000,0,132611000.0,0,75.259,
15,LEN,ARQ,2017-12-31,2018-01-25,2017-11-30,2021-10-01,1034000,18745034000,,,,,32.807,15232000.0,2291665000,2291665000,3257563000.0,297782000.0,,1.367,6410003000,,,6410003000,0,19417000.0,0,0.002,0.08,473791000.0,493208000.0,0.13,493208000.0,473791000.0,473791000.0,1.25,1.25,1.25,7872317000,,7872317000,20548403240,17.0,15.872,684383000.0,2.852,1.0,528006000.0,0.139,136566000,0.0,22726806000,,10860890000,900769000,,,10758902000,,,16430065240,1813146000.0,296000.0,77000.0,887172000.0,-9427000.0,1056261000.0,87734000.0,49100000.0,669151000.0,0.0,309590000.0,309590000.0,309590000.0,0.0,-11808000.0,0.082,85556000.0,442450000.0,604953000,0.064,2.087,20.272,20.257,0,0.0,68.47,1.299,1.299,137667000,4840978000,3785569000.0,3785569000.0,0.0,,,,,18052000.0,85556000.0,1.0,239960059,239960059,,15.776,18608468000,0,164201000.0,0,77.548,
16,LEN,ARQ,2017-09-30,2017-10-10,2017-08-31,2021-10-01,1251000,16939373000,,,,,32.11,-20538000.0,573642000,573642000,2813523000.0,243590000.0,,1.228,5523765000,,,5523765000,0,17489000.0,0,0.002,0.04,373960000.0,391449000.0,0.12,391449000.0,373960000.0,373960000.0,1.06,1.06,1.06,7554260000,,7554260000,18181160360,15.0,14.187,466934000.0,1.985,1.0,447953000.0,0.137,140270000,0.0,21749226000,,10921584000,1016588000,,,9279913000,,,13231037360,-146242000.0,-296000.0,-27021000.0,-509381000.0,-9403000.0,-549699000.0,-84015000.0,-57010000.0,487472000.0,0.0,249165000.0,249165000.0,249165000.0,0.0,-5575000.0,0.076,72860000.0,375093000.0,524852000,0.038,1.751,16.247,15.977,0,0.0,56.24,1.081,1.081,86640000,4778965000,3261476000.0,3261476000.0,0.0,,,,,18486000.0,72860000.0,1.0,235260266,235260266,,13.863,16799103000,0,124795000.0,0,71.406,
17,LEN,ARQ,2017-06-30,2017-06-30,2017-05-31,2021-10-01,1086000,16754505000,,,,,31.227,-21807000.0,754049000,754049000,2861893000.0,200708000.0,,1.272,5767689000,,,5767689000,0,17675000.0,0,0.003,0.04,322537000.0,340212000.0,0.104,340212000.0,322537000.0,322537000.0,0.91,0.91,0.91,7322571000,,7322571000,17516922891,15.0,14.054,-260890000.0,-1.113,1.0,399999000.0,0.123,136633000,0.0,21631512000,,10433174000,995400000,,,9317499000,,,12503282891,54908000.0,-14931000.0,594000.0,432073000.0,-9378000.0,401445000.0,-107454000.0,-101974000.0,-239083000.0,0.0,213645000.0,213645000.0,213645000.0,0.0,-12937000.0,0.065,66774000.0,333225000.0,492734000,0.044,1.707,15.609,15.234,0,0.0,53.32,1.059,1.059,82640000,4539203000,3261892000.0,3261892000.0,0.0,,,,,12285000.0,66774000.0,1.0,234495178,234495178,,13.91,16617872000,0,108892000.0,0,70.867,
18,LEN,ARQ,2017-03-31,2017-04-10,2017-02-28,2021-10-01,663000,16230113000,,,,,30.308,-25628000.0,653666000,653666000,2088502000.0,29674000.0,,1.263,5778306000,,,5778306000,0,11743000.0,0,0.003,0.04,58049000.0,69792000.0,0.03,69792000.0,58049000.0,58049000.0,0.16,0.16,0.16,7106053000,,7106053000,17194799358,14.0,13.841,53696000.0,0.229,1.0,248926000.0,0.106,143298000,0.0,21211455000,,10468676000,910084000,,,8974338000,,,12070159358,-400469000.0,-596172000.0,16000.0,319438000.0,-9400000.0,286289000.0,-766082000.0,-168397000.0,79324000.0,0.0,38080000.0,38080000.0,38080000.0,0.0,-8406000.0,0.016,60699000.0,188227000.0,473802000,0.25,1.699,14.978,14.3,0,0.0,51.48,1.069,1.069,81299000,4334936000,2337428000.0,2337428000.0,0.0,,,,,10552000.0,60699000.0,1.0,234463080,234463080,,9.969,16086815000,0,19969000.0,0,68.611,
19,LEN,ARQ,2016-12-31,2017-01-20,2016-11-30,2021-10-01,-309000,15361781000,,,,,29.963,-12662000.0,1056115000,1056115000,2871821000.0,310470000.0,,1.16,4575977000,,,4575977000,0,14434000.0,0,0.004,0.0,465665000.0,480099000.0,0.142,480099000.0,465665000.0,464362000.0,1.39,1.34,1.39,7026042000,,7026042000,13802392898,10.0,9.972,498222000.0,2.125,1.0,504805000.0,0.149,0,1303000.0,18881643000,,9178926000,811723000,,,8150214000,,,10282530898,513434000.0,0.0,-31000.0,9990000.0,-9102000.0,-28288000.0,30838000.0,11304000.0,510884000.0,0.0,313453000.0,313453000.0,313453000.0,0.0,-2983000.0,0.093,67928000.0,436877000.0,478546000,0.0,1.463,11.277,10.617,0,0.0,43.85,0.939,0.939,106976000,4306256000,3376626000.0,3376626000.0,0.0,,,,,20888000.0,67928000.0,1.0,234493293,234493293,,14.4,15361781000,0,150909000.0,0,65.511,
20,LEN,ARQ,2016-09-30,2016-10-04,2016-08-31,2021-10-01,1123000,14998720000,,,,,28.733,538000.0,573160000,573160000,2448536000.0,233131000.0,,1.258,4920848000,,,4920848000,0,13033000.0,0,0.005,0.08,343242000.0,356275000.0,0.126,356275000.0,343242000.0,342269000.0,1.04,1.01,1.04,6545535000,,6545535000,13810642815,11.0,10.304,172840000.0,0.759,1.0,385358000.0,0.136,0,973000.0,19346408000,,9655746000,796499000,,,8235814000,,,9462954815,618000.0,-125000.0,-23000.0,-170698000.0,-9031000.0,-204636000.0,32952000.0,9313000.0,172302000.0,0.0,235842000.0,235842000.0,235842000.0,0.0,-2711000.0,0.083,61164000.0,324194000.0,459183000,0.077,1.446,10.753,10.206,0,0.0,41.54,0.9,0.9,78986000,4001905000,2833894000.0,2833894000.0,0.0,,,,,12362000.0,61164000.0,1.0,227803438,227803438,,12.44,14998720000,0,106427000.0,0,65.841,
21,LEN,ARQ,2016-06-30,2016-07-01,2016-05-31,2021-10-01,515000,14847801000,,,,,27.918,-21286000.0,606905000,606905000,2367560000.0,224038000.0,,1.387,5316235000,,,5316235000,0,12675000.0,0,0.003,0.04,323463000.0,336138000.0,0.122,336138000.0,323463000.0,322270000.0,1.01,0.95,1.01,6118366000,,6118366000,14882564053,12.0,11.297,19219000.0,0.088,1.0,378255000.0,0.138,0,1193000.0,19557131000,,9649703000,785883000,,,8484867000,,,10173234053,95018000.0,0.0,-158000.0,177419000.0,-8639000.0,137554000.0,-83041000.0,-84911000.0,40505000.0,0.0,218469000.0,218469000.0,218469000.0,0.0,5569000.0,0.08,55802000.0,322453000.0,451517000,0.04,1.663,11.728,11.322,0,0.0,46.42,1.0,1.0,45000000,3775094000,2745815000.0,2745815000.0,0.0,,,,,11114000.0,55802000.0,1.0,219156270,219156270,,12.529,14847801000,0,103801000.0,0,67.75,
22,LEN,ARQ,2016-03-31,2016-04-06,2016-02-29,2021-10-01,-398000,14195188000,,,,,27.107,-19647000.0,514133000,514133000,1767157000.0,145452000.0,,1.392,5333981000,,,5333981000,0,10077000.0,0,0.003,0.04,201478000.0,211555000.0,0.106,211555000.0,201478000.0,200321000.0,0.68,0.63,0.68,5820114000,,5820114000,15055015781,12.0,11.818,-235534000.0,-1.097,1.0,226507000.0,0.114,0,1157000.0,19015036000,,9368319000,771401000,,,8101739000,,,10235167781,-437986000.0,-600000.0,-219000.0,-111821000.0,-8552000.0,-155513000.0,-66586000.0,-66595000.0,-215887000.0,0.0,144080000.0,144080000.0,144080000.0,0.0,1372000.0,0.072,47668000.0,178839000.0,442905000,0.059,1.759,12.302,11.977,0,0.0,47.67,1.042,1.042,61229000,3565264000,1993664000.0,1993664000.0,0.0,,,,,4113000.0,47668000.0,1.0,214708785,214708785,,9.285,14195188000,0,56241000.0,0,66.114,
23,LEN,ARQ,2015-12-31,2016-01-22,2015-11-30,2021-10-01,39000,14419509000,,,,,26.72,-38908000.0,906913000,906913000,2500462000.0,292662000.0,,1.499,5025130000,,,5025130000,0,13216000.0,0,0.004,0.04,423199000.0,436415000.0,0.148,436415000.0,423199000.0,421446000.0,1.34,1.21,1.34,5648944000,,5648944000,13042049468,11.0,10.438,629860000.0,2.979,1.0,445105000.0,0.151,0,1753000.0,18537726000,,8740596000,741551000,,,8469437000,,,8923832468,353151000.0,0.0,-56000.0,-196699000.0,-8427000.0,-232905000.0,-82712000.0,-117902000.0,668768000.0,0.0,281603000.0,281603000.0,281603000.0,0.0,11059000.0,0.096,65889000.0,379216000.0,475909000,0.03,1.58,11.115,10.907,0,0.0,42.21,0.942,0.942,74538000,3429736000,2945567000.0,2945567000.0,0.0,,,,,11674000.0,65889000.0,1.0,211415126,211415126,,13.933,14419509000,0,139843000.0,0,68.205,
24,LEN,ARQ,2015-09-30,2015-10-09,2015-08-31,2021-10-01,-187000,14169375000,,,,,25.482,-10195000.0,608004000,608004000,2142989000.0,225037000.0,,1.585,5261862000,,,5261862000,0,11544000.0,0,0.003,0.04,321745000.0,333289000.0,0.134,333289000.0,321745000.0,318933000.0,1.07,0.96,1.07,5360016000,,5360016000,15450885380,13.0,12.874,-104076000.0,-0.495,1.0,348709000.0,0.14,0,2812000.0,18823233000,,8946063000,640908000,,,8494678000,,,10797027380,-114863000.0,0.0,-22167000.0,44662000.0,-8347000.0,-12637000.0,-8345000.0,-30187000.0,-93881000.0,0.0,223312000.0,223312000.0,223312000.0,0.0,1725000.0,0.09,56494000.0,292215000.0,437699000,0.037,2.014,14.084,13.798,0,0.0,51.33,1.185,1.185,74604000,3156560000,2491698000.0,2491698000.0,0.0,,,,,11549000.0,56494000.0,1.0,210345361,210345361,,11.846,14169375000,0,95621000.0,0,67.362,
25,LEN,ARQ,2015-06-30,2015-07-02,2015-05-31,2021-10-01,0,13895459000,,,,,25.038,51949000.0,651365000,651365000,2071080000.0,184584000.0,,1.638,5291136000,,,5291136000,0,10600000.0,0,0.003,0.04,282060000.0,292660000.0,0.122,292660000.0,282060000.0,278242000.0,0.89,0.79,0.89,5138738000,,5138738000,15148088798,14.0,13.144,-212320000.0,-1.034,1.0,321524000.0,0.134,0,3818000.0,18535230000,,8753776000,688467000,,,8419740000,,,10508317798,101727000.0,0.0,399000.0,335114000.0,-8210000.0,306138000.0,59858000.0,-17509000.0,-264269000.0,0.0,183016000.0,183016000.0,183016000.0,0.0,1568000.0,0.076,50207000.0,271317000.0,441990000,0.045,2.045,14.573,14.545,0,0.0,51.2,1.217,1.217,70443000,2941595000,2392604000.0,2392604000.0,0.0,,,,,10321000.0,50207000.0,1.0,205240582,205240582,,11.658,13895459000,0,95226000.0,0,67.703,
26,LEN,ARQ,2015-03-31,2015-04-03,2015-02-28,2021-10-01,0,13120645000,,,,,24.134,-28946000.0,594274000,594274000,1457217000.0,116917000.0,,1.577,5133118000,,,5133118000,0,8306000.0,0,0.003,0.04,178760000.0,187066000.0,0.114,187066000.0,178760000.0,174689000.0,0.56,0.5,0.56,4952334000,,4952334000,15453631303,15.0,14.079,-759210000.0,-3.7,1.0,186922000.0,0.114,0,4071000.0,17659489000,,8406502000,684135000,,,7811655000,,,10914787303,-463384000.0,0.0,8041000.0,390533000.0,-8208000.0,334074000.0,-67194000.0,-64020000.0,-730264000.0,0.0,114963000.0,114963000.0,114963000.0,0.0,1954000.0,0.07,43654000.0,143268000.0,388206000,0.071,2.204,16.152,16.118,0,0.0,53.19,1.354,1.354,69541000,2766789000,1644139000.0,1644139000.0,0.0,,,,,10216000.0,43654000.0,1.0,205203747,205203747,,8.012,13120645000,0,59726000.0,0,63.94,
27,LEN,ARQ,2014-12-31,2015-01-23,2014-11-30,2021-10-01,0,12958267000,,,,,23.542,33753000.0,1246442000,1246442000,2164069000.0,252671000.0,,1.597,4690213000,,,4690213000,0,11381000.0,0,0.004,0.04,375787000.0,387168000.0,0.15,387168000.0,375787000.0,370595000.0,1.2,1.07,1.2,4827020000,,4827020000,12410141557,12.0,11.762,143766000.0,0.701,1.0,419869000.0,0.162,0,5192000.0,16402038000,,7736600000,1076238000,,,7706965000,,,8966370557,448301000.0,0.0,-8275000.0,259090000.0,-8210000.0,142384000.0,195904000.0,-84218000.0,110013000.0,0.0,245323000.0,245323000.0,245323000.0,0.0,7348000.0,0.095,57660000.0,362209000.0,412558000,0.033,1.858,14.034,14.016,0,0.0,43.73,1.153,1.153,247217000,2660034000,2583938000.0,2583938000.0,0.0,,,,,7638000.0,57660000.0,1.0,205039345,205039345,,12.602,12958267000,0,125272000.0,0,63.199,
28,LEN,ARQ,2014-09-30,2014-10-03,2014-08-31,2021-10-01,0,12290077000,,,,,22.322,-4203000.0,796676000,796676000,1727680000.0,173440000.0,,1.583,4692880000,,,4692880000,0,10516000.0,0,0.004,0.04,275033000.0,285549000.0,0.142,285549000.0,275033000.0,266652000.0,0.87,0.78,0.87,4581479000,,4581479000,12075214779,13.0,12.642,-181008000.0,-0.882,1.0,286354000.0,0.142,0,8381000.0,16186281000,,7724434000,1212964000,,,7251936000,,,8179010779,-126726000.0,-681000.0,-11286000.0,73371000.0,-8210000.0,-4470000.0,54549000.0,43673000.0,-176805000.0,0.0,177757000.0,177757000.0,177757000.0,0.0,-4317000.0,0.088,43072000.0,243282000.0,349382000,0.046,1.785,14.666,14.438,0,0.0,39.85,1.15,1.15,83420000,2422921000,2014034000.0,2014034000.0,0.0,,,,,8292000.0,43072000.0,1.0,205244938,205244938,,9.813,12290077000,0,88895000.0,0,59.88,
29,LEN,ARQ,2014-06-30,2014-07-03,2014-05-31,2021-10-01,0,11994626000,,,,,21.52,-4681000.0,946268000,946268000,1590519000.0,122617000.0,,1.615,4683438000,,,4683438000,0,8806000.0,0,0.004,0.04,229019000.0,237825000.0,0.131,237825000.0,229019000.0,218732000.0,0.67,0.61,0.67,4399344000,,4399344000,12309078228,14.0,13.867,-331770000.0,-1.623,1.0,228226000.0,0.125,0,10287000.0,15731796000,,7395113000,1095983000,,,7103319000,,,8571908228,85941000.0,-4808000.0,316000.0,258363000.0,-8186000.0,300394000.0,112636000.0,127001000.0,-327089000.0,0.0,137719000.0,137719000.0,137719000.0,0.0,-15102000.0,0.076,38317000.0,189909000.0,316257000,0.06,1.948,17.124,16.705,0,0.0,41.93,1.279,1.279,208926000,2253374000,1818745000.0,1818745000.0,0.0,,,,,8550000.0,38317000.0,1.0,204433776,204433776,,8.896,11994626000,0,81013000.0,0,58.672,
30,LEN,ARQ,2014-03-31,2014-04-09,2014-02-28,2021-10-01,0,11526788000,,,,,20.84,-3531000.0,869113000,869113000,1198345000.0,79965000.0,,1.602,4664715000,,,4664715000,0,7839000.0,0,0.004,0.0,136719000.0,144558000.0,0.106,144558000.0,136719000.0,124028000.0,0.38,0.35,0.38,4260158000,,4260158000,11894649697,15.0,14.172,-398138000.0,-1.948,1.0,164750000.0,0.121,0,12691000.0,15322390000,,7147336000,1206784000,,,6825631000,,,8099047697,-96207000.0,0.0,12420000.0,257012000.0,-8169000.0,223130000.0,75270000.0,80597000.0,-394607000.0,0.0,78117000.0,78117000.0,78117000.0,0.0,1848000.0,0.057,38112000.0,126638000.0,285281000,0.0,1.901,16.188,15.537,0,0.0,39.62,1.284,1.284,130402000,2123841000,1363095000.0,1363095000.0,0.0,,,,,8741000.0,38112000.0,1.0,204418165,204418165,,6.668,11526788000,0,45911000.0,0,56.388,
31,LEN,ARQ,2013-12-31,2014-01-28,2013-11-30,2021-10-01,0,11273247000,,,,,20.395,137369000.0,935663000,935663000,1617226000.0,183016000.0,,1.594,4691440000,,,4691440000,0,8666000.0,0,0.005,0.08,278583000.0,287249000.0,0.15,287249000.0,278583000.0,258040000.0,0.84,0.73,0.84,4168901000,,4168901000,11629726816,15.0,14.892,347394000.0,1.699,1.0,299727000.0,0.156,0,20543000.0,15029024000,,6601048000,1194142000,,,6645777000,,,7873949816,398735000.0,-5623000.0,-11960000.0,-13145000.0,-7770000.0,-66495000.0,255205000.0,292312000.0,210025000.0,0.0,164084000.0,164084000.0,164084000.0,0.0,18932000.0,0.086,43318000.0,256409000.0,271365000,0.095,1.889,16.415,15.532,0,0.0,38.52,1.327,1.327,163768000,2053893000,1916953000.0,1916953000.0,0.0,,,,,16271000.0,43318000.0,1.0,204411989,204411989,,9.378,11273247000,0,93956000.0,0,55.15,
32,LEN,ARQ,2013-09-30,2013-10-10,2013-08-31,2021-10-01,0,11015593000,,,,,19.104,-1952000.0,523812000,523812000,1368951000.0,122154000.0,,1.843,5015685000,,,5015685000,0,7944000.0,0,0.005,0.0,210097000.0,218041000.0,0.136,218041000.0,210097000.0,187867000.0,0.62,0.54,0.62,3714146000,,3714146000,11063093037,18.0,17.555,-409782000.0,-2.108,1.0,233121000.0,0.146,0,22230000.0,15507466000,,6528931000,1531881000,,,6844907000,,,6571220037,-319907000.0,0.0,4217000.0,66546000.0,-7752000.0,55891000.0,32032000.0,76579000.0,-407830000.0,0.0,120662000.0,120662000.0,120662000.0,0.0,1492000.0,0.075,37619000.0,195502000.0,270401000,0.0,1.769,14.937,14.825,0,0.0,33.8,1.224,1.224,58609000,1897579000,1602072000.0,1602072000.0,0.0,,,,,11043000.0,37619000.0,1.0,194414794,194414794,,8.24,11015593000,0,67205000.0,0,56.66,
33,LEN,ARQ,2013-06-30,2013-07-10,2013-05-31,2021-10-01,0,10494157000,,,,,18.577,-1718000.0,827738000,827738000,1226799000.0,142798000.0,,1.799,4815067000,,,4815067000,0,7406000.0,0,0.005,0.08,182036000.0,189442000.0,0.133,189442000.0,182036000.0,156927000.0,0.71,0.61,0.71,3585602000,,3585602000,10657824619,22.0,20.613,-290135000.0,-1.503,1.0,199325000.0,0.14,0,25109000.0,14481486000,,5830625000,1253786000,,,6449318000,,,6670495619,-350439000.0,0.0,7869000.0,-34963000.0,-7697000.0,-203988000.0,141966000.0,180612000.0,-288417000.0,0.0,137436000.0,137436000.0,137436000.0,0.0,5362000.0,0.096,33853000.0,165472000.0,228491000,0.113,1.86,16.414,16.302,0,0.0,34.56,1.371,1.371,60178000,1784669000,1426124000.0,1426124000.0,0.0,,,,,6752000.0,33853000.0,1.0,193012026,193012026,,7.389,10494157000,0,19491000.0,0,54.37,
34,LEN,ARQ,2013-03-31,2013-04-09,2013-02-28,2021-10-01,0,10432269000,,,,,18.171,-1261000.0,1185001000,1185001000,890223000.0,56958000.0,,1.82,4790828000,,,4790828000,0,6333000.0,0,0.004,0.04,79886000.0,86219000.0,0.087,86219000.0,79886000.0,53855000.0,0.3,0.26,0.3,3495881000,,3495881000,11251241156,30.0,27.669,-322753000.0,-1.678,1.0,99723000.0,0.101,0,26031000.0,14038096000,,5611976000,1094813000,,,6362629000,,,7645414156,-68627000.0,0.0,21668000.0,-6018000.0,-7693000.0,-7181000.0,260046000.0,43865000.0,-321492000.0,0.0,57492000.0,57492000.0,57492000.0,0.0,-534000.0,0.058,31270000.0,68453000.0,229880000,0.133,2.187,10.594,10.458,0,0.0,39.74,1.75,1.75,58175000,1654930000,989946000.0,989946000.0,0.0,,,,,6637000.0,31270000.0,1.0,192385862,192385862,,5.146,10432269000,0,-3637000.0,0,54.226,
35,LEN,ARQ,2012-12-31,2013-01-29,2012-11-30,2021-10-01,0,10362206000,,,,,17.787,379000.0,1260273000,1260273000,1166188000.0,123520000.0,,1.863,4605653000,,,4605653000,0,7713000.0,0,0.003,0.04,128789000.0,136502000.0,0.101,136502000.0,128789000.0,105747000.0,0.65,0.55,0.65,3414764000,,3414764000,11539079102,34.0,31.498,66238000.0,0.345,1.0,183749000.0,0.136,0,23042000.0,13707586000,,5071713000,1333848000,,,6360998000,,,8193699102,465585000.0,0.0,-1298000.0,400925000.0,-7639000.0,395385000.0,4341000.0,7619000.0,65859000.0,0.0,124344000.0,124344000.0,124344000.0,0.0,-824000.0,0.092,39042000.0,144707000.0,220690000,0.062,2.399,12.065,11.922,0,0.0,42.68,1.996,1.996,53745000,1605131000,1349937000.0,1349937000.0,0.0,,,,,18387000.0,39042000.0,1.0,191979829,191979829,,7.032,10362206000,0,-18597000.0,0,53.975,
36,LEN,ARQ,2012-09-30,2012-10-10,2012-08-31,2021-10-01,0,9718500000,,,,,17.14,-3591000.0,771284000,771284000,978269000.0,71411000.0,,1.791,4285985000,,,4285985000,0,7877000.0,0,0.004,0.0,96992000.0,104869000.0,0.095,104869000.0,96992000.0,74333000.0,0.46,0.4,0.46,3271722000,,3271722000,10535411798,42.0,37.953,-280291000.0,-1.468,1.0,121489000.0,0.11,0,22659000.0,13233201000,,5035650000,1355111000,,,5860123000,,,7020710798,15776000.0,0.0,4249000.0,267232000.0,-7623000.0,229722000.0,62754000.0,69854000.0,-276700000.0,0.0,87109000.0,87109000.0,87109000.0,0.0,-15698000.0,0.079,32286000.0,89203000.0,169863000,0.0,2.146,12.0,11.903,0,0.0,36.78,1.894,1.894,46281000,1488426000,1099758000.0,1099758000.0,0.0,,,,,9156000.0,32286000.0,1.0,190883926,190883926,,5.761,9718500000,0,-12776000.0,0,50.913,
37,LEN,ARQ,2012-06-30,2012-07-10,2012-05-31,2021-10-01,0,9351209000,,,,,16.783,-750000.0,768700000,768700000,832655000.0,454424000.0,,1.753,4082214000,,,4082214000,0,4861000.0,0,0.005,0.08,74185000.0,79046000.0,0.085,79046000.0,74185000.0,50382000.0,2.39,2.06,2.39,3177378000,,3177378000,9089595349,46.0,40.795,-82113000.0,-0.434,1.0,97500000.0,0.105,0,23803000.0,12664723000,,4799298000,1434349000,,,5571301000,,,5776081349,-93524000.0,0.0,1313000.0,-14849000.0,-7570000.0,-33651000.0,21490000.0,25056000.0,-81363000.0,0.0,452703000.0,452703000.0,452703000.0,0.0,1721000.0,0.487,29168000.0,68332000.0,154664000,0.033,1.818,11.136,11.135,0,0.0,30.51,1.685,1.685,44843000,1408940000,930155000.0,930155000.0,0.0,,,,,7771000.0,29168000.0,1.0,189317645,189317645,,4.913,9351209000,0,-402321000.0,0,49.394,
38,LEN,ARQ,2012-03-31,2012-04-09,2012-02-29,2021-10-01,0,8867494000,,,,,14.39,1140000.0,874352000,874352000,678080000.0,7977000.0,,2.036,4085081000,,,4085081000,0,7630000.0,0,0.006,0.0,38293000.0,45923000.0,0.063,45923000.0,38293000.0,13444000.0,0.08,0.08,0.08,2722796000,,2722796000,8209715826,51.0,44.412,-131304000.0,-0.694,1.0,46776000.0,0.065,0,24849000.0,12078223000,,4667542000,1474113000,,,5544241000,,,4998986826,-240698000.0,0.0,10761000.0,-263922000.0,-7562000.0,-264960000.0,156706000.0,159529000.0,-132444000.0,0.0,14968000.0,14968000.0,14968000.0,0.0,-6991000.0,0.021,26842000.0,19934000.0,170216000,0.0,1.836,62.675,62.905,0,0.0,26.42,1.532,1.532,47745000,963807000,724856000.0,724856000.0,0.0,,,,,8161000.0,26842000.0,1.0,189212219,189212219,,3.831,8867494000,0,-1524000.0,0,46.865,
39,LEN,ARQ,2011-12-31,2012-01-30,2011-11-30,2021-10-01,0,9154671000,,,,,14.288,-6629000.0,1116740000,1116740000,888785000.0,25471000.0,,2.17,4158879000,,,4158879000,0,9179000.0,0,0.007,0.08,38577000.0,47756000.0,0.05,47756000.0,38577000.0,16581000.0,0.16,0.15,0.16,2696468000,,2696468000,7220534677,43.0,38.047,-150181000.0,-0.796,1.0,63869000.0,0.067,0,21996000.0,12196810000,,4360535000,1603212000,,,5851146000,,,4178395677,236273000.0,0.0,-4491000.0,381173000.0,-7481000.0,354350000.0,25475000.0,37243000.0,-143552000.0,0.0,30278000.0,30278000.0,30278000.0,0.0,-4807000.0,0.032,28530000.0,35339000.0,201101000,0.5,1.55,45.319,45.184,0,0.0,22.14,1.35,1.35,53977000,956401000,952654000.0,952654000.0,0.0,,,,,8110000.0,28530000.0,1.0,188726092,188726092,,5.048,9154671000,0,-13697000.0,0,48.508,
40,LEN,ARQ,2011-09-30,2011-10-11,2011-08-31,2021-10-01,0,8724018000,,,,,14.28,-2000000.0,878797000,878797000,754857000.0,23500000.0,,2.038,3911841000,,,3911841000,0,4670000.0,0,0.011,0.0,45416000.0,50086000.0,0.061,50086000.0,45416000.0,21309000.0,0.11,0.11,0.11,2670491000,,2670491000,5836292781,33.0,30.607,-122192000.0,-0.653,1.0,65336000.0,0.08,0,24107000.0,11757062000,,4265010000,1778577000,,,5443731000,,,2803248781,-204123000.0,0.0,675000.0,5859000.0,-7479000.0,-17866000.0,-66065000.0,-56815000.0,-120192000.0,0.0,20730000.0,20730000.0,20730000.0,0.0,2770000.0,0.025,22776000.0,42560000.0,196793000,0.0,1.05,29.837,29.98,0,0.0,14.99,0.934,0.934,55624000,933604000,820193000.0,820193000.0,0.0,,,,,4692000.0,22776000.0,1.0,187007924,187007924,,4.386,8724018000,0,579000.0,0,46.651,
41,LEN,ARQ,2011-06-30,2011-07-11,2011-05-31,2021-10-01,0,8699229000,,,,,14.182,-1315000.0,1023337000,1023337000,719911000.0,24847000.0,,2.051,3872693000,,,3872693000,0,3884000.0,0,0.011,0.08,37206000.0,41090000.0,0.054,41090000.0,37206000.0,14738000.0,0.07,0.07,0.07,2651845000,,2651845000,6252448202,35.0,32.517,-6381000.0,-0.034,1.0,44582000.0,0.058,0,22468000.0,11548585000,,4301565000,1867004000,,,5439981000,,,3403092202,-75132000.0,0.0,89000.0,33424000.0,-7477000.0,23362000.0,-93428000.0,-83879000.0,-5066000.0,0.0,13785000.0,13785000.0,13785000.0,0.0,11062000.0,0.018,20598000.0,23984000.0,168398000,1.143,1.283,32.958,33.091,0,0.0,18.2,1.131,1.131,66982000,920353000,764493000.0,764493000.0,0.0,,,,,4773000.0,20598000.0,1.0,186983088,186983088,,4.089,8699229000,0,953000.0,0,46.524,
42,LEN,ARQ,2011-03-31,2011-04-11,2011-02-28,2021-10-01,0,8580484000,,,,,14.125,8000.0,1104409000,1104409000,532642000.0,38726000.0,,2.025,3898555000,,,3898555000,0,3767000.0,0,0.009,0.0,47080000.0,50847000.0,0.091,50847000.0,47080000.0,25001000.0,0.15,0.14,0.15,2640377000,,2640377000,6196330258,33.0,30.851,9683000.0,0.052,1.0,25403000.0,0.046,0,22079000.0,11374630000,,4296772000,1894479000,,,5347498000,,,3402184258,-187549000.0,0.0,4754000.0,-177102000.0,-7469000.0,-195088000.0,-2136000.0,-2144000.0,9675000.0,0.0,27406000.0,27406000.0,27406000.0,0.0,11320000.0,0.049,23352000.0,2051000.0,147046000,0.0,1.289,26.335,26.377,0,0.0,18.2,1.113,1.113,61258000,914045000,558045000.0,558045000.0,0.0,,,,,6472000.0,23352000.0,1.0,186933201,186933201,,2.985,8580484000,0,-2405000.0,0,45.901,
43,LEN,ARQ,2010-12-31,2011-01-31,2010-11-30,2021-10-01,0,8787851000,,,,,13.979,-4459000.0,1291854000,1291854000,809178000.0,42518000.0,,2.144,3898868000,,,3898868000,0,3794000.0,0,0.008,0.08,44869000.0,48663000.0,0.057,48663000.0,44869000.0,28293000.0,0.17,0.17,0.17,2608949000,,2608949000,6220327113,44.0,40.531,80682000.0,0.432,1.0,50946000.0,0.059,0,16576000.0,11394865000,,4169608000,2031334000,,,5593468000,,,3613313113,356601000.0,0.0,469000.0,406664000.0,-7398000.0,387671000.0,-116211000.0,-250581000.0,85141000.0,0.0,32030000.0,32030000.0,32030000.0,0.0,10488000.0,0.037,25058000.0,25888000.0,168006000,0.471,1.385,37.931,37.961,0,0.0,19.36,1.175,1.175,78419000,894108000,860124000.0,860124000.0,0.0,,,,,11080000.0,25058000.0,1.0,186638074,186638074,,4.609,8787851000,3783000,-3737000.0,0,47.085,
44,LEN,ARQ,2010-09-30,2010-10-08,2010-08-31,2021-10-01,0,8279899000,,,,,13.527,339000.0,1059283000,1059283000,751831000.0,38830000.0,,2.083,3482219000,,,3482219000,0,3376000.0,0,0.01,0.04,48308000.0,51684000.0,0.063,51684000.0,48308000.0,30640000.0,0.16,0.16,0.16,2501763000,,2501763000,5404335223,-45.0,-52.267,-85248000.0,-0.461,1.0,73144000.0,0.089,0,17668000.0,10702835000,,4274327000,1940113000,,,5211476000,,,2981399223,-219531000.0,0.0,3000.0,-5585000.0,-7392000.0,-19978000.0,-113966000.0,-118224000.0,-85587000.0,0.0,30035000.0,30035000.0,30035000.0,0.0,8795000.0,0.036,23994000.0,49150000.0,200015000,0.25,1.192,30.175,26.867,0,0.0,16.12,0.953,0.953,60860000,869476000,824975000.0,824975000.0,0.0,,,,,5356000.0,23994000.0,1.0,184950324,184950324,,4.461,8279899000,11726000,605000.0,0,44.768,
45,LEN,ARQ,2010-06-30,2010-07-09,2010-05-31,2021-10-01,0,8248880000,,,,,13.377,978000.0,1285559000,1285559000,737086000.0,46584000.0,,2.11,3518808000,,,3518808000,0,3446000.0,0,0.011,0.04,46205000.0,49651000.0,0.061,49651000.0,46205000.0,28689000.0,0.21,0.21,0.21,2473893000,,2473893000,4927850895,-15.0,-15.397,186236000.0,1.007,1.0,77395000.0,0.095,0,17516000.0,10482129000,,4162134000,1900554000,,,5219947000,,,2694601895,343861000.0,0.0,643000.0,199784000.0,-7401000.0,177688000.0,-19085000.0,-58318000.0,185258000.0,0.0,39719000.0,39719000.0,39719000.0,0.0,6865000.0,0.049,22234000.0,55161000.0,173509000,0.19,1.089,-26.203,-27.491,0,0.0,14.57,0.891,0.891,62178000,846833000,814481000.0,814481000.0,0.0,,,,,5341000.0,22234000.0,1.0,184941791,184941791,,4.404,8248880000,11769000,-11030000.0,0,44.603,
46,LEN,ARQ,2010-03-31,2010-04-09,2010-02-28,2021-10-01,0,7981747000,,,,,13.168,-1920000.0,958888000,958888000,557634000.0,-7473000.0,,2.055,3309941000,,,3309941000,0,2904000.0,0,0.009,0.0,570000.0,3474000.0,0.006,3474000.0,570000.0,-18095000.0,-0.04,-0.04,-0.04,2435191000,,2435191000,5590957343,-11.0,-11.445,87496000.0,0.473,1.0,16808000.0,0.029,0,18665000.0,10332800000,,4101016000,1868175000,,,5003383000,,,3239904343,-544234000.0,0.0,-683000.0,-187402000.0,-7386000.0,-209541000.0,-424109000.0,-258039000.0,89416000.0,0.0,-6523000.0,-6523000.0,-6523000.0,0.0,-950000.0,-0.011,22640000.0,-5832000.0,174019000,0.0,1.33,-12.101,-11.68,0,0.0,17.52,1.045,1.045,98798000,814515000,574442000.0,574442000.0,0.0,,,,,6298000.0,22640000.0,1.0,184926047,184926047,,3.106,7981747000,241664000,-11572000.0,0,43.162,
47,LEN,ARQ,2009-12-31,2010-01-29,2009-11-30,2021-10-01,0,7314791000,,,,,13.216,1161000.0,1339828000,1339828000,1109729000.0,35572000.0,,1.934,2761352000,,,2761352000,0,5851000.0,0,0.013,0.08,-214058000.0,-208207000.0,-0.228,-208207000.0,-214058000.0,-284908000.0,0.27,0.27,0.27,2443479000,,2443479000,4261508589,-6.0,-6.651,35088000.0,0.19,1.0,-195988000.0,-0.214,0,70850000.0,8736315000,,4087989000,609140000,,,4726777000,,,2839984589,-25614000.0,0.0,-124000.0,1547000.0,-7328000.0,-19000000.0,-40541000.0,-41702000.0,33927000.0,0.0,35572000.0,35572000.0,35572000.0,0.0,0.0,0.039,33770000.0,-229758000.0,169596000,0.296,1.162,-6.808,-6.269,0,0.0,15.36,0.91,0.91,122053000,828424000,913741000.0,913741000.0,0.0,,,,,8429000.0,33770000.0,1.0,184894830,184894830,,4.942,7314791000,334428000,-320480000.0,0,39.562,
48,LEN,ARQ,2009-09-30,2009-10-09,2009-08-31,2021-10-01,0,7088339000,,,,,13.124,-183000.0,1348054000,1348054000,770321000.0,-171605000.0,,1.875,2665796000,,,2665796000,0,3891000.0,0,0.011,0.04,-168865000.0,-164974000.0,-0.229,-164974000.0,-168865000.0,-168865000.0,-0.97,-0.97,-0.97,2405960000,,2405960000,3944796343,-7.0,-7.571,134004000.0,0.731,1.0,-49591000.0,-0.069,0,0.0,8406081000,,4221458000,650878000,,,4510988000,,,2627054343,-96279000.0,0.0,97290000.0,-169287000.0,-7004000.0,-93803000.0,-136663000.0,-136480000.0,134187000.0,0.0,-171605000.0,-171605000.0,-171605000.0,0.0,0.0,-0.238,28053000.0,-77644000.0,216239000,-0.041,1.092,-2.079,-1.83,0,0.0,14.33,0.754,0.754,110983000,800180000,720730000.0,720730000.0,0.0,,,,,6371000.0,28053000.0,1.0,183325495,183325495,,3.931,7088339000,1501000,2740000.0,0,38.665,
49,LEN,ARQ,2009-06-30,2009-07-10,2009-05-31,2021-10-01,0,7282987000,,,,,14.163,-747000.0,1456615000,1456615000,909360000.0,-125185000.0,,1.87,2664853000,,,2664853000,0,4834000.0,0,0.034,0.04,-123638000.0,-118804000.0,-0.133,-118804000.0,-123638000.0,-123638000.0,-0.76,-0.76,-0.76,2482006000,,2482006000,2666249676,-5.0,-5.468,171787000.0,0.98,1.0,-17507000.0,-0.02,0,0.0,8491225000,,4341984000,656280000,,,4642482000,,,1458011676,364225000.0,0.0,123391000.0,126466000.0,-6844000.0,232888000.0,-41197000.0,-40450000.0,172534000.0,0.0,-125185000.0,-125185000.0,-125185000.0,0.0,0.0,-0.14,30239000.0,-47746000.0,199596000,-0.053,0.587,-1.234,-1.121,0,0.0,8.32,0.377,0.377,77226000,978789000,891853000.0,891853000.0,0.0,,,,,7872000.0,30239000.0,1.0,175241788,175241788,,5.089,7282987000,987000,1547000.0,0,41.56,
50,LEN,ARQ,2009-03-31,2009-04-09,2009-02-28,2021-10-01,0,7170111000,,,,,15.38,98000.0,1107546000,1107546000,670096000.0,-155929000.0,,1.839,2574115000,,,2574115000,0,5329000.0,0,0.049,0.04,-154081000.0,-148752000.0,-0.251,-148752000.0,-154081000.0,-154081000.0,-0.98,-0.98,-0.98,2467375000,,2467375000,2778898613,-5.0,-5.209,80293000.0,0.5,1.0,-77033000.0,-0.13,0,0.0,8636680000,,4501742000,776812000,,,4538464000,,,1312329613,11684000.0,0.0,-686000.0,-1436000.0,-6412000.0,-11792000.0,-56719000.0,-56817000.0,80195000.0,0.0,-155929000.0,-155929000.0,-155929000.0,0.0,0.0,-0.263,28031000.0,-105064000.0,203776000,-0.041,0.532,-1.115,-1.102,0,0.0,8.18,0.32,0.32,99871000,1110818000,593063000.0,593063000.0,0.0,,,,,7720000.0,28031000.0,1.0,160431493,160431493,,3.697,7170111000,4592000,1848000.0,0,44.693,
51,LEN,ARQ,2008-12-31,2009-01-27,2008-11-30,2021-10-01,0,7424898000,,,,,16.339,3624000.0,1100296000,1100296000,1385508000.0,-810989000.0,,1.767,2544935000,,,2544935000,0,6457000.0,0,0.067,0.04,-94950000.0,-88493000.0,-0.069,-88493000.0,-94950000.0,-94950000.0,-5.12,-5.12,-5.12,2623007000,,2623007000,2690392734,-5.0,-5.085,250090000.0,1.558,1.0,-107460000.0,-0.084,0,0.0,8869537000,,4500090000,766752000,,,4636145000,,,1245753734,264006000.0,0.0,-72000.0,31819000.0,-6414000.0,26991000.0,-9451000.0,-13075000.0,246466000.0,0.0,-810989000.0,-810989000.0,-810989000.0,0.0,0.0,-0.635,31299000.0,-138759000.0,246727000,-0.008,0.475,-1.123,-1.109,0,0.0,7.76,0.272,0.272,94520000,1273159000,1278048000.0,1278048000.0,0.0,,,,,8486000.0,31299000.0,1.0,160535275,160535275,,7.961,7424898000,255460000,716039000.0,0,46.251,
52,LEN,ARQ,2008-09-30,2008-10-10,2008-08-31,2021-10-01,0,8226960000,,,,,21.375,-1288000.0,869058000,869058000,1157425000.0,-88964000.0,,1.346,2338697000,,,2338697000,0,7554000.0,0,0.066,0.16,-139102000.0,-131548000.0,-0.119,-131548000.0,-139102000.0,-139102000.0,-0.56,-0.56,-0.56,3431898000,,3431898000,3028675503,-1.0,-1.266,86285000.0,0.537,1.0,-50885000.0,-0.046,0,0.0,9696599000,,4775586000,799189000,,,4620082000,,,1559036503,-70633000.0,0.0,-145000.0,-186498000.0,-25662000.0,-81226000.0,-76980000.0,-75692000.0,87573000.0,0.0,-88964000.0,-88964000.0,-88964000.0,0.0,0.0,-0.08,34047000.0,-84932000.0,260667000,-0.286,0.454,-1.006,-0.989,0,0.0,9.71,0.285,0.285,94967000,2090564000,1106540000.0,1106540000.0,0.0,,,,,4358000.0,34047000.0,1.0,160559887,160559887,,6.892,8226960000,0,-50138000.0,0,51.239,
53,LEN,ARQ,2008-06-30,2008-07-10,2008-05-31,2021-10-01,-2812000,8253859000,,,,,22.033,-1263000.0,901232000,901232000,1204939000.0,-120916000.0,,1.32,2310494000,,,2310494000,0,8500000.0,0,0.059,0.16,-173182000.0,-164682000.0,-0.146,-164682000.0,-173182000.0,-173182000.0,-0.76,-0.76,-0.76,3539590000,,3539590000,3166727457,-1.0,-1.026,-78991000.0,-0.492,1.0,-77023000.0,-0.068,0,0.0,9663121000,,4544726000,869859000,,,4673520000,,,1757465457,-166091000.0,0.0,-1197000.0,3205000.0,-25686000.0,-39711000.0,-48652000.0,-47389000.0,-77728000.0,0.0,-120916000.0,-120916000.0,-120916000.0,0.0,0.0,-0.107,29584000.0,-106607000.0,236881000,-0.211,0.497,-0.89,-0.875,0,0.0,10.94,0.262,0.262,111124000,2205188000,1127916000.0,1127916000.0,0.0,,,,,5295000.0,29584000.0,1.0,160645837,160645837,,7.021,8253859000,0,-52266000.0,0,51.379,
54,LEN,ARQ,2008-03-31,2008-04-09,2008-02-29,2021-10-01,-3660000,8515201000,,,,,22.896,317000.0,1113893000,1113893000,1137378000.0,-88216000.0,,1.307,2279497000,,,2279497000,0,9888000.0,0,0.034,0.16,-154294000.0,-144406000.0,-0.136,-144406000.0,-154294000.0,-154294000.0,-0.56,-0.56,-0.56,3680898000,,3680898000,4152574706,-1.0,-1.261,844840000.0,5.255,1.0,-74465000.0,-0.07,0,0.0,9680805000,,4574159000,915222000,,,4811667000,,,2986970706,380946000.0,0.0,-120000.0,-293009000.0,-25725000.0,-332957000.0,-130620000.0,-130937000.0,844523000.0,0.0,-88216000.0,-88216000.0,-88216000.0,0.0,0.0,-0.083,34822000.0,-109287000.0,243305000,-0.286,0.811,-1.424,-1.397,0,0.0,18.58,0.353,0.353,134241000,2351786000,1062913000.0,1062913000.0,0.0,,,,,5593000.0,34822000.0,1.0,160762686,160762686,,6.612,8515201000,0,-66078000.0,0,52.968,
55,LEN,ARQ,2007-12-31,2008-01-29,2007-11-30,2021-10-01,-2061000,9102747000,,,,,23.903,4638000.0,677896000,677896000,3660005000.0,-1251647000.0,,1.374,2295436000,,,2295436000,0,16907000.0,0,0.034,0.16,-1969091000.0,-1952184000.0,-0.897,-1952184000.0,-1969091000.0,-1969091000.0,-7.94,-7.94,-7.94,3822119000,,3822119000,4625269101,-2.0,-1.528,555353000.0,3.473,1.0,-1483100000.0,-0.681,0,0.0,10720287000,,4500403000,934271000,,,5252100000,,,3007729101,544081000.0,0.0,1403000.0,-394767000.0,-25288000.0,29534000.0,-36168000.0,-54205000.0,550715000.0,0.0,-1251647000.0,-1251647000.0,-1251647000.0,0.0,0.0,-0.575,225964000.0,-1709064000.0,376134000,-0.02,0.787,-1.55,-1.528,0,0.0,18.81,0.295,0.295,207691000,2496933000,2176905000.0,2176905000.0,0.0,,,,,1681000.0,35766000.0,1.0,159900537,159900537,,13.614,9102747000,0,-717444000.0,0,56.928,
56,LEN,ARQ,2007-09-30,2007-10-10,2007-08-31,2021-10-01,-701000,10432453000,,,,,31.817,2394000.0,166244000,166244000,2995054000.0,-513852000.0,,1.043,2571291000,,,2571291000,0,12784000.0,0,0.025,0.16,-837643000.0,-824859000.0,-0.352,-824859000.0,-837643000.0,-837643000.0,-3.25,-3.25,-3.25,5097259000,,5097259000,6459810999,-5.0,-4.705,304472000.0,1.901,1.0,-653201000.0,-0.279,173701000,0.0,12663799000,,6720497000,1077220000,,,5315821000,,,4054763999,-150900000.0,0.0,-686000.0,-321796000.0,-25281000.0,-385637000.0,-67341000.0,-68760000.0,302078000.0,0.0,-513852000.0,-513852000.0,-513852000.0,0.0,0.0,-0.219,44700000.0,-697901000.0,419914000,-0.049,0.795,-4.581,-4.528,0,0.0,25.31,0.33,0.33,193771000,3773868000,2341853000.0,2341853000.0,0.0,,,,,16785000.0,44700000.0,1.0,160204030,160204030,,14.618,10258752000,0,-323791000.0,0,64.036,
57,LEN,ARQ,2007-06-30,2007-07-10,2007-05-31,2021-10-01,-1066000,11542070000,,,,,34.839,-3082000.0,271476000,271476000,3173220000.0,-244205000.0,,1.057,2585286000,,,2585286000,0,12601000.0,0,0.018,0.16,-383272000.0,-370671000.0,-0.129,-370671000.0,-383272000.0,-383272000.0,-1.55,-1.55,-1.55,5583555000,,5583555000,7900792499,-31.0,-37.793,90315000.0,0.564,1.0,-297277000.0,-0.103,190198000,0.0,13665682000,,7705234000,1235603000,,,5902260000,,,5586982499,-61911000.0,0.0,1114000.0,-62188000.0,-25380000.0,-83503000.0,-71805000.0,-55694000.0,93397000.0,0.0,-244205000.0,-244205000.0,-244205000.0,0.0,0.0,-0.085,45817000.0,-343094000.0,499832000,-0.103,1.001,-33.961,-33.845,0,0.0,34.86,0.396,0.396,179808000,4313001000,2875943000.0,2875943000.0,0.0,,,,,12005000.0,45817000.0,1.0,160269148,160269148,,17.944,11351872000,0,-139067000.0,0,70.83,
58,LEN,ARQ,2007-03-31,2007-04-09,2007-02-28,2021-10-01,-1513000,12035977000,,,,,36.084,-3869000.0,287937000,287937000,2811207000.0,68623000.0,,1.075,2581494000,,,2581494000,0,12011000.0,0,0.015,0.0,108925000.0,120936000.0,0.043,120936000.0,108925000.0,108925000.0,0.44,0.43,0.44,5774981000,,5774981000,9160914207,14.0,13.322,-505546000.0,-3.159,1.0,-19127000.0,-0.007,190198000,0.0,14139336000,,8305626000,1215620000,,,6208994000,,,6867357207,-314395000.0,0.0,15786000.0,-285409000.0,-25174000.0,-295015000.0,482297000.0,485561000.0,-501677000.0,0.0,68623000.0,68623000.0,68623000.0,0.0,0.0,0.025,46919000.0,-66046000.0,565690000,0.0,1.189,16.98,16.762,0,0.0,42.91,0.434,0.434,165443000,4582586000,2792080000.0,2792080000.0,0.0,,,,,10178000.0,46919000.0,1.0,160040951,160040951,,17.446,11845779000,0,40302000.0,0,74.017,
59,LEN,ARQ,2006-12-31,2007-02-08,2006-11-30,2021-10-01,-2041000,12408266000,,,,,35.962,-4665000.0,686458000,686458000,4490528000.0,-195605000.0,,1.167,2613503000,,,2613503000,0,12130000.0,0,0.012,0.16,-310484000.0,-298354000.0,-0.07,-298354000.0,-310484000.0,-310484000.0,-1.23,-1.19,-1.23,5701372000,,5701372000,10415137503,11.0,10.541,703599000.0,4.438,1.0,-224463000.0,-0.053,196638000,0.0,14138673000,,7831483000,1447178000,,,6651501000,,,8488092503,522264000.0,0.0,-21525000.0,-113609000.0,-25123000.0,-165267000.0,-20733000.0,-19631000.0,708264000.0,0.0,-195605000.0,-195605000.0,-195605000.0,0.0,0.0,-0.046,34023000.0,-258486000.0,751496000,-0.13,1.489,14.293,14.239,0,0.0,53.54,0.522,0.522,159043000,4539137000,4266065000.0,4266065000.0,0.0,,,,,17654000.0,34023000.0,1.0,158537402,158537402,,26.909,12211628000,0,-114879000.0,0,77.027,
60,LEN,ARQ,2006-09-30,2006-10-10,2006-08-31,2021-10-01,-3014000,12501100000,,,,,37.427,-10141000.0,172036000,172036000,3818359000.0,206675000.0,,1.096,2784074000,,,2784074000,0,10977000.0,0,0.014,0.16,328055000.0,339032000.0,0.081,339032000.0,328055000.0,328055000.0,1.31,1.3,1.31,5930798000,,5930798000,10047212797,5.0,4.492,446461000.0,2.817,1.0,364076000.0,0.087,196638000,0.0,14916500000,,8724999000,1541104000,,,6497275000,,,7435174797,-59955000.0,116000.0,-28534000.0,-361743000.0,-25208000.0,-440889000.0,-75668000.0,-90604000.0,456602000.0,0.0,206675000.0,206675000.0,206675000.0,0.0,0.0,0.049,50861000.0,313215000.0,728998000,0.122,1.254,5.425,5.387,0,0.0,46.92,0.437,0.437,151572000,4759865000,4182435000.0,4182435000.0,0.0,,,,,12349000.0,50861000.0,1.0,158464936,158464936,,26.393,12304462000,0,121380000.0,0,77.648,
61,LEN,ARQ,2006-06-30,2006-07-17,2006-05-31,2021-10-01,-3364000,12833908000,,,,,36.245,-7019000.0,198977000,198977000,4030125000.0,324747000.0,,1.21,2908296000,,,2908296000,0,10571000.0,0,0.015,0.16,515472000.0,526043000.0,0.115,526043000.0,515472000.0,515472000.0,2.04,2.0,2.04,5766219000,,5766219000,9241560025,4.0,3.759,322308000.0,2.026,1.0,547378000.0,0.12,196638000,0.0,15346589000,,8908981000,1450699000,,,6976582000,,,6532241025,36099000.0,-10295000.0,-264375000.0,142603000.0,-25650000.0,-165969000.0,-127259000.0,-101380000.0,329327000.0,0.0,324747000.0,324747000.0,324747000.0,0.0,0.0,0.071,56532000.0,490846000.0,817437000,0.078,1.133,4.351,4.286,0,0.0,41.06,0.4,0.4,155038000,4578398000,4577503000.0,4577503000.0,0.0,,,,,10212000.0,56532000.0,1.0,159090137,159090137,,28.773,12637270000,0,190725000.0,0,79.435,
62,LEN,ARQ,2006-03-31,2006-04-10,2006-02-28,2021-10-01,-4197000,12683243000,,,,,34.66,-4958000.0,138285000,138285000,2832372000.0,258052000.0,,1.27,3125172000,,,3125172000,0,11753000.0,0,0.01,0.0,409606000.0,421359000.0,0.13,421359000.0,409606000.0,409606000.0,1.64,1.58,1.64,5554800000,,5554800000,12747084756,6.0,5.467,-944501000.0,-5.893,1.0,408287000.0,0.126,201977000,0.0,15468153000,,8996579000,1381765000,,,7055901000,,,9760197756,-779432000.0,-23034000.0,22336000.0,361185000.0,-25314000.0,342920000.0,-182809000.0,-151243000.0,-939543000.0,0.0,258052000.0,258052000.0,258052000.0,0.0,0.0,0.08,51891000.0,356396000.0,798121000,0.0,1.757,6.873,6.678,0,0.0,60.9,0.664,0.664,220761000,4279301000,3240659000.0,3240659000.0,0.0,,,,,12122000.0,51891000.0,1.0,160265973,160265973,,20.221,12481266000,0,151554000.0,0,77.878,
63,LEN,ARQ,2005-12-31,2006-02-09,2005-11-30,2021-10-01,-5221000,12541225000,,,,,33.067,-5526000.0,932238000,932238000,4126147000.0,581159000.0,,1.373,2592772000,,,2592772000,0,16836000.0,0,0.01,0.32,933588000.0,950424000.0,0.189,950424000.0,933588000.0,933588000.0,3.72,3.52,3.72,5251411000,,5251411000,10817689043,5.0,4.839,1196245000.0,7.532,1.0,903787000.0,0.18,195156000,0.0,14006603000,,7863531000,1282686000,,,7211571000,,,9157155043,848053000.0,-198480000.0,-39927000.0,147504000.0,-25130000.0,49266000.0,-402984000.0,-187849000.0,1201771000.0,0.0,581159000.0,581159000.0,581159000.0,0.0,0.0,0.116,63526000.0,840261000.0,876830000,0.086,1.744,6.757,6.612,0,0.0,57.66,0.66,0.66,299232000,4046563000,5029934000.0,5029934000.0,0.0,,,,,1479000.0,63526000.0,1.0,158812956,158812956,,31.672,12346069000,0,352429000.0,0,77.74,
64,LEN,ARQ,2005-09-30,2005-10-17,2005-08-31,2021-10-01,-7778000,10956717000,,,,,29.893,-4245000.0,92276000,92276000,2924611000.0,337253000.0,,1.322,2780331000,,,2780331000,0,18933000.0,0,0.01,0.138,541772000.0,560705000.0,0.16,560705000.0,541772000.0,541772000.0,2.18,2.06,2.18,4719312000,,4719312000,11516464759,6.0,6.028,-290891000.0,-1.843,1.0,573721000.0,0.164,0,0.0,13644772000,,7724310000,1194512000,,,6237405000,,,8828409759,33316000.0,-110509000.0,-7637000.0,692276000.0,-21622000.0,663017000.0,-343055000.0,-228301000.0,-286646000.0,0.0,337253000.0,337253000.0,337253000.0,0.0,0.0,0.096,45744000.0,527977000.0,2185538000,0.063,1.871,7.652,7.496,0,0.0,55.92,0.713,0.713,279904000,3490534000,3498332000.0,3498332000.0,0.0,,,,,20199000.0,45744000.0,1.0,157875711,157875711,,22.159,10956717000,0,204519000.0,0,69.401,
65,LEN,ARQ,2005-06-30,2005-07-11,2005-05-31,2021-10-01,-9759000,9605634000,,,,,27.737,-6080000.0,77155000,77155000,2495589000.0,243537000.0,,1.251,2337436000,,,2337436000,0,13959000.0,0,0.008,0.138,384982000.0,398941000.0,0.136,398941000.0,384982000.0,384982000.0,1.58,1.48,1.58,4267486000,,4267486000,12534905685,8.0,7.257,-387284000.0,-2.517,1.0,437385000.0,0.149,0,0.0,11865915000,,6724899000,1015696000,,,5338148000,,,10274624685,-426039000.0,-5830000.0,-121862000.0,186068000.0,-21137000.0,43069000.0,-87904000.0,-75994000.0,-381204000.0,0.0,243537000.0,243537000.0,243537000.0,-10293000.0,0.0,0.083,40827000.0,396558000.0,1910345000,0.087,2.408,9.863,9.923,0,0.0,66.78,0.883,0.883,295143000,3174903000,2932974000.0,2932974000.0,0.0,,,,,3111000.0,40827000.0,1.0,153857812,153857812,,19.063,9605634000,0,141445000.0,0,62.432,
66,LEN,ARQ,2005-03-31,2005-04-11,2005-02-28,2021-10-01,-11275000,8753494000,,,,,26.761,-5896000.0,509068000,509068000,2089919000.0,193206000.0,,1.103,2002867000,,,2002867000,0,15441000.0,0,0.009,0.138,310371000.0,325812000.0,0.135,325812000.0,310371000.0,310371000.0,1.25,1.17,1.25,4161508000,,4161508000,10365497882,6.0,6.221,-216842000.0,-1.394,1.0,317393000.0,0.132,0,0.0,10247293000,,5732821000,939125000,,,4591986000,,,8871698882,-811802000.0,-84230000.0,-81789000.0,-328097000.0,-21340000.0,-431226000.0,-169630000.0,-79504000.0,-210946000.0,0.0,193206000.0,193206000.0,193206000.0,0.0,0.0,0.08,37160000.0,280233000.0,1629224000,0.11,2.132,8.875,8.845,0,0.0,57.05,0.803,0.803,184492000,2952503000,2407312000.0,2407312000.0,0.0,,,,,14391000.0,37160000.0,1.0,155507430,155507430,,15.48,8753494000,0,117165000.0,0,56.29,
67,LEN,ARQ,2004-12-31,2005-02-14,2004-11-30,2021-10-01,-14575000,9165280000,,,,,26.123,-7771000.0,1322472000,1322472000,2966402000.0,379734000.0,,1.261,2021014000,,,2021014000,0,15032000.0,0,0.009,0.138,610015000.0,625047000.0,0.176,625047000.0,610015000.0,610015000.0,2.45,2.28,2.45,4052972000,,4052972000,9601078092,6.0,6.097,599409000.0,3.863,1.0,584345000.0,0.165,0,0.0,9863822000,,5142070000,856422000,,,5112308000,,,8902536092,944856000.0,-1706000.0,1487000.0,315430000.0,-21479000.0,295438000.0,42238000.0,50913000.0,607180000.0,0.0,379734000.0,379734000.0,379734000.0,0.0,0.0,0.107,47609000.0,536736000.0,1830047000,0.056,2.197,9.415,9.422,0,0.0,57.38,0.847,0.847,153285000,2780637000,3550747000.0,3550747000.0,0.0,,,,,707000.0,47609000.0,1.0,155150507,155150507,,22.886,9165280000,0,230281000.0,0,59.073,
68,LEN,ARQ,2004-09-30,2004-10-15,2004-08-31,2021-10-01,-17895000,7838621000,,,,,23.62,-9669000.0,386858000,386858000,2372317000.0,225222000.0,,1.125,1998657000,,,1998657000,0,15684000.0,0,0.012,0.125,361802000.0,377486000.0,0.137,377486000.0,361802000.0,361802000.0,1.45,1.36,1.45,3688431000,,3688431000,8282836122,6.0,5.845,-45131000.0,-0.289,1.0,376043000.0,0.137,0,0.0,9450420000,,5241814000,779465000,,,4150190000,,,6671037122,258850000.0,-39918000.0,-2449000.0,432129000.0,-19360000.0,410320000.0,-116008000.0,-66830000.0,-35462000.0,0.0,225222000.0,225222000.0,225222000.0,0.0,0.0,0.082,34184000.0,341859000.0,1222928000,0.086,1.809,7.857,7.76,0,0.0,42.72,0.674,0.674,153687000,2422382000,2748360000.0,2748360000.0,0.0,,,,,5129000.0,34184000.0,1.0,156157236,156157236,,17.6,7838621000,0,136580000.0,0,50.197,
69,LEN,ARQ,2004-06-30,2004-07-15,2004-05-31,2021-10-01,-17059000,6996083000,,,,,22.3,-6302000.0,140675000,140675000,2020741000.0,201411000.0,,1.01,1594074000,,,1594074000,0,14201000.0,0,0.009,0.125,323552000.0,337753000.0,0.144,337753000.0,323552000.0,323552000.0,1.3,1.22,1.3,3479976000,,3479976000,8148065579,6.0,5.924,-338935000.0,-2.172,1.0,322144000.0,0.137,0,0.0,8449482000,,4775343000,696020000,,,3516107000,,,6694666579,-393078000.0,-27314000.0,8374000.0,44775000.0,-19514000.0,33635000.0,-94080000.0,-60333000.0,-332633000.0,0.0,201411000.0,201411000.0,201411000.0,0.0,0.0,0.086,31251000.0,290893000.0,1071321000,0.096,1.924,8.111,7.944,0,0.0,42.9,0.711,0.711,124350000,2216520000,2342885000.0,2342885000.0,0.0,,,,,5472000.0,31251000.0,1.0,156052834,156052834,,15.013,6996083000,0,122141000.0,0,44.832,
70,LEN,ARQ,2004-03-31,2004-04-14,2004-02-29,2021-10-01,-22034000,6521374000,,,,,21.008,-3647000.0,545522000,545522000,1633844000.0,139252000.0,,0.989,1531846000,,,1531846000,0,10656000.0,0,0.059,0.125,223698000.0,234354000.0,0.126,234354000.0,223698000.0,223698000.0,0.9,0.84,0.9,3278490000,,3278490000,8592562212,7.0,6.379,30015000.0,0.192,1.0,229063000.0,0.123,0,0.0,7507698000,,4066136000,636948000,,,3242884000,,,7606238212,-653559000.0,-36792000.0,-106457000.0,-290866000.0,-19592000.0,-416915000.0,-270306000.0,-229998000.0,33662000.0,0.0,139252000.0,139252000.0,139252000.0,0.0,0.0,0.075,28678000.0,200385000.0,1011346000,0.139,2.32,9.698,9.319,0,0.0,48.74,0.828,0.828,65135000,2034623000,1862907000.0,1862907000.0,0.0,,,,,1834000.0,28678000.0,1.0,156057411,156057411,,11.937,6521374000,0,84446000.0,0,41.788,
71,LEN,ARQ,2003-12-31,2004-03-01,2003-11-30,2021-10-01,-20976000,6775432000,,,,,20.987,-5059000.0,1201276000,1201276000,2487914000.0,283181000.0,,1.076,1552217000,,,1552217000,0,12494000.0,0,0.055,0.125,454909000.0,467403000.0,0.159,467403000.0,454909000.0,454909000.0,1.855,1.715,1.855,3263774000,,3263774000,8446950591,7.0,6.696,584977000.0,3.762,1.0,448285000.0,0.153,0,0.0,7126373000,,3656101000,390334000,,,3511658000,,,8096009591,609885000.0,-53364000.0,2841000.0,64138000.0,-19727000.0,47252000.0,-27403000.0,29931000.0,590036000.0,0.0,283181000.0,283181000.0,283181000.0,0.0,0.0,0.096,36609000.0,411676000.0,1040961000,0.067,2.481,10.775,10.208,0,0.0,52.06,0.909,0.909,60392000,1914963000,2936199000.0,2936199000.0,0.0,,,,,2796000.0,36609000.0,1.0,155513054,155513054,,18.881,6775432000,0,171728000.0,0,43.568,
72,LEN,ARQ,2003-09-30,2003-10-15,2003-08-31,2021-10-01,-21833000,6222031000,,,,,18.986,-4866000.0,599223000,599223000,1946459000.0,201577000.0,,1.079,1521706000,,,1521706000,0,12159000.0,0,0.063,0.006,323819000.0,335978000.0,0.148,335978000.0,323819000.0,323819000.0,1.345,1.215,1.345,2993008000,,2993008000,7515880061,6.0,5.834,114535000.0,0.727,1.0,321383000.0,0.142,0,0.0,7144514000,,3868168000,362766000,,,3229023000,,,6593397061,122148000.0,1904000.0,6480000.0,1166000.0,-985000.0,6661000.0,-3914000.0,-1678000.0,119401000.0,0.0,201577000.0,201577000.0,201577000.0,0.0,0.0,0.089,27488000.0,293895000.0,906655000,0.004,2.203,9.511,8.382,0,0.0,41.825,0.763,0.763,78501000,1651509000,2267842000.0,2267842000.0,0.0,,,,,3900000.0,27488000.0,1.0,157642488,157642488,,14.386,6222031000,0,122242000.0,0,39.469,
73,LEN,ARQ,2003-06-30,2003-07-15,2003-05-31,2021-10-01,-30332000,5939061000,,,,,16.984,-4857000.0,480719000,480719000,1801641000.0,160315000.0,,1.374,1798198000,,,1798198000,0,15444000.0,0,0.075,2.631,293800000.0,309244000.0,0.146,309244000.0,293800000.0,257534000.0,1.13,1.025,1.13,2501544000,,2501544000,6555150018,6.0,5.318,-113713000.0,-0.772,1.0,319527000.0,0.151,0,36266000.0,7256540000,,3752102000,313093000,,,3437517000,,,5237671018,-13105000.0,-79735000.0,6208000.0,164946000.0,-1193000.0,169961000.0,-74210000.0,9830000.0,-108856000.0,0.0,160315000.0,160315000.0,160315000.0,0.0,0.0,0.076,25727000.0,293800000.0,866813000,2.328,2.094,8.263,7.478,0,0.0,35.56,0.636,0.636,69814000,1450917000,2121168000.0,2121168000.0,0.0,,,,,3491000.0,25727000.0,1.0,147291086,147291086,,14.401,5939061000,0,97219000.0,0,40.322,
74,LEN,ARQ,2003-03-31,2003-04-14,2003-02-28,2021-10-01,-28487000,5591826000,,,,,17.941,-4066000.0,500227000,500227000,1394212000.0,106318000.0,,1.396,1826790000,,,1826790000,0,14406000.0,0,0.001,0.006,200994000.0,215400000.0,0.133,215400000.0,200994000.0,170792000.0,0.755,0.685,0.755,2333789000,,2333789000,5075560824,5.0,4.476,-23848000.0,-0.183,1.0,222658000.0,0.138,0,30202000.0,6918389000,,3662319000,298440000,,,3258037000,,,3748997824,-225215000.0,-28194000.0,1624000.0,-193587000.0,-800000.0,-192763000.0,-12670000.0,22050000.0,-19782000.0,0.0,106318000.0,106318000.0,106318000.0,0.0,0.0,0.066,21664000.0,200994000.0,879703000,0.008,1.606,6.469,6.469,0,0.0,28.82,0.488,0.488,51348000,1644463000,1616870000.0,1616870000.0,0.0,,,,,764000.0,21664000.0,1.0,130083200,130083200,,12.43,5591826000,0,64474000.0,0,42.987,
75,LEN,ARQ,2002-12-31,2003-02-28,2002-11-30,2021-10-01,-24437000,5755633000,,,,,17.165,3335000.0,731163000,731163000,2196911000.0,225012000.0,,1.582,1585309000,,,1585309000,0,14820000.0,0,0.001,0.006,412748000.0,427568000.0,0.162,427568000.0,412748000.0,361465000.0,1.76,1.585,1.76,2229157000,,2229157000,4359974772,4.0,4.081,380204000.0,2.928,1.0,442727000.0,0.168,0,51283000.0,6609779000,,3237577000,285594000,,,3526476000,,,3505828772,654753000.0,13399000.0,2204000.0,200806000.0,-799000.0,202085000.0,75799000.0,45179000.0,376869000.0,0.0,225012000.0,225012000.0,225012000.0,0.0,0.0,0.085,29979000.0,412748000.0,969779000,0.003,1.573,6.431,6.315,0,0.0,26.995,0.479,0.479,48432000,1538945000,2639638000.0,2639638000.0,0.0,,,,,1178000.0,29979000.0,1.0,129869560,129869560,,20.325,5755633000,0,136453000.0,0,44.319,
76,LEN,ARQ,2002-09-30,2002-10-15,2002-08-31,2021-10-01,-25321000,5209045000,,,,,15.416,-1674000.0,58363000,58363000,1573058000.0,142219000.0,,1.605,1643008000,,,1643008000,0,12209000.0,0,0.001,0.006,268170000.0,280379000.0,0.151,280379000.0,268170000.0,228464000.0,1.11,1.005,1.11,1999901000,,1999901000,5291076469,6.0,5.547,-204361000.0,-1.575,1.0,287745000.0,0.155,0,39706000.0,6793690000,,3576443000,353708000,,,3209144000,,,3706431469,-400867000.0,-402331000.0,1463000.0,209987000.0,-797000.0,210733000.0,-408913000.0,-4908000.0,-202687000.0,0.0,142219000.0,142219000.0,142219000.0,0.0,0.0,0.076,19575000.0,268170000.0,892098000,0.005,1.853,7.674,7.509,0,0.0,28.57,0.559,0.559,87465000,1314732000,1860803000.0,1860803000.0,0.0,,,,,1140000.0,19575000.0,1.0,129731588,129731588,,14.343,5209045000,0,86245000.0,0,40.152,
77,LEN,ARQ,2002-06-30,2002-07-15,2002-05-31,2021-10-01,-17225000,4556290000,,,,,14.403,-3789000.0,461497000,461497000,1351014000.0,106007000.0,,1.445,1502718000,,,1502718000,0,9796000.0,0,0.001,0.006,200823000.0,210619000.0,0.134,210619000.0,200823000.0,170293000.0,0.83,0.755,0.83,1863194000,,1863194000,4728000152,6.0,5.315,-72614000.0,-0.561,1.0,220603000.0,0.14,0,30530000.0,5597511000,,2802260000,324510000,,,2693096000,,,3686779152,-39589000.0,1071000.0,9641000.0,24729000.0,-796000.0,33618000.0,-4382000.0,-1664000.0,-68825000.0,0.0,106007000.0,106007000.0,106007000.0,0.0,0.0,0.067,19780000.0,200823000.0,680512000,0.007,1.979,8.239,8.051,0,0.0,28.5,0.58,0.58,51222000,1173310000,1571617000.0,1571617000.0,0.0,,,,,5740000.0,19780000.0,1.0,129360672,129360672,,12.149,4556290000,0,64286000.0,0,35.222,
78,LEN,ARQ,2002-03-31,2002-04-15,2002-02-28,2021-10-01,-18333000,4379949000,,,,,13.528,-1957000.0,483573000,483573000,1091585000.0,71891000.0,,1.516,1505570000,,,1505570000,0,10206000.0,0,0.001,0.006,139535000.0,149741000.0,0.12,149741000.0,139535000.0,115487000.0,0.57,0.515,0.57,1740707000,,1740707000,4537344781,5.0,5.16,97254000.0,0.756,1.0,156159000.0,0.125,0,24048000.0,5401946000,,2660360000,315878000,,,2639242000,,,3515347781,-314412000.0,-36416000.0,5944000.0,-390598000.0,-790000.0,-385442000.0,-28181000.0,10192000.0,99211000.0,0.0,71891000.0,71891000.0,71891000.0,0.0,0.0,0.058,16624000.0,139535000.0,660387000,0.011,2.019,8.017,7.839,0,0.0,27.32,0.569,0.569,30914000,1068099000,1247744000.0,1247744000.0,0.0,,,,,2670000.0,16624000.0,1.0,128673052,128673052,,9.697,4379949000,0,43596000.0,0,34.039,
79,LEN,ARQ,2001-12-31,2002-02-28,2001-11-30,2021-10-01,-19286000,4714426000,,,,,12.931,-1809000.0,824013000,824013000,1633437000.0,162878000.0,,1.841,1505255000,,,1505255000,0,12516000.0,0,0.001,0.006,300550000.0,313066000.0,0.16,313066000.0,300550000.0,264842000.0,1.295,1.165,1.295,1659262000,,1659262000,4223552756,5.0,4.985,273680000.0,2.133,1.0,322661000.0,0.165,0,35708000.0,5395668000,,2416541000,300064000,,,3055164000,,,3542310756,611440000.0,76188000.0,856000.0,274593000.0,-819000.0,274778000.0,61173000.0,9696000.0,275489000.0,0.0,162878000.0,162878000.0,162878000.0,0.0,0.0,0.083,22111000.0,300550000.0,755726000,0.005,2.135,8.478,8.29,0,0.0,27.605,0.588,0.588,24345000,996998000,1956098000.0,1956098000.0,0.0,,,,,12150000.0,22111000.0,1.0,128321346,128321346,,15.244,4714426000,0,101964000.0,0,36.739,
80,LEN,ARQ,2001-09-30,2001-10-15,2001-08-31,2021-10-01,-16285000,4172405000,,,,,11.691,-2977000.0,208570000,208570000,1353914000.0,106695000.0,,1.791,1490385000,,,1490385000,0,11882000.0,0,0.001,0.006,204169000.0,216051000.0,0.137,216051000.0,204169000.0,173488000.0,0.845,0.765,0.845,1494829000,,1494829000,3669643565,5.0,4.777,67204000.0,0.526,1.0,223714000.0,0.142,0,30681000.0,5454220000,,2703412000,349772000,,,2677576000,,,2387828565,-6086000.0,-57514000.0,2620000.0,-30390000.0,-787000.0,-27183000.0,-49084000.0,-683000.0,70181000.0,0.0,106695000.0,106695000.0,106695000.0,0.0,0.0,0.068,19545000.0,204169000.0,681738000,0.007,1.597,6.552,6.298,0,0.0,18.675,0.412,0.412,46339000,834939000,1577628000.0,1577628000.0,0.0,,,,,0.0,19545000.0,1.0,127862306,127862306,,12.338,4172405000,0,66793000.0,0,32.632,
81,LEN,ARQ,2001-06-30,2001-07-16,2001-05-31,2021-10-01,-11802000,4000341000,,,,,10.885,-5969000.0,219002000,219002000,1186047000.0,97006000.0,,1.88,1496839000,,,1496839000,0,13447000.0,0,0.001,0.006,187099000.0,200546000.0,0.144,200546000.0,187099000.0,157733000.0,0.775,0.7,0.775,1388812000,,1388812000,4340070488,7.0,6.266,-122745000.0,-0.962,1.0,205486000.0,0.148,0,29366000.0,5278178000,,2521812000,286480000,,,2611529000,,,3062233488,175990000.0,12093000.0,9076000.0,267014000.0,-774000.0,275330000.0,17436000.0,500000.0,-116776000.0,0.0,97006000.0,97006000.0,97006000.0,0.0,0.0,0.07,18387000.0,187099000.0,586205000,0.008,2.205,9.607,9.178,0,0.0,24.0,0.547,0.547,47980000,729031000,1391533000.0,1391533000.0,0.0,,,,,0.0,18387000.0,1.0,127593062,127593062,,10.906,4000341000,0,60727000.0,0,31.352,
82,LEN,ARQ,2001-03-31,2001-04-16,2001-02-28,2021-10-01,-13564000,3692854000,,,,,10.051,-2355000.0,57573000,57573000,981146000.0,51266000.0,,1.894,1291558000,,,1291558000,0,10538000.0,0,0.001,0.006,107108000.0,117646000.0,0.107,117646000.0,107108000.0,83360000.0,0.415,0.375,0.415,1276031000,,1276031000,3818732199,7.0,6.566,-172053000.0,-1.355,1.0,122896000.0,0.111,0,23748000.0,4926839000,,2483343000,292185000,,,2416823000,,,2584747199,-237947000.0,-25166000.0,7237000.0,-47632000.0,-766000.0,-40587000.0,-27662000.0,-141000.0,-169698000.0,0.0,51266000.0,51266000.0,51266000.0,0.0,0.0,0.046,15788000.0,107108000.0,671155000,0.014,2.026,10.011,9.318,0,0.0,20.36,0.5,0.5,47936000,632799000,1104042000.0,1104042000.0,0.0,,,,,0.0,15788000.0,1.0,126952220,126952220,,8.697,3692854000,0,32094000.0,0,29.089,
83,LEN,ARQ,2000-12-31,2001-02-28,2000-11-30,2021-10-01,0,3777914000,,,,,9.736,2909000.0,287627000,287627000,1485414000.0,109478000.0,,2.075,1254650000,,,1254650000,0,13393000.0,0,0.001,0.006,220517000.0,233910000.0,0.136,233910000.0,220517000.0,179473000.0,0.93,0.83,0.93,1228580000,,1228580000,3206840226,7.0,6.185,507525000.0,4.022,1.0,236792000.0,0.137,0,41044000.0,4744937000,,2301584000,257639000,,,2549334000,,,2239817226,243044000.0,3376000.0,3169000.0,-278550000.0,-760000.0,-276175000.0,14603000.0,-526000.0,504616000.0,0.0,109478000.0,109478000.0,109478000.0,0.0,0.0,0.064,16275000.0,220517000.0,778238000,0.006,1.823,9.775,8.875,0,0.0,17.75,0.476,0.476,42270000,582299000,1722206000.0,1722206000.0,0.0,,,,,0.0,16275000.0,1.0,126186886,126186886,,13.648,3777914000,0,69995000.0,0,29.939,
84,LEN,ARQ,2000-09-30,2000-10-16,2000-08-31,2021-10-01,0,3769387000,,,,,8.917,-3222000.0,58134000,58134000,1234821000.0,61007000.0,,2.377,1656066000,,,1656066000,0,12747000.0,0,0.002,0.006,127840000.0,140587000.0,0.102,140587000.0,127840000.0,100011000.0,0.495,0.45,0.495,1116102000,,1116102000,3432270623,9.0,8.404,126127000.0,1.008,1.0,141394000.0,0.103,0,27829000.0,5367319000,,2662750000,254839000,,,2653285000,,,1834338623,-21192000.0,-4148000.0,1096000.0,-122967000.0,-758000.0,-122658000.0,-27883000.0,165000.0,129349000.0,0.0,61007000.0,61007000.0,61007000.0,0.0,0.0,0.044,13554000.0,127840000.0,616181000,0.012,1.644,10.222,9.364,0,0.0,14.655,0.464,0.464,37684000,473581000,1376215000.0,1376215000.0,0.0,,,,,0.0,13554000.0,1.0,125168108,125168108,,10.995,3769387000,0,39004000.0,0,30.115,
85,LEN,ARQ,2000-06-30,2000-07-17,2000-05-31,2021-10-01,0,3805312000,,,,,8.551,-6115000.0,72234000,72234000,877412000.0,36441000.0,,2.61,1732784000,,,1732784000,0,9992000.0,0,0.002,0.006,79499000.0,89491000.0,0.092,89491000.0,79499000.0,59739000.0,0.345,0.32,0.345,1054027000,,1054027000,3081701780,9.0,8.407,-99225000.0,-0.805,1.0,90768000.0,0.094,0,19760000.0,5465862000,,2641423000,243829000,,,2751285000,,,1421151780,61405000.0,-168849000.0,-1240000.0,335475000.0,-750000.0,333652000.0,-179137000.0,-4030000.0,-93110000.0,0.0,36441000.0,36441000.0,36441000.0,0.0,0.0,0.038,11269000.0,79499000.0,596971000,0.017,1.348,8.67,7.897,0,0.0,11.53,0.418,0.418,43815000,413332000,968180000.0,968180000.0,0.0,,,,,0.0,11269000.0,1.0,123256876,123256876,,7.855,3805312000,0,23298000.0,0,30.873,
86,LEN,ARQ,2000-03-31,2000-04-14,2000-02-29,2021-10-01,0,2053068000,,,,,6.409,-4074000.0,30179000,30179000,584930000.0,22211000.0,,1.728,750184000,,,750184000,0,8135000.0,0,0.003,0.006,46380000.0,54515000.0,0.085,54515000.0,46380000.0,36412000.0,0.21,0.2,0.21,752709000,,752709000,1839312611,6.0,5.059,-65530000.0,-0.558,1.0,55437000.0,0.087,0,9968000.0,2773073000,,1393024000,173169000,,,1300359000,,,1119307611,-67547000.0,8407000.0,-150373000.0,139268000.0,-628000.0,-11792000.0,5701000.0,1225000.0,-61456000.0,0.0,22211000.0,22211000.0,22211000.0,0.0,0.0,0.035,9057000.0,46380000.0,316761000,0.029,1.487,6.7,6.55,0,0.0,9.53,0.353,0.353,29374000,377641000,640367000.0,640367000.0,0.0,,,,,0.0,9057000.0,1.0,117450956,117450956,,5.452,2053068000,0,14201000.0,0,17.48,
87,LEN,ARQ,1999-12-31,2000-02-28,1999-11-30,2021-10-01,0,2057647000,,,,,7.514,-4765000.0,83256000,83256000,846118000.0,59788000.0,,1.334,842616000,,,842616000,0,10173000.0,0,0.003,0.006,113630000.0,123803000.0,0.128,123803000.0,113630000.0,98822000.0,0.515,0.47,0.515,881499000,,881499000,1694387329,5.0,4.539,227180000.0,1.936,1.0,123943000.0,0.128,0,14808000.0,2817007000,,1274551000,590852000,,,1176148000,,,935027329,42788000.0,6949000.0,-4732000.0,-172548000.0,-712000.0,-178994000.0,-10163000.0,-12229000.0,231945000.0,0.0,59788000.0,59788000.0,59788000.0,0.0,0.0,0.062,10313000.0,113630000.0,333532000,0.012,1.061,5.414,5.367,0,0.0,7.97,0.3,0.3,11162000,356058000,970061000.0,970061000.0,0.0,,,,,0.0,10313000.0,1.0,117318360,117318360,,8.269,2057647000,0,39034000.0,0,17.539,
88,LEN,ARQ,1999-09-30,1999-10-14,1999-08-31,2021-10-01,0,2203998000,,,,,7.098,-3501000.0,38357000,38357000,720858000.0,45473000.0,,1.661,711721000,,,711721000,0,10036000.0,0,0.004,0.006,88710000.0,98746000.0,0.12,98746000.0,88710000.0,75162000.0,0.39,0.36,0.39,828407000,,828407000,1516041116,4.0,3.966,-8356000.0,-0.072,1.0,98639000.0,0.12,0,13548000.0,2877362000,,1438254000,158862000,,,1375591000,,,842677116,13474000.0,23144000.0,1485000.0,-13099000.0,-717000.0,-12184000.0,30513000.0,10969000.0,-4855000.0,0.0,45473000.0,45473000.0,45473000.0,0.0,0.0,0.055,9929000.0,88710000.0,327892000,0.015,1.017,4.678,4.613,0,0.0,7.22,0.284,0.284,28533000,296982000,819497000.0,819497000.0,0.0,,,,,0.0,9929000.0,1.0,116714282,116714282,,7.021,2203998000,0,29689000.0,16687000,18.884,
89,LEN,ARQ,1999-06-30,1999-07-14,1999-05-31,2021-10-01,0,2148895000,,,,,6.707,-3486000.0,27642000,27642000,653151000.0,39591000.0,,1.747,717047000,,,717047000,0,10102000.0,0,0.002,0.006,76400000.0,86502000.0,0.117,86502000.0,76400000.0,65440000.0,0.34,0.315,0.34,782166000,,782166000,1986862241,6.0,5.472,-29046000.0,-0.249,1.0,85206000.0,0.115,0,10960000.0,2838300000,,1381725000,193002000,,,1366729000,,,1297457241,-40173000.0,-20362000.0,466000.0,12547000.0,-716000.0,12413000.0,-27026000.0,-3077000.0,-25560000.0,0.0,39591000.0,39591000.0,39591000.0,0.0,0.0,0.054,8806000.0,76400000.0,320700000,0.018,1.659,7.645,7.517,0,0.0,11.125,0.468,0.468,27736000,252226000,738357000.0,738357000.0,0.0,,,,,0.0,8806000.0,1.0,116625370,116625370,,6.331,2148895000,0,25849000.0,11093000,18.426,
90,LEN,ARQ,1999-03-31,1999-04-13,1999-02-28,2021-10-01,0,2071945000,,,,,6.374,-3576000.0,74543000,74543000,526488000.0,27862000.0,,1.789,713303000,,,713303000,0,8645000.0,0,0.002,0.006,55596000.0,64241000.0,0.109,64241000.0,55596000.0,46053000.0,0.24,0.225,0.24,742825000,,742825000,1913709088,6.0,5.719,-83816000.0,-0.719,1.0,64111000.0,0.109,0,9543000.0,2710705000,,1324905000,175372000,,,1329120000,,,1274949088,40501000.0,-22954000.0,14000.0,143033000.0,-716000.0,142587000.0,-21846000.0,4405000.0,-80240000.0,0.0,27862000.0,27862000.0,27862000.0,0.0,0.0,0.047,8515000.0,55596000.0,312195000,0.025,1.716,8.187,7.928,0,0.0,10.94,0.497,0.497,26653000,213351000,590599000.0,590599000.0,0.0,,,,,0.0,8515000.0,1.0,116540136,116540136,,5.068,2071945000,0,18191000.0,16929000,17.779,
91,LEN,ARQ,1998-12-31,1999-03-01,1998-11-30,2021-10-01,0,1917834000,,,,,6.141,-2756000.0,34677000,34677000,692069000.0,67194000.0,,1.68,846462000,,,846462000,0,9634000.0,0,0.002,0.006,123176000.0,132810000.0,0.161,132810000.0,123176000.0,111991000.0,0.595,0.56,0.595,715665000,,715665000,2162975117,8.0,6.91,166116000.0,1.425,1.0,131043000.0,0.159,0,11185000.0,2729619000,,1198553000,523490000,,,1202169000,,,1351190117,-23680000.0,13130000.0,357000.0,-206580000.0,-716000.0,-204019000.0,11467000.0,1083000.0,168872000.0,0.0,67194000.0,67194000.0,67194000.0,0.0,0.0,0.082,7867000.0,123176000.0,322267000,0.01,1.888,9.379,8.954,0,0.0,11.595,0.559,0.559,23803000,186205000,823112000.0,823112000.0,0.0,,,,,0.0,7867000.0,1.0,116532136,116532136,,7.063,1917834000,0,44797000.0,33440000,16.458,
92,LEN,ARQ,1998-09-30,1998-10-14,1998-08-31,2021-10-01,0,1967546000,,,,,5.58,-6266000.0,49372000,49372000,540754000.0,35065000.0,,2.032,841017000,,,841017000,0,7695000.0,0,1.432,0.006,71878000.0,79573000.0,0.128,79573000.0,71878000.0,58441000.0,0.305,0.295,0.305,648831000,,648831000,1809023862,11.0,9.641,4238000.0,0.036,1.0,80181000.0,0.129,0,13437000.0,2759191000,,1308147000,186663000,,,1318715000,,,1017378862,25620000.0,-127342000.0,20411000.0,126295000.0,-719000.0,149367000.0,-134251000.0,-676000.0,10504000.0,0.0,35065000.0,35065000.0,35065000.0,0.0,0.0,0.056,8303000.0,71878000.0,262347000,0.02,1.568,11.108,10.294,11857000,0.0,8.75,0.519,0.519,28163000,119727000,620935000.0,620935000.0,0.0,,,,,0.0,8303000.0,1.0,116271870,116271870,,5.34,1967546000,0,23376000.0,13353000,16.922,
93,LEN,ARQ,1998-06-30,1998-07-14,1998-05-31,2021-10-01,0,1617245000,,,,,4.379,-2473000.0,39075000,39075000,470537000.0,25606000.0,,2.178,728004000,,,728004000,0,2957000.0,0,0.761,0.006,55066000.0,58023000.0,0.109,58023000.0,55066000.0,42677000.0,0.24,0.235,0.24,508953000,,508953000,2603166015,17.0,15.617,-58230000.0,-0.501,1.0,61569000.0,0.116,0,12389000.0,2306174000,,1010819000,183269000,,,1108292000,,,1914237015,-11127000.0,-15563000.0,17731000.0,41507000.0,-661000.0,61819000.0,-17189000.0,316000.0,-55757000.0,0.0,25606000.0,25606000.0,25606000.0,0.0,0.0,0.048,6503000.0,55066000.0,195078000,0.025,3.761,22.571,17.615,9824000,0.0,16.47,1.123,1.123,11802000,85381000,532106000.0,532106000.0,0.0,,,,,0.0,6503000.0,1.0,116225684,116225684,,4.578,1617245000,0,17071000.0,4645000,13.915,
94,LEN,ARQ,1998-03-31,1998-04-14,1998-02-28,2021-10-01,0,1534113000,,,,,4.28,-1687000.0,53110000,53110000,396801000.0,16203000.0,,2.355,711290000,,,711290000,0,4978000.0,0,0.716,0.006,37622000.0,42600000.0,0.097,42600000.0,37622000.0,27005000.0,0.15,0.15,0.15,457301000,,457301000,2527957875,18.0,16.269,-62110000.0,-0.581,1.0,43911000.0,0.1,0,10617000.0,2192293000,,952394000,176923000,,,1076812000,,,1869777875,8165000.0,-67473000.0,2752000.0,133419000.0,-653000.0,138387000.0,-69799000.0,-215000.0,-60423000.0,0.0,16203000.0,16203000.0,16203000.0,0.0,0.0,0.037,6289000.0,37622000.0,212154000,0.04,4.089,23.025,17.5,8661000,0.0,17.5,1.26,1.26,18776000,60436000,440712000.0,440712000.0,0.0,,,,,0.0,6289000.0,1.0,106844450,106844450,,4.125,1534113000,0,10802000.0,7749000,14.358,
95,LEN,ARQ,1997-12-31,1998-02-27,1997-11-30,2021-10-01,0,1343284000,,,,,4.116,3555000.0,52926000,52926000,361964000.0,14719000.0,,2.06,683265000,,,683265000,0,2584000.0,0,0.897,12.513,4863000.0,7447000.0,0.02,7447000.0,4863000.0,5271000.0,0.155,,0.155,438999000,,438999000,2120486713,15.0,13.808,22499000.0,0.211,1.0,5851000.0,0.016,0,-408000.0,1973623000,,806975000,312508000,,,904285000,,,1490147713,-16635000.0,69536000.0,722000.0,-45904000.0,-651000.0,-112528000.0,76949000.0,-632000.0,18944000.0,0.0,14719000.0,14719000.0,14719000.0,-33826000.0,0.0,0.04,34814000.0,-28963000.0,198386000,80.729,3.394,17.649,12.529,8598000,0.0,13.97,1.144,1.144,34646000,44886000,367815000.0,367815000.0,0.0,,,,,0.0,5585000.0,1.0,106667696,106667696,,3.448,1343284000,0,-9448000.0,22634000,12.593,
96,LEN,ARQ,1997-09-30,1997-10-31,1997-09-30,2021-10-01,0,391333000,,,,,5.757,0.0,26222000,26222000,130747000.0,7861000.0,,1.271,189866000,,,189866000,0,340000.0,0,0.002,0.0,13278000.0,13618000.0,0.086,13618000.0,13278000.0,13278000.0,0.265,0.265,0.265,172321000,,172321000,1633264470,,,-24414000.0,-0.816,1.0,27660000.0,0.175,0,0.0,554977000,,0,0,,,219012000,,,1469620470,-16196000.0,0.0,0.0,8218000.0,0.0,8218000.0,0.0,0.0,-24414000.0,0.0,7861000.0,7861000.0,7861000.0,0.0,0.0,0.05,14830000.0,12830000.0,29146000,0.0,8.528,,,0,0.0,20.375,,,0,39596000,158407000.0,158407000.0,0.0,,,,,0.0,14830000.0,1.0,72128612,29934000,,5.292,391333000,0,5417000.0,0,13.073,
97,LEN,ARQ,1997-09-30,1997-10-15,1997-08-31,2021-10-01,18774000,1943847000,,,,,10.628,-8257000.0,31103000,31103000,304405000.0,28281000.0,,1.506,967096000,,,967096000,0,2331000.0,0,0.002,0.0,56287000.0,58618000.0,0.161,58618000.0,56287000.0,46362000.0,0.39,,0.39,775523000,,775523000,2513806388,,,-14090000.0,-0.193,1.0,59942000.0,0.165,0,9925000.0,2879840000,,847123000,518466000,,,1168324000,,,1577813388,4677000.0,29437000.0,589000.0,-41225000.0,-877000.0,-39340000.0,49850000.0,28198000.0,-5833000.0,0.0,28281000.0,28281000.0,28281000.0,0.0,0.0,0.078,3655000.0,56287000.0,193726000,0.0,2.035,,,239065000,0.0,21.875,,,44209000,579431000,364347000.0,364347000.0,0.0,,,,,0.0,3655000.0,1.0,72128612,72972000,,4.993,1943847000,0,18081000.0,7502000,26.638,
98,LEN,ARQ,1997-06-30,1997-08-01,1997-06-30,2021-10-01,0,378469000,,,,,5.494,0.0,42418000,42418000,123040000.0,7709000.0,,1.303,181144000,,,181144000,0,292000.0,0,0.003,0.013,13022000.0,13314000.0,0.09,13314000.0,13022000.0,13022000.0,0.26,0.26,0.26,164367000,,164367000,700895121,,,13799000.0,0.461,1.0,25557000.0,0.172,0,0.0,517195000,,0,0,,,214102000,,,562169121,24073000.0,0.0,0.0,10274000.0,0.0,10274000.0,0.0,0.0,13799000.0,0.0,7709000.0,7709000.0,7709000.0,0.0,0.0,0.052,13243000.0,12314000.0,32958000,0.05,3.42,,,0,0.0,18.78,,,0,31735000,148597000.0,148597000.0,0.0,,,,,0.0,13243000.0,1.0,29934458,29920000,,4.966,378469000,4207000,5313000.0,0,12.649,
99,LEN,ARQ,1997-06-30,1997-07-15,1997-05-31,2021-10-01,13761000,1925837000,,,,,10.222,-10923000.0,15828000,15828000,262559000.0,22004000.0,,1.594,985867000,,,985867000,0,1884000.0,0,0.003,0.0,44836000.0,46720000.0,0.15,46720000.0,44836000.0,36072000.0,0.305,,0.305,742517000,,742517000,2181640664,,,-61051000.0,-0.84,1.0,48091000.0,0.155,0,8764000.0,2895876000,,838177000,557752000,,,1183320000,,,1211601664,8685000.0,19370000.0,574000.0,-7864000.0,-875000.0,-5552000.0,64365000.0,56127000.0,-50128000.0,0.0,22004000.0,22004000.0,22004000.0,0.0,0.0,0.071,3255000.0,44836000.0,180492000,0.0,1.632,,,238435000,0.0,16.815,,,52189000,552027000,310650000.0,310650000.0,0.0,,,,,0.0,3255000.0,1.0,72054812,72638000,,4.277,1925837000,0,14068000.0,16961000,26.513,
100,LEN,ARQ,1997-03-31,1997-05-01,1997-03-31,2021-10-01,0,357071000,,,,,5.236,0.0,18345000,18345000,83531000.0,3975000.0,,1.279,168829000,,,168829000,0,273000.0,0,0.005,0.025,6714000.0,6987000.0,0.069,6987000.0,6714000.0,6714000.0,0.135,0.135,0.135,156658000,,156658000,550657072,,,-16372000.0,-0.547,1.0,17951000.0,0.177,0,0.0,507555000,,0,0,,,200413000,,,400173072,-12797000.0,0.0,0.0,3575000.0,0.0,3575000.0,0.0,0.0,-16372000.0,0.0,3975000.0,3975000.0,3975000.0,0.0,0.0,0.039,11376000.0,6575000.0,31584000,0.185,2.554,,,0,0.0,13.375,,,0,24026000,101482000.0,101482000.0,0.0,,,,,0.0,11376000.0,1.0,29919482,29920000,,3.392,357071000,4207000,2739000.0,0,11.934,
101,LEN,ARQ,1997-03-31,1997-04-14,1997-02-28,2021-10-01,8221000,1845234000,,,,,9.857,-6970000.0,19969000,19969000,230265000.0,19427000.0,,1.58,943488000,,,943488000,0,2240000.0,0,0.004,0.0,38546000.0,40786000.0,0.15,40786000.0,38546000.0,31848000.0,0.27,,0.27,715274000,,715274000,1312472266,,,-61018000.0,-0.841,1.0,41901000.0,0.154,0,6698000.0,2768753000,,750139000,606043000,,,1129960000,,,388953266,5202000.0,21198000.0,944000.0,76612000.0,-874000.0,79149000.0,-19899000.0,-37906000.0,-54048000.0,0.0,19427000.0,19427000.0,19427000.0,0.0,0.0,0.071,3355000.0,38546000.0,167848000,0.0,0.544,,,226371000,0.0,13.0,,,47421000,530898000,272166000.0,272166000.0,0.0,,,,,0.0,3355000.0,1.0,29919482,72564000,,3.751,1845234000,0,12421000.0,18624000,25.429,
102,LEN,ARQ,1996-12-31,1997-02-11,1996-12-31,2021-10-01,0,350469000,,,,,5.103,,31142000,31142000,,,,1.295,165254000,,,165254000,0,,0,0.004,0.013,,,,,,,,,,152683000,,152683000,521270097,16.0,15.246,,,1.0,,,0,,484581000,,0,0,,,197786000,,,387158097,,,,,,,,,,,,,,,,,,,32532000,,2.536,19.663,,0,,12.94,0.922,0.922,0,20051000,,,,,,,,,,1.0,29919482,29920000,,,350469000,4480000,,0,11.714,
0,LEN,ART,2021-09-30,2021-10-01,2021-08-31,2021-10-01,-1300000,32744190000,31113643500.0,,,0.82,66.727,-32135000.0,2644839000,2644839000,20620453000.0,4153808000.0,,0.579,5542513000,,,5542513000,0,91627000.0,0,0.011,1.0,5371471000.0,5463098000.0,0.214,5463098000.0,5371471000.0,5371471000.0,13.21,13.19,13.21,20650188000,19279349500.0,20650188000,31895322960,6.0,5.838,2574187000.0,8.318,1.0,4902553000.0,0.192,3442359000,0.0,32199505000,30908343500.0,19105943000,983429000,,,11964651000,,,28997648960,579912000.0,239990000.0,-455043000.0,-863138000.0,-311919000.0,-1882504000.0,-143906000.0,-351777000.0,2606322000.0,0.0,4122380000.0,4122380000.0,4122380000.0,0.0,31428000.0,0.162,433655000.0,4468898000.0,1230577000,0.076,1.404,7.034,7.093,0,0.0,93.7,1.136,1.136,369492000,13570626000,25523006000.0,25523006000.0,0.0,0.132,0.214,0.174,0.21,128718000.0,391649000.0,1.0,309473308,309473308,,82.472,29301831000,0,1249091000.0,0,94.683,
1,LEN,ART,2021-06-30,2021-07-02,2021-05-31,2021-10-01,-1431000,31223227000,30256417250.0,,,0.808,62.68,-35174000.0,2617220000,2617220000,20012641000.0,3413913000.0,,0.589,5894342000,,,5894342000,0,94832000.0,0,0.011,1.125,4415555000.0,4510387000.0,0.184,4510387000.0,4415555000.0,4415555000.0,10.82,10.79,10.82,19576108000,18409828250.0,19576108000,34942839314,8.0,7.747,3562962000.0,11.408,1.0,4439216000.0,0.182,3442359000,0.0,31057990000,30627078500.0,18418999000,1010256000,,,11521129000,,,31665717314,1126063000.0,245872000.0,-199075000.0,-1677240000.0,-273224000.0,-2315838000.0,-156235000.0,-366914000.0,3598136000.0,0.0,3381910000.0,3381910000.0,3381910000.0,0.0,32003000.0,0.138,416175000.0,4023041000.0,1171358000,0.104,1.618,9.363,9.371,0,0.0,101.39,1.295,1.295,353910000,12241400000,24451857000.0,24451857000.0,0.0,0.112,0.184,0.144,0.181,132625000.0,389368000.0,1.0,312315981,312315981,,78.292,27780868000,0,1033645000.0,0,88.951,
2,LEN,ART,2021-03-31,2021-04-01,2021-02-28,2021-10-01,-1747000,30551980000,29777866750.0,,,0.783,60.298,-11219000.0,2439289000,2439289000,19377123000.0,3093239000.0,,0.61,5976168000,,,5976168000,0,96464000.0,0,0.007,0.75,4001964000.0,4098428000.0,0.176,4098428000.0,4001964000.0,4001964000.0,9.82,9.79,9.82,18896246000,17651477000.0,18896246000,35949939233,9.0,8.772,4182132000.0,13.345,1.0,3931862000.0,0.169,3442359000,0.0,30646500000,30851103250.0,17692942000,1077353000,,,11534529000,,,32413060233,1520156000.0,235691000.0,-95016000.0,-2022865000.0,-233646000.0,-2286459000.0,-386736000.0,-611858000.0,4193351000.0,0.0,3067953000.0,3067953000.0,3067953000.0,0.0,25286000.0,0.132,394416000.0,3537446000.0,1037266000,0.076,1.715,10.565,10.533,0,0.0,103.43,1.391,1.391,300134000,11488520000,23308985000.0,23308985000.0,0.0,0.103,0.174,0.13,0.172,124094000.0,382102000.0,1.0,313381613,313381613,,74.379,27109621000,0,934011000.0,0,86.507,
3,LEN,ART,2020-12-31,2021-01-22,2020-11-30,2021-10-01,-805000,29935177000,29433296500.0,,,0.764,57.55,-38818000.0,2719197000,2719197000,19014746000.0,2467553000.0,,0.658,5955758000,,,5955758000,0,94553000.0,0,0.006,0.5,3121271000.0,3215824000.0,0.143,3215824000.0,3121271000.0,3121271000.0,7.88,7.85,7.88,17994856000,16938565250.0,17994856000,29695632805,10.0,9.234,4152001000.0,13.279,1.0,3474108000.0,0.154,3442359000,0.0,29729379000,31452783750.0,16925228000,953177000,,,11835776000,,,26459071805,1464039000.0,235691000.0,-321524000.0,-2064276000.0,-195043000.0,-2446575000.0,-280205000.0,-478721000.0,4190819000.0,0.0,2465036000.0,2465036000.0,2465036000.0,0.0,2517000.0,0.11,358418000.0,3115690000.0,1037338000,0.063,1.47,10.734,10.739,0,0.0,84.62,1.177,1.177,298671000,10564994000,22488854000.0,22488854000.0,0.0,0.084,0.146,0.099,0.139,107131000.0,358418000.0,1.0,312681066,312681066,,71.923,26492818000,0,656235000.0,0,84.728,
4,LEN,ART,2020-09-30,2020-10-01,2020-08-31,2021-10-01,-163000,29315285000,29289380000.0,,,0.773,54.909,-6277000.0,1978755000,1978755000,19419192000.0,2247827000.0,,0.701,7180274000,,,7180274000,0,97149000.0,0,0.005,0.415,2856581000.0,2953730000.0,0.13,2953730000.0,2856581000.0,2856581000.0,7.18,7.15,7.18,17172103000,16427230500.0,17172103000,31136791195,11.0,10.542,4074617000.0,13.029,1.0,3215303000.0,0.142,3442359000,0.0,31074445000,32141254000.0,17671262000,940695000,,,12034940000,,,25935272195,1162216000.0,170390000.0,-422636000.0,-2298805000.0,-129790000.0,-2710164000.0,-208514000.0,-374572000.0,4080894000.0,0.0,2256580000.0,2256580000.0,2256580000.0,0.0,-8753000.0,0.1,356002000.0,2859301000.0,1140341000,0.058,1.51,11.493,11.55,0,0.0,82.93,1.146,1.146,295958000,9760165000,22634495000.0,22634495000.0,0.0,0.077,0.137,0.089,0.126,105301000.0,356002000.0,1.0,312736913,312736913,,72.376,25872926000,0,600001000.0,0,82.731,
5,LEN,ART,2020-06-30,2020-07-06,2020-05-31,2021-10-01,-338000,29309025000,29325420500.0,,,0.771,52.98,35706000.0,1408251000,1408251000,19639283000.0,2091147000.0,,0.766,7495674000,,,7495674000,0,95678000.0,0,0.005,0.33,2668279000.0,2763957000.0,0.122,2763957000.0,2668279000.0,2668279000.0,6.65,6.62,6.65,16542703000,15977189250.0,16542703000,25427662563,10.0,9.2,3258742000.0,10.437,1.0,2982016000.0,0.132,3442359000,0.0,31954089000,32943508000.0,17947406000,973044000,,,12676401000,,,19340239563,635813000.0,414773000.0,-718079000.0,-1849673000.0,-103722000.0,-2524363000.0,-62860000.0,-519665000.0,3223036000.0,0.0,2103528000.0,2103528000.0,2103528000.0,0.0,-12381000.0,0.093,355956000.0,2626060000.0,1033558000,0.05,1.169,9.194,9.314,0,0.0,61.94,0.855,0.855,299494000,9132714000,22621299000.0,22621299000.0,0.0,0.072,0.132,0.081,0.118,110691000.0,355956000.0,1.0,312241517,312241517,,72.448,25866666000,0,564751000.0,0,82.842,
6,LEN,ART,2020-03-31,2020-04-07,2020-02-29,2021-10-01,452000,29173699000,29393930250.0,,,0.779,51.385,6497000.0,793616000,793616000,19980364000.0,1993918000.0,,0.809,8115498000,,,8115498000,0,94252000.0,0,0.006,0.245,2552396000.0,2646648000.0,0.116,2646648000.0,2552396000.0,2552396000.0,6.3,6.27,6.3,16044599000,15631339500.0,16044599000,19580458399,8.0,7.398,2396239000.0,7.674,1.0,2916452000.0,0.127,3442359000,0.0,33053222000,33634806000.0,18643480000,946716000,,,12980322000,,,12258576399,12455000.0,430123000.0,-770033000.0,-1694403000.0,-77834000.0,-2488050000.0,110763000.0,-332321000.0,2389742000.0,0.0,2007594000.0,2007594000.0,2007594000.0,0.0,-13676000.0,0.088,348618000.0,2567834000.0,1180708000,0.039,0.764,6.106,6.232,0,0.0,39.26,0.535,0.535,311817000,8654213000,22896816000.0,22896816000.0,0.0,0.068,0.128,0.076,0.111,101896000.0,348618000.0,1.0,312240866,312240866,,73.331,25731340000,0,544802000.0,0,82.409,
7,LEN,ART,2019-12-31,2020-01-27,2019-11-30,2021-10-01,498000,29359511000,29287987000.0,,,0.76,50.496,-16056000.0,1210530000,1210530000,19457266000.0,1842119000.0,,0.835,7776638000,,,7776638000,0,92200000.0,0,0.004,0.245,2441225000.0,2533425000.0,0.114,2533425000.0,2441225000.0,2441225000.0,5.76,5.74,5.76,15949517000,15316893250.0,15949517000,27820227340,11.0,10.981,1466287000.0,4.642,1.0,2802295000.0,0.126,3442359000,0.0,32483260000,33796141500.0,17776507000,1009035000,,,13325681000,,,21254119340,-127285000.0,447913000.0,-522581000.0,-1039314000.0,-51454000.0,-1629224000.0,19596000.0,-421127000.0,1482343000.0,0.0,1849052000.0,1849052000.0,1849052000.0,0.0,-6933000.0,0.083,341114000.0,2461181000.0,1069179000,0.043,1.333,11.495,11.682,0,0.0,67.29,0.955,0.955,329124000,8295001000,22259561000.0,22259561000.0,0.0,0.063,0.121,0.072,0.11,86940000.0,341114000.0,1.0,315858513,315858513,,70.473,25917152000,0,592173000.0,0,82.053,
8,LEN,ART,2019-09-30,2019-10-08,2019-08-31,2021-10-01,407000,29459447000,29089654500.0,,,0.748,48.397,-52672000.0,808643000,808643000,19046182000.0,1969163000.0,,0.91,9075016000,,,9075016000,0,88289000.0,0,0.003,0.16,2583867000.0,2672156000.0,0.123,2672156000.0,2583867000.0,2583867000.0,6.16,6.13,6.16,15371938000,14974897750.0,15371938000,27050366929,10.0,10.123,1208559000.0,3.805,1.0,2701058000.0,0.124,3442359000,0.0,34283461000,33754697500.0,18848170000,1002936000,,,13993500000,,,18783993929,-16072000.0,318177000.0,-669405000.0,-927054000.0,-51950000.0,-1662866000.0,385563000.0,100752000.0,1261231000.0,0.0,1970896000.0,1970896000.0,1970896000.0,0.0,-1733000.0,0.091,355852000.0,2345206000.0,1092708000,0.026,1.222,9.531,9.601,0,0.0,59.14,0.864,0.864,295418000,7633375000,21747240000.0,21747240000.0,0.0,0.068,0.132,0.077,0.119,82455000.0,342934000.0,1.0,317619106,317619106,,68.47,26017088000,0,612971000.0,0,81.913,
9,LEN,ART,2019-06-30,2019-07-03,2019-05-31,2021-10-01,227000,29583064000,28797141500.0,,,0.749,47.057,-103457000.0,812365000,812365000,18923582000.0,1924140000.0,,0.946,9390941000,,,9390941000,0,90737000.0,0,0.003,0.16,2467570000.0,2558307000.0,0.119,2558307000.0,2467570000.0,2467570000.0,5.93,5.91,5.93,15159304000,14639917250.0,15159304000,24434620824,10.0,9.551,1143865000.0,3.551,1.0,2639169000.0,0.122,3442359000,0.0,34719281000,33532424250.0,18774488000,983683000,,,14336529000,,,15856044824,-170303000.0,92006000.0,-372025000.0,-1200341000.0,-52256000.0,-1683399000.0,265774000.0,255230000.0,1247322000.0,0.0,1910741000.0,1910741000.0,1910741000.0,0.0,13399000.0,0.089,371575000.0,2267594000.0,1067984000,0.027,1.046,8.298,8.3,0,0.0,49.22,0.735,0.735,303595000,7132908000,21562751000.0,21562751000.0,0.0,0.066,0.131,0.074,0.114,70325000.0,346665000.0,1.0,322146380,322146380,,66.935,26140705000,0,556829000.0,0,81.145,
10,LEN,ART,2019-03-31,2019-04-08,2019-02-28,2021-10-01,-158000,28749926000,28489152750.0,,,0.753,45.755,-78391000.0,865426000,865426000,19005356000.0,1820120000.0,,0.937,9256423000,,,9256423000,0,89973000.0,0,0.003,0.16,2291786000.0,2381759000.0,0.111,2381759000.0,2291786000.0,2291786000.0,5.57,5.55,5.57,14786814000,14247919000.0,14786814000,24969839872,11.0,10.484,1251523000.0,3.873,1.0,2453566000.0,0.114,3442359000,0.0,33698564000,33336471000.0,18208798000,924056000,,,13856231000,,,16578842872,-4516000.0,66342000.0,-319953000.0,-1250716000.0,-52402000.0,-1676530000.0,342100000.0,331334000.0,1329914000.0,0.0,1799526000.0,1799526000.0,1799526000.0,0.0,20594000.0,0.084,404252000.0,2049314000.0,1025286000,0.029,1.121,9.213,9.21,0,0.0,51.3,0.773,0.773,222579000,6724242000,21458922000.0,21458922000.0,0.0,0.063,0.126,0.069,0.107,71788000.0,355467000.0,1.0,323174325,323174325,,66.4,25307567000,0,492260000.0,0,78.309,
11,LEN,ART,2018-12-31,2019-01-28,2018-11-30,2021-10-01,-366000,28566181000,28287677000.0,,,0.727,44.977,-91806000.0,1350206000,1350206000,18237446000.0,1717513000.0,,0.952,8543868000,,,8543868000,0,91181000.0,0,0.004,0.16,2241002000.0,2332183000.0,0.113,2332183000.0,2241002000.0,2241002000.0,5.46,5.44,5.46,14581535000,13816448000.0,14581535000,21626951306,10.0,9.273,1619803000.0,4.996,1.0,2334185000.0,0.113,3442359000,0.0,32317484000,33445914750.0,17068704000,996926000,,,13883224000,,,14433289306,-1092414000.0,-878008000.0,-296772000.0,-1778521000.0,-49159000.0,-2195901000.0,-608122000.0,322249000.0,1711609000.0,0.0,1695831000.0,1695831000.0,1695831000.0,0.0,21682000.0,0.082,496914000.0,1837271000.0,1154782000,0.029,0.99,8.511,8.154,0,0.0,44.52,0.702,0.702,236841000,6487650000,20571631000.0,20571631000.0,0.0,0.06,0.123,0.067,0.109,72655000.0,343934000.0,1.0,324197873,324197873,,63.454,25123822000,0,545171000.0,0,77.495,
12,LEN,ART,2018-09-30,2018-10-09,2018-08-31,2021-10-01,-615000,28289395000,25832390250.0,,,0.693,42.485,-43441000.0,845015000,845015000,15918055000.0,1217068000.0,,1.01,9407987000,,,9407987000,0,86131000.0,0,0.004,0.16,1680344000.0,1766475000.0,0.099,1766475000.0,1680344000.0,1680344000.0,4.1,4.09,4.1,14032016000,12139143500.0,14032016000,23197910010,14.0,13.132,1374381000.0,4.161,1.0,1979935000.0,0.111,3457999000,0.0,33394368000,31048245250.0,17569072000,997488000,,,14173215000,,,14634938010,210690000.0,-903388000.0,-46224000.0,-280808000.0,-45412000.0,-261824000.0,-945308000.0,-50282000.0,1417822000.0,0.0,1209273000.0,1209273000.0,1209273000.0,0.0,7795000.0,0.068,474689000.0,1505246000.0,956597000,0.039,1.043,12.102,10.807,0,0.0,44.31,0.818,0.818,170658000,5704676000,17897990000.0,17897990000.0,0.0,0.047,0.1,0.054,0.094,73690000.0,334627000.0,1.0,330285218,330285218,,54.189,24831396000,0,471071000.0,0,75.182,
13,LEN,ART,2018-06-30,2018-07-06,2018-05-31,2021-10-01,-339000,28351109000,22994884750.0,,,0.673,41.251,-41421000.0,949262000,949262000,13738092000.0,993038000.0,,1.078,9985615000,,,9985615000,0,78336000.0,0,0.003,0.16,1502795000.0,1581131000.0,0.102,1581131000.0,1502795000.0,1502795000.0,3.79,3.78,3.79,13591311000,10519704500.0,13591311000,26726062148,18.0,16.903,1149599000.0,3.489,1.0,1748805000.0,0.113,3451994000,0.0,33935468000,28136959750.0,17394994000,960676000,,,14652239000,,,17689709148,169886000.0,-927778000.0,-52286000.0,-111922000.0,-41610000.0,-59371000.0,-961763000.0,-31157000.0,1191020000.0,0.0,1005227000.0,1005227000.0,1005227000.0,0.0,-12189000.0,0.065,439211000.0,1309594000.0,844883000,0.042,1.302,17.598,14.166,0,0.0,53.69,1.142,1.142,193984000,5264674000,15486897000.0,15486897000.0,0.0,0.044,0.096,0.053,0.097,70258000.0,311141000.0,1.0,329478658,329478658,,47.004,24899115000,0,497568000.0,0,75.571,
14,LEN,ART,2018-03-31,2018-04-09,2018-02-28,2021-10-01,376000,27944023000,20095733750.0,,,0.661,40.103,-67923000.0,756747000,756747000,11631043000.0,878897000.0,,1.131,10382540000,,,10382540000,0,74151000.0,0,0.003,0.16,1439114000.0,1513265000.0,0.114,1513265000.0,1439114000.0,1439114000.0,3.75,3.75,3.75,13060930000,8952519500.0,13060930000,29420896241,20.0,19.442,706889000.0,2.17,1.0,1658685000.0,0.125,3433477000,0.0,34136339000,25060970750.0,17580816000,990723000,,,14769939000,,,19795103241,100525000.0,-941491000.0,-51705000.0,415873000.0,-37825000.0,457658000.0,-1131945000.0,-191431000.0,774812000.0,0.0,908615000.0,908615000.0,908615000.0,0.0,-29718000.0,0.068,397195000.0,1261490000.0,782797000,0.043,1.516,21.786,16.208,0,0.0,60.78,1.49,1.49,194235000,4967580000,13289728000.0,13289728000.0,0.0,0.045,0.101,0.057,0.108,66589000.0,293000000.0,1.0,325684489,325684489,,40.806,24510546000,0,530499000.0,0,75.259,
15,LEN,ART,2017-12-31,2018-01-25,2017-11-30,2021-10-01,1034000,18745034000,17167256250.0,,,0.737,32.807,-52741000.0,2291665000,2291665000,11021481000.0,771754000.0,,1.367,6410003000,,,6410003000,0,66324000.0,0,0.002,0.16,1228337000.0,1294661000.0,0.102,1294661000.0,1228337000.0,1228337000.0,3.38,3.38,3.38,7872317000,7463800250.0,7872317000,20548403240,17.0,15.872,944123000.0,3.935,1.0,1624884000.0,0.128,136566000,0.0,22726806000,21829749750.0,10860890000,900769000,,,10758902000,,,16430065240,1321343000.0,-611103000.0,-26334000.0,1129302000.0,-37608000.0,1194296000.0,-869817000.0,-278281000.0,996864000.0,0.0,810480000.0,810480000.0,810480000.0,0.0,-38726000.0,0.064,285889000.0,1338995000.0,604953000,0.047,2.087,20.272,20.257,0,0.0,68.47,1.299,1.299,137667000,4840978000,12646365000.0,12646365000.0,0.0,0.047,0.109,0.056,0.097,59375000.0,285889000.0,1.0,239960059,239960059,,52.702,18608468000,0,417857000.0,0,77.548,
16,LEN,ART,2017-09-30,2017-10-10,2017-08-31,2021-10-01,1251000,16939373000,16321443000.0,,,0.75,32.11,-80635000.0,573642000,573642000,10635739000.0,784442000.0,,1.228,5523765000,,,5523765000,0,61341000.0,0,0.002,0.12,1220211000.0,1281552000.0,0.105,1281552000.0,1220211000.0,1218908000.0,3.52,3.47,3.52,7554260000,7252231500.0,7554260000,18181160360,15.0,14.187,757962000.0,3.222,1.0,1601683000.0,0.131,140270000,1303000.0,21749226000,20868459000.0,10921584000,1016588000,,,9279913000,,,13231037360,21631000.0,-611399000.0,-26442000.0,252120000.0,-37283000.0,109747000.0,-926713000.0,-316077000.0,838597000.0,0.0,814343000.0,814343000.0,814343000.0,0.0,-29901000.0,0.067,268261000.0,1333422000.0,524852000,0.034,1.751,16.247,15.977,0,0.0,56.24,1.081,1.081,86640000,4778965000,12237422000.0,12237422000.0,0.0,0.05,0.112,0.058,0.1,62211000.0,268261000.0,1.0,235260266,235260266,,52.017,16799103000,0,404565000.0,0,71.406,
17,LEN,ART,2017-06-30,2017-06-30,2017-05-31,2021-10-01,1086000,16754505000,15836279750.0,,,0.746,31.227,-59559000.0,754049000,754049000,10270752000.0,773983000.0,,1.272,5767689000,,,5767689000,0,56885000.0,0,0.003,0.16,1189493000.0,1246378000.0,0.106,1246378000.0,1189493000.0,1187217000.0,3.5,3.42,3.5,7322571000,7000050250.0,7322571000,17516922891,15.0,14.054,463868000.0,1.978,1.0,1539088000.0,0.13,136633000,2276000.0,21631512000,20267754500.0,10433174000,995400000,,,9317499000,,,12503282891,168491000.0,-611228000.0,556000.0,590803000.0,-36911000.0,454810000.0,-809746000.0,-249754000.0,523427000.0,0.0,801020000.0,801020000.0,801020000.0,0.0,-27037000.0,0.068,256565000.0,1282523000.0,492734000,0.046,1.707,15.609,15.234,0,0.0,53.32,1.059,1.059,82640000,4539203000,11809840000.0,11809840000.0,0.0,0.051,0.114,0.059,0.101,56087000.0,256565000.0,1.0,234495178,234495178,,50.363,16617872000,0,386197000.0,0,70.867,
18,LEN,ART,2017-03-31,2017-04-10,2017-02-28,2021-10-01,663000,16230113000,15359603750.0,,,0.735,30.308,-59038000.0,653666000,653666000,9776419000.0,797313000.0,,1.263,5778306000,,,5778306000,0,51885000.0,0,0.003,0.16,1190419000.0,1242304000.0,0.11,1242304000.0,1190419000.0,1186950000.0,3.6,3.46,3.6,7106053000,6698999000.0,7106053000,17194799358,14.0,13.841,743977000.0,3.173,1.0,1517344000.0,0.134,143298000,3469000.0,21211455000,19749159250.0,10468676000,910084000,,,8974338000,,,12070159358,208601000.0,-596297000.0,-196000.0,336149000.0,-36172000.0,190919000.0,-785333000.0,-232691000.0,803015000.0,0.0,805844000.0,805844000.0,805844000.0,0.0,-8531000.0,0.071,245593000.0,1271751000.0,473802000,0.044,1.699,14.978,14.3,0,0.0,51.48,1.069,1.069,81299000,4334936000,11293763000.0,11293763000.0,0.0,0.052,0.12,0.06,0.105,54916000.0,245593000.0,1.0,234463080,234463080,,48.169,16086815000,0,381106000.0,0,68.611,
19,LEN,ART,2016-12-31,2017-01-20,2016-11-30,2021-10-01,-309000,15361781000,14850872500.0,,,0.737,29.963,-53057000.0,1056115000,1056115000,9455074000.0,913091000.0,,1.16,4575977000,,,4575977000,0,50219000.0,0,0.004,0.16,1333848000.0,1384067000.0,0.126,1384067000.0,1333848000.0,1329222000.0,4.13,3.93,4.13,7026042000,6377514250.0,7026042000,13802392898,10.0,9.972,454747000.0,1.939,1.0,1494925000.0,0.137,0,4626000.0,18881643000,19200054500.0,9178926000,811723000,,,8150214000,,,10282530898,171084000.0,-725000.0,-431000.0,-95110000.0,-35324000.0,-250883000.0,-85837000.0,-130889000.0,507804000.0,0.0,911844000.0,911844000.0,911844000.0,0.0,1247000.0,0.083,232562000.0,1262363000.0,478546000,0.039,1.463,11.277,10.617,0,0.0,43.85,0.939,0.939,106976000,4306256000,10949999000.0,10949999000.0,0.0,0.061,0.143,0.069,0.122,48477000.0,232562000.0,1.0,234493293,234493293,,46.696,15361781000,0,417378000.0,0,65.511,
20,LEN,ART,2016-09-30,2016-10-04,2016-08-31,2021-10-01,1123000,14998720000,14615304500.0,,,0.72,28.733,-79303000.0,573160000,573160000,9083715000.0,895283000.0,,1.258,4920848000,,,4920848000,0,49001000.0,0,0.005,0.2,1291382000.0,1340383000.0,0.127,1340383000.0,1291382000.0,1286306000.0,4.07,3.8,4.07,6545535000,6033239750.0,6545535000,13810642815,11.0,10.304,586385000.0,2.574,1.0,1435225000.0,0.136,0,5076000.0,19346408000,19114075250.0,9655746000,796499000,,,8235814000,,,9462954815,10801000.0,-725000.0,-456000.0,-301799000.0,-34649000.0,-455500000.0,-199387000.0,-260095000.0,665688000.0,0.0,879994000.0,879994000.0,879994000.0,0.0,15289000.0,0.084,230523000.0,1204702000.0,459183000,0.049,1.446,10.753,10.206,0,0.0,41.54,0.9,0.9,78986000,4001905000,10518940000.0,10518940000.0,0.0,0.06,0.146,0.068,0.123,39263000.0,230523000.0,1.0,227803438,227803438,,46.176,14998720000,0,406312000.0,0,65.841,
21,LEN,ART,2016-06-30,2016-07-01,2016-05-31,2021-10-01,515000,14847801000,14407968250.0,,,0.706,27.918,-90036000.0,606905000,606905000,8778168000.0,887189000.0,,1.387,5316235000,,,5316235000,0,47512000.0,0,0.003,0.16,1269885000.0,1317397000.0,0.129,1317397000.0,1269885000.0,1262970000.0,4.1,3.75,4.1,6118366000,5736860000.0,6118366000,14882564053,12.0,11.297,309469000.0,1.412,1.0,1398576000.0,0.137,0,6915000.0,19557131000,18983281500.0,9649703000,785883000,,,8484867000,,,10173234053,-104680000.0,-600000.0,-22600000.0,-86439000.0,-33965000.0,-263501000.0,-240684000.0,-299595000.0,399505000.0,0.0,867464000.0,867464000.0,867464000.0,0.0,19725000.0,0.085,225853000.0,1172723000.0,451517000,0.039,1.663,11.728,11.322,0,0.0,46.42,1.0,1.0,45000000,3775094000,10176744000.0,10176744000.0,0.0,0.06,0.151,0.067,0.125,38450000.0,225853000.0,1.0,219156270,219156270,,46.436,14847801000,0,395506000.0,0,67.75,
22,LEN,ART,2016-03-31,2016-04-06,2016-02-29,2021-10-01,-398000,14195188000,14169882750.0,,,0.693,27.107,-16801000.0,514133000,514133000,8481688000.0,847735000.0,,1.392,5333981000,,,5333981000,0,45437000.0,0,0.003,0.16,1228482000.0,1273919000.0,0.13,1273919000.0,1228482000.0,1218942000.0,3.98,3.59,3.98,5820114000,5491953000.0,5820114000,15055015781,12.0,11.818,77930000.0,0.363,1.0,1341845000.0,0.137,0,9540000.0,19015036000,18727806250.0,9368319000,771401000,,,8101739000,,,10235167781,-97971000.0,-600000.0,-22043000.0,71256000.0,-33536000.0,-94917000.0,-97785000.0,-232193000.0,94731000.0,0.0,832011000.0,832011000.0,832011000.0,0.0,15724000.0,0.085,220258000.0,1121587000.0,442905000,0.04,1.759,12.302,11.977,0,0.0,47.67,1.042,1.042,61229000,3565264000,9823533000.0,9823533000.0,0.0,0.059,0.151,0.066,0.125,37657000.0,220258000.0,1.0,214708785,214708785,,45.753,14195188000,0,386931000.0,0,66.114,
23,LEN,ART,2015-12-31,2016-01-22,2015-11-30,2021-10-01,39000,14419509000,13901247000.0,,,0.682,26.72,-26100000.0,906913000,906913000,8171748000.0,819200000.0,,1.499,5025130000,,,5025130000,0,43666000.0,0,0.004,0.16,1205764000.0,1249430000.0,0.132,1249430000.0,1205764000.0,1193310000.0,3.87,3.46,3.87,5648944000,5275008000.0,5648944000,13042049468,11.0,10.438,-445746000.0,-2.108,1.0,1302260000.0,0.137,0,12454000.0,18537726000,18388919500.0,8740596000,741551000,,,8469437000,,,8923832468,-123369000.0,0.0,-13783000.0,573610000.0,-33192000.0,394670000.0,-98393000.0,-229618000.0,-419646000.0,0.0,802894000.0,802894000.0,802894000.0,0.0,16306000.0,0.085,216244000.0,1086016000.0,475909000,0.041,1.58,11.115,10.907,0,0.0,42.21,0.942,0.942,74538000,3429736000,9474008000.0,9474008000.0,0.0,0.058,0.152,0.066,0.127,43760000.0,216244000.0,1.0,211415126,211415126,,44.812,14419509000,0,390416000.0,0,68.205,
24,LEN,ART,2015-09-30,2015-10-09,2015-08-31,2021-10-01,-187000,14169375000,13535936500.0,,,0.673,25.482,46561000.0,608004000,608004000,7835355000.0,779209000.0,,1.585,5261862000,,,5261862000,0,41831000.0,0,0.003,0.16,1158352000.0,1200183000.0,0.132,1200183000.0,1158352000.0,1142459000.0,3.72,3.32,3.72,5360016000,5069527000.0,5360016000,15450885380,13.0,12.874,-931840000.0,-4.43,1.0,1277024000.0,0.14,0,15893000.0,18823233000,17854997500.0,8946063000,640908000,,,8494678000,,,10797027380,-28219000.0,0.0,-22002000.0,1029399000.0,-32975000.0,769959000.0,180223000.0,-195934000.0,-978401000.0,0.0,766614000.0,766614000.0,766614000.0,0.0,12595000.0,0.084,208015000.0,1069009000.0,437699000,0.043,2.014,14.084,13.798,0,0.0,51.33,1.185,1.185,74604000,3156560000,9112379000.0,9112379000.0,0.0,0.057,0.151,0.065,0.127,39724000.0,208015000.0,1.0,210345361,210345361,,43.321,14169375000,0,375845000.0,0,67.362,
25,LEN,ART,2015-06-30,2015-07-02,2015-05-31,2021-10-01,0,13895459000,13066112000.0,,,0.661,25.038,52553000.0,651365000,651365000,7420046000.0,727612000.0,,1.638,5291136000,,,5291136000,0,40803000.0,0,0.003,0.16,1111640000.0,1152443000.0,0.133,1152443000.0,1111640000.0,1090178000.0,3.52,3.14,3.52,5138738000,4874892750.0,5138738000,15148088798,14.0,13.144,-1008772000.0,-4.915,1.0,1214669000.0,0.141,0,21462000.0,18535230000,17195759500.0,8753776000,688467000,,,8419740000,,,10508317798,-40082000.0,-681000.0,-11121000.0,1058108000.0,-32838000.0,778126000.0,243117000.0,-122074000.0,-1061325000.0,0.0,721059000.0,721059000.0,721059000.0,0.0,6553000.0,0.084,194593000.0,1020076000.0,441990000,0.045,2.045,14.573,14.545,0,0.0,51.2,1.217,1.217,70443000,2941595000,8634715000.0,8634715000.0,0.0,0.055,0.148,0.065,0.129,36467000.0,194593000.0,1.0,205240582,205240582,,42.071,13895459000,0,369119000.0,0,67.703,
26,LEN,ART,2015-03-31,2015-04-03,2015-02-28,2021-10-01,0,13120645000,12590903750.0,,,0.64,24.134,-4077000.0,594274000,594274000,6939485000.0,665645000.0,,1.577,5133118000,,,5133118000,0,39009000.0,0,0.003,0.16,1058599000.0,1097608000.0,0.136,1097608000.0,1058599000.0,1030668000.0,3.3,2.96,3.3,4952334000,4690044250.0,4952334000,15453631303,15.0,14.079,-1128222000.0,-5.498,1.0,1121371000.0,0.139,0,27931000.0,17659489000,16494901000.0,8406502000,684135000,,,7811655000,,,10914787303,-55868000.0,-5489000.0,-11204000.0,981357000.0,-32814000.0,772382000.0,295895000.0,22436000.0,-1124145000.0,0.0,675762000.0,675762000.0,675762000.0,0.0,-10117000.0,0.084,182703000.0,938668000.0,388206000,0.048,2.204,16.152,16.118,0,0.0,53.19,1.354,1.354,69541000,2766789000,8060856000.0,8060856000.0,0.0,0.054,0.144,0.064,0.131,34696000.0,182703000.0,1.0,205203747,205203747,,39.282,13120645000,0,354906000.0,0,63.94,
27,LEN,ART,2014-12-31,2015-01-23,2014-11-30,2021-10-01,0,12958267000,12192439500.0,,,0.638,23.542,21338000.0,1246442000,1246442000,6680613000.0,628693000.0,,1.597,4690213000,,,4690213000,0,38542000.0,0,0.004,0.16,1016558000.0,1055100000.0,0.136,1055100000.0,1016558000.0,980007000.0,3.12,2.8,3.12,4827020000,4517000250.0,4827020000,12410141557,12.0,11.762,-767150000.0,-3.741,1.0,1099199000.0,0.141,0,36551000.0,16402038000,15910626250.0,7736600000,1076238000,,,7706965000,,,8966370557,311309000.0,-5489000.0,-6825000.0,847836000.0,-32775000.0,661438000.0,438359000.0,167053000.0,-788488000.0,0.0,638916000.0,638916000.0,638916000.0,0.0,-10223000.0,0.082,177161000.0,922038000.0,412558000,0.051,1.858,14.034,14.016,0,0.0,43.73,1.153,1.153,247217000,2660034000,7779812000.0,7779812000.0,0.0,0.052,0.141,0.064,0.131,33221000.0,177161000.0,1.0,205039345,205039345,,37.943,12958267000,0,341091000.0,0,63.199,
28,LEN,ART,2014-09-30,2014-10-03,2014-08-31,2021-10-01,0,12290077000,11771184500.0,,,0.604,22.322,124954000.0,796676000,796676000,6133770000.0,559038000.0,,1.583,4692880000,,,4692880000,0,35827000.0,0,0.004,0.16,919354000.0,955181000.0,0.134,955181000.0,919354000.0,867452000.0,2.76,2.47,2.76,4581479000,4352470500.0,4581479000,12075214779,13.0,12.642,-563522000.0,-2.746,1.0,979057000.0,0.138,0,51902000.0,16186281000,15567372750.0,7724434000,1212964000,,,7251936000,,,8179010779,261743000.0,-11112000.0,-10510000.0,575601000.0,-32335000.0,452559000.0,497660000.0,543583000.0,-688476000.0,0.0,557677000.0,557677000.0,557677000.0,0.0,1361000.0,0.078,162819000.0,816238000.0,349382000,0.058,1.785,14.666,14.438,0,0.0,39.85,1.15,1.15,83420000,2422921000,7112827000.0,7112827000.0,0.0,0.047,0.128,0.059,0.129,41854000.0,162819000.0,1.0,205244938,205244938,,34.655,12290077000,0,309775000.0,0,59.88,
29,LEN,ART,2014-06-30,2014-07-03,2014-05-31,2021-10-01,0,11994626000,11452563500.0,,,0.585,21.52,127205000.0,946268000,946268000,5775041000.0,507752000.0,,1.615,4683438000,,,4683438000,0,33255000.0,0,0.004,0.16,854418000.0,887673000.0,0.132,887673000.0,854418000.0,788667000.0,2.51,2.23,2.51,4399344000,4135637250.0,4399344000,12309078228,14.0,13.867,-792296000.0,-3.876,1.0,925824000.0,0.138,0,65751000.0,15731796000,15397669000.0,7395113000,1095983000,,,7103319000,,,8571908228,68562000.0,-10431000.0,4993000.0,568776000.0,-31877000.0,512920000.0,475143000.0,576489000.0,-919501000.0,0.0,500582000.0,500582000.0,500582000.0,0.0,7170000.0,0.075,157366000.0,768458000.0,316257000,0.064,1.948,17.124,16.705,0,0.0,41.93,1.279,1.279,208926000,2253374000,6700865000.0,6700865000.0,0.0,0.044,0.121,0.055,0.128,44605000.0,157366000.0,1.0,204433776,204433776,,32.778,11994626000,0,288085000.0,0,58.672,
30,LEN,ART,2014-03-31,2014-04-09,2014-02-28,2021-10-01,0,11526788000,11077446250.0,,,0.569,20.84,130168000.0,869113000,869113000,5411321000.0,527933000.0,,1.602,4664715000,,,4664715000,0,31855000.0,0,0.004,0.16,807435000.0,839290000.0,0.133,839290000.0,807435000.0,726862000.0,2.55,2.23,2.55,4260158000,3932201750.0,4260158000,11894649697,15.0,14.172,-750661000.0,-3.672,1.0,896923000.0,0.142,0,80573000.0,15322390000,15085091500.0,7147336000,1206784000,,,6825631000,,,8099047697,-367818000.0,-5623000.0,12546000.0,275450000.0,-31388000.0,8538000.0,504473000.0,630100000.0,-880829000.0,0.0,500299000.0,500299000.0,500299000.0,0.0,27634000.0,0.079,152902000.0,744021000.0,285281000,0.063,1.901,16.188,15.537,0,0.0,39.62,1.284,1.284,130402000,2123841000,6308244000.0,6308244000.0,0.0,0.045,0.127,0.054,0.128,42807000.0,152902000.0,1.0,204418165,204418165,,30.86,11526788000,0,226563000.0,0,56.388,
31,LEN,ART,2013-12-31,2014-01-28,2013-11-30,2021-10-01,0,11273247000,10803816500.0,,,0.549,20.395,132438000.0,935663000,935663000,5103199000.0,504926000.0,,1.594,4691440000,,,4691440000,0,30349000.0,0,0.005,0.2,750602000.0,780951000.0,0.132,780951000.0,750602000.0,656689000.0,2.48,2.15,2.48,4168901000,3741132500.0,4168901000,11629726816,15.0,14.892,-675276000.0,-3.304,1.0,831896000.0,0.14,0,93913000.0,15029024000,14764018000.0,6601048000,1194142000,,,6645777000,,,7873949816,-340238000.0,-5623000.0,21794000.0,12420000.0,-30912000.0,-221773000.0,689249000.0,593368000.0,-807714000.0,0.0,479674000.0,479674000.0,479674000.0,0.0,25252000.0,0.081,146060000.0,685836000.0,271365000,0.081,1.889,16.415,15.532,0,0.0,38.52,1.327,1.327,163768000,2053893000,5935095000.0,5935095000.0,0.0,0.044,0.128,0.051,0.126,40703000.0,146060000.0,1.0,204411989,204411989,,29.035,11273247000,0,177015000.0,0,55.15,
32,LEN,ART,2013-09-30,2013-10-10,2013-08-31,2021-10-01,0,11015593000,10576056250.0,,,0.508,19.104,-4552000.0,523812000,523812000,4652161000.0,445430000.0,,1.843,5015685000,,,5015685000,0,29396000.0,0,0.005,0.16,600808000.0,630204000.0,0.117,630204000.0,600808000.0,504396000.0,2.28,1.96,2.28,3714146000,3552598250.0,3714146000,11063093037,18.0,17.555,-956432000.0,-4.92,1.0,715918000.0,0.133,0,96412000.0,15507466000,14433658500.0,6528931000,1531881000,,,6844907000,,,6571220037,-273388000.0,0.0,32456000.0,426490000.0,-30781000.0,240107000.0,438385000.0,308675000.0,-951880000.0,0.0,439934000.0,439934000.0,439934000.0,0.0,5496000.0,0.082,141784000.0,574134000.0,270401000,0.07,1.769,14.937,14.825,0,0.0,33.8,1.224,1.224,58609000,1897579000,5368079000.0,5368079000.0,0.0,0.042,0.124,0.042,0.112,42819000.0,141784000.0,1.0,194414794,194414794,,27.611,11015593000,0,64462000.0,0,56.66,
33,LEN,ART,2013-06-30,2013-07-10,2013-05-31,2021-10-01,0,10494157000,10251783000.0,,,0.475,18.577,-6191000.0,827738000,827738000,4261479000.0,394687000.0,,1.799,4815067000,,,4815067000,0,29329000.0,0,0.005,0.16,487703000.0,517032000.0,0.106,517032000.0,487703000.0,390862000.0,2.12,1.82,2.12,3585602000,3441992250.0,3585602000,10657824619,22.0,20.613,-826941000.0,-4.284,1.0,604286000.0,0.124,0,96841000.0,14481486000,13865092250.0,5830625000,1253786000,,,6449318000,,,6670495619,62295000.0,0.0,32488000.0,627176000.0,-30652000.0,413938000.0,469107000.0,301950000.0,-820750000.0,0.0,406381000.0,406381000.0,406381000.0,0.0,-11694000.0,0.084,136451000.0,467835000.0,228491000,0.075,1.86,16.414,16.302,0,0.0,34.56,1.371,1.371,60178000,1784669000,4865765000.0,4865765000.0,0.0,0.04,0.118,0.035,0.1,40932000.0,136451000.0,1.0,193012026,193012026,,25.21,10494157000,0,-15519000.0,0,54.37,
34,LEN,ART,2013-03-31,2013-04-09,2013-02-28,2021-10-01,0,10432269000,9966046000.0,,,0.438,18.171,-5223000.0,1185001000,1185001000,3867335000.0,706313000.0,,1.82,4790828000,,,4790828000,0,26784000.0,0,0.004,0.16,379852000.0,406636000.0,0.093,406636000.0,379852000.0,284317000.0,3.8,3.27,3.8,3495881000,3339936250.0,3495881000,11251241156,30.0,27.669,-618919000.0,-3.217,1.0,502461000.0,0.115,0,95535000.0,14038096000,13410901500.0,5611976000,1094813000,,,6362629000,,,7645414156,319210000.0,0.0,25932000.0,647290000.0,-30525000.0,584275000.0,348631000.0,146394000.0,-613696000.0,0.0,721648000.0,721648000.0,721648000.0,0.0,-15335000.0,0.165,131766000.0,370695000.0,229880000,0.042,2.187,10.594,10.458,0,0.0,39.74,1.75,1.75,58175000,1654930000,4369796000.0,4369796000.0,0.0,0.072,0.216,0.028,0.087,41951000.0,131766000.0,1.0,192385862,192385862,,22.714,10432269000,0,-437331000.0,0,54.226,
35,LEN,ART,2012-12-31,2013-01-29,2012-11-30,2021-10-01,0,10362206000,9574852250.0,,,0.429,17.787,-2822000.0,1260273000,1260273000,3655192000.0,657332000.0,,1.863,4605653000,,,4605653000,0,28081000.0,0,0.003,0.12,338259000.0,366340000.0,0.089,366340000.0,338259000.0,243906000.0,3.58,3.11,3.58,3414764000,3146665000.0,3414764000,11539079102,34.0,31.498,-427470000.0,-2.227,1.0,449514000.0,0.11,0,94353000.0,13707586000,12920933250.0,5071713000,1333848000,,,6360998000,,,8193699102,147139000.0,0.0,15025000.0,389386000.0,-30394000.0,326496000.0,245291000.0,262058000.0,-424648000.0,0.0,679124000.0,679124000.0,679124000.0,0.0,-21792000.0,0.165,127338000.0,322176000.0,220690000,0.034,2.399,12.065,11.922,0,0.0,42.68,1.996,1.996,53745000,1605131000,4104706000.0,4104706000.0,0.0,0.071,0.216,0.026,0.082,43475000.0,127338000.0,1.0,191979829,191979829,,21.381,10362206000,0,-435218000.0,0,53.975,
36,LEN,ART,2012-09-30,2012-10-10,2012-08-31,2021-10-01,0,9718500000,9272968500.0,,,0.4,17.14,-9830000.0,771284000,771284000,3377789000.0,559283000.0,,1.791,4285985000,,,4285985000,0,29547000.0,0,0.004,0.16,248047000.0,277594000.0,0.075,277594000.0,248047000.0,154740000.0,3.09,2.69,3.09,3271722000,2967091000.0,3271722000,10535411798,42.0,37.953,-643889000.0,-3.373,1.0,329634000.0,0.089,0,93307000.0,13233201000,12543239250.0,5035650000,1355111000,,,5860123000,,,7020710798,-82173000.0,0.0,11832000.0,369634000.0,-30236000.0,285461000.0,266425000.0,291682000.0,-634059000.0,0.0,585058000.0,585058000.0,585058000.0,0.0,-25775000.0,0.158,116826000.0,212808000.0,169863000,0.052,2.146,12.0,11.903,0,0.0,36.78,1.894,1.894,46281000,1488426000,3707423000.0,3707423000.0,0.0,0.063,0.197,0.02,0.067,33198000.0,116826000.0,1.0,190883926,190883926,,19.422,9718500000,0,-430318000.0,0,50.913,
37,LEN,ART,2012-06-30,2012-07-10,2012-05-31,2021-10-01,0,9351209000,9024348000.0,,,0.38,16.783,-8239000.0,768700000,768700000,3154377000.0,511372000.0,,1.753,4082214000,,,4082214000,0,26340000.0,0,0.005,0.16,196471000.0,222811000.0,0.065,222811000.0,196471000.0,101716000.0,2.74,2.4,2.74,3177378000,2816783250.0,3177378000,9089595349,46.0,40.795,-485790000.0,-2.566,1.0,273481000.0,0.08,0,94755000.0,12664723000,12174204500.0,4799298000,1434349000,,,5571301000,,,5776081349,-302072000.0,0.0,8258000.0,108261000.0,-30092000.0,37873000.0,137606000.0,165013000.0,-477551000.0,0.0,518679000.0,518679000.0,518679000.0,0.0,-7307000.0,0.151,107316000.0,166165000.0,154664000,0.058,1.818,11.136,11.135,0,0.0,30.51,1.685,1.685,44843000,1408940000,3427858000.0,3427858000.0,0.0,0.057,0.184,0.016,0.057,28734000.0,107316000.0,1.0,189317645,189317645,,18.106,9351209000,0,-416963000.0,0,49.394,
38,LEN,ART,2012-03-31,2012-04-09,2012-02-29,2021-10-01,0,8867494000,8861353000.0,,,0.368,14.39,-8804000.0,874352000,874352000,3041633000.0,81795000.0,,2.036,4085081000,,,4085081000,0,25363000.0,0,0.006,0.16,159492000.0,184855000.0,0.057,184855000.0,159492000.0,66072000.0,0.42,0.41,0.42,2722796000,2685400000.0,2722796000,8209715826,51.0,44.412,-410058000.0,-2.167,1.0,220563000.0,0.068,0,93420000.0,12078223000,11895170000.0,4667542000,1474113000,,,5544241000,,,4998986826,-283680000.0,0.0,7034000.0,156534000.0,-29999000.0,94886000.0,22688000.0,56078000.0,-401254000.0,0.0,79761000.0,79761000.0,79761000.0,0.0,2034000.0,0.024,98746000.0,121817000.0,170216000,0.381,1.836,62.675,62.905,0,0.0,26.42,1.532,1.532,47745000,963807000,3262196000.0,3262196000.0,0.0,0.009,0.03,0.013,0.049,25736000.0,98746000.0,1.0,189212219,189212219,,17.241,8867494000,0,-13689000.0,0,46.865,
39,LEN,ART,2011-12-31,2012-01-30,2011-11-30,2021-10-01,0,9154671000,8789600500.0,,,0.352,14.288,-9936000.0,1116740000,1116740000,2896195000.0,112544000.0,,2.17,4158879000,,,4158879000,0,21500000.0,0,0.007,0.16,168279000.0,189779000.0,0.061,189779000.0,168279000.0,77629000.0,0.49,0.48,0.49,2696468000,2664795250.0,2696468000,7220534677,43.0,38.047,-269071000.0,-1.426,1.0,199190000.0,0.064,0,90650000.0,12196810000,11719271750.0,4360535000,1603212000,,,5851146000,,,4178395677,-230531000.0,0.0,1027000.0,243354000.0,-29906000.0,164758000.0,-136154000.0,-105595000.0,-259135000.0,0.0,92199000.0,92199000.0,92199000.0,0.0,20345000.0,0.03,95256000.0,103934000.0,201101000,0.327,1.55,45.319,45.184,0,0.0,22.14,1.35,1.35,53977000,956401000,3095385000.0,3095385000.0,0.0,0.01,0.035,0.014,0.054,24047000.0,95256000.0,1.0,188726092,188726092,,16.401,9154671000,0,-14570000.0,0,48.508,
40,LEN,ART,2011-09-30,2011-10-11,2011-08-31,2021-10-01,0,8724018000,8697895500.0,,,0.345,14.28,-7766000.0,878797000,878797000,2816588000.0,129591000.0,,2.038,3911841000,,,3911841000,0,16115000.0,0,0.011,0.16,174571000.0,190686000.0,0.064,190686000.0,174571000.0,89341000.0,0.5,0.49,0.5,2670491000,2642915500.0,2670491000,5836292781,33.0,30.607,-38208000.0,-0.204,1.0,186267000.0,0.062,0,85230000.0,11757062000,11518785500.0,4265010000,1778577000,,,5443731000,,,2803248781,-110203000.0,0.0,5987000.0,268845000.0,-29823000.0,198079000.0,-277840000.0,-393419000.0,-30442000.0,0.0,93951000.0,93951000.0,93951000.0,0.0,35640000.0,0.031,91784000.0,94483000.0,196793000,0.32,1.05,29.837,29.98,0,0.0,14.99,0.934,0.934,55624000,933604000,3002855000.0,3002855000.0,0.0,0.011,0.036,0.015,0.058,27017000.0,91784000.0,1.0,187007924,187007924,,16.057,8724018000,0,-4610000.0,0,46.651,
41,LEN,ART,2011-06-30,2011-07-11,2011-05-31,2021-10-01,0,8699229000,8586865750.0,,,0.35,14.182,-5427000.0,1023337000,1023337000,2813562000.0,144921000.0,,2.051,3872693000,,,3872693000,0,14821000.0,0,0.011,0.2,177463000.0,192284000.0,0.064,192284000.0,177463000.0,98672000.0,0.55,0.54,0.55,2651845000,2600733500.0,2651845000,6252448202,35.0,32.517,-1264000.0,-0.007,1.0,194075000.0,0.065,0,78791000.0,11548585000,11255228750.0,4301565000,1867004000,,,5439981000,,,3403092202,-125611000.0,0.0,5315000.0,257401000.0,-29736000.0,195967000.0,-325741000.0,-454828000.0,4163000.0,0.0,103256000.0,103256000.0,103256000.0,0.0,41665000.0,0.034,93002000.0,101073000.0,168398000,0.364,1.283,32.958,33.091,0,0.0,18.2,1.131,1.131,66982000,920353000,3007637000.0,3007637000.0,0.0,0.012,0.04,0.016,0.059,27681000.0,93002000.0,1.0,186983088,186983088,,16.085,8699229000,0,-4584000.0,0,46.524,
42,LEN,ART,2011-03-31,2011-04-11,2011-02-28,2021-10-01,0,8580484000,8474278500.0,,,0.361,14.125,-3134000.0,1104409000,1104409000,2830737000.0,166658000.0,,2.025,3898555000,,,3898555000,0,14383000.0,0,0.009,0.16,186462000.0,200845000.0,0.066,200845000.0,186462000.0,112623000.0,0.69,0.68,0.69,2640377000,2556245500.0,2640377000,6196330258,33.0,30.851,191353000.0,1.024,1.0,226888000.0,0.074,0,73839000.0,11374630000,10988614750.0,4296772000,1894479000,,,5347498000,,,3402184258,293382000.0,0.0,5869000.0,423761000.0,-29660000.0,350293000.0,-251398000.0,-429267000.0,194487000.0,0.0,129190000.0,129190000.0,129190000.0,0.0,37468000.0,0.042,94638000.0,132250000.0,147046000,0.232,1.289,26.335,26.377,0,0.0,18.2,1.113,1.113,61258000,914045000,3057625000.0,3057625000.0,0.0,0.015,0.051,0.017,0.061,28249000.0,94638000.0,1.0,186933201,186933201,,16.357,8580484000,0,-16567000.0,0,45.901,
43,LEN,ART,2010-12-31,2011-01-31,2010-11-30,2021-10-01,0,8787851000,8324594250.0,,,0.369,13.979,-5062000.0,1291854000,1291854000,2855729000.0,120459000.0,,2.144,3898868000,,,3898868000,0,13520000.0,0,0.008,0.16,139952000.0,153472000.0,0.05,153472000.0,139952000.0,69527000.0,0.51,0.51,0.51,2608949000,2504949000.0,2608949000,6220327113,44.0,40.531,269166000.0,1.442,1.0,218293000.0,0.071,0,70425000.0,11394865000,10728157250.0,4169608000,2031334000,,,5593468000,,,3613313113,-63303000.0,0.0,432000.0,413461000.0,-29577000.0,335840000.0,-673371000.0,-685162000.0,274228000.0,0.0,95261000.0,95261000.0,95261000.0,0.0,25198000.0,0.031,93926000.0,124367000.0,168006000,0.314,1.385,37.931,37.961,0,0.0,19.36,1.175,1.175,78419000,894108000,3074022000.0,3074022000.0,0.0,0.011,0.038,0.013,0.046,28075000.0,93926000.0,1.0,186638074,186638074,,16.47,8787851000,3783000,-25734000.0,0,47.085,
44,LEN,ART,2010-09-30,2010-10-08,2010-08-31,2021-10-01,0,8279899000,7956329250.0,,,0.393,13.527,558000.0,1059283000,1059283000,3156280000.0,113513000.0,,2.083,3482219000,,,3482219000,0,15577000.0,0,0.01,0.16,-118975000.0,-103398000.0,-0.033,-103398000.0,-118975000.0,-243674000.0,0.6,0.6,0.6,2501763000,2463581500.0,2501763000,5404335223,-45.0,-52.267,223572000.0,1.209,1.0,-28641000.0,-0.009,0,124699000.0,10702835000,10063519750.0,4274327000,1940113000,,,5211476000,,,2981399223,-445518000.0,0.0,-161000.0,8344000.0,-29507000.0,-70831000.0,-597701000.0,-476283000.0,223014000.0,0.0,98803000.0,98803000.0,98803000.0,0.0,14710000.0,0.032,102638000.0,-131279000.0,200015000,0.267,1.192,30.175,26.867,0,0.0,16.12,0.953,0.953,60860000,869476000,3127639000.0,3127639000.0,0.0,0.012,0.04,-0.012,-0.038,25424000.0,102638000.0,1.0,184950324,184950324,,16.911,8279899000,11726000,-342477000.0,0,44.768,
45,LEN,ART,2010-06-30,2010-07-09,2010-05-31,2021-10-01,0,8248880000,7658439250.0,,,0.395,13.377,36000.0,1285559000,1285559000,3174770000.0,-96922000.0,,2.11,3518808000,,,3518808000,0,16092000.0,0,0.011,0.16,-336148000.0,-320056000.0,-0.106,-320056000.0,-336148000.0,-443179000.0,-0.53,-0.53,-0.53,2473893000,2439630750.0,2473893000,4927850895,-15.0,-15.397,442824000.0,2.394,1.0,-151376000.0,-0.05,0,107031000.0,10482129000,9489331250.0,4162134000,1900554000,,,5219947000,,,2694601895,-322266000.0,0.0,97126000.0,-155358000.0,-29119000.0,-144656000.0,-620398000.0,-494539000.0,442788000.0,0.0,-102837000.0,-102837000.0,-102837000.0,0.0,5915000.0,-0.034,106697000.0,-258073000.0,173509000,-0.302,1.089,-26.203,-27.491,0,0.0,14.57,0.891,0.891,62178000,846833000,3023394000.0,3023394000.0,0.0,-0.013,-0.042,-0.035,-0.111,26439000.0,106697000.0,1.0,184941791,184941791,,16.348,8248880000,11769000,-340342000.0,0,44.603,
46,LEN,ART,2010-03-31,2010-04-09,2010-02-28,2021-10-01,0,7981747000,7416966000.0,,,0.418,13.168,-1689000.0,958888000,958888000,3347044000.0,-268691000.0,,2.055,3309941000,,,3309941000,0,17480000.0,0,0.009,0.16,-505991000.0,-488511000.0,-0.158,-488511000.0,-505991000.0,-595506000.0,-1.5,-1.5,-1.5,2435191000,2441659000.0,2435191000,5590957343,-11.0,-11.445,428375000.0,2.316,1.0,-246278000.0,-0.079,0,89515000.0,10332800000,8991605250.0,4101016000,1868175000,,,5003383000,,,3239904343,-301902000.0,0.0,219874000.0,-228676000.0,-28562000.0,-89456000.0,-642510000.0,-476671000.0,430064000.0,0.0,-267741000.0,-267741000.0,-267741000.0,0.0,-950000.0,-0.086,114702000.0,-360980000.0,174019000,-0.107,1.33,-12.101,-11.68,0,0.0,17.52,1.045,1.045,98798000,814515000,3100766000.0,3100766000.0,0.0,-0.036,-0.11,-0.056,-0.163,28970000.0,114702000.0,1.0,184926047,184926047,,16.768,7981747000,241664000,-327765000.0,0,43.162,
47,LEN,ART,2009-12-31,2010-01-29,2009-11-30,2021-10-01,0,7314791000,7214057000.0,,,0.432,13.216,329000.0,1339828000,1339828000,3459506000.0,-417147000.0,,1.934,2761352000,,,2761352000,0,19905000.0,0,0.013,0.2,-660642000.0,-640737000.0,-0.205,-640737000.0,-660642000.0,-731492000.0,-2.45,-2.45,-2.45,2443479000,2449705000.0,2443479000,4261508589,-6.0,-6.651,421172000.0,2.278,1.0,-340119000.0,-0.109,0,70850000.0,8736315000,8567575250.0,4087989000,609140000,,,4726777000,,,2839984589,254016000.0,0.0,219871000.0,-42710000.0,-27588000.0,108293000.0,-275120000.0,-275449000.0,420843000.0,0.0,-417147000.0,-417147000.0,-417147000.0,0.0,0.0,-0.134,120093000.0,-460212000.0,169596000,-0.082,1.162,-6.808,-6.269,0,0.0,15.36,0.91,0.91,122053000,828424000,3119387000.0,3119387000.0,0.0,-0.058,-0.17,-0.077,-0.212,30392000.0,120093000.0,1.0,184894830,184894830,,16.871,7314791000,334428000,-314345000.0,0,39.562,
48,LEN,ART,2009-09-30,2009-10-09,2009-08-31,2021-10-01,0,7088339000,7241583750.0,,,0.481,13.124,2792000.0,1348054000,1348054000,3735285000.0,-1263708000.0,,1.875,2665796000,,,2665796000,0,20511000.0,0,0.011,0.16,-541534000.0,-521023000.0,-0.15,-521023000.0,-541534000.0,-541534000.0,-7.83,-7.83,-7.83,2405960000,2494587000.0,2405960000,3944796343,-7.0,-7.571,636174000.0,3.47,1.0,-251591000.0,-0.072,0,0.0,8406081000,8600880750.0,4221458000,650878000,,,4510988000,,,2627054343,543636000.0,0.0,219923000.0,-12438000.0,-26674000.0,154284000.0,-244030000.0,-246822000.0,633382000.0,0.0,-1263708000.0,-1263708000.0,-1263708000.0,0.0,0.0,-0.363,117622000.0,-369213000.0,216239000,-0.02,1.092,-2.079,-1.83,0,0.0,14.33,0.754,0.754,110983000,800180000,3483694000.0,3483694000.0,0.0,-0.175,-0.507,-0.063,-0.155,30449000.0,117622000.0,1.0,183325495,183325495,,19.003,7088339000,1501000,722174000.0,0,38.665,
49,LEN,ART,2009-06-30,2009-07-10,2009-05-31,2021-10-01,0,7282987000,7526239000.0,,,0.514,14.163,1687000.0,1456615000,1456615000,4122389000.0,-1181067000.0,,1.87,2664853000,,,2664853000,0,24174000.0,0,0.034,0.28,-511771000.0,-487597000.0,-0.126,-487597000.0,-511771000.0,-511771000.0,-7.42,-7.42,-7.42,2482006000,2751071500.0,2482006000,2666249676,-5.0,-5.468,588455000.0,3.358,1.0,-252885000.0,-0.065,0,0.0,8491225000,8923510250.0,4341984000,656280000,,,4642482000,,,1458011676,569282000.0,0.0,122488000.0,-29649000.0,-45332000.0,166861000.0,-184347000.0,-186034000.0,586768000.0,0.0,-1181067000.0,-1181067000.0,-1181067000.0,0.0,0.0,-0.305,123616000.0,-376501000.0,199596000,-0.038,0.587,-1.234,-1.121,0,0.0,8.32,0.377,0.377,77226000,978789000,3869504000.0,3869504000.0,0.0,-0.157,-0.429,-0.057,-0.132,28436000.0,123616000.0,1.0,175241788,175241788,,22.081,7282987000,987000,669296000.0,0,41.56,
50,LEN,ART,2009-03-31,2009-04-09,2009-02-28,2021-10-01,0,7170111000,7768957000.0,,,0.528,15.38,1171000.0,1107546000,1107546000,4417968000.0,-1176798000.0,,1.839,2574115000,,,2574115000,0,27840000.0,0,0.049,0.4,-561315000.0,-533475000.0,-0.13,-533475000.0,-561315000.0,-561315000.0,-7.42,-7.42,-7.42,2467375000,3015467500.0,2467375000,2778898613,-5.0,-5.209,337677000.0,2.105,1.0,-312401000.0,-0.076,0,0.0,8636680000,9216484250.0,4501742000,776812000,,,4538464000,,,1312329613,38966000.0,0.0,-2100000.0,-152910000.0,-64174000.0,-105738000.0,-191802000.0,-192973000.0,336506000.0,0.0,-1176798000.0,-1176798000.0,-1176798000.0,0.0,0.0,-0.287,122961000.0,-435362000.0,203776000,-0.054,0.532,-1.115,-1.102,0,0.0,8.18,0.32,0.32,99871000,1110818000,4105567000.0,4105567000.0,0.0,-0.151,-0.39,-0.061,-0.137,25859000.0,122961000.0,1.0,160431493,160431493,,25.591,7170111000,4592000,615483000.0,0,44.693,
51,LEN,ART,2008-12-31,2009-01-27,2008-11-30,2021-10-01,0,7424898000,8105229500.0,,,0.565,16.339,1390000.0,1100296000,1100296000,4885250000.0,-1109085000.0,,1.767,2544935000,,,2544935000,0,32399000.0,0,0.067,0.52,-561528000.0,-529129000.0,-0.116,-529129000.0,-561528000.0,-561528000.0,-7.0,-7.0,-7.0,2623007000,3318848250.0,2623007000,2690392734,-5.0,-5.085,1102224000.0,6.866,1.0,-309833000.0,-0.068,0,0.0,8869537000,9477515500.0,4500090000,766752000,,,4636145000,,,1245753734,408228000.0,0.0,-1534000.0,-444483000.0,-83487000.0,-426903000.0,-265703000.0,-267093000.0,1100834000.0,0.0,-1109085000.0,-1109085000.0,-1109085000.0,0.0,0.0,-0.242,129752000.0,-439585000.0,246727000,-0.074,0.475,-1.123,-1.109,0,0.0,7.76,0.272,0.272,94520000,1273159000,4575417000.0,4575417000.0,0.0,-0.137,-0.334,-0.059,-0.123,23732000.0,129752000.0,1.0,160535275,160535275,,28.501,7424898000,255460000,547557000.0,0,46.251,
52,LEN,ART,2008-09-30,2008-10-10,2008-08-31,2021-10-01,0,8226960000,8524691750.0,,,0.642,21.375,2404000.0,869058000,869058000,7159747000.0,-1549743000.0,,1.346,2338697000,,,2338697000,0,42849000.0,0,0.066,0.64,-2435669000.0,-2392820000.0,-0.437,-2392820000.0,-2435669000.0,-2435669000.0,-9.82,-9.82,-9.82,3431898000,3618626250.0,3431898000,3028675503,-1.0,-1.266,1407487000.0,8.766,1.0,-1685473000.0,-0.308,0,0.0,9696599000,9940203000.0,4775586000,799189000,,,4620082000,,,1559036503,688303000.0,0.0,-59000.0,-871069000.0,-102361000.0,-424360000.0,-292420000.0,-308223000.0,1405083000.0,0.0,-1549743000.0,-1549743000.0,-1549743000.0,0.0,0.0,-0.283,324417000.0,-2009890000.0,260667000,-0.065,0.454,-1.006,-0.989,0,0.0,9.71,0.285,0.285,94967000,2090564000,5474274000.0,5474274000.0,0.0,-0.182,-0.428,-0.245,-0.445,16927000.0,134219000.0,1.0,160559887,160559887,,34.095,8226960000,0,-885926000.0,0,51.239,
53,LEN,ART,2008-06-30,2008-07-10,2008-05-31,2021-10-01,-2812000,8253859000,9076065000.0,,,0.739,22.033,6086000.0,901232000,901232000,8997376000.0,-1974631000.0,,1.32,2310494000,,,2310494000,0,48079000.0,0,0.059,0.64,-3134210000.0,-3086131000.0,-0.46,-3086131000.0,-3134210000.0,-3134210000.0,-12.51,-12.51,-12.51,3539590000,4034966500.0,3539590000,3166727457,-1.0,-1.026,1625674000.0,10.12,1.0,-2287789000.0,-0.341,0,0.0,9663121000,10682003000.0,4544726000,869859000,,,4673520000,,,1757465457,608036000.0,0.0,-600000.0,-1006367000.0,-101980000.0,-728771000.0,-282781000.0,-301291000.0,1619588000.0,0.0,-1974631000.0,-1974631000.0,-1974631000.0,0.0,0.0,-0.294,335070000.0,-2622859000.0,236881000,-0.051,0.497,-0.89,-0.875,0,0.0,10.94,0.262,0.262,111124000,2205188000,6709587000.0,6709587000.0,0.0,-0.218,-0.489,-0.293,-0.467,29354000.0,144872000.0,1.0,160645837,160645837,,41.766,8253859000,0,-1159579000.0,0,51.379,
54,LEN,ART,2008-03-31,2008-04-09,2008-02-29,2021-10-01,-3660000,8515201000,9898117750.0,,,0.854,22.896,4267000.0,1113893000,1113893000,10965657000.0,-2097920000.0,,1.307,2279497000,,,2279497000,0,52180000.0,0,0.034,0.64,-3344300000.0,-3292120000.0,-0.389,-3292120000.0,-3344300000.0,-3344300000.0,-13.3,-13.3,-13.3,3680898000,4545957750.0,3680898000,4152574706,-1.0,-1.261,1794980000.0,11.165,1.0,-2508043000.0,-0.297,0,0.0,9680805000,11682643250.0,4574159000,915222000,,,4811667000,,,2986970706,712216000.0,0.0,1711000.0,-1071760000.0,-101674000.0,-772563000.0,-305934000.0,-309596000.0,1790713000.0,0.0,-2097920000.0,-2097920000.0,-2097920000.0,0.0,0.0,-0.248,351303000.0,-2859346000.0,243305000,-0.048,0.811,-1.424,-1.397,0,0.0,18.58,0.353,0.353,134241000,2351786000,8457614000.0,8457614000.0,0.0,-0.212,-0.461,-0.286,-0.395,36064000.0,161105000.0,1.0,160762686,160762686,,52.609,8515201000,0,-1246380000.0,0,52.968,
55,LEN,ART,2007-12-31,2008-01-29,2007-11-30,2021-10-01,-2061000,9102747000,10778311750.0,,,0.945,23.903,81000.0,677896000,677896000,12639486000.0,-1941081000.0,,1.374,2295436000,,,2295436000,0,54303000.0,0,0.034,0.64,-3081081000.0,-3026778000.0,-0.297,-3026778000.0,-3081081000.0,-3081081000.0,-12.31,-12.31,-12.31,3822119000,5069478500.0,3822119000,4625269101,-2.0,-1.528,444594000.0,2.78,1.0,-2452705000.0,-0.241,0,0.0,10720287000,12797276000.0,4500403000,934271000,,,5252100000,,,3007729101,16875000.0,0.0,17617000.0,-1064160000.0,-101123000.0,-734621000.0,306983000.0,306902000.0,444513000.0,0.0,-1941081000.0,-1941081000.0,-1941081000.0,0.0,0.0,-0.191,363400000.0,-2816105000.0,376134000,-0.052,0.787,-1.55,-1.528,0,0.0,18.81,0.295,0.295,207691000,2496933000,10186781000.0,10186781000.0,0.0,-0.18,-0.383,-0.241,-0.302,40649000.0,173202000.0,1.0,159900537,159900537,,63.707,9102747000,0,-1140000000.0,0,56.928,
56,LEN,ART,2007-09-30,2007-10-10,2007-08-31,2021-10-01,-701000,10432453000,11604691500.0,,,1.058,31.817,-9222000.0,166244000,166244000,13470009000.0,-885039000.0,,1.043,2571291000,,,2571291000,0,49526000.0,0,0.025,0.64,-1422474000.0,-1372948000.0,-0.112,-1372948000.0,-1422474000.0,-1422474000.0,-5.59,-5.56,-5.59,5097259000,5539291750.0,5097259000,6459810999,-5.0,-4.705,592840000.0,3.701,1.0,-1194068000.0,-0.097,173701000,0.0,12663799000,13651872500.0,6720497000,1077220000,,,5315821000,,,4054763999,-4942000.0,0.0,-5311000.0,-783002000.0,-100958000.0,-929422000.0,322418000.0,341476000.0,602062000.0,0.0,-885039000.0,-885039000.0,-885039000.0,0.0,0.0,-0.072,171459000.0,-1365527000.0,419914000,-0.114,0.795,-4.581,-4.528,0,0.0,25.31,0.33,0.33,193771000,3773868000,12275941000.0,12275941000.0,0.0,-0.076,-0.16,-0.104,-0.116,56622000.0,171459000.0,1.0,160204030,160204030,,76.627,10258752000,0,-537435000.0,0,64.036,
57,LEN,ART,2007-06-30,2007-07-10,2007-05-31,2021-10-01,-1066000,11542070000,12121853250.0,,,1.165,34.839,-21757000.0,271476000,271476000,14293314000.0,-164512000.0,,1.057,2585286000,,,2585286000,0,47719000.0,0,0.018,0.64,-256776000.0,-209057000.0,-0.015,-209057000.0,-256776000.0,-256776000.0,-1.03,-1.01,-1.03,5583555000,5747676500.0,5583555000,7900792499,-31.0,-37.793,734829000.0,4.585,1.0,-176791000.0,-0.013,190198000,0.0,13665682000,14215047750.0,7705234000,1235603000,,,5902260000,,,5586982499,86003000.0,116000.0,-33159000.0,-822949000.0,-100885000.0,-984674000.0,314091000.0,319632000.0,756586000.0,0.0,-164512000.0,-164512000.0,-164512000.0,0.0,0.0,-0.012,177620000.0,-354411000.0,499832000,-0.621,1.001,-33.961,-33.845,0,0.0,34.86,0.396,0.396,179808000,4313001000,14116523000.0,14116523000.0,0.0,-0.014,-0.029,-0.018,-0.018,52186000.0,177620000.0,1.0,160269148,160269148,,88.08,11351872000,0,-92264000.0,0,70.83,
58,LEN,ART,2007-03-31,2007-04-09,2007-02-28,2021-10-01,-1513000,12035977000,12444812750.0,,,1.271,36.084,-25694000.0,287937000,287937000,15150219000.0,404440000.0,,1.075,2581494000,,,2581494000,0,45689000.0,0,0.015,0.64,641968000.0,687657000.0,0.043,687657000.0,641968000.0,641968000.0,2.56,2.54,2.56,5774981000,5793342500.0,5774981000,9160914207,14.0,13.322,966822000.0,6.041,1.0,667864000.0,0.042,190198000,0.0,14139336000,14635274500.0,8305626000,1215620000,,,6208994000,,,6867357207,184013000.0,-10179000.0,-298648000.0,-618158000.0,-101155000.0,-1067140000.0,258637000.0,273946000.0,992516000.0,0.0,404440000.0,404440000.0,404440000.0,0.0,0.0,0.026,188335000.0,479529000.0,565690000,0.25,1.189,16.98,16.762,0,0.0,42.91,0.434,0.434,165443000,4582586000,15818083000.0,15818083000.0,0.0,0.032,0.07,0.044,0.041,50393000.0,188335000.0,1.0,160040951,160040951,,98.838,11845779000,0,237528000.0,0,74.017,
59,LEN,ART,2006-12-31,2007-02-08,2006-11-30,2021-10-01,-2041000,12408266000,12606629250.0,,,1.29,35.962,-26783000.0,686458000,686458000,15171384000.0,593869000.0,,1.167,2613503000,,,2613503000,0,45431000.0,0,0.012,0.64,942649000.0,988080000.0,0.061,988080000.0,942649000.0,942649000.0,3.76,3.69,3.76,5701372000,5738297250.0,5701372000,10415137503,11.0,10.541,527867000.0,3.33,1.0,1095278000.0,0.067,196638000,0.0,14138673000,14967478750.0,7831483000,1447178000,,,6651501000,,,8488092503,-281024000.0,-33213000.0,-292098000.0,28436000.0,-101295000.0,-429205000.0,-406469000.0,-362858000.0,554650000.0,0.0,593869000.0,593869000.0,593869000.0,0.0,0.0,0.037,193307000.0,901971000.0,751496000,0.17,1.489,14.293,14.239,0,0.0,53.54,0.522,0.522,159043000,4539137000,16266662000.0,16266662000.0,0.0,0.047,0.103,0.063,0.058,52337000.0,193307000.0,1.0,158537402,158537402,,102.605,12211628000,0,348780000.0,0,77.027,
60,LEN,ART,2006-09-30,2006-10-10,2006-08-31,2021-10-01,-3014000,12501100000,12639869000.0,,,1.347,37.427,-27644000.0,172036000,172036000,14807003000.0,1370633000.0,,1.096,2784074000,,,2784074000,0,50137000.0,0,0.014,0.64,2186721000.0,2236858000.0,0.131,2236858000.0,2186721000.0,2186721000.0,8.71,8.4,8.71,5930798000,5625807000.0,5930798000,10047212797,5.0,4.492,1020513000.0,6.44,1.0,2223528000.0,0.131,196638000,0.0,14916500000,14934461250.0,8724999000,1541104000,,,6497275000,,,7435174797,44765000.0,-231693000.0,-310500000.0,289549000.0,-101302000.0,-214672000.0,-788720000.0,-531076000.0,1048157000.0,0.0,1370633000.0,1370633000.0,1370633000.0,0.0,0.0,0.08,222810000.0,2000718000.0,728998000,0.073,1.254,5.425,5.387,0,0.0,46.92,0.437,0.437,151572000,4759865000,17030531000.0,17030531000.0,0.0,0.108,0.244,0.146,0.128,36162000.0,222810000.0,1.0,158464936,158464936,,107.472,12304462000,0,816088000.0,0,77.648,
61,LEN,ART,2006-06-30,2006-07-17,2006-05-31,2021-10-01,-3364000,12833908000,12253773250.0,,,1.334,36.245,-21748000.0,198977000,198977000,13913255000.0,1501211000.0,,1.21,2908296000,,,2908296000,0,58093000.0,0,0.015,0.617,2400438000.0,2458531000.0,0.15,2458531000.0,2400438000.0,2400438000.0,9.58,9.16,9.58,5766219000,5322935500.0,5766219000,9241560025,4.0,3.759,283161000.0,1.78,1.0,2433173000.0,0.149,196638000,0.0,15346589000,14616529250.0,8908981000,1450699000,,,6976582000,,,6532241025,138036000.0,-342318000.0,-289603000.0,1343568000.0,-97716000.0,889234000.0,-1056107000.0,-668773000.0,304909000.0,0.0,1501211000.0,1501211000.0,1501211000.0,0.0,0.0,0.092,217693000.0,2215480000.0,817437000,0.064,1.133,4.351,4.286,0,0.0,41.06,0.4,0.4,155038000,4578398000,16346428000.0,16346428000.0,0.0,0.123,0.282,0.164,0.147,44012000.0,217693000.0,1.0,159090137,159090137,,102.749,12637270000,0,899227000.0,0,79.435,
62,LEN,ART,2006-03-31,2006-04-10,2006-02-28,2021-10-01,-4197000,12683243000,11446704750.0,,,1.284,34.66,-20809000.0,138285000,138285000,12378719000.0,1420001000.0,,1.27,3125172000,,,3125172000,0,61481000.0,0,0.01,0.595,2269948000.0,2331429000.0,0.159,2331429000.0,2269948000.0,2269948000.0,9.12,8.64,9.12,5554800000,4948252250.0,5554800000,12747084756,6.0,5.467,-407220000.0,-2.541,1.0,2323180000.0,0.158,201977000,0.0,15468153000,13746360750.0,8996579000,1381765000,,,7055901000,,,9760197756,101937000.0,-337853000.0,-147090000.0,1387033000.0,-93203000.0,1098272000.0,-1035963000.0,-662598000.0,-386411000.0,0.0,1420001000.0,1420001000.0,1420001000.0,-10293000.0,0.0,0.097,201988000.0,2121192000.0,798121000,0.065,1.757,6.873,6.678,0,0.0,60.9,0.664,0.664,220761000,4279301000,14701899000.0,14701899000.0,0.0,0.124,0.287,0.165,0.154,36911000.0,201988000.0,1.0,160265973,160265973,,91.734,12481266000,0,849947000.0,0,77.878,
63,LEN,ART,2005-12-31,2006-02-09,2005-11-30,2021-10-01,-5221000,12541225000,10464267500.0,,,1.325,33.067,-21747000.0,932238000,932238000,11635411000.0,1355155000.0,,1.373,2592772000,,,2592772000,0,65169000.0,0,0.01,0.595,2170439000.0,2235608000.0,0.161,2235608000.0,2170439000.0,2170439000.0,8.72,8.23,8.72,5251411000,4599929250.0,5251411000,10817689043,5.0,4.839,301228000.0,1.897,1.0,2231560000.0,0.161,195156000,0.0,14006603000,12441145750.0,7863531000,1282686000,,,7211571000,,,9157155043,-356472000.0,-399049000.0,-251215000.0,697751000.0,-89229000.0,324126000.0,-1003573000.0,-571648000.0,322975000.0,0.0,1355155000.0,1355155000.0,1355155000.0,-10745000.0,0.0,0.098,187257000.0,2044303000.0,876830000,0.068,1.744,6.757,6.612,0,0.0,57.66,0.66,0.66,299232000,4046563000,13866971000.0,13866971000.0,0.0,0.13,0.295,0.174,0.157,39180000.0,187257000.0,1.0,158812956,158812956,,87.316,12346069000,0,815284000.0,0,77.74,
64,LEN,ART,2005-09-30,2005-10-17,2005-08-31,2021-10-01,-7778000,10956717000,9620281250.0,,,1.288,29.893,-23992000.0,92276000,92276000,10476521000.0,1153730000.0,,1.322,2780331000,,,2780331000,0,63365000.0,0,0.01,0.55,1847140000.0,1910505000.0,0.154,1910505000.0,1847140000.0,1847140000.0,7.46,6.99,7.46,4719312000,4300319500.0,4719312000,11516464759,6.0,6.028,-295608000.0,-1.872,1.0,1912844000.0,0.154,0,0.0,13644772000,11405450500.0,7724310000,1194512000,,,6237405000,,,8828409759,-259669000.0,-202275000.0,-209801000.0,865677000.0,-85578000.0,570298000.0,-558351000.0,-332886000.0,-271616000.0,0.0,1153730000.0,1153730000.0,1153730000.0,-10293000.0,0.0,0.093,171340000.0,1741504000.0,2185538000,0.074,1.871,7.652,7.496,0,0.0,55.92,0.713,0.713,279904000,3490534000,12389365000.0,12389365000.0,0.0,0.12,0.268,0.162,0.149,38408000.0,171340000.0,1.0,157875711,157875711,,78.475,10956717000,0,693410000.0,0,69.401,
65,LEN,ART,2005-06-30,2005-07-11,2005-05-31,2021-10-01,-9759000,9605634000,8840757250.0,,,1.317,27.737,-29416000.0,77155000,77155000,9924227000.0,1041699000.0,,1.251,2337436000,,,2337436000,0,60116000.0,0,0.008,0.538,1667170000.0,1727286000.0,0.148,1727286000.0,1667170000.0,1667170000.0,6.73,6.29,6.73,4267486000,4042599250.0,4267486000,12534905685,8.0,7.257,-49848000.0,-0.324,1.0,1715166000.0,0.147,0,0.0,11865915000,10356862500.0,6724899000,1015696000,,,5338148000,,,10274624685,-34135000.0,-131684000.0,-204613000.0,605530000.0,-83316000.0,317601000.0,-331304000.0,-171415000.0,-20432000.0,0.0,1041699000.0,1041699000.0,1041699000.0,-10293000.0,0.0,0.089,159780000.0,1555386000.0,1910345000,0.08,2.408,9.863,9.923,0,0.0,66.78,0.883,0.883,295143000,3174903000,11639393000.0,11639393000.0,0.0,0.118,0.258,0.161,0.143,23338000.0,159780000.0,1.0,153857812,153857812,,75.65,9605634000,0,625471000.0,0,62.432,
66,LEN,ART,2005-03-31,2005-04-11,2005-02-28,2021-10-01,-11275000,8753494000,8188369500.0,,,1.349,26.761,-29638000.0,509068000,509068000,9449379000.0,999573000.0,,1.103,2002867000,,,2002867000,0,60358000.0,0,0.009,0.525,1605740000.0,1666098000.0,0.151,1666098000.0,1605740000.0,1605740000.0,6.45,6.03,6.45,4161508000,3845721750.0,4161508000,10365497882,6.0,6.221,-1499000.0,-0.01,1.0,1599925000.0,0.145,0,0.0,10247293000,9502754250.0,5732821000,939125000,,,4591986000,,,8871698882,-1174000.0,-153168000.0,-74377000.0,464237000.0,-81693000.0,308167000.0,-337480000.0,-155754000.0,28139000.0,0.0,999573000.0,999573000.0,999573000.0,0.0,0.0,0.09,150204000.0,1449721000.0,1629224000,0.081,2.132,8.875,8.845,0,0.0,57.05,0.803,0.803,184492000,2952503000,11049304000.0,11049304000.0,0.0,0.122,0.26,0.169,0.145,25699000.0,150204000.0,1.0,155507430,155507430,,71.053,8753494000,0,606167000.0,0,56.29,
67,LEN,ART,2004-12-31,2005-02-14,2004-11-30,2021-10-01,-14575000,9165280000,7630339500.0,,,1.377,26.123,-27389000.0,1322472000,1322472000,8993304000.0,945619000.0,,1.261,2021014000,,,2021014000,0,55573000.0,0,0.009,0.525,1519067000.0,1574640000.0,0.15,1574640000.0,1519067000.0,1519067000.0,6.09,5.7,6.09,4052972000,3624967250.0,4052972000,9601078092,6.0,6.097,245358000.0,1.581,1.0,1511595000.0,0.144,0,0.0,9863822000,8817855500.0,5142070000,856422000,,,5112308000,,,8902536092,157069000.0,-105730000.0,-99045000.0,501468000.0,-79945000.0,322478000.0,-438156000.0,-306248000.0,272747000.0,0.0,945619000.0,945619000.0,945619000.0,0.0,0.0,0.09,141722000.0,1369873000.0,1830047000,0.086,2.197,9.415,9.422,0,0.0,57.38,0.847,0.847,153285000,2780637000,10504899000.0,10504899000.0,0.0,0.124,0.261,0.172,0.145,13142000.0,141722000.0,1.0,155150507,155150507,,67.708,9165280000,0,573448000.0,0,59.073,
68,LEN,ART,2004-09-30,2004-10-15,2004-08-31,2021-10-01,-17895000,7838621000,7032877500.0,,,1.406,23.62,-24677000.0,386858000,386858000,8514816000.0,849066000.0,,1.125,1998657000,,,1998657000,0,53035000.0,0,0.012,0.5,1363961000.0,1416996000.0,0.143,1416996000.0,1363961000.0,1363961000.0,5.505,5.135,5.505,3688431000,3427667750.0,3688431000,8282836122,6.0,5.845,230926000.0,1.479,1.0,1375535000.0,0.139,0,0.0,9450420000,8133493250.0,5241814000,779465000,,,4150190000,,,6671037122,-177902000.0,-157388000.0,-97691000.0,250176000.0,-78193000.0,74292000.0,-507797000.0,-327230000.0,255603000.0,0.0,849066000.0,849066000.0,849066000.0,0.0,0.0,0.086,130722000.0,1244813000.0,1222928000,0.091,1.809,7.857,7.76,0,0.0,42.72,0.674,0.674,153687000,2422382000,9890351000.0,9890351000.0,0.0,0.121,0.248,0.168,0.138,15231000.0,130722000.0,1.0,156157236,156157236,,63.336,7838621000,0,514895000.0,0,50.197,
69,LEN,ART,2004-06-30,2004-07-15,2004-05-31,2021-10-01,-17059000,6996083000,6628730000.0,,,1.42,22.3,-19874000.0,140675000,140675000,8088958000.0,825421000.0,,1.01,1594074000,,,1594074000,0,49510000.0,0,0.009,0.381,1325978000.0,1375488000.0,0.146,1375488000.0,1325978000.0,1325978000.0,5.4,4.99,5.4,3479976000,3253812000.0,3479976000,8148065579,6.0,5.924,390592000.0,2.503,1.0,1320875000.0,0.14,0,0.0,8449482000,7557016750.0,4775343000,696020000,,,3516107000,,,6694666579,-314604000.0,-115566000.0,-88762000.0,-180787000.0,-59818000.0,-329367000.0,-395703000.0,-262078000.0,410466000.0,0.0,825421000.0,825421000.0,825421000.0,0.0,0.0,0.088,124026000.0,1196849000.0,1071321000,0.071,1.924,8.111,7.944,0,0.0,42.9,0.711,0.711,124350000,2216520000,9409833000.0,9409833000.0,0.0,0.125,0.254,0.175,0.141,14002000.0,124026000.0,1.0,156052834,156052834,,60.299,6996083000,0,500557000.0,0,44.832,
70,LEN,ART,2004-03-31,2004-04-14,2004-02-29,2021-10-01,-22034000,6521374000,6364474500.0,,,1.444,21.008,-18429000.0,545522000,545522000,7869858000.0,784325000.0,,0.989,1531846000,,,1531846000,0,50753000.0,0,0.059,2.888,1296226000.0,1346979000.0,0.147,1346979000.0,1296226000.0,1259960000.0,5.23,4.795,5.23,3278490000,3009204000.0,3278490000,8592562212,7.0,6.379,615814000.0,3.946,1.0,1318258000.0,0.143,0,36266000.0,7507698000,7258781250.0,4066136000,636948000,,,3242884000,,,7606238212,65369000.0,-167987000.0,-90928000.0,-60616000.0,-41497000.0,-193041000.0,-375833000.0,-191915000.0,634243000.0,0.0,784325000.0,784325000.0,784325000.0,0.0,0.0,0.085,118502000.0,1199756000.0,1011346000,0.552,2.32,9.698,9.319,0,0.0,48.74,0.828,0.828,65135000,2034623000,9188116000.0,9188116000.0,0.0,0.123,0.261,0.179,0.141,12021000.0,118502000.0,1.0,156057411,156057411,,58.877,6521374000,0,475635000.0,0,41.788,
71,LEN,ART,2003-12-31,2004-03-01,2003-11-30,2021-10-01,-20976000,6775432000,6132087500.0,,,1.453,20.987,-18848000.0,1201276000,1201276000,7692877000.0,751391000.0,,1.076,1552217000,,,1552217000,0,54503000.0,0,0.055,2.888,1207054000.0,1261557000.0,0.142,1261557000.0,1207054000.0,1207054000.0,5.1,4.65,5.1,3263774000,2773028750.0,3263774000,8446950591,7.0,6.696,561951000.0,3.614,1.0,1214742000.0,0.136,0,0.0,7126373000,7111454000.0,3656101000,390334000,,,3511658000,,,8096009591,493713000.0,-159389000.0,17153000.0,36663000.0,-22705000.0,31111000.0,-118197000.0,60133000.0,580799000.0,0.0,751391000.0,751391000.0,751391000.0,0.0,0.0,0.084,111488000.0,1103254000.0,1040961000,0.566,2.481,10.775,10.208,0,0.0,52.06,0.909,0.909,60392000,1914963000,8907619000.0,8907619000.0,0.0,0.123,0.271,0.17,0.136,10951000.0,111488000.0,1.0,155513054,155513054,,57.279,6775432000,0,455663000.0,0,43.568,
72,LEN,ART,2003-09-30,2003-10-15,2003-08-31,2021-10-01,-21833000,6222031000,5877137750.0,,,1.471,18.986,-10454000.0,599223000,599223000,7339223000.0,693222000.0,,1.079,1521706000,,,1521706000,0,56829000.0,0,0.063,2.65,1231361000.0,1288190000.0,0.149,1288190000.0,1231361000.0,1113610000.0,4.99,4.51,4.99,2993008000,2514374500.0,2993008000,7515880061,6.0,5.834,357178000.0,2.266,1.0,1306295000.0,0.151,0,117751000.0,7144514000,6982305500.0,3868168000,362766000,,,3229023000,,,6593397061,538581000.0,-92626000.0,16516000.0,173331000.0,-3777000.0,185944000.0,-14995000.0,75381000.0,367632000.0,0.0,693222000.0,693222000.0,693222000.0,0.0,0.0,0.08,104858000.0,1201437000.0,906655000,0.531,2.203,9.511,8.382,0,0.0,41.825,0.763,0.763,78501000,1651509000,8645518000.0,8645518000.0,0.0,0.118,0.276,0.176,0.142,9333000.0,104858000.0,1.0,157642488,157642488,,54.843,6222031000,0,420388000.0,0,39.469,
73,LEN,ART,2003-06-30,2003-07-15,2003-05-31,2021-10-01,-30332000,5939061000,5623891250.0,,,1.465,16.984,-7262000.0,480719000,480719000,6965822000.0,633864000.0,,1.374,1798198000,,,1798198000,0,56879000.0,0,0.075,2.65,1175712000.0,1232591000.0,0.15,1232591000.0,1175712000.0,1018255000.0,4.755,4.3,4.755,2501544000,2266097750.0,2501544000,6555150018,6.0,5.318,38282000.0,0.26,1.0,1272657000.0,0.154,0,157457000.0,7256540000,6894599500.0,3752102000,313093000,,,3437517000,,,5237671018,15566000.0,-496861000.0,11499000.0,382152000.0,-3589000.0,390016000.0,-419994000.0,72151000.0,45544000.0,0.0,633864000.0,633864000.0,633864000.0,0.0,0.0,0.077,96945000.0,1175712000.0,866813000,0.557,2.094,8.263,7.478,0,0.0,35.56,0.636,0.636,69814000,1450917000,8238479000.0,8238479000.0,0.0,0.113,0.28,0.171,0.143,6573000.0,96945000.0,1.0,147291086,147291086,,55.933,5939061000,0,384391000.0,0,40.322,
74,LEN,ART,2003-03-31,2003-04-14,2003-02-28,2021-10-01,-28487000,5591826000,5278198500.0,,,1.457,17.941,-6194000.0,500227000,500227000,6515195000.0,579556000.0,,1.396,1826790000,,,1826790000,0,51231000.0,0,0.001,0.025,1082735000.0,1133966000.0,0.147,1133966000.0,1082735000.0,931014000.0,4.455,4.03,4.455,2333789000,2106510250.0,2333789000,5075560824,5.0,4.476,79381000.0,0.61,1.0,1173733000.0,0.153,0,151721000.0,6918389000,6479842250.0,3662319000,298440000,,,3258037000,,,3748997824,-10918000.0,-416055000.0,14932000.0,241935000.0,-3192000.0,253673000.0,-350166000.0,60657000.0,85575000.0,0.0,579556000.0,579556000.0,579556000.0,0.0,0.0,0.075,90998000.0,1082735000.0,879703000,0.006,1.606,6.469,6.469,0,0.0,28.82,0.488,0.488,51348000,1644463000,7688928000.0,7688928000.0,0.0,0.11,0.275,0.167,0.141,8822000.0,90998000.0,1.0,130083200,130083200,,59.108,5591826000,0,351458000.0,0,42.987,
75,LEN,ART,2002-12-31,2003-02-28,2002-11-30,2021-10-01,-24437000,5755633000,4975229250.0,,,1.471,17.165,-4085000.0,731163000,731163000,6212568000.0,545129000.0,,1.582,1585309000,,,1585309000,0,47031000.0,0,0.001,0.025,1021276000.0,1068307000.0,0.146,1068307000.0,1021276000.0,875709000.0,4.275,3.86,4.275,2229157000,1958239750.0,2229157000,4359974772,4.0,4.081,200483000.0,1.544,1.0,1107234000.0,0.151,0,145567000.0,6609779000,6100731500.0,3237577000,285594000,,,3526476000,,,3505828772,-100115000.0,-424277000.0,19252000.0,44924000.0,-3182000.0,60994000.0,-365677000.0,48799000.0,204568000.0,0.0,545129000.0,545129000.0,545129000.0,0.0,0.0,0.074,85958000.0,1021276000.0,969779000,0.006,1.573,6.431,6.315,0,0.0,26.995,0.479,0.479,48432000,1538945000,7319802000.0,7319802000.0,0.0,0.11,0.278,0.167,0.14,10728000.0,85958000.0,1.0,129869560,129869560,,56.363,5755633000,0,330580000.0,0,44.319,
76,LEN,ART,2002-09-30,2002-10-15,2002-08-31,2021-10-01,-25321000,5209045000,4714927500.0,,,1.408,15.416,-9229000.0,58363000,58363000,5649094000.0,482995000.0,,1.605,1643008000,,,1643008000,0,44727000.0,0,0.001,0.025,909078000.0,953805000.0,0.144,953805000.0,909078000.0,779086000.0,3.805,3.44,3.805,1999901000,1815766000.0,1999901000,5291076469,6.0,5.547,93959000.0,0.724,1.0,987168000.0,0.149,0,129992000.0,6793690000,5797203750.0,3576443000,353708000,,,3209144000,,,3706431469,-143428000.0,-361488000.0,17904000.0,118711000.0,-3202000.0,133687000.0,-380303000.0,13316000.0,103188000.0,0.0,482995000.0,482995000.0,482995000.0,0.0,0.0,0.073,78090000.0,909078000.0,892098000,0.007,1.853,7.674,7.509,0,0.0,28.57,0.559,0.559,87465000,1314732000,6636262000.0,6636262000.0,0.0,0.102,0.266,0.157,0.137,21700000.0,78090000.0,1.0,129731588,129731588,,51.154,5209045000,0,296091000.0,0,40.152,
77,LEN,ART,2002-06-30,2002-07-15,2002-05-31,2021-10-01,-17225000,4556290000,4455767500.0,,,1.426,14.403,-10532000.0,461497000,461497000,5429950000.0,447471000.0,,1.445,1502718000,,,1502718000,0,44400000.0,0,0.001,0.025,845077000.0,889477000.0,0.14,889477000.0,845077000.0,724110000.0,3.54,3.2,3.54,1863194000,1689498000.0,1863194000,4728000152,6.0,5.315,365524000.0,2.826,1.0,923137000.0,0.145,0,120967000.0,5597511000,5462336250.0,2802260000,324510000,,,2693096000,,,3686779152,251353000.0,-16671000.0,19061000.0,-121666000.0,-3192000.0,-104229000.0,-20474000.0,17541000.0,376056000.0,0.0,447471000.0,447471000.0,447471000.0,0.0,0.0,0.07,78060000.0,845077000.0,680512000,0.007,1.979,8.239,8.051,0,0.0,28.5,0.58,0.58,51222000,1173310000,6353087000.0,6353087000.0,0.0,0.1,0.265,0.155,0.133,20560000.0,78060000.0,1.0,129360672,129360672,,49.111,4556290000,0,276639000.0,0,35.222,
78,LEN,ART,2002-03-31,2002-04-15,2002-02-28,2021-10-01,-18333000,4379949000,4316780250.0,,,1.43,13.528,-12712000.0,483573000,483573000,5264983000.0,438470000.0,,1.516,1505570000,,,1505570000,0,48051000.0,0,0.001,0.025,831353000.0,879404000.0,0.142,879404000.0,831353000.0,711550000.0,3.485,3.145,3.485,1740707000,1570902500.0,1740707000,4537344781,5.0,5.16,315393000.0,2.451,1.0,908020000.0,0.147,0,119803000.0,5401946000,5382503000.0,2660360000,315878000,,,2639242000,,,3515347781,466932000.0,-5649000.0,18496000.0,120619000.0,-3170000.0,137483000.0,1344000.0,19705000.0,328105000.0,0.0,438470000.0,438470000.0,438470000.0,0.0,0.0,0.071,76667000.0,831353000.0,660387000,0.007,2.019,8.017,7.839,0,0.0,27.32,0.569,0.569,30914000,1068099000,6173003000.0,6173003000.0,0.0,0.102,0.279,0.154,0.135,14820000.0,76667000.0,1.0,128673052,128673052,,47.974,4379949000,0,273080000.0,0,34.039,
79,LEN,ART,2001-12-31,2002-02-28,2001-11-30,2021-10-01,-19286000,4714426000,4145006500.0,,,1.455,12.931,-13110000.0,824013000,824013000,5154544000.0,417845000.0,,1.841,1505255000,,,1505255000,0,48383000.0,0,0.001,0.025,798926000.0,847309000.0,0.141,847309000.0,798926000.0,679423000.0,3.33,3.005,3.33,1659262000,1454733500.0,1659262000,4223552756,5.0,4.985,46086000.0,0.359,1.0,874757000.0,0.145,0,119503000.0,5395668000,5263726250.0,2416541000,300064000,,,3055164000,,,3542310756,543397000.0,5601000.0,19789000.0,463585000.0,-3146000.0,482338000.0,1863000.0,9372000.0,59196000.0,0.0,417845000.0,417845000.0,417845000.0,0.0,0.0,0.069,75831000.0,798926000.0,755726000,0.008,2.135,8.478,8.29,0,0.0,27.605,0.588,0.588,24345000,996998000,6029301000.0,6029301000.0,0.0,0.101,0.287,0.152,0.133,12150000.0,75831000.0,1.0,128321346,128321346,,46.986,4714426000,0,261578000.0,0,36.739,
80,LEN,ART,2001-09-30,2001-10-15,2001-08-31,2021-10-01,-16285000,4172405000,3910878500.0,,,1.482,11.691,-8392000.0,208570000,208570000,5006521000.0,364445000.0,,1.791,1490385000,,,1490385000,0,49260000.0,0,0.001,0.025,718893000.0,768153000.0,0.133,768153000.0,718893000.0,594054000.0,2.965,2.67,2.965,1494829000,1347063000.0,1494829000,3669643565,5.0,4.777,279931000.0,2.189,1.0,788888000.0,0.136,0,124839000.0,5454220000,5101043500.0,2703412000,349772000,,,2677576000,,,2387828565,175001000.0,-67211000.0,22102000.0,-89558000.0,-3087000.0,-68615000.0,-44707000.0,-850000.0,288323000.0,0.0,364445000.0,364445000.0,364445000.0,0.0,0.0,0.063,69995000.0,718893000.0,681738000,0.008,1.597,6.552,6.298,0,0.0,18.675,0.412,0.412,46339000,834939000,5795409000.0,5795409000.0,0.0,0.093,0.271,0.141,0.124,0.0,69995000.0,1.0,127862306,127862306,,45.325,4172405000,0,229609000.0,0,32.632,
81,LEN,ART,2001-06-30,2001-07-16,2001-05-31,2021-10-01,-11802000,4000341000,3810124000.0,,,1.468,10.885,-8637000.0,219002000,219002000,4887428000.0,318757000.0,,1.88,1496839000,,,1496839000,0,50125000.0,0,0.001,0.025,642564000.0,692689000.0,0.124,692689000.0,642564000.0,520577000.0,2.615,2.355,2.615,1388812000,1252381250.0,1388812000,4340070488,7.0,6.266,338854000.0,2.656,1.0,706568000.0,0.126,0,121987000.0,5278178000,5079318250.0,2521812000,286480000,,,2611529000,,,3062233488,159895000.0,-13845000.0,20578000.0,-182135000.0,-3058000.0,-164090000.0,-23506000.0,-2000.0,347491000.0,0.0,318757000.0,318757000.0,318757000.0,0.0,0.0,0.057,64004000.0,642564000.0,586205000,0.01,2.205,9.607,9.178,0,0.0,24.0,0.547,0.547,47980000,729031000,5593996000.0,5593996000.0,0.0,0.084,0.255,0.127,0.115,0.0,64004000.0,1.0,127593062,127593062,,43.842,4000341000,0,201820000.0,0,31.352,
82,LEN,ART,2001-03-31,2001-04-16,2001-02-28,2021-10-01,-13564000,3692854000,3761366750.0,,,1.375,10.051,-8783000.0,57573000,57573000,4578793000.0,258192000.0,,1.894,1291558000,,,1291558000,0,46670000.0,0,0.001,0.025,534964000.0,581634000.0,0.112,581634000.0,534964000.0,422583000.0,2.185,1.975,2.185,1276031000,1168685000.0,1276031000,3818732199,7.0,6.566,362374000.0,2.854,1.0,591850000.0,0.114,0,112381000.0,4926839000,5126239250.0,2483343000,292185000,,,2416823000,,,2584747199,45310000.0,-194787000.0,10262000.0,-113674000.0,-3034000.0,-105768000.0,-220079000.0,-4532000.0,371157000.0,0.0,258192000.0,258192000.0,258192000.0,0.0,0.0,0.05,56886000.0,534964000.0,671155000,0.011,2.026,10.011,9.318,0,0.0,20.36,0.5,0.5,47936000,632799000,5170643000.0,5170643000.0,0.0,0.069,0.221,0.104,0.103,0.0,56886000.0,1.0,126952220,126952220,,40.729,3692854000,0,164391000.0,0,29.089,
83,LEN,ART,2000-12-31,2001-02-28,2000-11-30,2021-10-01,0,3777914000,3351420250.0,,,1.404,9.736,-10502000.0,287627000,287627000,4182577000.0,229137000.0,,2.075,1254650000,,,1254650000,0,44267000.0,0,0.001,0.025,474236000.0,518503000.0,0.11,518503000.0,474236000.0,375635000.0,2.0,1.82,2.0,1228580000,1037854500.0,1228580000,3206840226,7.0,6.185,468897000.0,3.716,1.0,524391000.0,0.111,0,98601000.0,4744937000,4587797750.0,2301584000,257639000,,,2549334000,,,2239817226,215710000.0,-161214000.0,-147348000.0,73226000.0,-2896000.0,-76973000.0,-186716000.0,-3166000.0,479399000.0,0.0,229137000.0,229137000.0,229137000.0,0.0,0.0,0.049,50155000.0,474236000.0,778238000,0.013,1.823,9.775,8.875,0,0.0,17.75,0.476,0.476,42270000,582299000,4706968000.0,4706968000.0,0.0,0.068,0.221,0.103,0.101,0.0,50155000.0,1.0,126186886,126186886,,37.302,3777914000,0,146498000.0,0,29.939,
84,LEN,ART,2000-09-30,2000-10-16,2000-08-31,2021-10-01,0,3769387000,2921353500.0,,,1.354,8.917,-18176000.0,58134000,58134000,3543281000.0,179447000.0,,2.377,1656066000,,,1656066000,0,41047000.0,0,0.002,0.026,367349000.0,408396000.0,0.103,408396000.0,367349000.0,294984000.0,1.565,1.44,1.565,1116102000,951084250.0,1116102000,3432270623,9.0,8.404,188552000.0,1.506,1.0,411542000.0,0.104,0,72365000.0,5367319000,4105815250.0,2662750000,254839000,,,2653285000,,,1834338623,15454000.0,-157641000.0,-155249000.0,179228000.0,-2848000.0,20208000.0,-211482000.0,-14869000.0,206728000.0,0.0,179447000.0,179447000.0,179447000.0,0.0,0.0,0.045,44193000.0,367349000.0,616181000,0.017,1.644,10.222,9.364,0,0.0,14.655,0.464,0.464,37684000,473581000,3954823000.0,3954823000.0,0.0,0.061,0.189,0.089,0.093,0.0,44193000.0,1.0,125168108,125168108,,31.596,3769387000,0,115537000.0,0,30.115,
85,LEN,ART,2000-06-30,2000-07-17,2000-05-31,2021-10-01,0,3805312000,2530006250.0,,,1.343,8.551,-18455000.0,72234000,72234000,3029318000.0,163913000.0,,2.61,1732784000,,,1732784000,0,38336000.0,0,0.002,0.026,328219000.0,366555000.0,0.108,366555000.0,328219000.0,270135000.0,1.46,1.35,1.46,1054027000,879160500.0,1054027000,3081701780,9.0,8.407,54069000.0,0.439,1.0,368787000.0,0.109,0,58084000.0,5465862000,3483326000.0,2641423000,243829000,,,2751285000,,,1421151780,50120000.0,-130349000.0,-154860000.0,289096000.0,-2807000.0,130682000.0,-153086000.0,-4065000.0,72524000.0,0.0,163913000.0,163913000.0,163913000.0,0.0,0.0,0.048,40568000.0,328219000.0,596971000,0.018,1.348,8.67,7.897,0,0.0,11.53,0.418,0.418,43815000,413332000,3398105000.0,3398105000.0,0.0,0.065,0.186,0.094,0.097,0.0,40568000.0,1.0,123256876,123256876,,27.569,3805312000,0,106222000.0,0,30.873,
86,LEN,ART,2000-03-31,2000-04-14,2000-02-29,2021-10-01,0,2053068000,2115902000.0,,,1.497,6.409,-15826000.0,30179000,30179000,2805057000.0,167063000.0,,1.728,750184000,,,750184000,0,38446000.0,0,0.003,0.026,325120000.0,363566000.0,0.115,363566000.0,325120000.0,275836000.0,1.455,1.345,1.455,752709000,811195250.0,752709000,1839312611,6.0,5.059,124248000.0,1.058,1.0,363225000.0,0.115,0,49284000.0,2773073000,2826435500.0,1393024000,173169000,,,1300359000,,,1119307611,-51458000.0,18138000.0,-153154000.0,-33832000.0,-2773000.0,-190557000.0,-975000.0,-3112000.0,140074000.0,0.0,167063000.0,167063000.0,167063000.0,0.0,0.0,0.053,38105000.0,325120000.0,316761000,0.018,1.487,6.7,6.55,0,0.0,9.53,0.353,0.353,29374000,377641000,3168282000.0,3168282000.0,0.0,0.079,0.206,0.115,0.103,0.0,38105000.0,1.0,117450956,117450956,,26.975,2053068000,0,108773000.0,0,17.48,
87,LEN,ART,1999-12-31,2000-02-28,1999-11-30,2021-10-01,0,2057647000,2120621250.0,,,1.471,7.514,-15328000.0,83256000,83256000,2746615000.0,172714000.0,,1.334,842616000,,,842616000,0,38956000.0,0,0.003,0.026,334336000.0,373292000.0,0.12,373292000.0,334336000.0,285477000.0,1.485,1.37,1.485,881499000,808724250.0,881499000,1694387329,5.0,4.539,105962000.0,0.903,1.0,371899000.0,0.119,0,48859000.0,2817007000,2810843500.0,1274551000,590852000,,,1176148000,,,935027329,56590000.0,-13223000.0,-2767000.0,-30067000.0,-2861000.0,-36178000.0,-28522000.0,68000.0,121290000.0,0.0,172714000.0,172714000.0,172714000.0,0.0,0.0,0.055,37563000.0,334336000.0,333532000,0.018,1.061,5.414,5.367,0,0.0,7.97,0.3,0.3,11162000,356058000,3118514000.0,3118514000.0,0.0,0.081,0.214,0.119,0.107,0.0,37563000.0,1.0,117318360,117318360,,26.582,2057647000,0,112763000.0,0,17.539,
88,LEN,ART,1999-09-30,1999-10-14,1999-08-31,2021-10-01,0,2203998000,2085668000.0,,,1.425,7.098,-13319000.0,38357000,38357000,2592566000.0,180120000.0,,1.661,711721000,,,711721000,0,38417000.0,0,0.004,0.026,343882000.0,382299000.0,0.129,382299000.0,343882000.0,298646000.0,1.565,1.46,1.565,828407000,767265750.0,828407000,1516041116,4.0,3.966,44898000.0,0.385,1.0,378999000.0,0.128,0,45236000.0,2877362000,2788996500.0,1438254000,158862000,,,1375591000,,,842677116,-9878000.0,-7042000.0,2322000.0,-64099000.0,-2865000.0,-61203000.0,-6892000.0,13380000.0,58217000.0,0.0,180120000.0,180120000.0,180120000.0,0.0,0.0,0.061,35117000.0,343882000.0,327892000,0.017,1.017,4.678,4.613,0,0.0,7.22,0.284,0.284,28533000,296982000,2971565000.0,2971565000.0,0.0,0.086,0.235,0.123,0.116,0.0,35117000.0,1.0,116714282,116714282,,25.46,2203998000,0,118526000.0,16687000,18.884,
89,LEN,ART,1999-06-30,1999-07-14,1999-05-31,2021-10-01,0,2148895000,2026555000.0,,,1.368,6.707,-16084000.0,27642000,27642000,2412462000.0,169712000.0,,1.747,717047000,,,717047000,0,36076000.0,0,0.002,0.026,327050000.0,363126000.0,0.131,363126000.0,327050000.0,281925000.0,1.48,1.395,1.48,782166000,722371750.0,782166000,1986862241,6.0,5.472,57492000.0,0.493,1.0,360541000.0,0.13,0,45125000.0,2838300000,2759453750.0,1381725000,193002000,,,1366729000,,,1297457241,2268000.0,-157528000.0,21248000.0,75295000.0,-2867000.0,100348000.0,-171656000.0,1735000.0,73576000.0,0.0,169712000.0,169712000.0,169712000.0,0.0,0.0,0.061,33491000.0,327050000.0,320700000,0.018,1.659,7.645,7.517,0,0.0,11.125,0.468,0.468,27736000,252226000,2773003000.0,2773003000.0,0.0,0.084,0.235,0.119,0.118,0.0,33491000.0,1.0,116625370,116625370,,23.777,2148895000,0,112213000.0,11093000,18.426,
90,LEN,ART,1999-03-31,1999-04-13,1999-02-28,2021-10-01,0,2071945000,1893642500.0,,,1.355,6.374,-15071000.0,74543000,74543000,2229848000.0,155727000.0,,1.789,713303000,,,713303000,0,28931000.0,0,0.002,0.026,305716000.0,334647000.0,0.13,334647000.0,305716000.0,259162000.0,1.38,1.315,1.38,742825000,654068500.0,742825000,1913709088,6.0,5.719,28308000.0,0.243,1.0,336904000.0,0.131,0,46554000.0,2710705000,2626422250.0,1324905000,175372000,,,1329120000,,,1274949088,31314000.0,-152729000.0,38513000.0,104255000.0,-2812000.0,149754000.0,-161819000.0,5128000.0,43379000.0,0.0,155727000.0,155727000.0,155727000.0,0.0,0.0,0.061,31188000.0,305716000.0,312195000,0.019,1.716,8.187,7.928,0,0.0,10.94,0.497,0.497,26653000,213351000,2566752000.0,2566752000.0,0.0,0.082,0.238,0.116,0.119,0.0,31188000.0,1.0,116540136,116540136,,22.025,2071945000,0,103435000.0,16929000,17.779,
91,LEN,ART,1998-12-31,1999-03-01,1998-11-30,2021-10-01,0,1917834000,1759184500.0,,,1.374,6.141,-13182000.0,34677000,34677000,2100161000.0,144068000.0,,1.68,846462000,,,846462000,0,25264000.0,0,0.002,0.026,287742000.0,313006000.0,0.13,313006000.0,287742000.0,240114000.0,1.295,1.245,1.295,715665000,582687500.0,715665000,2162975117,8.0,6.91,50014000.0,0.429,1.0,316704000.0,0.131,0,47628000.0,2729619000,2496819250.0,1198553000,523490000,,,1202169000,,,1351190117,-1022000.0,-197248000.0,41251000.0,94641000.0,-2749000.0,145554000.0,-209772000.0,508000.0,63196000.0,0.0,144068000.0,144068000.0,144068000.0,0.0,0.0,0.06,28962000.0,287742000.0,322267000,0.02,1.888,9.379,8.954,0,0.0,11.595,0.559,0.559,23803000,186205000,2416865000.0,2416865000.0,0.0,0.082,0.247,0.115,0.119,0.0,28962000.0,1.0,116532136,116532136,,20.74,1917834000,0,96046000.0,33440000,16.458,
92,LEN,ART,1998-09-30,1998-10-14,1998-08-31,2021-10-01,0,1967546000,1615547000.0,,,1.214,5.58,-6871000.0,49372000,49372000,1770056000.0,91593000.0,,2.032,841017000,,,841017000,0,18214000.0,0,1.432,12.526,169429000.0,187643000.0,0.096,187643000.0,169429000.0,133394000.0,0.85,,0.85,648831000,513521000.0,648831000,1809023862,11.0,9.641,-93603000.0,-0.805,1.0,191512000.0,0.098,0,36035000.0,2759191000,2307820250.0,1308147000,186663000,,,1318715000,,,1017378862,6023000.0,-140842000.0,41616000.0,255317000.0,-2684000.0,237045000.0,-144290000.0,-1207000.0,-86732000.0,0.0,91593000.0,91593000.0,91593000.0,-33826000.0,0.0,0.047,55909000.0,135603000.0,262347000,14.736,1.568,11.108,10.294,11857000,0.0,8.75,0.519,0.519,28163000,119727000,1961568000.0,1961568000.0,0.0,0.057,0.178,0.073,0.086,0.0,26680000.0,1.0,116271870,116271870,,16.871,1967546000,0,41801000.0,13353000,16.922,
93,LEN,ART,1998-06-30,1998-07-14,1998-05-31,2021-10-01,0,1617245000,1609622250.0,,,1.059,4.379,-8862000.0,39075000,39075000,1533707000.0,84809000.0,,2.178,728004000,,,728004000,0,12850000.0,0,0.761,12.532,153838000.0,166688000.0,0.098,166688000.0,153838000.0,121315000.0,0.935,,0.935,508953000,545194000.0,508953000,2603166015,17.0,15.617,-111931000.0,-0.963,1.0,171273000.0,0.1,0,32523000.0,2306174000,2337982500.0,1010819000,183269000,,,1108292000,,,1914237015,-14920000.0,15937000.0,21794000.0,87797000.0,-2842000.0,48338000.0,39811000.0,27667000.0,-103069000.0,0.0,84809000.0,84809000.0,84809000.0,-33826000.0,0.0,0.05,51261000.0,120012000.0,195078000,13.403,3.761,22.571,17.615,9824000,0.0,16.47,1.123,1.123,11802000,85381000,1704980000.0,1704980000.0,0.0,0.053,0.156,0.066,0.09,0.0,22032000.0,1.0,116225684,116225684,,14.67,1617245000,0,36506000.0,4645000,13.915,
94,LEN,ART,1998-03-31,1998-04-14,1998-02-28,2021-10-01,0,1534113000,1686770250.0,,,0.88,4.28,-17312000.0,53110000,53110000,1325729000.0,81207000.0,,2.355,711290000,,,711290000,0,11777000.0,0,0.716,12.538,143608000.0,155385000.0,0.105,155385000.0,143608000.0,114710000.0,1.0,,1.0,457301000,603585000.0,457301000,2527957875,18.0,16.269,-114752000.0,-1.074,1.0,157795000.0,0.106,0,28898000.0,2192293000,2485408000.0,952394000,176923000,,,1076812000,,,1869777875,4892000.0,50870000.0,4637000.0,38426000.0,-3056000.0,-19033000.0,121365000.0,83478000.0,-97440000.0,0.0,81207000.0,81207000.0,81207000.0,-33826000.0,0.0,0.055,48013000.0,109782000.0,212154000,12.538,4.089,23.025,17.5,8661000,0.0,17.5,1.26,1.26,18776000,60436000,1483524000.0,1483524000.0,0.0,0.048,0.135,0.058,0.097,0.0,18784000.0,1.0,106844450,106844450,,13.885,1534113000,0,33503000.0,7749000,14.358,
95,LEN,ART,1997-12-31,1998-02-27,1997-11-30,2021-10-01,0,1343284000,1764550500.0,,,0.738,4.116,-22595000.0,52926000,52926000,1147297000.0,84431000.0,,2.06,683265000,,,683265000,0,9039000.0,0,0.897,12.538,144532000.0,153571000.0,0.118,153571000.0,144532000.0,119553000.0,1.115,,1.115,438999000,668078250.0,438999000,2120486713,15.0,13.808,-113660000.0,-1.066,1.0,155785000.0,0.12,0,24979000.0,1973623000,2629523000.0,806975000,312508000,,,904285000,,,1490147713,1929000.0,139541000.0,2829000.0,-18381000.0,-3277000.0,-78271000.0,171265000.0,45787000.0,-91065000.0,0.0,84431000.0,84431000.0,84431000.0,-33826000.0,0.0,0.065,45079000.0,110706000.0,198386000,11.245,3.394,17.649,12.529,8598000,0.0,13.97,1.144,1.144,34646000,44886000,1303082000.0,1303082000.0,0.0,0.048,0.126,0.055,0.111,0.0,15850000.0,1.0,106667696,106667696,,12.216,1343284000,0,35122000.0,22634000,12.593,
96,LEN,ART,1997-09-30,1997-10-31,1997-09-30,2021-10-01,0,391333000,369335500.0,,,,5.757,,26222000,26222000,,,,1.271,189866000,,,189866000,0,,0,0.002,0.05,,,,,,,,,,172321000,161507250.0,172321000,1633264470,,,,,1.0,,,0,,554977000,516077000.0,0,0,,,219012000,,,1469620470,,,,,,,,,,,,,,,,,,,29146000,,8.528,,,0,,20.375,,,0,39596000,,,,,,,,,,1.0,72128612,29934000,,,391333000,0,,0,13.073,
97,LEN,ART,1997-09-30,1997-10-15,1997-08-31,2021-10-01,18774000,1943847000,,,,,10.628,,31103000,31103000,,,,1.506,967096000,,,967096000,0,,0,0.002,0.05,,,,,,,,,,775523000,,775523000,2513806388,,,,,1.0,,,0,,2879840000,,847123000,518466000,,,1168324000,,,1577813388,,,,,,,,,,,,,,,,,,,193726000,,2.035,,,239065000,,21.875,,,44209000,579431000,,,,,,,,,,1.0,72128612,72972000,,,1943847000,0,,7502000,26.638,
98,LEN,ART,1997-06-30,1997-08-01,1997-06-30,2021-10-01,0,378469000,,,,,5.494,,42418000,42418000,,,,1.303,181144000,,,181144000,0,,0,0.003,0.05,,,,,,,,,,164367000,,164367000,700895121,,,,,1.0,,,0,,517195000,,0,0,,,214102000,,,562169121,,,,,,,,,,,,,,,,,,,32958000,,3.42,,,0,,18.78,,,0,31735000,,,,,,,,,,1.0,29934458,29920000,,,378469000,4207000,,0,12.649,
99,LEN,ART,1997-06-30,1997-07-15,1997-05-31,2021-10-01,13761000,1925837000,,,,,10.222,,15828000,15828000,,,,1.594,985867000,,,985867000,0,,0,0.003,0.05,,,,,,,,,,742517000,,742517000,2181640664,,,,,1.0,,,0,,2895876000,,838177000,557752000,,,1183320000,,,1211601664,,,,,,,,,,,,,,,,,,,180492000,,1.632,,,238435000,,16.815,,,52189000,552027000,,,,,,,,,,1.0,72054812,72638000,,,1925837000,0,,16961000,26.513,
100,LEN,ART,1997-03-31,1997-05-01,1997-03-31,2021-10-01,0,357071000,,,,,5.236,,18345000,18345000,,,,1.279,168829000,,,168829000,0,,0,0.005,0.062,,,,,,,,,,156658000,,156658000,550657072,,,,,1.0,,,0,,507555000,,0,0,,,200413000,,,400173072,,,,,,,,,,,,,,,,,,,31584000,,2.554,,,0,,13.375,,,0,24026000,,,,,,,,,,1.0,29919482,29920000,,,357071000,4207000,,0,11.934,
101,LEN,ART,1997-03-31,1997-04-14,1997-02-28,2021-10-01,8221000,1845234000,,,,,9.857,,19969000,19969000,,,,1.58,943488000,,,943488000,0,,0,0.004,0.05,,,,,,,,,,715274000,,715274000,1312472266,,,,,1.0,,,0,,2768753000,,750139000,606043000,,,1129960000,,,388953266,,,,,,,,,,,,,,,,,,,167848000,,0.544,,,226371000,,13.0,,,47421000,530898000,,,,,,,,,,1.0,29919482,72564000,,,1845234000,0,,18624000,25.429,
102,LEN,ART,1996-12-31,1997-02-11,1996-12-31,2021-10-01,0,350469000,,,,,5.103,0.0,31142000,31142000,345666000.0,19690000.0,,1.295,165254000,,,165254000,0,930000.0,0,0.004,0.05,33260000.0,34190000.0,0.081,34190000.0,33260000.0,33260000.0,,,,152683000,,152683000,521270097,16.0,15.246,-39405000.0,-1.317,1.0,74355000.0,0.177,0,0.0,484581000,,0,0,,,197786000,,,387158097,-18152000.0,-117000.0,54316000.0,14272000.0,0.0,21370000.0,-117000.0,0.0,-39405000.0,0.0,19690000.0,19690000.0,19690000.0,0.0,0.0,0.047,42726000.0,31629000.0,32532000,,2.536,19.663,,0,0.0,12.94,0.922,0.922,0,20051000,420021000.0,420021000.0,0.0,,,,0.079,0.0,42726000.0,1.0,29919482,29920000,29920000.0,14.038,350469000,4480000,13570000.0,0,11.714,
