None,ticker,dimension,calendardate,datekey,reportperiod,lastupdated,accoci,assets,assetsavg,assetsc,assetsnc,assetturnover,bvps,capex,cashneq,cashnequsd,cor,consolinc,currentratio,de,debt,debtc,debtnc,debtusd,deferredrev,depamor,deposits,divyield,dps,ebit,ebitda,ebitdamargin,ebitdausd,ebitusd,ebt,eps,epsdil,epsusd,equity,equityavg,equityusd,ev,evebit,evebitda,fcf,fcfps,fxusd,gp,grossmargin,intangibles,intexp,invcap,invcapavg,inventory,investments,investmentsc,investmentsnc,liabilities,liabilitiesc,liabilitiesnc,marketcap,ncf,ncfbus,ncfcommon,ncfdebt,ncfdiv,ncff,ncfi,ncfinv,ncfo,ncfx,netinc,netinccmn,netinccmnusd,netincdis,netincnci,netmargin,opex,opinc,payables,payoutratio,pb,pe,pe1,ppnenet,prefdivis,price,ps,ps1,receivables,retearn,revenue,revenueusd,rnd,roa,roe,roic,ros,sbcomp,sgna,sharefactor,sharesbas,shareswa,shareswadil,sps,tangibles,taxassets,taxexp,taxliabilities,tbvps,workingcapital
0,CTLT,MRY,2021-12-31,2021-06-30,2021-06-30,2021-08-30,-317000000.0,9112000000.0,8515850000.0,2918000000.0,6194000000.0,0.469,22.983,-686000000.0,896000000.0,896000000.0,2646000000.0,585000000.0,2.44,1.236,3241000000.0,75000000.0,3166000000.0,3241000000.0,0.0,289000000.0,0.0,0.0,0.0,825000000.0,1114000000.0,0.279,1114000000.0,825000000.0,715000000.0,3.15,3.11,3.15,3915000000.0,3538950000.0,3915000000.0,20652428710.0,25.0,18.539,-253000000.0,-1.485,1.0,1352000000.0,0.338,3336000000.0,110000000.0,6925000000.0,6318925000.0,563000000.0,71000000.0,71000000.0,0.0,4838000000.0,1196000000.0,3642000000.0,18417328710.0,-57000000.0,140000000.0,120000000.0,99000000.0,-22000000.0,142000000.0,-649000000.0,-103000000.0,433000000.0,17000000.0,585000000.0,529000000.0,529000000.0,0.0,0.0,0.132,706000000.0,646000000.0,385000000.0,0.0,4.704,34.815,34.324,2524000000.0,56000000.0,108.12,4.607,4.607,1012000000.0,25000000.0,3998000000.0,3998000000.0,0.0,0.062,0.149,0.131,0.206,51000000.0,687000000.0,1.0,170341553.0,170341553.0,,23.47,5776000000.0,66000000.0,130000000.0,164000000.0,33.908,1722000000.0
1,CTLT,MRY,2020-12-31,2020-06-30,2020-06-30,2021-08-30,-386000000.0,7777000000.0,6792850000.0,2293000000.0,5484000000.0,0.455,18.716,-466000000.0,953000000.0,953000000.0,2111000000.0,221000000.0,2.568,1.473,3018000000.0,73000000.0,2945000000.0,3018000000.0,0.0,254000000.0,0.0,0.0,0.0,386000000.0,640000000.0,0.207,640000000.0,386000000.0,260000000.0,1.16,1.14,1.16,2899000000.0,2113025000.0,2899000000.0,13944287850.0,36.0,21.788,-26000000.0,-0.168,1.0,983000000.0,0.318,3360000000.0,126000000.0,5589000000.0,5307825000.0,324000000.0,0.0,0.0,0.0,4271000000.0,893000000.0,3378000000.0,11353987850.0,608000000.0,-358000000.0,1046000000.0,49000000.0,-36000000.0,1002000000.0,-827000000.0,-3000000.0,440000000.0,-7000000.0,221000000.0,173000000.0,173000000.0,0.0,0.0,0.056,588000000.0,395000000.0,321000000.0,0.0,3.917,65.63,63.19,1901000000.0,48000000.0,73.3,3.67,3.67,838000000.0,-535000000.0,3094000000.0,3094000000.0,0.0,0.025,0.082,0.073,0.125,48000000.0,577000000.0,1.0,154897515.0,154897515.0,,19.974,4417000000.0,49000000.0,39000000.0,94000000.0,28.516,1400000000.0
2,CTLT,MRY,2019-12-31,2019-06-30,2019-06-30,2021-08-30,-353900000.0,6184000000.0,4904625000.0,1395800000.0,4788200000.0,0.513,11.54,-217000000.0,345400000.0,345400000.0,1713000000.0,137000000.0,2.081,2.317,2959300000.0,76500000.0,2882800000.0,2959300000.0,0.0,229000000.0,0.0,0.0,0.0,271000000.0,500000000.0,0.199,500000000.0,271000000.0,160000000.0,0.92,0.9,0.92,1681600000.0,1598675000.0,1681600000.0,9857919420.0,36.0,19.716,31000000.0,0.213,1.0,805000000.0,0.32,3151700000.0,111000000.0,4975500000.0,4198375000.0,257200000.0,0.0,0.0,0.0,3895800000.0,670700000.0,3225100000.0,7899219420.0,-65000000.0,-1291000000.0,445000000.0,150000000.0,0.0,1201000000.0,-1510000000.0,-2000000.0,248000000.0,-4000000.0,137000000.0,132000000.0,132000000.0,0.0,0.0,0.052,531000000.0,274000000.0,255800000.0,0.0,4.697,59.843,58.924,1536700000.0,5000000.0,54.21,3.137,3.137,693100000.0,-723400000.0,2518000000.0,2518000000.0,0.0,0.027,0.083,0.065,0.108,33000000.0,512000000.0,1.0,145715171.0,145715171.0,,17.28,3032300000.0,38600000.0,23000000.0,74400000.0,20.81,725100000.0
3,CTLT,MRY,2018-12-31,2018-06-30,2018-06-30,2021-08-30,-325800000.0,4531100000.0,4314275000.0,1240300000.0,3290800000.0,0.571,8.148,-174700000.0,410200000.0,410200000.0,1710800000.0,83600000.0,2.15,3.17,2721300000.0,71900000.0,2649400000.0,2721300000.0,0.0,190100000.0,0.0,0.0,0.0,263400000.0,453500000.0,0.184,453500000.0,263400000.0,152000000.0,0.64,0.63,0.64,1086700000.0,1049850000.0,1086700000.0,7972439181.0,30.0,17.58,199800000.0,1.498,1.0,752600000.0,0.306,1942100000.0,111400000.0,4323200000.0,4128650000.0,209100000.0,0.0,0.0,0.0,3444400000.0,576900000.0,2867500000.0,5586839181.0,121900000.0,-744600000.0,277800000.0,420600000.0,0.0,669100000.0,-919300000.0,0.0,374500000.0,-2400000.0,83600000.0,83600000.0,83600000.0,0.0,0.0,0.034,483700000.0,268900000.0,192100000.0,0.0,5.141,66.828,65.453,1270600000.0,0.0,41.89,2.268,2.268,555800000.0,-872100000.0,2463400000.0,2463400000.0,0.0,0.019,0.08,0.064,0.107,27200000.0,464800000.0,1.0,133369281.0,133369281.0,,18.471,2589000000.0,32900000.0,68400000.0,32500000.0,19.412,663400000.0
4,CTLT,MRY,2017-12-31,2017-06-30,2017-06-30,2021-08-30,-314100000.0,3454300000.0,3255475000.0,1059800000.0,2394500000.0,0.638,5.79,-139100000.0,288300000.0,288300000.0,1420800000.0,109800000.0,2.26,3.774,2079700000.0,24600000.0,2055100000.0,2079700000.0,0.0,146500000.0,0.0,0.0,0.0,225700000.0,372200000.0,0.179,372200000.0,225700000.0,135600000.0,0.88,0.87,0.88,723500000.0,642175000.0,723500000.0,6193903090.0,27.0,16.641,160400000.0,1.284,1.0,654600000.0,0.315,1317200000.0,90100000.0,3459500000.0,3319525000.0,184900000.0,0.0,0.0,0.0,2730800000.0,469000000.0,2261800000.0,4386103090.0,156700000.0,-169900000.0,0.0,173100000.0,0.0,161300000.0,-309000000.0,0.0,299500000.0,4900000.0,109800000.0,109800000.0,109800000.0,0.0,0.0,0.053,420400000.0,234200000.0,163200000.0,0.0,6.062,39.946,39.886,995900000.0,0.0,35.1,2.113,2.113,488800000.0,-955700000.0,2075400000.0,2075400000.0,0.0,0.034,0.171,0.068,0.109,20900000.0,402600000.0,1.0,124960202.0,124960202.0,,16.608,2137100000.0,53900000.0,25800000.0,31700000.0,17.102,590800000.0
5,CTLT,MRY,2016-12-31,2016-06-30,2016-06-30,2021-08-30,-305700000.0,3091100000.0,3060100000.0,790200000.0,2300900000.0,0.604,5.101,-137700000.0,131600000.0,131600000.0,1260500000.0,111200000.0,2.02,3.861,1860500000.0,27700000.0,1832800000.0,1860500000.0,0.0,140600000.0,0.0,0.0,0.0,233700000.0,374300000.0,0.203,374300000.0,233700000.0,145200000.0,0.89,0.89,0.89,635900000.0,610850000.0,635900000.0,4602824089.0,20.0,12.297,17600000.0,0.141,1.0,587600000.0,0.318,1290500000.0,88500000.0,3138300000.0,3091725000.0,154800000.0,0.0,0.0,0.0,2455200000.0,391200000.0,2064000000.0,2865924089.0,-19700000.0,0.0,0.0,-16300000.0,0.0,-30800000.0,-137700000.0,0.0,155300000.0,-6500000.0,111500000.0,111500000.0,111500000.0,0.0,-300000.0,0.06,369800000.0,217800000.0,143700000.0,0.0,4.507,25.703,25.831,905800000.0,0.0,22.99,1.551,1.551,414800000.0,-1036100000.0,1848100000.0,1848100000.0,0.0,0.036,0.183,0.076,0.126,10800000.0,358100000.0,1.0,124659595.0,124659595.0,,14.825,1800600000.0,37500000.0,33700000.0,41400000.0,14.444,399000000.0
6,CTLT,MRY,2015-12-31,2015-06-30,2015-06-30,2021-08-30,-174000000.0,3138300000.0,3025450000.0,737500000.0,2400800000.0,0.605,5.101,-141000000.0,151300000.0,151300000.0,1215500000.0,210300000.0,1.848,3.95,1880800000.0,23800000.0,1857000000.0,1880800000.0,0.0,140800000.0,0.0,0.0,0.0,219500000.0,360300000.0,0.197,360300000.0,219500000.0,114500000.0,1.77,1.75,1.77,634000000.0,524825000.0,634000000.0,5411019760.0,25.0,15.018,30800000.0,0.248,1.0,615300000.0,0.336,1430200000.0,105000000.0,3038600000.0,2993625000.0,132900000.0,0.0,0.0,0.0,2504300000.0,399000000.0,2105300000.0,3645319760.0,76900000.0,-130800000.0,948800000.0,-729400000.0,0.0,196500000.0,-271800000.0,0.0,171800000.0,-19600000.0,212200000.0,212200000.0,212200000.0,-100000.0,-1900000.0,0.116,355400000.0,259900000.0,128200000.0,0.0,5.75,17.179,16.571,885200000.0,0.0,29.33,1.991,1.991,372400000.0,-1166900000.0,1830800000.0,1830800000.0,0.0,0.07,0.404,0.073,0.12,9000000.0,337300000.0,1.0,124286388.0,124286388.0,,14.73,1708100000.0,64100000.0,-97700000.0,56300000.0,13.743,338500000.0
7,CTLT,MRY,2014-12-31,2014-06-30,2014-06-30,2021-08-30,-24200000.0,3090200000.0,3019850000.0,687500000.0,2402700000.0,0.605,-3.164,-121500000.0,74400000.0,74400000.0,1229100000.0,15200000.0,1.518,-9.327,2710600000.0,25200000.0,2685400000.0,2710600000.0,0.0,142900000.0,0.0,,0.0,228800000.0,371700000.0,0.203,371700000.0,228800000.0,65700000.0,0.22,0.21,0.22,-371200000.0,-390950000.0,-371200000.0,,,,56800000.0,0.484,1.0,598600000.0,0.328,1454700000.0,163100000.0,3818700000.0,3773750000.0,134800000.0,0.0,0.0,0.0,3462000000.0,453000000.0,3009000000.0,,-32000000.0,-53700000.0,200000.0,-35100000.0,0.0,-42100000.0,-171200000.0,0.0,178300000.0,3000000.0,16200000.0,16200000.0,16200000.0,2700000.0,-1000000.0,0.009,357700000.0,240900000.0,148100000.0,0.0,,,,873000000.0,0.0,,,,403700000.0,-1379100000.0,1827700000.0,1827700000.0,0.0,0.005,-0.041,0.061,0.125,4500000.0,334800000.0,1.0,117301370.0,117301370.0,,15.581,1635500000.0,26300000.0,49500000.0,103200000.0,13.943,234500000.0
8,CTLT,MRY,2013-12-31,2013-06-30,2013-06-30,2021-08-30,-42800000.0,2949500000.0,3044250000.0,679100000.0,2270400000.0,0.591,-3.501,-119600000.0,106400000.0,106400000.0,1231700000.0,-49700000.0,1.655,-8.181,2691600000.0,35000000.0,2656600000.0,2691600000.0,0.0,152200000.0,0.0,,0.0,180600000.0,332800000.0,0.185,332800000.0,180600000.0,-22600000.0,-0.66,-0.66,-0.66,-410700000.0,-380700000.0,-410700000.0,,,,18100000.0,0.154,1.0,568600000.0,0.316,1395600000.0,203200000.0,3728800000.0,3762700000.0,124900000.0,0.0,0.0,0.0,3359800000.0,410300000.0,2949500000.0,,-32600000.0,-2500000.0,1200000.0,-39700000.0,0.0,-49300000.0,-122100000.0,0.0,137700000.0,1100000.0,-49600000.0,-49600000.0,-49600000.0,-1200000.0,-100000.0,-0.028,364200000.0,204400000.0,150800000.0,0.0,,,,814500000.0,0.0,,,,358000000.0,-1395300000.0,1800300000.0,1800300000.0,0.0,-0.016,0.13,0.048,0.1,2800000.0,340600000.0,1.0,117301370.0,117301370.0,,15.348,1553900000.0,23700000.0,27000000.0,111800000.0,13.247,268800000.0
9,CTLT,MRY,2012-12-31,2012-06-30,2012-06-30,2021-08-30,7500000.0,3139000000.0,,704700000.0,2434300000.0,,,-102000000.0,139000000.0,139000000.0,1136200000.0,-23200000.0,1.604,-9.951,2683500000.0,43200000.0,2640300000.0,2683500000.0,0.0,129700000.0,0.0,,0.0,159300000.0,289000000.0,0.171,289000000.0,159300000.0,-23900000.0,-0.33,-0.32,-0.33,-350700000.0,,-350700000.0,,,,-14100000.0,,1.0,558600000.0,0.33,1447600000.0,183200000.0,3796600000.0,,118700000.0,0.0,0.0,0.0,3489700000.0,439300000.0,3050400000.0,,-66100000.0,-457500000.0,1100000.0,353400000.0,0.0,352900000.0,-494500000.0,0.0,87900000.0,-12400000.0,-24400000.0,-24400000.0,-24400000.0,41300000.0,1200000.0,-0.014,360600000.0,198000000.0,134200000.0,0.0,,,,809700000.0,0.0,,,,338300000.0,-1382100000.0,1694800000.0,1694800000.0,0.0,,,,0.094,3700000.0,348100000.0,1.0,,,,,1691400000.0,135200000.0,500000.0,219900000.0,,265400000.0
10,CTLT,MRY,2011-12-31,2011-06-30,2011-06-30,2021-08-30,,,,,,,,-83300000.0,,,1029700000.0,-50100000.0,,,,,,,,115500000.0,,,0.0,135200000.0,250700000.0,0.164,250700000.0,135200000.0,-30300000.0,-0.72,-0.72,-0.72,,,,,,,16400000.0,,1.0,502100000.0,0.328,,165500000.0,,,,,,,,,,,41100000.0,0.0,3900000.0,-27400000.0,0.0,-26100000.0,-50400000.0,0.0,99700000.0,17900000.0,-54000000.0,-54000000.0,-54000000.0,21000000.0,3900000.0,-0.035,316000000.0,186100000.0,,0.0,,,,,0.0,,,,,,1531800000.0,1531800000.0,0.0,,,,0.088,3900000.0,288300000.0,1.0,,,,,,,23700000.0,,,
0,CTLT,MRQ,2021-06-30,2021-06-30,2021-06-30,2021-08-30,-317000000.0,9112000000.0,,2918000000.0,6194000000.0,,22.983,-189400000.0,896000000.0,896000000.0,748900000.0,182400000.0,2.44,1.236,3241000000.0,75000000.0,3166000000.0,3241000000.0,0.0,73000000.0,0.0,0.0,0.0,253400000.0,326400000.0,0.275,326400000.0,253400000.0,221500000.0,1.0,0.99,1.0,3915000000.0,,3915000000.0,20652428710.0,25.0,18.539,-55100000.0,-0.323,1.0,439300000.0,0.37,3336000000.0,31900000.0,6925000000.0,,563000000.0,71000000.0,71000000.0,0.0,4838000000.0,1196000000.0,3642000000.0,18417328710.0,-91900000.0,300000.0,16100000.0,-14400000.0,-4300000.0,-17300000.0,-213100000.0,-24000000.0,134300000.0,4200000.0,182400000.0,168900000.0,168900000.0,0.0,0.0,0.142,186000000.0,253300000.0,385000000.0,0.0,4.704,34.815,34.324,2524000000.0,13500000.0,108.12,4.607,4.607,1012000000.0,25000000.0,1188200000.0,1188200000.0,0.0,,,,,12500000.0,184100000.0,1.0,170341553.0,170341553.0,,6.975,5776000000.0,66000000.0,39100000.0,164000000.0,33.908,1722000000.0
1,CTLT,MRQ,2021-03-31,2021-03-31,2021-03-31,2021-08-30,-323900000.0,8769100000.0,,2774500000.0,5994600000.0,,21.813,-158000000.0,988100000.0,988100000.0,687700000.0,231800000.0,2.435,1.265,3223200000.0,73600000.0,3149600000.0,3223200000.0,0.0,75900000.0,0.0,0.0,0.0,344000000.0,419900000.0,0.399,419900000.0,344000000.0,317100000.0,1.27,1.26,1.27,3713200000.0,,3713200000.0,20149254189.0,26.0,19.13,-83000000.0,-0.488,1.0,365600000.0,0.347,3349800000.0,26900000.0,6515200000.0,,527900000.0,74700000.0,74700000.0,0.0,4696900000.0,1139200000.0,3557700000.0,17926554189.0,155000000.0,154500000.0,22100000.0,166700000.0,-4700000.0,166500000.0,-81500000.0,-78000000.0,75000000.0,-5000000.0,231800000.0,217100000.0,217100000.0,0.0,0.0,0.206,181000000.0,184600000.0,365700000.0,0.0,4.828,36.084,34.528,2358800000.0,14700000.0,105.31,4.771,4.771,834900000.0,-150300000.0,1053300000.0,1053300000.0,0.0,,,,,8400000.0,172700000.0,1.0,170226514.0,170226514.0,,6.188,5419300000.0,44100000.0,85300000.0,100300000.0,31.836,1635300000.0
2,CTLT,MRQ,2020-12-31,2020-12-31,2020-12-31,2021-08-30,-329600000.0,8198100000.0,,2518900000.0,5679200000.0,,20.981,-189000000.0,833100000.0,833100000.0,612600000.0,88400000.0,2.46,1.269,3055800000.0,72000000.0,2983800000.0,3055800000.0,0.0,71000000.0,0.0,0.0,0.0,134900000.0,205900000.0,0.226,205900000.0,134900000.0,109000000.0,0.46,0.45,0.46,3455500000.0,,3455500000.0,19191779024.0,39.0,25.176,-115000000.0,-0.698,1.0,298200000.0,0.327,3316800000.0,25900000.0,6080000000.0,,461300000.0,0.0,0.0,0.0,4383600000.0,1024000000.0,3359600000.0,17140079024.0,-173900000.0,-14800000.0,-1800000.0,-47000000.0,-4900000.0,-56800000.0,-203200000.0,600000.0,74000000.0,12100000.0,88400000.0,76600000.0,76600000.0,0.0,0.0,0.084,171600000.0,126600000.0,356900000.0,0.0,4.96,58.8,55.952,2129800000.0,11800000.0,104.07,4.947,4.947,771500000.0,-377400000.0,910800000.0,910800000.0,0.0,,,,,11400000.0,165500000.0,1.0,164697598.0,164697598.0,,5.53,4881300000.0,44600000.0,20600000.0,66500000.0,29.638,1494900000.0
3,CTLT,MRQ,2020-09-30,2020-09-30,2020-09-30,2021-08-30,-370000000.0,7984200000.0,,2356100000.0,5628100000.0,,18.716,-149600000.0,1007000000.0,1007000000.0,596800000.0,82400000.0,2.562,1.401,3058700000.0,73400000.0,2985300000.0,3058700000.0,0.0,69100000.0,0.0,0.0,0.0,92700000.0,161800000.0,0.191,161800000.0,92700000.0,67400000.0,0.42,0.41,0.42,3072100000.0,,3072100000.0,16124938088.0,36.0,22.657,100000.0,0.001,1.0,248900000.0,0.294,3360700000.0,25300000.0,5755500000.0,,384300000.0,0.0,0.0,0.0,4305500000.0,919700000.0,3385800000.0,14060138088.0,53800000.0,0.0,83600000.0,-6300000.0,-8100000.0,49600000.0,-151200000.0,-1600000.0,149700000.0,5700000.0,82400000.0,68800000.0,68800000.0,0.0,0.0,0.081,167400000.0,81500000.0,329400000.0,0.0,4.577,56.421,52.552,2035500000.0,13600000.0,85.66,4.293,4.293,700900000.0,-460900000.0,845700000.0,845700000.0,0.0,,,,,18700000.0,164700000.0,1.0,164138899.0,164138899.0,,5.152,4623500000.0,57100000.0,-15000000.0,83600000.0,28.168,1436400000.0
4,CTLT,MRQ,2020-06-30,2020-06-30,2020-06-30,2021-08-30,-386000000.0,7777000000.0,,2293000000.0,5484000000.0,,18.716,-162500000.0,953000000.0,953000000.0,613000000.0,154500000.0,2.568,1.473,3018000000.0,73000000.0,2945000000.0,3018000000.0,0.0,66700000.0,0.0,0.0,0.0,199000000.0,265700000.0,0.28,265700000.0,199000000.0,178600000.0,0.9,0.88,0.9,2899000000.0,,2899000000.0,13944287850.0,36.0,21.788,9900000.0,0.064,1.0,334300000.0,0.353,3360000000.0,20400000.0,5589000000.0,,324000000.0,0.0,0.0,0.0,4271000000.0,893000000.0,3378000000.0,11353987850.0,345000000.0,900000.0,551800000.0,-206000000.0,-7900000.0,331300000.0,-162200000.0,-600000.0,172400000.0,3500000.0,154500000.0,134300000.0,134300000.0,0.0,0.0,0.142,164600000.0,169700000.0,321000000.0,0.0,3.917,65.63,63.19,1901000000.0,20200000.0,73.3,3.67,3.67,838000000.0,-535000000.0,947300000.0,947300000.0,0.0,,,,,12500000.0,157100000.0,1.0,154897515.0,154897515.0,,6.116,4417000000.0,49000000.0,24100000.0,94000000.0,28.516,1400000000.0
5,CTLT,MRQ,2020-03-31,2020-03-31,2020-03-31,2021-08-30,-393600000.0,7079600000.0,,1746100000.0,5333500000.0,,14.942,-151300000.0,608400000.0,608400000.0,521800000.0,20900000.0,1.904,1.959,3198700000.0,271800000.0,2926900000.0,3198700000.0,0.0,64800000.0,0.0,0.0,0.0,64100000.0,128900000.0,0.169,128900000.0,64100000.0,29700000.0,0.08,0.08,0.08,2187700000.0,,2187700000.0,10314396810.0,35.0,19.104,-29600000.0,-0.202,1.0,238800000.0,0.314,3356600000.0,34400000.0,5396200000.0,,297200000.0,0.0,0.0,0.0,4285300000.0,917100000.0,3368200000.0,7606296810.0,419500000.0,-313900000.0,494200000.0,312400000.0,-8100000.0,772500000.0,-465600000.0,-400000.0,121700000.0,-9100000.0,20900000.0,11800000.0,11800000.0,0.0,0.0,0.016,138000000.0,100800000.0,276200000.0,0.0,3.477,73.278,72.153,1769500000.0,9100000.0,51.95,2.648,2.648,698700000.0,-681200000.0,760600000.0,760600000.0,0.0,,,,,8600000.0,136100000.0,1.0,146415723.0,146415723.0,,5.195,3723000000.0,45100000.0,8800000.0,95600000.0,25.428,829000000.0
6,CTLT,MRQ,2019-12-31,2019-12-31,2019-12-31,2021-08-30,-350600000.0,6195300000.0,,1300500000.0,4894800000.0,,11.729,-78700000.0,188900000.0,188900000.0,489200000.0,45500000.0,1.976,2.257,2897000000.0,72400000.0,2824600000.0,2897000000.0,0.0,61900000.0,0.0,0.0,0.0,93400000.0,155300000.0,0.215,155300000.0,93400000.0,58500000.0,0.23,0.23,0.23,1716100000.0,,1716100000.0,10926787354.0,36.0,19.998,42000000.0,0.287,1.0,232200000.0,0.322,3093700000.0,34900000.0,5151600000.0,,249600000.0,0.0,0.0,0.0,3872600000.0,658100000.0,3214500000.0,8237187354.0,-54500000.0,-34300000.0,0.0,-51600000.0,-8100000.0,-66000000.0,-114300000.0,-1300000.0,120700000.0,5100000.0,45500000.0,34300000.0,34300000.0,0.0,0.0,0.048,143200000.0,89000000.0,243400000.0,0.0,4.8,66.59,65.465,1618100000.0,11200000.0,56.3,3.018,3.018,681000000.0,-694000000.0,721400000.0,721400000.0,0.0,,,,,10300000.0,141000000.0,1.0,146308834.0,146308834.0,,4.931,3101600000.0,35100000.0,13000000.0,76100000.0,21.199,642400000.0
7,CTLT,MRQ,2019-09-30,2019-09-30,2019-09-30,2021-08-30,-376000000.0,6119500000.0,,1266800000.0,4852700000.0,,11.295,-73500000.0,243400000.0,243400000.0,487000000.0,100000.0,2.057,2.343,2933000000.0,74300000.0,2858700000.0,2933000000.0,0.0,60600000.0,0.0,0.0,0.0,29500000.0,90100000.0,0.136,90100000.0,29500000.0,-6800000.0,-0.05,-0.05,-0.05,1649300000.0,,1649300000.0,9573408987.0,33.0,18.322,-48300000.0,-0.331,1.0,177700000.0,0.267,3098800000.0,36300000.0,5094500000.0,,250700000.0,0.0,0.0,0.0,3863600000.0,615800000.0,3247800000.0,6959508987.0,-102000000.0,-10700000.0,0.0,-5800000.0,-11900000.0,-35800000.0,-84900000.0,-700000.0,25200000.0,-6500000.0,100000.0,-8000000.0,-8000000.0,0.0,0.0,-0.012,143300000.0,34400000.0,214000000.0,0.0,4.22,50.285,49.134,1561100000.0,8100000.0,47.66,2.645,2.645,647900000.0,-731400000.0,664700000.0,664700000.0,0.0,,,,,16600000.0,142800000.0,1.0,146024108.0,146024108.0,,4.552,3020700000.0,34100000.0,-6900000.0,70500000.0,20.686,651000000.0
8,CTLT,MRQ,2019-06-30,2019-06-30,2019-06-30,2021-08-30,-353900000.0,6184000000.0,,1395800000.0,4788200000.0,,11.54,-87700000.0,345400000.0,345400000.0,469300000.0,70700000.0,2.081,2.317,2959300000.0,76500000.0,2882800000.0,2959300000.0,0.0,55100000.0,0.0,0.0,0.0,110500000.0,165600000.0,0.228,165600000.0,110500000.0,79500000.0,0.46,0.44,0.46,1681600000.0,,1681600000.0,9857919420.0,36.0,19.716,500000.0,0.003,1.0,256400000.0,0.353,3151700000.0,31000000.0,4975500000.0,,257200000.0,0.0,0.0,0.0,3895800000.0,670700000.0,3225100000.0,7899219420.0,117300000.0,-1163900000.0,-300000.0,664500000.0,0.0,1283500000.0,-1252300000.0,-700000.0,88200000.0,-2100000.0,70700000.0,65700000.0,65700000.0,0.0,0.0,0.091,146800000.0,109600000.0,255800000.0,0.0,4.697,59.843,58.924,1536700000.0,5000000.0,54.21,3.137,3.137,693100000.0,-723400000.0,725700000.0,725700000.0,0.0,,,,,8900000.0,143400000.0,1.0,145715171.0,145715171.0,,4.98,3032300000.0,38600000.0,8800000.0,74400000.0,20.81,725100000.0
9,CTLT,MRQ,2019-03-31,2019-03-31,2019-03-31,2021-08-30,-329300000.0,4493100000.0,,1143700000.0,3349400000.0,,11.129,-48000000.0,227900000.0,227900000.0,418800000.0,31700000.0,2.177,1.772,2186600000.0,70300000.0,2116300000.0,2186600000.0,0.0,66400000.0,0.0,0.0,0.0,69000000.0,135400000.0,0.219,135400000.0,69000000.0,42600000.0,0.22,0.22,0.22,1620700000.0,,1620700000.0,7903231334.0,28.0,15.607,27300000.0,0.187,1.0,198700000.0,0.322,1963700000.0,26400000.0,3962700000.0,,247000000.0,0.0,0.0,0.0,2872400000.0,525400000.0,2347000000.0,5911231334.0,20000000.0,400000.0,-200000.0,-6200000.0,0.0,-8700000.0,-48900000.0,-1300000.0,75300000.0,2300000.0,31700000.0,31700000.0,31700000.0,0.0,0.0,0.051,132900000.0,65800000.0,202300000.0,0.0,3.647,39.673,37.239,1301500000.0,0.0,40.59,2.386,2.386,583500000.0,-790700000.0,617500000.0,617500000.0,0.0,,,,,6600000.0,129900000.0,1.0,145632701.0,145632701.0,,4.24,2529400000.0,30100000.0,10900000.0,32700000.0,17.368,618300000.0
10,CTLT,MRQ,2018-12-31,2018-12-31,2018-12-31,2021-08-30,-351200000.0,4441600000.0,,1071500000.0,3370100000.0,,10.752,-43000000.0,207900000.0,207900000.0,421600000.0,49000000.0,2.083,1.842,2199900000.0,69900000.0,2130000000.0,2199900000.0,0.0,54600000.0,0.0,0.0,0.0,76800000.0,131400000.0,0.211,131400000.0,76800000.0,51300000.0,0.34,0.33,0.34,1563000000.0,,1563000000.0,6545695468.0,24.0,13.488,300000.0,0.002,1.0,201400000.0,0.323,2002400000.0,25500000.0,3916900000.0,,235200000.0,0.0,0.0,0.0,2878600000.0,514300000.0,2364300000.0,4532695468.0,-58200000.0,0.0,0.0,-49100000.0,0.0,-55000000.0,-43000000.0,0.0,43300000.0,-3500000.0,49000000.0,49000000.0,49000000.0,0.0,0.0,0.079,123200000.0,78200000.0,184400000.0,0.0,2.9,33.255,30.871,1285800000.0,0.0,31.18,1.822,1.822,551300000.0,-822400000.0,623000000.0,623000000.0,0.0,,,,,7500000.0,123200000.0,1.0,145371888.0,145371888.0,,4.286,2439200000.0,31700000.0,2300000.0,50100000.0,16.779,557200000.0
11,CTLT,MRQ,2018-09-30,2018-09-30,2018-09-30,2021-08-30,-334200000.0,4499800000.0,,1083400000.0,3416400000.0,,10.557,-38300000.0,266100000.0,266100000.0,403300000.0,-14400000.0,2.054,1.942,2279100000.0,73400000.0,2205700000.0,2279100000.0,0.0,52900000.0,0.0,0.0,0.0,14700000.0,67600000.0,0.123,67600000.0,14700000.0,-13400000.0,-0.1,-0.1,-0.1,1529400000.0,,1529400000.0,8910096716.0,35.0,19.544,2900000.0,0.02,1.0,148500000.0,0.269,2046900000.0,28100000.0,3938400000.0,,235800000.0,0.0,0.0,0.0,2970400000.0,527500000.0,2442900000.0,6598996716.0,-144100000.0,-127500000.0,445500000.0,-459200000.0,0.0,-18800000.0,-165800000.0,0.0,41200000.0,-700000.0,-14400000.0,-14400000.0,-14400000.0,0.0,0.0,-0.026,128100000.0,20400000.0,180100000.0,0.0,4.315,100.902,89.314,1288200000.0,0.0,45.55,2.67,2.67,503300000.0,-871400000.0,551800000.0,551800000.0,0.0,,,,,10000000.0,115500000.0,1.0,144873693.0,144873693.0,,3.809,2452900000.0,33800000.0,1000000.0,51100000.0,16.931,555900000.0
12,CTLT,MRQ,2018-06-30,2018-06-30,2018-06-30,2021-08-30,-325800000.0,4531100000.0,,1240300000.0,3290800000.0,,8.148,-58800000.0,410200000.0,410200000.0,451900000.0,82700000.0,2.15,3.17,2721300000.0,71900000.0,2649400000.0,2721300000.0,0.0,52600000.0,0.0,0.0,0.0,119400000.0,172000000.0,0.251,172000000.0,119400000.0,89400000.0,0.63,0.62,0.63,1086700000.0,,1086700000.0,7972439181.0,30.0,17.58,44500000.0,0.334,1.0,233400000.0,0.341,1942100000.0,30000000.0,4323200000.0,,209100000.0,0.0,0.0,0.0,3444400000.0,576900000.0,2867500000.0,5586839181.0,18700000.0,0.0,0.0,-5200000.0,0.0,-5500000.0,-58800000.0,0.0,103300000.0,-20300000.0,82700000.0,82700000.0,82700000.0,0.0,0.0,0.121,136700000.0,96700000.0,192100000.0,0.0,5.141,66.828,65.453,1270600000.0,0.0,41.89,2.268,2.268,555800000.0,-872100000.0,685300000.0,685300000.0,0.0,,,,,6100000.0,124900000.0,1.0,133369281.0,133369281.0,,5.138,2589000000.0,32900000.0,6700000.0,32500000.0,19.412,663400000.0
13,CTLT,MRQ,2018-03-31,2018-03-31,2018-03-31,2021-08-30,-255600000.0,4554100000.0,,1214400000.0,3339700000.0,,8.014,-34800000.0,391500000.0,391500000.0,436200000.0,19000000.0,2.178,3.263,2777100000.0,70600000.0,2706500000.0,2777100000.0,0.0,51700000.0,0.0,0.0,0.0,62600000.0,114300000.0,0.182,114300000.0,62600000.0,32700000.0,0.14,0.14,0.14,1068400000.0,,1068400000.0,7886964960.0,33.0,19.143,60400000.0,0.453,1.0,191700000.0,0.305,2010800000.0,29900000.0,4371400000.0,,223600000.0,0.0,0.0,0.0,3485700000.0,557500000.0,2928200000.0,5474064960.0,62000000.0,0.0,0.0,-6800000.0,0.0,-7800000.0,-34800000.0,0.0,95200000.0,9400000.0,19000000.0,19000000.0,19000000.0,0.0,0.0,0.03,119200000.0,72500000.0,182900000.0,0.0,5.124,87.306,80.51,1271400000.0,0.0,41.06,2.286,2.286,506800000.0,-954800000.0,627900000.0,627900000.0,0.0,,,,,5600000.0,117600000.0,1.0,133318679.0,133318679.0,,4.71,2543300000.0,26900000.0,13700000.0,31400000.0,19.077,656900000.0
14,CTLT,MRQ,2017-12-31,2017-12-31,2017-12-31,2021-08-30,-294900000.0,4387100000.0,,1075500000.0,3311600000.0,,7.568,-38400000.0,329500000.0,329500000.0,418900000.0,-21900000.0,2.222,3.363,2742400000.0,69900000.0,2672500000.0,2742400000.0,0.0,46800000.0,0.0,0.0,0.0,55200000.0,102000000.0,0.168,102000000.0,55200000.0,28000000.0,-0.16,-0.16,-0.16,1005500000.0,,1005500000.0,6963269164.0,30.0,17.786,53900000.0,0.406,1.0,187400000.0,0.309,1990300000.0,27200000.0,4325700000.0,,212700000.0,0.0,0.0,0.0,3381600000.0,484000000.0,2897600000.0,5457869164.0,-271900000.0,-744600000.0,0.0,439000000.0,0.0,419400000.0,-783000000.0,0.0,92300000.0,-600000.0,-21900000.0,-21900000.0,-21900000.0,0.0,0.0,-0.036,119100000.0,68300000.0,164300000.0,0.0,5.428,78.305,70.828,1256200000.0,0.0,41.08,2.373,2.373,427900000.0,-973800000.0,606300000.0,606300000.0,0.0,,,,,8500000.0,114800000.0,1.0,132859522.0,132859522.0,,4.563,2396800000.0,34300000.0,49900000.0,40700000.0,18.04,591500000.0
15,CTLT,MRQ,2017-09-30,2017-09-30,2017-09-30,2021-08-30,-279000000.0,3784800000.0,,1330100000.0,2454700000.0,,8.299,-42700000.0,601400000.0,601400000.0,403800000.0,3800000.0,2.91,2.643,2106800000.0,23900000.0,2082900000.0,2106800000.0,0.0,39000000.0,0.0,0.0,0.0,26200000.0,65200000.0,0.12,65200000.0,26200000.0,1900000.0,0.03,0.03,0.03,1038800000.0,,1038800000.0,6788415301.0,30.0,18.117,41000000.0,0.328,1.0,140100000.0,0.258,1338800000.0,24300000.0,3494300000.0,,194000000.0,0.0,0.0,0.0,2746000000.0,457100000.0,2288900000.0,4997015301.0,313100000.0,0.0,277800000.0,-6400000.0,0.0,263000000.0,-42700000.0,0.0,83700000.0,9100000.0,3800000.0,3800000.0,3800000.0,0.0,0.0,0.007,108700000.0,31400000.0,166800000.0,0.0,4.81,45.844,45.364,1025000000.0,0.0,39.92,2.295,2.295,410500000.0,-951900000.0,543900000.0,543900000.0,0.0,,,,,7000000.0,107500000.0,1.0,125175734.0,125175734.0,,4.345,2446000000.0,62600000.0,-1900000.0,30300000.0,19.541,873000000.0
16,CTLT,MRQ,2017-06-30,2017-06-30,2017-06-30,2021-08-30,-314100000.0,3454300000.0,,1059800000.0,2394500000.0,,5.79,-52000000.0,288300000.0,288300000.0,401700000.0,61800000.0,2.26,3.774,2079700000.0,24600000.0,2055100000.0,2079700000.0,0.0,38700000.0,0.0,0.0,0.0,91800000.0,130500000.0,0.212,130500000.0,91800000.0,69200000.0,0.5,0.49,0.5,723500000.0,,723500000.0,6193903090.0,27.0,16.641,48200000.0,0.386,1.0,215200000.0,0.349,1317200000.0,22600000.0,3459500000.0,,184900000.0,0.0,0.0,0.0,2730800000.0,469000000.0,2261800000.0,4386103090.0,47100000.0,0.0,0.0,-4500000.0,0.0,-7100000.0,-52000000.0,0.0,100200000.0,6000000.0,61800000.0,61800000.0,61800000.0,0.0,0.0,0.1,118300000.0,96900000.0,163200000.0,0.0,6.062,39.946,39.886,995900000.0,0.0,35.1,2.113,2.113,488800000.0,-955700000.0,616900000.0,616900000.0,0.0,,,,,4500000.0,107300000.0,1.0,124960202.0,124960202.0,,4.937,2137100000.0,53900000.0,7400000.0,31700000.0,17.102,590800000.0
17,CTLT,MRQ,2017-03-31,2017-03-31,2017-03-31,2021-08-30,-326300000.0,3285200000.0,,928400000.0,2356800000.0,,5.151,-34300000.0,241200000.0,241200000.0,365200000.0,26000000.0,2.38,4.112,2049000000.0,23700000.0,2025300000.0,2049000000.0,0.0,36500000.0,0.0,0.0,0.0,57300000.0,93800000.0,0.176,93800000.0,57300000.0,34700000.0,0.21,0.21,0.21,642700000.0,,642700000.0,5302256660.0,23.0,14.098,69000000.0,0.553,1.0,167400000.0,0.314,1313200000.0,22600000.0,3389700000.0,,193900000.0,0.0,0.0,0.0,2642500000.0,390100000.0,2252400000.0,3533656660.0,-14600000.0,-84200000.0,0.0,-5000000.0,0.0,-7300000.0,-118500000.0,0.0,103300000.0,7900000.0,26000000.0,26000000.0,26000000.0,0.0,0.0,0.049,102800000.0,64600000.0,137600000.0,0.0,5.498,33.305,33.318,968900000.0,0.0,28.32,1.775,1.775,402600000.0,-1022300000.0,532600000.0,532600000.0,0.0,,,,,4600000.0,100900000.0,1.0,124776012.0,124776012.0,,4.268,1972000000.0,53000000.0,8700000.0,43000000.0,15.804,538300000.0
18,CTLT,MRQ,2016-12-31,2016-12-31,2016-12-31,2021-08-30,-352700000.0,3154300000.0,,882600000.0,2271700000.0,,4.713,-25100000.0,255800000.0,255800000.0,335800000.0,17400000.0,2.636,4.364,2024400000.0,23100000.0,2001300000.0,2024400000.0,0.0,35500000.0,0.0,0.0,0.0,49700000.0,85200000.0,0.176,85200000.0,49700000.0,26900000.0,0.14,0.14,0.14,588000000.0,,588000000.0,5168412847.0,24.0,14.658,22600000.0,0.181,1.0,147900000.0,0.306,1292400000.0,22800000.0,3295700000.0,,169800000.0,0.0,0.0,0.0,2566300000.0,334800000.0,2231500000.0,3363212847.0,123700000.0,1200000.0,0.0,116600000.0,0.0,109800000.0,-23900000.0,0.0,47700000.0,-9900000.0,17400000.0,17400000.0,17400000.0,0.0,0.0,0.036,100000000.0,47900000.0,127600000.0,0.0,5.72,37.04,36.932,905000000.0,0.0,26.96,1.774,1.774,366300000.0,-1048300000.0,483700000.0,483700000.0,0.0,,,,,4900000.0,96200000.0,1.0,124748251.0,124748251.0,,3.877,1861900000.0,51200000.0,9500000.0,48900000.0,14.925,547800000.0
19,CTLT,MRQ,2016-09-30,2016-09-30,2016-09-30,2021-08-30,-304300000.0,3128100000.0,,768900000.0,2359200000.0,,4.926,-27700000.0,132100000.0,132100000.0,318100000.0,4600000.0,1.714,4.09,1937300000.0,99300000.0,1838000000.0,1937300000.0,0.0,35800000.0,0.0,0.0,0.0,26900000.0,62700000.0,0.142,62700000.0,26900000.0,4800000.0,0.04,0.04,0.04,614500000.0,,614500000.0,4952296252.0,22.0,13.575,20600000.0,0.165,1.0,124100000.0,0.281,1351500000.0,22100000.0,3133200000.0,,177500000.0,0.0,0.0,0.0,2513600000.0,448600000.0,2065000000.0,3223396252.0,500000.0,-86900000.0,0.0,66000000.0,0.0,65900000.0,-114600000.0,0.0,48300000.0,900000.0,4600000.0,4600000.0,4600000.0,0.0,0.0,0.01,99300000.0,24800000.0,145700000.0,0.0,5.246,30.964,30.762,926500000.0,0.0,25.84,1.726,1.726,376300000.0,-1065700000.0,442200000.0,442200000.0,0.0,,,,,6900000.0,98200000.0,1.0,124744437.0,124744437.0,,3.545,1776600000.0,59600000.0,200000.0,37700000.0,14.242,320300000.0
20,CTLT,MRQ,2016-06-30,2016-06-30,2016-06-30,2021-08-30,-305700000.0,3091100000.0,,790200000.0,2300900000.0,,5.101,-29900000.0,131600000.0,131600000.0,344400000.0,58100000.0,2.02,3.861,1860500000.0,27700000.0,1832800000.0,1860500000.0,0.0,35100000.0,0.0,0.0,0.0,99300000.0,134400000.0,0.253,134400000.0,99300000.0,77500000.0,0.46,0.47,0.46,635900000.0,,635900000.0,4602824089.0,20.0,12.297,4000000.0,0.032,1.0,187800000.0,0.353,1290500000.0,21800000.0,3138300000.0,,154800000.0,0.0,0.0,0.0,2455200000.0,391200000.0,2064000000.0,2865924089.0,-2300000.0,0.0,0.0,-3000000.0,0.0,-3700000.0,-29900000.0,0.0,33900000.0,-2600000.0,58100000.0,58100000.0,58100000.0,0.0,0.0,0.109,97000000.0,90800000.0,143700000.0,0.0,4.507,25.703,25.831,905800000.0,0.0,22.99,1.551,1.551,414800000.0,-1036100000.0,532200000.0,532200000.0,0.0,,,,,2000000.0,89500000.0,1.0,124659595.0,124659595.0,,4.269,1800600000.0,37500000.0,19400000.0,41400000.0,14.444,399000000.0
21,CTLT,MRQ,2016-03-31,2016-03-31,2016-03-31,2021-08-30,-254900000.0,3057700000.0,,727500000.0,2330200000.0,,4.842,-25300000.0,133900000.0,133900000.0,311800000.0,10700000.0,1.958,4.072,1870800000.0,25900000.0,1844900000.0,1870800000.0,0.0,34800000.0,0.0,0.0,0.0,35500000.0,70300000.0,0.161,70300000.0,35500000.0,13800000.0,0.09,0.09,0.09,602900000.0,,602900000.0,5078236384.0,23.0,14.048,24600000.0,0.198,1.0,126200000.0,0.288,1336600000.0,21700000.0,3086500000.0,,167700000.0,0.0,0.0,0.0,2454800000.0,371500000.0,2083300000.0,3321036384.0,18400000.0,0.0,0.0,-3800000.0,0.0,-6200000.0,-25300000.0,0.0,49900000.0,0.0,10700000.0,10700000.0,10700000.0,0.0,0.0,0.024,94900000.0,31300000.0,135100000.0,0.0,5.508,16.044,15.596,906300000.0,0.0,26.67,1.819,1.819,343700000.0,-1117300000.0,438000000.0,438000000.0,0.0,,,,,3700000.0,93400000.0,1.0,124523299.0,124523299.0,,3.517,1721100000.0,65800000.0,3100000.0,60300000.0,13.822,356000000.0
22,CTLT,MRQ,2015-12-31,2015-12-31,2015-12-31,2021-08-30,-239600000.0,3035200000.0,,679500000.0,2355700000.0,,4.878,-49300000.0,115500000.0,115500000.0,302800000.0,30600000.0,1.997,3.997,1872700000.0,24400000.0,1848300000.0,1872700000.0,0.0,35200000.0,0.0,0.0,0.0,62200000.0,97400000.0,0.214,97400000.0,62200000.0,39900000.0,0.25,0.24,0.25,607400000.0,,607400000.0,4849282456.0,19.0,12.393,-22700000.0,-0.182,1.0,152100000.0,0.334,1359900000.0,22300000.0,3092300000.0,,159300000.0,0.0,0.0,0.0,2427800000.0,340200000.0,2087600000.0,3116782456.0,-35900000.0,0.0,0.0,-4800000.0,0.0,-10600000.0,-49300000.0,0.0,26600000.0,-2600000.0,30700000.0,30700000.0,30700000.0,0.0,-100000.0,0.067,93500000.0,58600000.0,128500000.0,0.0,5.131,13.682,13.385,902000000.0,0.0,25.03,1.699,1.699,332000000.0,-1127100000.0,454900000.0,454900000.0,0.0,,,,,2500000.0,93000000.0,1.0,124521872.0,124521872.0,,3.653,1675300000.0,66100000.0,9200000.0,59300000.0,13.454,339300000.0
23,CTLT,MRQ,2015-09-30,2015-09-30,2015-09-30,2021-08-30,-216600000.0,3056400000.0,,691200000.0,2365200000.0,,4.796,-33200000.0,151400000.0,151400000.0,301500000.0,11700000.0,1.959,4.118,1883900000.0,24000000.0,1859900000.0,1883900000.0,0.0,35500000.0,0.0,0.0,0.0,36600000.0,72100000.0,0.17,72100000.0,36600000.0,13900000.0,0.1,0.09,0.1,597200000.0,,597200000.0,4762422076.0,19.0,12.045,11700000.0,0.094,1.0,121500000.0,0.287,1386200000.0,22700000.0,3049800000.0,,150900000.0,0.0,0.0,0.0,2459200000.0,352900000.0,2106300000.0,3025822076.0,100000.0,0.0,0.0,-4700000.0,0.0,-10300000.0,-33200000.0,0.0,44900000.0,-1300000.0,11900000.0,11900000.0,11900000.0,0.0,-11900000.0,0.028,84500000.0,37000000.0,127400000.0,0.0,5.067,12.421,12.211,884300000.0,0.0,24.3,1.649,1.649,308200000.0,-1157800000.0,423000000.0,423000000.0,0.0,,,,,2600000.0,82300000.0,1.0,124519427.0,124519427.0,,3.397,1670200000.0,67500000.0,2000000.0,57700000.0,13.413,338300000.0
24,CTLT,MRQ,2015-06-30,2015-06-30,2015-06-30,2021-08-30,-174000000.0,3138300000.0,,737500000.0,2400800000.0,,5.101,-32300000.0,151300000.0,151300000.0,328400000.0,153400000.0,1.848,3.95,1880800000.0,23800000.0,1857000000.0,1880800000.0,0.0,36200000.0,0.0,0.0,0.0,85500000.0,121700000.0,0.239,121700000.0,85500000.0,62900000.0,1.27,1.26,1.27,634000000.0,,634000000.0,5411019760.0,25.0,15.018,44800000.0,0.36,1.0,181700000.0,0.356,1430200000.0,22600000.0,3038600000.0,,132900000.0,0.0,0.0,0.0,2504300000.0,399000000.0,2105300000.0,3645319760.0,35200000.0,800000.0,0.0,-9800000.0,0.0,-12500000.0,-31500000.0,0.0,77100000.0,2100000.0,153700000.0,153700000.0,153700000.0,100000.0,56400000.0,0.301,92500000.0,89200000.0,128200000.0,0.0,5.75,17.179,16.571,885200000.0,0.0,29.33,1.991,1.991,372400000.0,-1166900000.0,510100000.0,510100000.0,0.0,,,,,2600000.0,86900000.0,1.0,124286388.0,124286388.0,,4.104,1708100000.0,64100000.0,-90800000.0,56300000.0,13.743,338500000.0
25,CTLT,MRQ,2015-03-31,2015-03-31,2015-03-31,2021-08-30,-186600000.0,2974100000.0,,653100000.0,2321000000.0,,3.781,-37400000.0,116100000.0,116100000.0,294400000.0,30800000.0,1.787,5.352,1881800000.0,24800000.0,1857000000.0,1881800000.0,0.0,34400000.0,0.0,0.0,0.0,65700000.0,100100000.0,0.224,100100000.0,65700000.0,42700000.0,0.25,0.25,0.25,468200000.0,,468200000.0,5707030108.0,25.0,15.58,56900000.0,0.46,1.0,152200000.0,0.341,1413500000.0,23000000.0,2960900000.0,,142200000.0,0.0,0.0,0.0,2505900000.0,365400000.0,2140500000.0,3856930108.0,32000000.0,-6500000.0,0.0,-6700000.0,0.0,-13600000.0,-43900000.0,0.0,94300000.0,-4800000.0,31500000.0,31500000.0,31500000.0,0.0,-31500000.0,0.071,86400000.0,65800000.0,120900000.0,0.0,8.238,45.005,38.457,847300000.0,0.0,31.15,2.096,2.096,331600000.0,-1320600000.0,446600000.0,446600000.0,0.0,,,,,2100000.0,80900000.0,1.0,123817981.0,123817981.0,,3.607,1560600000.0,32000000.0,11200000.0,105500000.0,12.604,287700000.0
26,CTLT,MRQ,2014-12-31,2014-12-31,2014-12-31,2021-08-30,-136900000.0,3038100000.0,,637500000.0,2400600000.0,,3.984,-40100000.0,84100000.0,84100000.0,299700000.0,46000000.0,1.84,5.161,1934200000.0,28800000.0,1905400000.0,1934200000.0,0.0,35200000.0,0.0,0.0,0.0,66300000.0,101500000.0,0.223,101500000.0,66300000.0,42400000.0,0.37,0.37,0.37,493300000.0,,493300000.0,5205423558.0,24.0,14.663,100000.0,0.001,1.0,156100000.0,0.342,1475100000.0,23900000.0,3066600000.0,,144300000.0,0.0,0.0,0.0,2545700000.0,346500000.0,2199200000.0,3451923558.0,20900000.0,-111600000.0,0.0,139200000.0,0.0,135700000.0,-151700000.0,0.0,40200000.0,-3300000.0,46500000.0,46500000.0,46500000.0,200000.0,-46700000.0,0.102,93700000.0,62400000.0,118400000.0,0.0,6.998,56.682,42.892,865100000.0,0.0,27.88,1.869,1.869,336400000.0,-1352100000.0,455800000.0,455800000.0,0.0,,,,,2800000.0,88100000.0,1.0,123813614.0,123813614.0,,3.681,1563000000.0,30900000.0,-4100000.0,104400000.0,12.624,291000000.0
27,CTLT,MRQ,2014-09-30,2014-09-30,2014-09-30,2021-08-30,-77800000.0,2951300000.0,,619100000.0,2332200000.0,,4.294,-31200000.0,63200000.0,63200000.0,293000000.0,-19900000.0,1.64,4.86,1816700000.0,36400000.0,1780300000.0,1816700000.0,0.0,35000000.0,0.0,0.0,0.0,2000000.0,37000000.0,0.088,37000000.0,2000000.0,-33500000.0,-0.18,-0.18,-0.18,503800000.0,,503800000.0,5572753340.0,29.0,16.566,-71000000.0,-0.605,1.0,125300000.0,0.3,1418800000.0,35500000.0,2908400000.0,,142400000.0,0.0,0.0,0.0,2448300000.0,377600000.0,2070700000.0,2936553340.0,-11200000.0,-13500000.0,948800000.0,-852100000.0,0.0,86900000.0,-44700000.0,0.0,-39800000.0,-13600000.0,-19500000.0,-19500000.0,-19500000.0,-400000.0,-400000.0,-0.047,82800000.0,42500000.0,116700000.0,0.0,5.829,-611.782,1251.5,853300000.0,0.0,25.03,1.603,1.603,332200000.0,-1398600000.0,418300000.0,418300000.0,0.0,,,,,1500000.0,81400000.0,1.0,117321348.0,117321348.0,,3.565,1532500000.0,24400000.0,-14000000.0,97600000.0,13.062,241500000.0
28,CTLT,MRQ,2014-06-30,2014-06-30,2014-06-30,2021-08-30,-24200000.0,3090200000.0,,687500000.0,2402700000.0,,-3.164,-60300000.0,74400000.0,74400000.0,329300000.0,27000000.0,1.518,-9.327,2710600000.0,25200000.0,2685400000.0,2710600000.0,0.0,34000000.0,0.0,,0.0,93700000.0,127700000.0,0.246,127700000.0,93700000.0,53400000.0,0.37,0.36,0.37,-371200000.0,,-371200000.0,,,,24700000.0,0.211,1.0,190300000.0,0.366,1454700000.0,40300000.0,3818700000.0,,134800000.0,0.0,0.0,0.0,3462000000.0,453000000.0,3009000000.0,,18700000.0,-200000.0,0.0,1400000.0,0.0,-5800000.0,-60500000.0,0.0,85000000.0,0.0,27200000.0,27200000.0,27200000.0,0.0,-200000.0,0.052,89200000.0,101100000.0,148100000.0,0.0,,,,873000000.0,0.0,,,,403700000.0,-1379100000.0,519600000.0,519600000.0,0.0,,,,,1100000.0,78600000.0,1.0,117301370.0,117301370.0,,4.43,1635500000.0,26300000.0,26200000.0,103200000.0,13.943,234500000.0
29,CTLT,MRQ,2014-03-31,2014-03-31,2014-03-31,2021-08-30,,,,,,,,-22200000.0,,,301400000.0,6300000.0,,,,,,,,35100000.0,,,0.0,53700000.0,88800000.0,0.196,88800000.0,53700000.0,13300000.0,0.09,0.09,0.09,,,,,,,30700000.0,0.262,1.0,151700000.0,0.335,,40400000.0,,,,,,,,,,,-8500000.0,-2500000.0,0.0,-37000000.0,0.0,-37000000.0,-24700000.0,0.0,52900000.0,300000.0,6700000.0,6700000.0,6700000.0,1700000.0,-400000.0,0.015,91500000.0,60200000.0,,0.0,,,,,0.0,,,,,,453100000.0,453100000.0,0.0,,,,,1100000.0,87600000.0,1.0,117301370.0,117301370.0,,3.863,,,6600000.0,,,
30,CTLT,MRQ,2013-12-31,2013-12-31,2013-12-31,2021-08-30,,,,,,,,-20800000.0,,,303300000.0,-19500000.0,,,,,,,,37300000.0,,,0.0,45600000.0,82900000.0,0.188,82900000.0,45600000.0,4100000.0,-0.26,-0.26,-0.26,,,,,,,-5600000.0,-0.048,1.0,137400000.0,0.312,,41500000.0,,,,,,,,,,,-31600000.0,-43000000.0,200000.0,13000000.0,0.0,13200000.0,-59800000.0,0.0,15200000.0,-200000.0,-19200000.0,-19200000.0,-19200000.0,600000.0,-300000.0,-0.044,92900000.0,44500000.0,,0.0,,,,,0.0,,,,,,440700000.0,440700000.0,0.0,,,,,1100000.0,87500000.0,1.0,117301370.0,117301370.0,,3.757,,,23300000.0,,,
31,CTLT,MRQ,2013-09-30,2013-09-30,2013-09-30,2021-08-30,,,,,,,,-18200000.0,,,295100000.0,1400000.0,,,,,,,,36500000.0,,,0.0,35800000.0,72300000.0,0.175,72300000.0,35800000.0,-5100000.0,0.02,0.02,0.02,,,,,,,7000000.0,0.06,1.0,119200000.0,0.288,,40900000.0,,,,,,,,,,,-10600000.0,-8000000.0,0.0,-12500000.0,0.0,-12500000.0,-26200000.0,0.0,25200000.0,2900000.0,1500000.0,1500000.0,1500000.0,400000.0,-100000.0,0.004,84100000.0,35100000.0,,0.0,,,,,0.0,,,,,,414300000.0,414300000.0,0.0,,,,,1200000.0,81100000.0,1.0,117301370.0,117301370.0,,3.532,,,-6600000.0,,,
32,CTLT,MRQ,2013-06-30,2013-06-30,2013-06-30,2021-08-30,-42800000.0,2949500000.0,,679100000.0,2270400000.0,,-3.501,,106400000.0,106400000.0,,,1.655,-8.181,2691600000.0,35000000.0,2656600000.0,2691600000.0,0.0,,0.0,,0.0,,,,,,,,,,-410700000.0,,-410700000.0,,,,,,1.0,,,1395600000.0,,3728800000.0,,124900000.0,0.0,0.0,0.0,3359800000.0,410300000.0,2949500000.0,,,,,,,,,,,,,,,,,,,,150800000.0,,,,,814500000.0,,,,,358000000.0,-1395300000.0,,,,,,,,,,1.0,117301370.0,117301370.0,,,1553900000.0,23700000.0,,111800000.0,13.247,268800000.0
33,CTLT,MRQ,2012-06-30,2012-06-30,2012-06-30,2021-08-30,7500000.0,3139000000.0,,704700000.0,2434300000.0,,,,139000000.0,139000000.0,,,1.604,-9.951,2683500000.0,43200000.0,2640300000.0,2683500000.0,0.0,,0.0,,0.0,,,,,,,,,,-350700000.0,,-350700000.0,,,,,,1.0,,,1447600000.0,,3796600000.0,,118700000.0,0.0,0.0,0.0,3489700000.0,439300000.0,3050400000.0,,,,,,,,,,,,,,,,,,,,134200000.0,,,,,809700000.0,,,,,338300000.0,-1382100000.0,,,,,,,,,,1.0,,,,,1691400000.0,135200000.0,,219900000.0,,265400000.0
0,CTLT,MRT,2021-06-30,2021-06-30,2021-06-30,2021-08-30,-317000000.0,9112000000.0,8515850000.0,2918000000.0,6194000000.0,0.469,22.983,-686000000.0,896000000.0,896000000.0,2646000000.0,585000000.0,2.44,1.236,3241000000.0,75000000.0,3166000000.0,3241000000.0,0.0,289000000.0,0.0,0.0,0.0,825000000.0,1114000000.0,0.279,1114000000.0,825000000.0,715000000.0,3.15,3.11,3.15,3915000000.0,3538950000.0,3915000000.0,20652428710.0,25.0,18.539,-253000000.0,-1.485,1.0,1352000000.0,0.338,3336000000.0,110000000.0,6925000000.0,6318925000.0,563000000.0,71000000.0,71000000.0,0.0,4838000000.0,1196000000.0,3642000000.0,18417328710.0,-57000000.0,140000000.0,120000000.0,99000000.0,-22000000.0,142000000.0,-649000000.0,-103000000.0,433000000.0,17000000.0,585000000.0,529000000.0,529000000.0,0.0,0.0,0.132,706000000.0,646000000.0,385000000.0,0.0,4.704,34.815,34.324,2524000000.0,56000000.0,108.12,4.607,4.607,1012000000.0,25000000.0,3998000000.0,3998000000.0,0.0,0.062,0.149,0.131,0.206,51000000.0,687000000.0,1.0,170341553.0,170341553.0,,23.47,5776000000.0,66000000.0,130000000.0,164000000.0,33.908,1722000000.0
1,CTLT,MRT,2021-03-31,2021-03-31,2021-03-31,2021-08-30,-323900000.0,8769100000.0,8182100000.0,2774500000.0,5994600000.0,0.459,21.813,-659100000.0,988100000.0,988100000.0,2510100000.0,557100000.0,2.435,1.265,3223200000.0,73600000.0,3149600000.0,3223200000.0,0.0,282700000.0,0.0,0.0,0.0,770600000.0,1053300000.0,0.28,1053300000.0,770600000.0,672100000.0,3.05,3.0,3.05,3713200000.0,3284950000.0,3713200000.0,20149254189.0,26.0,19.13,-188000000.0,-1.104,1.0,1247000000.0,0.332,3349800000.0,98500000.0,6515200000.0,5984925000.0,527900000.0,74700000.0,74700000.0,0.0,4696900000.0,1139200000.0,3557700000.0,17926554189.0,379900000.0,140600000.0,655700000.0,-92600000.0,-25600000.0,490600000.0,-598100000.0,-79600000.0,471100000.0,16300000.0,557100000.0,496800000.0,496800000.0,0.0,0.0,0.132,684600000.0,562400000.0,365700000.0,0.0,4.828,36.084,34.528,2358800000.0,60300000.0,105.31,4.771,4.771,834900000.0,-150300000.0,3757100000.0,3757100000.0,0.0,0.061,0.151,0.129,0.205,51000000.0,660000000.0,1.0,170226514.0,170226514.0,,22.071,5419300000.0,44100000.0,115000000.0,100300000.0,31.836,1635300000.0
2,CTLT,MRT,2020-12-31,2020-12-31,2020-12-31,2021-08-30,-329600000.0,8198100000.0,7759725000.0,2518900000.0,5679200000.0,0.446,20.981,-652400000.0,833100000.0,833100000.0,2344200000.0,346200000.0,2.46,1.269,3055800000.0,72000000.0,2983800000.0,3055800000.0,0.0,271600000.0,0.0,0.0,0.0,490700000.0,762300000.0,0.22,762300000.0,490700000.0,384700000.0,1.86,1.82,1.86,3455500000.0,2903575000.0,3455500000.0,19191779024.0,39.0,25.176,-134600000.0,-0.817,1.0,1120200000.0,0.323,3316800000.0,106000000.0,6080000000.0,5705175000.0,461300000.0,0.0,0.0,0.0,4383600000.0,1024000000.0,3359600000.0,17140079024.0,644400000.0,-327800000.0,1127800000.0,53100000.0,-29000000.0,1096600000.0,-982200000.0,-2000000.0,517800000.0,12200000.0,346200000.0,291500000.0,291500000.0,0.0,0.0,0.084,641600000.0,478600000.0,356900000.0,0.0,4.96,58.8,55.952,2129800000.0,54700000.0,104.07,4.947,4.947,771500000.0,-377400000.0,3464400000.0,3464400000.0,0.0,0.038,0.1,0.086,0.142,51200000.0,623400000.0,1.0,164697598.0,164697598.0,,21.035,4881300000.0,44600000.0,38500000.0,66500000.0,29.638,1494900000.0
3,CTLT,MRT,2020-09-30,2020-09-30,2020-09-30,2021-08-30,-370000000.0,7984200000.0,7259025000.0,2356100000.0,5628100000.0,0.451,18.716,-542100000.0,1007000000.0,1007000000.0,2220800000.0,303300000.0,2.562,1.401,3058700000.0,73400000.0,2985300000.0,3058700000.0,0.0,262500000.0,0.0,0.0,0.0,449200000.0,711700000.0,0.217,711700000.0,449200000.0,334200000.0,1.63,1.6,1.63,3072100000.0,2468725000.0,3072100000.0,16124938088.0,36.0,22.657,22400000.0,0.136,1.0,1054200000.0,0.322,3360700000.0,115000000.0,5755500000.0,5473075000.0,384300000.0,0.0,0.0,0.0,4305500000.0,919700000.0,3385800000.0,14060138088.0,763800000.0,-347300000.0,1129600000.0,48500000.0,-32200000.0,1087400000.0,-893300000.0,-3900000.0,564500000.0,5200000.0,303300000.0,249200000.0,249200000.0,0.0,0.0,0.076,613200000.0,441000000.0,329400000.0,0.0,4.577,56.421,52.552,2035500000.0,54100000.0,85.66,4.293,4.293,700900000.0,-460900000.0,3275000000.0,3275000000.0,0.0,0.034,0.101,0.082,0.137,50100000.0,598900000.0,1.0,164138899.0,164138899.0,,19.953,4623500000.0,57100000.0,30900000.0,83600000.0,28.168,1436400000.0
4,CTLT,MRT,2020-06-30,2020-06-30,2020-06-30,2021-08-30,-386000000.0,7777000000.0,6792850000.0,2293000000.0,5484000000.0,0.455,18.716,-466000000.0,953000000.0,953000000.0,2111000000.0,221000000.0,2.568,1.473,3018000000.0,73000000.0,2945000000.0,3018000000.0,0.0,254000000.0,0.0,0.0,0.0,386000000.0,640000000.0,0.207,640000000.0,386000000.0,260000000.0,1.16,1.14,1.16,2899000000.0,2113025000.0,2899000000.0,13944287850.0,36.0,21.788,-26000000.0,-0.168,1.0,983000000.0,0.318,3360000000.0,126000000.0,5589000000.0,5307825000.0,324000000.0,0.0,0.0,0.0,4271000000.0,893000000.0,3378000000.0,11353987850.0,608000000.0,-358000000.0,1046000000.0,49000000.0,-36000000.0,1002000000.0,-827000000.0,-3000000.0,440000000.0,-7000000.0,221000000.0,173000000.0,173000000.0,0.0,0.0,0.056,588000000.0,395000000.0,321000000.0,0.0,3.917,65.63,63.19,1901000000.0,48000000.0,73.3,3.67,3.67,838000000.0,-535000000.0,3094000000.0,3094000000.0,0.0,0.025,0.082,0.073,0.125,48000000.0,577000000.0,1.0,154897515.0,154897515.0,,19.974,4417000000.0,49000000.0,39000000.0,94000000.0,28.516,1400000000.0
5,CTLT,MRT,2020-03-31,2020-03-31,2020-03-31,2021-08-30,-393600000.0,7079600000.0,6394600000.0,1746100000.0,5333500000.0,0.449,14.942,-391200000.0,608400000.0,608400000.0,1967300000.0,137200000.0,1.904,1.959,3198700000.0,271800000.0,2926900000.0,3198700000.0,0.0,242400000.0,0.0,0.0,0.0,297500000.0,539900000.0,0.188,539900000.0,297500000.0,160900000.0,0.72,0.7,0.72,2187700000.0,1808675000.0,2187700000.0,10314396810.0,35.0,19.104,-35400000.0,-0.242,1.0,905100000.0,0.315,3356600000.0,136600000.0,5396200000.0,5154450000.0,297200000.0,0.0,0.0,0.0,4285300000.0,917100000.0,3368200000.0,7606296810.0,380300000.0,-1522800000.0,493900000.0,919500000.0,-28100000.0,1954200000.0,-1917100000.0,-3100000.0,355800000.0,-12600000.0,137200000.0,103800000.0,103800000.0,0.0,0.0,0.036,571300000.0,333800000.0,276200000.0,0.0,3.477,73.278,72.153,1769500000.0,33400000.0,51.95,2.648,2.648,698700000.0,-681200000.0,2872400000.0,2872400000.0,0.0,0.016,0.057,0.058,0.104,44400000.0,563300000.0,1.0,146415723.0,146415723.0,,19.618,3723000000.0,45100000.0,23700000.0,95600000.0,25.428,829000000.0
6,CTLT,MRT,2019-12-31,2019-12-31,2019-12-31,2021-08-30,-350600000.0,6195300000.0,5747975000.0,1300500000.0,4894800000.0,0.475,11.729,-287900000.0,188900000.0,188900000.0,1864300000.0,148000000.0,1.976,2.257,2897000000.0,72400000.0,2824600000.0,2897000000.0,0.0,244000000.0,0.0,0.0,0.0,302400000.0,546400000.0,0.2,546400000.0,302400000.0,173800000.0,0.86,0.84,0.86,1716100000.0,1666925000.0,1716100000.0,10926787354.0,36.0,19.998,21500000.0,0.147,1.0,865000000.0,0.317,3093700000.0,128600000.0,5151600000.0,4796075000.0,249600000.0,0.0,0.0,0.0,3872600000.0,658100000.0,3214500000.0,8237187354.0,-19200000.0,-1208500000.0,-500000.0,600900000.0,-20000000.0,1173000000.0,-1500400000.0,-4000000.0,309400000.0,-1200000.0,148000000.0,123700000.0,123700000.0,0.0,0.0,0.045,566200000.0,298800000.0,243400000.0,0.0,4.8,66.59,65.465,1618100000.0,24300000.0,56.3,3.018,3.018,681000000.0,-694000000.0,2729300000.0,2729300000.0,0.0,0.022,0.074,0.063,0.111,42400000.0,557100000.0,1.0,146308834.0,146308834.0,,18.654,3101600000.0,35100000.0,25800000.0,76100000.0,21.199,642400000.0
7,CTLT,MRT,2019-09-30,2019-09-30,2019-09-30,2021-08-30,-376000000.0,6119500000.0,5309550000.0,1266800000.0,4852700000.0,0.496,11.295,-252200000.0,243400000.0,243400000.0,1796700000.0,151500000.0,2.057,2.343,2933000000.0,74300000.0,2858700000.0,2933000000.0,0.0,236700000.0,0.0,0.0,0.0,285800000.0,522500000.0,0.199,522500000.0,285800000.0,166600000.0,0.97,0.94,0.97,1649300000.0,1628650000.0,1649300000.0,9573408987.0,33.0,18.322,-20200000.0,-0.138,1.0,834200000.0,0.317,3098800000.0,119200000.0,5094500000.0,4487400000.0,250700000.0,0.0,0.0,0.0,3863600000.0,615800000.0,3247800000.0,6959508987.0,-22900000.0,-1174200000.0,-500000.0,603400000.0,-11900000.0,1184000000.0,-1429100000.0,-2700000.0,232000000.0,-9800000.0,151500000.0,138400000.0,138400000.0,0.0,0.0,0.053,546200000.0,288000000.0,214000000.0,0.0,4.22,50.285,49.134,1561100000.0,13100000.0,47.66,2.645,2.645,647900000.0,-731400000.0,2630900000.0,2630900000.0,0.0,0.026,0.085,0.064,0.109,39600000.0,539300000.0,1.0,146024108.0,146024108.0,,18.017,3020700000.0,34100000.0,15100000.0,70500000.0,20.686,651000000.0
8,CTLT,MRT,2019-06-30,2019-06-30,2019-06-30,2021-08-30,-353900000.0,6184000000.0,4904625000.0,1395800000.0,4788200000.0,0.513,11.54,-217000000.0,345400000.0,345400000.0,1713000000.0,137000000.0,2.081,2.317,2959300000.0,76500000.0,2882800000.0,2959300000.0,0.0,229000000.0,0.0,0.0,0.0,271000000.0,500000000.0,0.199,500000000.0,271000000.0,160000000.0,0.92,0.9,0.92,1681600000.0,1598675000.0,1681600000.0,9857919420.0,36.0,19.716,31000000.0,0.213,1.0,805000000.0,0.32,3151700000.0,111000000.0,4975500000.0,4198375000.0,257200000.0,0.0,0.0,0.0,3895800000.0,670700000.0,3225100000.0,7899219420.0,-65000000.0,-1291000000.0,445000000.0,150000000.0,0.0,1201000000.0,-1510000000.0,-2000000.0,248000000.0,-4000000.0,137000000.0,132000000.0,132000000.0,0.0,0.0,0.052,531000000.0,274000000.0,255800000.0,0.0,4.697,59.843,58.924,1536700000.0,5000000.0,54.21,3.137,3.137,693100000.0,-723400000.0,2518000000.0,2518000000.0,0.0,0.027,0.083,0.065,0.108,33000000.0,512000000.0,1.0,145715171.0,145715171.0,,17.28,3032300000.0,38600000.0,23000000.0,74400000.0,20.81,725100000.0
9,CTLT,MRT,2019-03-31,2019-03-31,2019-03-31,2021-08-30,-329300000.0,4493100000.0,4491400000.0,1143700000.0,3349400000.0,0.552,11.129,-188100000.0,227900000.0,227900000.0,1695600000.0,149000000.0,2.177,1.772,2186600000.0,70300000.0,2116300000.0,2186600000.0,0.0,226500000.0,0.0,0.0,0.0,279900000.0,506400000.0,0.204,506400000.0,279900000.0,169900000.0,1.09,1.07,1.09,1620700000.0,1449950000.0,1620700000.0,7903231334.0,28.0,15.607,75000000.0,0.515,1.0,782000000.0,0.316,1963700000.0,110000000.0,3962700000.0,4035300000.0,247000000.0,0.0,0.0,0.0,2872400000.0,525400000.0,2347000000.0,5911231334.0,-163600000.0,-127100000.0,445300000.0,-519700000.0,0.0,-88000000.0,-316500000.0,-1300000.0,263100000.0,-22200000.0,149000000.0,149000000.0,149000000.0,0.0,0.0,0.06,520900000.0,261100000.0,202300000.0,0.0,3.647,39.673,37.239,1301500000.0,0.0,40.59,2.386,2.386,583500000.0,-790700000.0,2477600000.0,2477600000.0,0.0,0.033,0.103,0.069,0.113,30200000.0,493500000.0,1.0,145632701.0,145632701.0,,17.013,2529400000.0,30100000.0,20900000.0,32700000.0,17.368,618300000.0
10,CTLT,MRT,2018-12-31,2018-12-31,2018-12-31,2021-08-30,-351200000.0,4441600000.0,4506650000.0,1071500000.0,3370100000.0,0.552,10.752,-174900000.0,207900000.0,207900000.0,1713000000.0,136300000.0,2.083,1.842,2199900000.0,69900000.0,2130000000.0,2199900000.0,0.0,211800000.0,0.0,0.0,0.0,273500000.0,485300000.0,0.195,485300000.0,273500000.0,160000000.0,1.01,0.99,1.01,1563000000.0,1311875000.0,1563000000.0,6545695468.0,24.0,13.488,108100000.0,0.744,1.0,775000000.0,0.311,2002400000.0,113500000.0,3916900000.0,4137475000.0,235200000.0,0.0,0.0,0.0,2878600000.0,514300000.0,2364300000.0,4532695468.0,-121600000.0,-127500000.0,445500000.0,-520300000.0,0.0,-87100000.0,-302400000.0,0.0,283000000.0,-15100000.0,136300000.0,136300000.0,136300000.0,0.0,0.0,0.055,507200000.0,267800000.0,184400000.0,0.0,2.9,33.255,30.871,1285800000.0,0.0,31.18,1.822,1.822,551300000.0,-822400000.0,2488000000.0,2488000000.0,0.0,0.03,0.104,0.066,0.11,29200000.0,481200000.0,1.0,145371888.0,145371888.0,,17.115,2439200000.0,31700000.0,23700000.0,50100000.0,16.779,557200000.0
11,CTLT,MRT,2018-09-30,2018-09-30,2018-09-30,2021-08-30,-334200000.0,4499800000.0,4493025000.0,1083400000.0,3416400000.0,0.55,10.557,-170300000.0,266100000.0,266100000.0,1710300000.0,65400000.0,2.054,1.942,2279100000.0,73400000.0,2205700000.0,2279100000.0,0.0,204000000.0,0.0,0.0,0.0,251900000.0,455900000.0,0.184,455900000.0,251900000.0,136700000.0,0.51,0.5,0.51,1529400000.0,1172500000.0,1529400000.0,8910096716.0,35.0,19.544,161700000.0,1.116,1.0,761000000.0,0.308,2046900000.0,115200000.0,3938400000.0,4239675000.0,235800000.0,0.0,0.0,0.0,2970400000.0,527500000.0,2442900000.0,6598996716.0,-335300000.0,-872100000.0,445500000.0,-32200000.0,0.0,387300000.0,-1042400000.0,0.0,332000000.0,-12200000.0,65400000.0,65400000.0,65400000.0,0.0,0.0,0.026,503100000.0,257900000.0,180100000.0,0.0,4.315,100.902,89.314,1288200000.0,0.0,45.55,2.67,2.67,503300000.0,-871400000.0,2471300000.0,2471300000.0,0.0,0.015,0.056,0.059,0.102,30200000.0,472800000.0,1.0,144873693.0,144873693.0,,17.058,2452900000.0,33800000.0,71300000.0,51100000.0,16.931,555900000.0
12,CTLT,MRT,2018-06-30,2018-06-30,2018-06-30,2021-08-30,-325800000.0,4531100000.0,4314275000.0,1240300000.0,3290800000.0,0.571,8.148,-174700000.0,410200000.0,410200000.0,1710800000.0,83600000.0,2.15,3.17,2721300000.0,71900000.0,2649400000.0,2721300000.0,0.0,190100000.0,0.0,0.0,0.0,263400000.0,453500000.0,0.184,453500000.0,263400000.0,152000000.0,0.64,0.63,0.64,1086700000.0,1049850000.0,1086700000.0,7972439181.0,30.0,17.58,199800000.0,1.498,1.0,752600000.0,0.306,1942100000.0,111400000.0,4323200000.0,4128650000.0,209100000.0,0.0,0.0,0.0,3444400000.0,576900000.0,2867500000.0,5586839181.0,121900000.0,-744600000.0,277800000.0,420600000.0,0.0,669100000.0,-919300000.0,0.0,374500000.0,-2400000.0,83600000.0,83600000.0,83600000.0,0.0,0.0,0.034,483700000.0,268900000.0,192100000.0,0.0,5.141,66.828,65.453,1270600000.0,0.0,41.89,2.268,2.268,555800000.0,-872100000.0,2463400000.0,2463400000.0,0.0,0.019,0.08,0.064,0.107,27200000.0,464800000.0,1.0,133369281.0,133369281.0,,18.471,2589000000.0,32900000.0,68400000.0,32500000.0,19.412,663400000.0
13,CTLT,MRT,2018-03-31,2018-03-31,2018-03-31,2021-08-30,-255600000.0,4554100000.0,4045075000.0,1214400000.0,3339700000.0,0.592,8.014,-167900000.0,391500000.0,391500000.0,1660600000.0,62700000.0,2.178,3.263,2777100000.0,70600000.0,2706500000.0,2777100000.0,0.0,176200000.0,0.0,0.0,0.0,235800000.0,412000000.0,0.172,412000000.0,235800000.0,131800000.0,0.51,0.5,0.51,1068400000.0,959050000.0,1068400000.0,7886964960.0,33.0,19.143,203500000.0,1.526,1.0,734400000.0,0.307,2010800000.0,104000000.0,4371400000.0,3912725000.0,223600000.0,0.0,0.0,0.0,3485700000.0,557500000.0,2928200000.0,5474064960.0,150300000.0,-744600000.0,277800000.0,421300000.0,0.0,667500000.0,-912500000.0,0.0,371400000.0,23900000.0,62700000.0,62700000.0,62700000.0,0.0,0.0,0.026,465300000.0,269100000.0,182900000.0,0.0,5.124,87.306,80.51,1271400000.0,0.0,41.06,2.286,2.286,506800000.0,-954800000.0,2395000000.0,2395000000.0,0.0,0.016,0.065,0.06,0.098,25600000.0,447200000.0,1.0,133318679.0,133318679.0,,17.964,2543300000.0,26900000.0,69100000.0,31400000.0,19.077,656900000.0
14,CTLT,MRT,2017-12-31,2017-12-31,2017-12-31,2021-08-30,-294900000.0,4387100000.0,3727850000.0,1075500000.0,3311600000.0,0.617,7.568,-167400000.0,329500000.0,329500000.0,1589600000.0,69700000.0,2.222,3.363,2742400000.0,69900000.0,2672500000.0,2742400000.0,0.0,161000000.0,0.0,0.0,0.0,230500000.0,391500000.0,0.17,391500000.0,230500000.0,133800000.0,0.58,0.57,0.58,1005500000.0,852625000.0,1005500000.0,6963269164.0,30.0,17.786,212100000.0,1.596,1.0,710100000.0,0.309,1990300000.0,96700000.0,4325700000.0,3667300000.0,212700000.0,0.0,0.0,0.0,3381600000.0,484000000.0,2897600000.0,5457869164.0,73700000.0,-828800000.0,277800000.0,423100000.0,0.0,668000000.0,-996200000.0,0.0,379500000.0,22400000.0,69700000.0,69700000.0,69700000.0,0.0,0.0,0.03,448900000.0,261200000.0,164300000.0,0.0,5.428,78.305,70.828,1256200000.0,0.0,41.08,2.373,2.373,427900000.0,-973800000.0,2299700000.0,2299700000.0,0.0,0.019,0.082,0.063,0.1,24600000.0,430500000.0,1.0,132859522.0,132859522.0,,17.309,2396800000.0,34300000.0,64100000.0,40700000.0,18.04,591500000.0
15,CTLT,MRT,2017-09-30,2017-09-30,2017-09-30,2021-08-30,-279000000.0,3784800000.0,3419650000.0,1330100000.0,2454700000.0,0.637,8.299,-154100000.0,601400000.0,601400000.0,1506500000.0,109000000.0,2.91,2.643,2106800000.0,23900000.0,2082900000.0,2106800000.0,0.0,149700000.0,0.0,0.0,0.0,225000000.0,374700000.0,0.172,374700000.0,225000000.0,132700000.0,0.88,0.87,0.88,1038800000.0,748250000.0,1038800000.0,6788415301.0,30.0,18.117,180800000.0,1.444,1.0,670600000.0,0.308,1338800000.0,92300000.0,3494300000.0,3409800000.0,194000000.0,0.0,0.0,0.0,2746000000.0,457100000.0,2288900000.0,4997015301.0,469300000.0,-83000000.0,277800000.0,100700000.0,0.0,358400000.0,-237100000.0,0.0,334900000.0,13100000.0,109000000.0,109000000.0,109000000.0,0.0,0.0,0.05,429800000.0,240800000.0,166800000.0,0.0,4.81,45.844,45.364,1025000000.0,0.0,39.92,2.295,2.295,410500000.0,-951900000.0,2177100000.0,2177100000.0,0.0,0.032,0.146,0.066,0.103,21000000.0,411900000.0,1.0,125175734.0,125175734.0,,17.392,2446000000.0,62600000.0,23700000.0,30300000.0,19.541,873000000.0
16,CTLT,MRT,2017-06-30,2017-06-30,2017-06-30,2021-08-30,-314100000.0,3454300000.0,3255475000.0,1059800000.0,2394500000.0,0.638,5.79,-139100000.0,288300000.0,288300000.0,1420800000.0,109800000.0,2.26,3.774,2079700000.0,24600000.0,2055100000.0,2079700000.0,0.0,146500000.0,0.0,0.0,0.0,225700000.0,372200000.0,0.179,372200000.0,225700000.0,135600000.0,0.88,0.87,0.88,723500000.0,642175000.0,723500000.0,6193903090.0,27.0,16.641,160400000.0,1.284,1.0,654600000.0,0.315,1317200000.0,90100000.0,3459500000.0,3319525000.0,184900000.0,0.0,0.0,0.0,2730800000.0,469000000.0,2261800000.0,4386103090.0,156700000.0,-169900000.0,0.0,173100000.0,0.0,161300000.0,-309000000.0,0.0,299500000.0,4900000.0,109800000.0,109800000.0,109800000.0,0.0,0.0,0.053,420400000.0,234200000.0,163200000.0,0.0,6.062,39.946,39.886,995900000.0,0.0,35.1,2.113,2.113,488800000.0,-955700000.0,2075400000.0,2075400000.0,0.0,0.034,0.171,0.068,0.109,20900000.0,402600000.0,1.0,124960202.0,124960202.0,,16.608,2137100000.0,53900000.0,25800000.0,31700000.0,17.102,590800000.0
17,CTLT,MRT,2017-03-31,2017-03-31,2017-03-31,2021-08-30,-326300000.0,3285200000.0,3164675000.0,928400000.0,2356800000.0,0.629,5.151,-117000000.0,241200000.0,241200000.0,1363500000.0,106100000.0,2.38,4.112,2049000000.0,23700000.0,2025300000.0,2049000000.0,0.0,142900000.0,0.0,0.0,0.0,233200000.0,376100000.0,0.189,376100000.0,233200000.0,143900000.0,0.85,0.86,0.85,642700000.0,620275000.0,642700000.0,5302256660.0,23.0,14.098,116200000.0,0.931,1.0,627200000.0,0.315,1313200000.0,89300000.0,3389700000.0,3239225000.0,193900000.0,0.0,0.0,0.0,2642500000.0,390100000.0,2252400000.0,3533656660.0,107300000.0,-169900000.0,0.0,174600000.0,0.0,164700000.0,-286900000.0,0.0,233200000.0,-3700000.0,106100000.0,106100000.0,106100000.0,0.0,0.0,0.053,399100000.0,228100000.0,137600000.0,0.0,5.498,33.305,33.318,968900000.0,0.0,28.32,1.775,1.775,402600000.0,-1022300000.0,1990700000.0,1990700000.0,0.0,0.034,0.171,0.072,0.117,18400000.0,384800000.0,1.0,124776012.0,124776012.0,,15.954,1972000000.0,53000000.0,37800000.0,43000000.0,15.804,538300000.0
18,CTLT,MRT,2016-12-31,2016-12-31,2016-12-31,2021-08-30,-352700000.0,3154300000.0,3107800000.0,882600000.0,2271700000.0,0.61,4.713,-108000000.0,255800000.0,255800000.0,1310100000.0,90800000.0,2.636,4.364,2024400000.0,23100000.0,2001300000.0,2024400000.0,0.0,141200000.0,0.0,0.0,0.0,211400000.0,352600000.0,0.186,352600000.0,211400000.0,123000000.0,0.73,0.74,0.73,588000000.0,610325000.0,588000000.0,5168412847.0,24.0,14.658,71800000.0,0.576,1.0,586000000.0,0.309,1292400000.0,88400000.0,3295700000.0,3163425000.0,169800000.0,0.0,0.0,0.0,2566300000.0,334800000.0,2231500000.0,3363212847.0,140300000.0,-85700000.0,0.0,175800000.0,0.0,165800000.0,-193700000.0,0.0,179800000.0,-11600000.0,90800000.0,90800000.0,90800000.0,0.0,0.0,0.048,391200000.0,194800000.0,127600000.0,0.0,5.72,37.04,36.932,905000000.0,0.0,26.96,1.774,1.774,366300000.0,-1048300000.0,1896100000.0,1896100000.0,0.0,0.029,0.149,0.067,0.111,17500000.0,377300000.0,1.0,124748251.0,124748251.0,,15.199,1861900000.0,51200000.0,32200000.0,48900000.0,14.925,547800000.0
19,CTLT,MRT,2016-09-30,2016-09-30,2016-09-30,2021-08-30,-304300000.0,3128100000.0,3078025000.0,768900000.0,2359200000.0,0.607,4.926,-132200000.0,132100000.0,132100000.0,1277100000.0,104000000.0,1.714,4.09,1937300000.0,99300000.0,1838000000.0,1937300000.0,0.0,140900000.0,0.0,0.0,0.0,223900000.0,364800000.0,0.195,364800000.0,223900000.0,136000000.0,0.84,0.84,0.84,614500000.0,615175000.0,614500000.0,4952296252.0,22.0,13.575,26500000.0,0.212,1.0,590200000.0,0.316,1351500000.0,87900000.0,3133200000.0,3112575000.0,177500000.0,0.0,0.0,0.0,2513600000.0,448600000.0,2065000000.0,3223396252.0,-19300000.0,-86900000.0,0.0,54400000.0,0.0,45400000.0,-219100000.0,0.0,158700000.0,-4300000.0,104100000.0,104100000.0,104100000.0,0.0,-100000.0,0.056,384700000.0,205500000.0,145700000.0,0.0,5.246,30.964,30.762,926500000.0,0.0,25.84,1.726,1.726,376300000.0,-1065700000.0,1867300000.0,1867300000.0,0.0,0.034,0.169,0.072,0.12,15100000.0,374100000.0,1.0,124744437.0,124744437.0,,14.969,1776600000.0,59600000.0,31900000.0,37700000.0,14.242,320300000.0
20,CTLT,MRT,2016-06-30,2016-06-30,2016-06-30,2021-08-30,-305700000.0,3091100000.0,3060100000.0,790200000.0,2300900000.0,0.604,5.101,-137700000.0,131600000.0,131600000.0,1260500000.0,111200000.0,2.02,3.861,1860500000.0,27700000.0,1832800000.0,1860500000.0,0.0,140600000.0,0.0,0.0,0.0,233700000.0,374300000.0,0.203,374300000.0,233700000.0,145200000.0,0.89,0.89,0.89,635900000.0,610850000.0,635900000.0,4602824089.0,20.0,12.297,17600000.0,0.141,1.0,587600000.0,0.318,1290500000.0,88500000.0,3138300000.0,3091725000.0,154800000.0,0.0,0.0,0.0,2455200000.0,391200000.0,2064000000.0,2865924089.0,-19700000.0,0.0,0.0,-16300000.0,0.0,-30800000.0,-137700000.0,0.0,155300000.0,-6500000.0,111500000.0,111500000.0,111500000.0,0.0,-300000.0,0.06,369800000.0,217800000.0,143700000.0,0.0,4.507,25.703,25.831,905800000.0,0.0,22.99,1.551,1.551,414800000.0,-1036100000.0,1848100000.0,1848100000.0,0.0,0.036,0.183,0.076,0.126,10800000.0,358100000.0,1.0,124659595.0,124659595.0,,14.825,1800600000.0,37500000.0,33700000.0,41400000.0,14.444,399000000.0
21,CTLT,MRT,2016-03-31,2016-03-31,2016-03-31,2021-08-30,-254900000.0,3057700000.0,3071900000.0,727500000.0,2330200000.0,0.594,4.842,-140100000.0,133900000.0,133900000.0,1244500000.0,206400000.0,1.958,4.072,1870800000.0,25900000.0,1844900000.0,1870800000.0,0.0,141700000.0,0.0,0.0,0.0,219800000.0,361500000.0,0.198,361500000.0,219800000.0,130500000.0,1.71,1.68,1.71,602900000.0,610375000.0,602900000.0,5078236384.0,23.0,14.048,58400000.0,0.469,1.0,581500000.0,0.318,1336600000.0,89300000.0,3086500000.0,3066800000.0,167700000.0,0.0,0.0,0.0,2454800000.0,371500000.0,2083300000.0,3321036384.0,17800000.0,800000.0,0.0,-23100000.0,0.0,-39600000.0,-139300000.0,0.0,198500000.0,-1800000.0,207000000.0,207000000.0,207000000.0,100000.0,44400000.0,0.113,365400000.0,216100000.0,135100000.0,0.0,5.508,16.044,15.596,906300000.0,0.0,26.67,1.819,1.819,343700000.0,-1117300000.0,1826000000.0,1826000000.0,0.0,0.067,0.339,0.072,0.12,11400000.0,355600000.0,1.0,124523299.0,124523299.0,,14.664,1721100000.0,65800000.0,-76500000.0,60300000.0,13.822,356000000.0
22,CTLT,MRT,2015-12-31,2015-12-31,2015-12-31,2021-08-30,-239600000.0,3035200000.0,3051000000.0,679500000.0,2355700000.0,0.601,4.878,-152200000.0,115500000.0,115500000.0,1227100000.0,226500000.0,1.997,3.997,1872700000.0,24400000.0,1848300000.0,1872700000.0,0.0,141300000.0,0.0,0.0,0.0,250000000.0,391300000.0,0.213,391300000.0,250000000.0,159400000.0,1.87,1.84,1.87,607400000.0,576700000.0,607400000.0,4849282456.0,19.0,12.393,90700000.0,0.728,1.0,607500000.0,0.331,1359900000.0,90600000.0,3092300000.0,3035400000.0,159300000.0,0.0,0.0,0.0,2427800000.0,340200000.0,2087600000.0,3116782456.0,31400000.0,-5700000.0,0.0,-26000000.0,0.0,-47000000.0,-157900000.0,0.0,242900000.0,-6600000.0,227800000.0,227800000.0,227800000.0,100000.0,12900000.0,0.124,356900000.0,250600000.0,128500000.0,0.0,5.131,13.682,13.385,902000000.0,0.0,25.03,1.699,1.699,332000000.0,-1127100000.0,1834600000.0,1834600000.0,0.0,0.075,0.395,0.082,0.136,9800000.0,343100000.0,1.0,124521872.0,124521872.0,,14.733,1675300000.0,66100000.0,-68400000.0,59300000.0,13.454,339300000.0
23,CTLT,MRT,2015-09-30,2015-09-30,2015-09-30,2021-08-30,-216600000.0,3056400000.0,3051725000.0,691200000.0,2365200000.0,0.601,4.796,-143000000.0,151400000.0,151400000.0,1224000000.0,241900000.0,1.959,4.118,1883900000.0,24000000.0,1859900000.0,1883900000.0,0.0,141300000.0,0.0,0.0,0.0,254100000.0,395400000.0,0.215,395400000.0,254100000.0,161900000.0,1.99,1.97,1.99,597200000.0,548175000.0,597200000.0,4762422076.0,19.0,12.045,113500000.0,0.912,1.0,611500000.0,0.333,1386200000.0,92200000.0,3049800000.0,3028975000.0,150900000.0,0.0,0.0,0.0,2459200000.0,352900000.0,2106300000.0,3025822076.0,88200000.0,-117300000.0,0.0,118000000.0,0.0,99300000.0,-260300000.0,0.0,256500000.0,-7300000.0,243600000.0,243600000.0,243600000.0,300000.0,-33700000.0,0.133,357100000.0,254400000.0,127400000.0,0.0,5.067,12.421,12.211,884300000.0,0.0,24.3,1.649,1.649,308200000.0,-1157800000.0,1835500000.0,1835500000.0,0.0,0.08,0.444,0.084,0.138,10100000.0,338200000.0,1.0,124519427.0,124519427.0,,14.741,1670200000.0,67500000.0,-81700000.0,57700000.0,13.413,338300000.0
24,CTLT,MRT,2015-06-30,2015-06-30,2015-06-30,2021-08-30,-174000000.0,3138300000.0,3025450000.0,737500000.0,2400800000.0,0.605,5.101,-141000000.0,151300000.0,151300000.0,1215500000.0,210300000.0,1.848,3.95,1880800000.0,23800000.0,1857000000.0,1880800000.0,0.0,140800000.0,0.0,0.0,0.0,219500000.0,360300000.0,0.197,360300000.0,219500000.0,114500000.0,1.77,1.75,1.77,634000000.0,524825000.0,634000000.0,5411019760.0,25.0,15.018,30800000.0,0.248,1.0,615300000.0,0.336,1430200000.0,105000000.0,3038600000.0,2993625000.0,132900000.0,0.0,0.0,0.0,2504300000.0,399000000.0,2105300000.0,3645319760.0,76900000.0,-130800000.0,948800000.0,-729400000.0,0.0,196500000.0,-271800000.0,0.0,171800000.0,-19600000.0,212200000.0,212200000.0,212200000.0,-100000.0,-1900000.0,0.116,355400000.0,259900000.0,128200000.0,0.0,5.75,17.179,16.571,885200000.0,0.0,29.33,1.991,1.991,372400000.0,-1166900000.0,1830800000.0,1830800000.0,0.0,0.07,0.404,0.073,0.12,9000000.0,337300000.0,1.0,124286388.0,124286388.0,,14.73,1708100000.0,64100000.0,-97700000.0,56300000.0,13.743,338500000.0
25,CTLT,MRT,2015-03-31,2015-03-31,2015-03-31,2021-08-30,-186600000.0,2974100000.0,3013425000.0,653100000.0,2321000000.0,0.611,3.781,-169000000.0,116100000.0,116100000.0,1216400000.0,83900000.0,1.787,5.352,1881800000.0,24800000.0,1857000000.0,1881800000.0,0.0,138600000.0,0.0,0.0,0.0,227700000.0,366300000.0,0.199,366300000.0,227700000.0,105000000.0,0.81,0.8,0.81,468200000.0,273525000.0,468200000.0,5707030108.0,25.0,15.58,10700000.0,0.086,1.0,623900000.0,0.339,1413500000.0,122700000.0,2960900000.0,3188650000.0,142200000.0,0.0,0.0,0.0,2505900000.0,365400000.0,2140500000.0,3856930108.0,60400000.0,-131800000.0,948800000.0,-718200000.0,0.0,203200000.0,-300800000.0,0.0,179700000.0,-21700000.0,85700000.0,85700000.0,85700000.0,-200000.0,-78800000.0,0.047,352100000.0,271800000.0,120900000.0,0.0,8.238,45.005,38.457,847300000.0,0.0,31.15,2.096,2.096,331600000.0,-1320600000.0,1840300000.0,1840300000.0,0.0,0.028,0.313,0.071,0.124,7500000.0,329000000.0,1.0,123817981.0,123817981.0,,14.863,1560600000.0,32000000.0,19300000.0,105500000.0,12.604,287700000.0
26,CTLT,MRT,2014-12-31,2014-12-31,2014-12-31,2021-08-30,-136900000.0,3038100000.0,,637500000.0,2400600000.0,,3.984,-153800000.0,84100000.0,84100000.0,1223400000.0,59400000.0,1.84,5.161,1934200000.0,28800000.0,1905400000.0,1934200000.0,0.0,139300000.0,0.0,0.0,0.0,215700000.0,355000000.0,0.192,355000000.0,215700000.0,75600000.0,0.65,0.64,0.65,493300000.0,,493300000.0,5205423558.0,24.0,14.663,-15500000.0,-0.125,1.0,623400000.0,0.338,1475100000.0,140100000.0,3066600000.0,,144300000.0,0.0,0.0,0.0,2545700000.0,346500000.0,2199200000.0,3451923558.0,19900000.0,-127800000.0,948800000.0,-748500000.0,0.0,179800000.0,-281600000.0,0.0,138300000.0,-16600000.0,60900000.0,60900000.0,60900000.0,1500000.0,-47700000.0,0.033,357200000.0,266200000.0,118400000.0,0.0,6.998,56.682,42.892,865100000.0,0.0,27.88,1.869,1.869,336400000.0,-1352100000.0,1846800000.0,1846800000.0,0.0,,,,0.117,6500000.0,335700000.0,1.0,123813614.0,123813614.0,,14.916,1563000000.0,30900000.0,14700000.0,104400000.0,12.624,291000000.0
27,CTLT,MRT,2014-09-30,2014-09-30,2014-09-30,2021-08-30,-77800000.0,2951300000.0,,619100000.0,2332200000.0,,4.294,-134500000.0,63200000.0,63200000.0,1227000000.0,-6100000.0,1.64,4.86,1816700000.0,36400000.0,1780300000.0,1816700000.0,0.0,141400000.0,0.0,0.0,0.0,195000000.0,336400000.0,0.184,336400000.0,195000000.0,37300000.0,0.02,0.01,0.02,503800000.0,,503800000.0,5572753340.0,29.0,16.566,-21200000.0,-0.181,1.0,604700000.0,0.33,1418800000.0,157700000.0,2908400000.0,,142400000.0,0.0,0.0,0.0,2448300000.0,377600000.0,2070700000.0,2936553340.0,-32600000.0,-59200000.0,949000000.0,-874700000.0,0.0,57300000.0,-189700000.0,0.0,113300000.0,-13500000.0,-4800000.0,-4800000.0,-4800000.0,1900000.0,-1300000.0,-0.003,356400000.0,248300000.0,116700000.0,0.0,5.829,-611.782,1251.5,853300000.0,0.0,25.03,1.603,1.603,332200000.0,-1398600000.0,1831700000.0,1831700000.0,0.0,,,,0.106,4800000.0,335100000.0,1.0,117321348.0,117321348.0,,15.613,1532500000.0,24400000.0,42100000.0,97600000.0,13.062,241500000.0
28,CTLT,MRT,2014-06-30,2014-06-30,2014-06-30,2021-08-30,-24200000.0,3090200000.0,3019850000.0,687500000.0,2402700000.0,0.605,-3.164,-121500000.0,74400000.0,74400000.0,1229100000.0,15200000.0,1.518,-9.327,2710600000.0,25200000.0,2685400000.0,2710600000.0,0.0,142900000.0,0.0,,0.0,228800000.0,371700000.0,0.203,371700000.0,228800000.0,65700000.0,0.22,0.21,0.22,-371200000.0,-390950000.0,-371200000.0,,,,56800000.0,0.484,1.0,598600000.0,0.328,1454700000.0,163100000.0,3818700000.0,3773750000.0,134800000.0,0.0,0.0,0.0,3462000000.0,453000000.0,3009000000.0,,-32000000.0,-53700000.0,200000.0,-35100000.0,0.0,-42100000.0,-171200000.0,0.0,178300000.0,3000000.0,16200000.0,16200000.0,16200000.0,2700000.0,-1000000.0,0.009,357700000.0,240900000.0,148100000.0,0.0,,,,873000000.0,0.0,,,,403700000.0,-1379100000.0,1827700000.0,1827700000.0,0.0,0.005,-0.041,0.061,0.125,4500000.0,334800000.0,1.0,117301370.0,117301370.0,,15.581,1635500000.0,26300000.0,49500000.0,103200000.0,13.943,234500000.0
29,CTLT,MRT,2014-03-31,2014-03-31,2014-03-31,2021-08-30,,,,,,,,,,,,,,,,,,,,,,,0.0,,,,,,,,,,,,,,,,,,1.0,,,,,,,,,,,,,,,,,,,,,,,,,,,,,,,,,,,,,,,,,,,,,,,,,,,,,,1.0,117301370.0,117301370.0,,,,,,,,
30,CTLT,MRT,2013-12-31,2013-12-31,2013-12-31,2021-08-30,,,,,,,,,,,,,,,,,,,,,,,0.0,,,,,,,,,,,,,,,,,,1.0,,,,,,,,,,,,,,,,,,,,,,,,,,,,,,,,,,,,,,,,,,,,,,,,,,,,,,1.0,117301370.0,117301370.0,,,,,,,,
31,CTLT,MRT,2013-09-30,2013-09-30,2013-09-30,2021-08-30,,,,,,,,,,,,,,,,,,,,,,,0.0,,,,,,,,,,,,,,,,,,1.0,,,,,,,,,,,,,,,,,,,,,,,,,,,,,,,,,,,,,,,,,,,,,,,,,,,,,,1.0,117301370.0,117301370.0,,,,,,,,
32,CTLT,MRT,2013-06-30,2013-06-30,2013-06-30,2021-08-30,-42800000.0,2949500000.0,3044250000.0,679100000.0,2270400000.0,0.591,-3.501,-119600000.0,106400000.0,106400000.0,1231700000.0,-49700000.0,1.655,-8.181,2691600000.0,35000000.0,2656600000.0,2691600000.0,0.0,152200000.0,0.0,,0.0,180600000.0,332800000.0,0.185,332800000.0,180600000.0,-22600000.0,-0.66,-0.66,-0.66,-410700000.0,-380700000.0,-410700000.0,,,,18100000.0,0.154,1.0,568600000.0,0.316,1395600000.0,203200000.0,3728800000.0,3762700000.0,124900000.0,0.0,0.0,0.0,3359800000.0,410300000.0,2949500000.0,,-32600000.0,-2500000.0,1200000.0,-39700000.0,0.0,-49300000.0,-122100000.0,0.0,137700000.0,1100000.0,-49600000.0,-49600000.0,-49600000.0,-1200000.0,-100000.0,-0.028,364200000.0,204400000.0,150800000.0,0.0,,,,814500000.0,0.0,,,,358000000.0,-1395300000.0,1800300000.0,1800300000.0,0.0,-0.016,0.13,0.048,0.1,2800000.0,340600000.0,1.0,117301370.0,117301370.0,,15.348,1553900000.0,23700000.0,27000000.0,111800000.0,13.247,268800000.0
33,CTLT,MRT,2012-06-30,2012-06-30,2012-06-30,2021-08-30,7500000.0,3139000000.0,,704700000.0,2434300000.0,,,-102000000.0,139000000.0,139000000.0,1136200000.0,-23200000.0,1.604,-9.951,2683500000.0,43200000.0,2640300000.0,2683500000.0,0.0,129700000.0,0.0,,0.0,159300000.0,289000000.0,0.171,289000000.0,159300000.0,-23900000.0,-0.33,-0.32,-0.33,-350700000.0,,-350700000.0,,,,-14100000.0,,1.0,558600000.0,0.33,1447600000.0,183200000.0,3796600000.0,,118700000.0,0.0,0.0,0.0,3489700000.0,439300000.0,3050400000.0,,-66100000.0,-457500000.0,1100000.0,353400000.0,0.0,352900000.0,-494500000.0,0.0,87900000.0,-12400000.0,-24400000.0,-24400000.0,-24400000.0,41300000.0,1200000.0,-0.014,360600000.0,198000000.0,134200000.0,0.0,,,,809700000.0,0.0,,,,338300000.0,-1382100000.0,1694800000.0,1694800000.0,0.0,,,,0.094,3700000.0,348100000.0,1.0,,,,,1691400000.0,135200000.0,500000.0,219900000.0,,265400000.0
34,CTLT,MRT,2011-06-30,2011-06-30,2011-06-30,2021-08-30,,,,,,,,-83300000.0,,,1029700000.0,-50100000.0,,,,,,,,115500000.0,,,0.0,135200000.0,250700000.0,0.164,250700000.0,135200000.0,-30300000.0,-0.72,-0.72,-0.72,,,,,,,16400000.0,,1.0,502100000.0,0.328,,165500000.0,,,,,,,,,,,41100000.0,0.0,3900000.0,-27400000.0,0.0,-26100000.0,-50400000.0,0.0,99700000.0,17900000.0,-54000000.0,-54000000.0,-54000000.0,21000000.0,3900000.0,-0.035,316000000.0,186100000.0,,0.0,,,,,0.0,,,,,,1531800000.0,1531800000.0,0.0,,,,0.088,3900000.0,288300000.0,1.0,,,,,,,23700000.0,,,
