None,ticker,dimension,calendardate,datekey,reportperiod,lastupdated,accoci,assets,assetsavg,assetsc,assetsnc,assetturnover,bvps,capex,cashneq,cashnequsd,cor,consolinc,currentratio,de,debt,debtc,debtnc,debtusd,deferredrev,depamor,deposits,divyield,dps,ebit,ebitda,ebitdamargin,ebitdausd,ebitusd,ebt,eps,epsdil,epsusd,equity,equityavg,equityusd,ev,evebit,evebitda,fcf,fcfps,fxusd,gp,grossmargin,intangibles,intexp,invcap,invcapavg,inventory,investments,investmentsc,investmentsnc,liabilities,liabilitiesc,liabilitiesnc,marketcap,ncf,ncfbus,ncfcommon,ncfdebt,ncfdiv,ncff,ncfi,ncfinv,ncfo,ncfx,netinc,netinccmn,netinccmnusd,netincdis,netincnci,netmargin,opex,opinc,payables,payoutratio,pb,pe,pe1,ppnenet,prefdivis,price,ps,ps1,receivables,retearn,revenue,revenueusd,rnd,roa,roe,roic,ros,sbcomp,sgna,sharefactor,sharesbas,shareswa,shareswadil,sps,tangibles,taxassets,taxexp,taxliabilities,tbvps,workingcapital
0,ATO,MRY,2020-12-31,2020-09-30,2020-09-30,2021-08-04,-57589000.0,15359032000.0,14833634250.0,471258000.0,14887774000.0,0.19,55.308,-1935676000.0,20808000.0,20808000.0,658854000.0,601443000.0,0.602,1.262,4531944000.0,165000.0,4531779000.0,4531944000.0,0.0,429828000.0,0.0,0.024,2.3,831270000.0,1261098000.0,0.447,1261098000.0,831270000.0,746796000.0,4.89,4.89,4.89,6791203000.0,6421216000.0,6791203000.0,16114936729.0,19.0,12.778,-897677000.0,-7.311,1.0,2162283000.0,0.766,731257000.0,84474000.0,18356510000.0,17581491750.0,111950000.0,0.0,0.0,0.0,8567829000.0,782401000.0,7785428000.0,11791502729.0,-3742000.0,0.0,643850000.0,526797000.0,-282444000.0,883777000.0,-1925518000.0,491000.0,1037999000.0,0.0,601443000.0,601443000.0,601443000.0,0.0,0.0,0.213,1338184000.0,824099000.0,235775000.0,0.47,1.736,19.605,19.548,13355347000.0,0.0,95.59,4.18,4.16,230595000.0,2471014000.0,2821137000.0,2821137000.0,0.0,0.041,0.094,0.047,0.295,9583000.0,278755000.0,1.0,123354982.0,122788000,122872000.0,22.976,14627775000.0,0.0,145353000.0,2154333000.0,119.13,-311143000.0
1,ATO,MRY,2019-12-31,2019-09-30,2019-09-30,2021-08-04,-114583000.0,13367619000.0,12884864000.0,458031000.0,12909588000.0,0.225,49.063,-1693477000.0,24550000.0,24550000.0,858837000.0,511406000.0,0.379,1.325,3994367000.0,464915000.0,3529452000.0,3994367000.0,0.0,391456000.0,0.0,0.018,2.1,753462000.0,1144918000.0,0.395,1144918000.0,753462000.0,650309000.0,4.36,4.35,4.36,5750223000.0,5562128750.0,5750223000.0,17144790470.0,23.0,14.975,-724708000.0,-6.184,1.0,2043011000.0,0.704,730706000.0,103153000.0,15397290000.0,14706678750.0,130138000.0,0.0,0.0,0.0,7617396000.0,1209440000.0,6407956000.0,13461876470.0,10779000.0,4000000.0,713426000.0,348102000.0,-245717000.0,725670000.0,-1683660000.0,-2784000.0,968769000.0,0.0,511406000.0,511406000.0,511406000.0,0.0,0.0,0.176,1296953000.0,746058000.0,265024000.0,0.482,2.341,26.323,26.122,11787669000.0,0.0,113.89,4.639,4.6,230571000.0,2152015000.0,2901848000.0,2901848000.0,0.0,0.04,0.092,0.051,0.26,11121000.0,275189000.0,1.0,118200689.0,117200000,117461000.0,24.76,12636913000.0,0.0,138903000.0,2005116000.0,107.823,-751409000.0
2,ATO,MRY,2018-12-31,2018-09-30,2018-09-30,2021-08-04,-83647000.0,11874437000.0,11500775750.0,478853000.0,11395584000.0,0.271,42.968,-1467591000.0,13771000.0,13771000.0,1167848000.0,603064000.0,0.25,1.489,3644445000.0,1150780000.0,2493665000.0,3644445000.0,0.0,361083000.0,0.0,0.021,1.94,717790000.0,1078873000.0,0.346,1078873000.0,717790000.0,611144000.0,5.43,5.43,5.43,4769951000.0,4703617250.0,4769951000.0,13735013351.0,19.0,12.731,-342929000.0,-3.089,1.0,1947698000.0,0.625,730419000.0,106646000.0,12859561000.0,12697862500.0,165732000.0,0.0,0.0,0.0,7104486000.0,1915131000.0,5189355000.0,10442851351.0,-12638000.0,3000000.0,414655000.0,128035000.0,-214906000.0,326266000.0,-1463566000.0,-8325000.0,1124662000.0,0.0,603064000.0,603064000.0,603064000.0,0.0,0.0,0.194,1219764000.0,727934000.0,217283000.0,0.357,2.189,17.316,17.295,10371147000.0,0.0,93.91,3.352,3.346,253295000.0,1878116000.0,3115546000.0,3115546000.0,0.0,0.052,0.128,0.057,0.23,12863000.0,263886000.0,1.0,111200632.0,111012000,111012000.0,28.065,11144018000.0,0.0,8080000.0,1893737000.0,100.386,-1436278000.0
3,ATO,MRY,2017-12-31,2017-09-30,2017-09-30,2021-08-04,-105254000.0,10749596000.0,10547248000.0,539646000.0,10209950000.0,0.262,36.745,-1137089000.0,26409000.0,26409000.0,925536000.0,396421000.0,0.532,1.757,3514790000.0,447745000.0,3067045000.0,3514790000.0,0.0,319633000.0,0.0,0.021,1.8,737986000.0,1057619000.0,0.383,1057619000.0,737986000.0,617804000.0,3.73,3.73,3.73,3898666000.0,3833553750.0,3898666000.0,12148069569.0,16.0,11.486,-269999000.0,-2.545,1.0,1834199000.0,0.665,730132000.0,120182000.0,12494402000.0,11864727250.0,184653000.0,0.0,0.0,0.0,6850930000.0,1013443000.0,5837487000.0,8892539569.0,-21125000.0,54125000.0,125278000.0,246070000.0,-191931000.0,168091000.0,-1056306000.0,-12473000.0,867090000.0,0.0,396421000.0,396421000.0,396421000.0,-13710000.0,0.0,0.144,1098571000.0,735628000.0,233050000.0,0.483,2.281,22.432,22.477,9259182000.0,0.0,83.84,3.222,3.223,222263000.0,1467024000.0,2759735000.0,2759735000.0,0.0,0.038,0.103,0.062,0.267,14064000.0,240407000.0,1.0,106065596.0,106100000,106100000.0,26.011,10019464000.0,0.0,221383000.0,1878699000.0,94.434,-473797000.0
4,ATO,MRY,2016-12-31,2016-09-30,2016-09-30,2021-08-04,-188022000.0,10010889000.0,9709209000.0,681686000.0,9329203000.0,0.253,33.452,-1086950000.0,47534000.0,47534000.0,746192000.0,350104000.0,0.381,1.891,3268590000.0,1079811000.0,2188779000.0,3268590000.0,0.0,293096000.0,0.0,0.023,1.68,661558000.0,954654000.0,0.389,954654000.0,661558000.0,546746000.0,3.38,3.38,3.38,3463059000.0,3386614250.0,3463059000.0,10793454985.0,16.0,11.306,-291960000.0,-2.82,1.0,1708456000.0,0.696,726962000.0,114812000.0,10716702000.0,10569154000.0,179070000.0,0.0,0.0,0.0,6547830000.0,1788281000.0,4759549000.0,7733549985.0,18881000.0,0.0,132852000.0,371567000.0,-175126000.0,303623000.0,-1079732000.0,758000.0,794990000.0,0.0,350104000.0,350104000.0,350104000.0,-4562000.0,0.0,0.143,1051460000.0,656996000.0,196485000.0,0.497,2.233,22.089,22.033,8268606000.0,0.0,74.47,3.151,3.141,215880000.0,1262534000.0,2454648000.0,2454648000.0,0.0,0.036,0.103,0.063,0.27,14760000.0,221843000.0,1.0,103847858.0,103524000,103524000.0,23.711,9283927000.0,0.0,196642000.0,1603056000.0,89.679,-1106595000.0
5,ATO,MRY,2015-12-31,2015-09-30,2015-09-30,2021-08-04,-109330000.0,9075072000.0,9000324500.0,626306000.0,8448766000.0,0.325,31.355,-963621000.0,28653000.0,28653000.0,1295675000.0,315075000.0,0.542,1.841,2895442000.0,457927000.0,2437515000.0,2895442000.0,0.0,274796000.0,0.0,0.027,1.56,620865000.0,895661000.0,0.306,895661000.0,620865000.0,504624000.0,3.09,3.09,3.09,3194797000.0,3159167750.0,3194797000.0,8561816088.0,14.0,9.559,-151707000.0,-1.489,1.0,1631310000.0,0.557,742702000.0,116241000.0,10044336000.0,9879948000.0,236603000.0,0.0,0.0,0.0,5880275000.0,1154823000.0,4725452000.0,5897689088.0,-13605000.0,0.0,22967000.0,254770000.0,-160018000.0,131083000.0,-956602000.0,1597000.0,811914000.0,0.0,315075000.0,315075000.0,315075000.0,-9452000.0,0.0,0.108,1019897000.0,611413000.0,238942000.0,0.505,1.846,18.718,18.828,7430580000.0,0.0,58.18,2.015,2.025,295160000.0,1073029000.0,2926985000.0,2926985000.0,0.0,0.035,0.1,0.063,0.212,15980000.0,230264000.0,1.0,101369699.0,101892000,101892000.0,28.726,8332370000.0,0.0,189549000.0,1411315000.0,81.776,-528517000.0
6,ATO,MRY,2014-12-31,2014-09-30,2014-09-30,2021-08-04,-12393000.0,8594704000.0,8513900000.0,775840000.0,7818864000.0,0.58,31.619,-824441000.0,42258000.0,42258000.0,3358490000.0,289817000.0,0.852,1.785,2652681000.0,196695000.0,2455986000.0,2652681000.0,0.0,253987000.0,0.0,0.031,1.48,606114000.0,860101000.0,0.174,860101000.0,606114000.0,476819000.0,2.96,2.96,2.96,3086232000.0,2997248000.0,3086232000.0,7191260945.0,12.0,8.361,-91628000.0,-0.939,1.0,1582426000.0,0.32,742029000.0,129295000.0,9552448000.0,8982805500.0,278917000.0,0.0,0.0,0.0,5508472000.0,910650000.0,4597822000.0,4786774945.0,-23941000.0,0.0,385762000.0,-171289000.0,-146248000.0,68225000.0,-824979000.0,-2647000.0,732813000.0,0.0,289817000.0,289817000.0,289817000.0,0.0,0.0,0.059,976312000.0,606114000.0,308086000.0,0.5,1.551,16.517,16.115,6725906000.0,0.0,47.7,0.969,0.942,343400000.0,917972000.0,4940916000.0,4940916000.0,0.0,0.034,0.097,0.067,0.123,14721000.0,211936000.0,1.0,100351676.0,97606000,97608000.0,50.621,7852675000.0,0.0,187002000.0,1286616000.0,80.453,-134810000.0
7,ATO,MRY,2013-12-31,2013-09-30,2013-09-30,2021-08-04,38878000.0,7934268000.0,7913753500.0,677133000.0,7257135000.0,0.49,28.502,-845033000.0,66199000.0,66199000.0,2463410000.0,243194000.0,0.692,2.075,2823655000.0,367984000.0,2455671000.0,2823655000.0,0.0,236928000.0,0.0,0.033,1.4,514178000.0,751106000.0,0.194,751106000.0,514178000.0,385793000.0,2.68,2.64,2.68,2580409000.0,2532332000.0,2580409000.0,6425978586.0,12.0,8.555,-231906000.0,-2.562,1.0,1412050000.0,0.364,741363000.0,128385000.0,8971875000.0,8757280750.0,244741000.0,0.0,0.0,0.0,5353859000.0,978486000.0,4375373000.0,3860366586.0,1960000.0,153023000.0,-5104000.0,285592000.0,-128115000.0,85747000.0,-696914000.0,0.0,613127000.0,0.0,243194000.0,243194000.0,243194000.0,-12496000.0,0.0,0.063,910368000.0,501682000.0,241611000.0,0.522,1.496,15.874,15.892,6030655000.0,0.0,42.59,0.996,0.995,301992000.0,775267000.0,3875460000.0,3875460000.0,0.0,0.031,0.096,0.059,0.133,17814000.0,187072000.0,1.0,90640211.0,90533000,91711000.0,42.807,7192905000.0,0.0,142599000.0,1164053000.0,79.451,-301353000.0
8,ATO,MRY,2012-12-31,2012-09-30,2012-09-30,2021-08-04,-47607000.0,7495675000.0,7462467250.0,827962000.0,6667713000.0,0.46,26.17,-732858000.0,64239000.0,64239000.0,2112423000.0,216717000.0,0.649,2.177,2527365000.0,571060000.0,1956305000.0,2527365000.0,0.0,246093000.0,0.0,0.039,1.39,456117000.0,702210000.0,0.204,702210000.0,456117000.0,314943000.0,2.39,2.37,2.39,2359243000.0,2335660500.0,2359243000.0,5619504436.0,12.0,8.003,-145941000.0,-1.619,1.0,1323739000.0,0.385,740847000.0,141174000.0,7942000000.0,7978537250.0,256415000.0,0.0,0.0,0.0,5136432000.0,1275954000.0,3860478000.0,3227299436.0,-67180000.0,128223000.0,-16148000.0,97107000.0,-125796000.0,-44837000.0,-609260000.0,0.0,586917000.0,0.0,216717000.0,216717000.0,216717000.0,-24521000.0,0.0,0.063,892143000.0,431596000.0,215229000.0,0.582,1.368,14.892,14.975,5475604000.0,0.0,35.79,0.939,0.939,234526000.0,660932000.0,3436162000.0,3436162000.0,0.0,0.029,0.093,0.057,0.133,19222000.0,181073000.0,1.0,90173217.0,90150000,91172000.0,38.116,6754828000.0,0.0,98226000.0,1015083000.0,74.929,-447992000.0
9,ATO,MRY,2011-12-31,2011-09-30,2011-09-30,2021-08-04,-48460000.0,7282871000.0,7123447000.0,1010953000.0,6271918000.0,0.602,25.004,-622965000.0,131419000.0,131419000.0,2985615000.0,207601000.0,1.165,2.229,2414947000.0,208830000.0,2206117000.0,2414947000.0,0.0,233155000.0,0.0,0.042,1.36,465183000.0,698338000.0,0.163,698338000.0,465183000.0,314420000.0,2.28,2.27,2.28,2255421000.0,2310019250.0,2255421000.0,5020869180.0,11.0,7.19,-40121000.0,-0.445,1.0,1300820000.0,0.303,740207000.0,150763000.0,7958594000.0,7534698250.0,289760000.0,0.0,0.0,0.0,5027450000.0,867598000.0,4159852000.0,2929758180.0,-533000.0,0.0,2497000.0,117641000.0,-124011000.0,44009000.0,-627386000.0,0.0,582844000.0,0.0,207601000.0,207601000.0,207601000.0,-18013000.0,0.0,0.048,853650000.0,447170000.0,291205000.0,0.596,1.299,14.112,14.232,5147918000.0,0.0,32.45,0.683,0.683,273303000.0,570495000.0,4286435000.0,4286435000.0,0.0,0.029,0.09,0.062,0.109,11586000.0,177767000.0,1.0,90285306.0,90201000,90652000.0,47.521,6542664000.0,0.0,106819000.0,960093000.0,72.534,143355000.0
10,ATO,MRY,2010-12-31,2010-09-30,2010-09-30,2021-08-04,-23372000.0,6763791000.0,6744513750.0,875192000.0,5888599000.0,0.691,23.716,-542636000.0,131952000.0,131952000.0,3346924000.0,205839000.0,0.751,2.105,2295782000.0,486231000.0,1809551000.0,2295782000.0,0.0,216960000.0,0.0,0.046,1.345,479230000.0,696190000.0,0.149,696190000.0,479230000.0,325042000.0,2.22,2.2,2.22,2178348000.0,2272249250.0,2178348000.0,4626321929.0,10.0,6.645,183840000.0,2.001,1.0,1314136000.0,0.282,740148000.0,154188000.0,7021394000.0,6990991250.0,319038000.0,0.0,0.0,0.0,4585443000.0,1166079000.0,3419364000.0,2637027929.0,20749000.0,0.0,-92875000.0,54137000.0,-124287000.0,-163025000.0,-542702000.0,0.0,726476000.0,0.0,205839000.0,205839000.0,205839000.0,-15988000.0,0.0,0.044,850894000.0,463242000.0,266208000.0,0.606,1.211,12.811,13.176,4793075000.0,0.0,29.25,0.566,0.576,273207000.0,486905000.0,4661060000.0,4661060000.0,0.0,0.031,0.091,0.069,0.103,12655000.0,187143000.0,1.0,90154801.0,91852000,92422000.0,50.745,6023643000.0,0.0,119203000.0,829128000.0,65.58,-290887000.0
11,ATO,MRY,2009-12-31,2009-09-30,2009-09-30,2021-08-04,-20184000.0,6367083000.0,6491943250.0,828940000.0,5538143000.0,0.75,23.89,-509494000.0,111203000.0,111203000.0,3549433000.0,190978000.0,1.124,1.925,2242081000.0,72681000.0,2169400000.0,2242081000.0,0.0,217208000.0,0.0,0.047,1.32,440978000.0,658186000.0,0.135,658186000.0,440978000.0,288340000.0,2.08,2.07,2.08,2176761000.0,2156212750.0,2176761000.0,4644029430.0,11.0,7.056,409739000.0,4.497,1.0,1319678000.0,0.271,740064000.0,152638000.0,7020476000.0,6749775250.0,352728000.0,0.0,0.0,0.0,4190322000.0,737421000.0,3452901000.0,2600238430.0,64486000.0,0.0,27687000.0,-245711000.0,-121460000.0,-337546000.0,-517201000.0,0.0,919233000.0,0.0,190978000.0,190978000.0,190978000.0,-7679000.0,0.0,0.039,886379000.0,433299000.0,207421000.0,0.635,1.195,13.615,13.548,4439103000.0,0.0,28.18,0.534,0.527,232806000.0,405353000.0,4869111000.0,4869111000.0,0.0,0.029,0.089,0.065,0.091,14494000.0,180242000.0,1.0,92272478.0,91117000,91620000.0,53.438,5627019000.0,0.0,97362000.0,570940000.0,61.756,91519000.0
12,ATO,MRY,2008-12-31,2008-09-30,2008-09-30,2021-08-04,-35947000.0,6386699000.0,6398061500.0,1285104000.0,5101595000.0,1.129,22.962,-472273000.0,46717000.0,46717000.0,5899979000.0,180331000.0,1.065,2.112,2471119000.0,351327000.0,2119792000.0,2471119000.0,0.0,200442000.0,0.0,0.049,1.31,430626000.0,631068000.0,0.087,631068000.0,430626000.0,292704000.0,2.0,1.99,2.0,2052492000.0,2079093750.0,2052492000.0,4537896636.0,11.0,7.191,-101340000.0,-1.134,1.0,1321326000.0,0.183,739086000.0,137922000.0,6864928000.0,6622756000.0,576617000.0,0.0,0.0,0.0,4334207000.0,1207087000.0,3127120000.0,2412504636.0,-14008000.0,0.0,25466000.0,189890000.0,-117288000.0,98068000.0,-483009000.0,0.0,370933000.0,0.0,180331000.0,180331000.0,180331000.0,0.0,0.0,0.025,890700000.0,430626000.0,395388000.0,0.655,1.175,13.378,13.31,4136859000.0,0.0,26.62,0.334,0.33,477151000.0,343601000.0,7221305000.0,7221305000.0,0.0,0.028,0.087,0.065,0.06,14032000.0,192755000.0,1.0,90627522.0,89385000,89941000.0,80.789,5647613000.0,0.0,112373000.0,441302000.0,63.183,78017000.0
13,ATO,MRY,2007-12-31,2007-09-30,2007-09-30,2021-08-04,-16198000.0,5895197000.0,6069124750.0,1067175000.0,4828022000.0,0.972,22.601,-392435000.0,60725000.0,60725000.0,4648349000.0,168492000.0,1.163,1.999,2280745000.0,154430000.0,2126315000.0,2280745000.0,0.0,198863000.0,0.0,0.045,1.28,407820000.0,606683000.0,0.103,606683000.0,407820000.0,262584000.0,1.94,1.92,1.94,1965754000.0,1974076500.0,1965754000.0,4591573004.0,11.0,7.568,154660000.0,1.778,1.0,1250082000.0,0.212,737692000.0,145236000.0,6459567000.0,6197059500.0,515128000.0,0.0,0.0,0.0,3929443000.0,917958000.0,3011485000.0,2525014004.0,-15090000.0,0.0,216810000.0,-269210000.0,-111664000.0,-159314000.0,-402871000.0,0.0,547095000.0,0.0,168492000.0,168492000.0,168492000.0,0.0,0.0,0.029,842262000.0,407820000.0,355255000.0,0.66,1.285,14.986,14.598,3836836000.0,0.0,28.32,0.428,0.418,380133000.0,281127000.0,5898431000.0,5898431000.0,0.0,0.028,0.085,0.066,0.069,11934000.0,182866000.0,1.0,89160099.0,86975000,87745000.0,67.818,5157505000.0,0.0,94092000.0,370569000.0,59.299,149217000.0
14,ATO,MRY,2006-12-31,2006-09-30,2006-09-30,2021-08-04,-43850000.0,5719547000.0,5988019250.0,1117545000.0,4602002000.0,1.027,20.415,-425324000.0,111462000.0,111462000.0,4935793000.0,147737000.0,0.999,2.47,2565964000.0,385602000.0,2180362000.0,2565964000.0,0.0,185596000.0,0.0,0.045,1.275,383497000.0,569093000.0,0.092,569093000.0,383497000.0,236890000.0,1.83,1.82,1.83,1648098000.0,1664140500.0,1648098000.0,4725702892.0,12.0,8.304,-113875000.0,-1.411,1.0,1216570000.0,0.198,738521000.0,146607000.0,6316367000.0,6308475750.0,461502000.0,0.0,0.0,0.0,4071449000.0,1119161000.0,2952288000.0,2329557892.0,35699000.0,0.0,23273000.0,234343000.0,-102275000.0,155341000.0,-431091000.0,0.0,311449000.0,0.0,147737000.0,147737000.0,147737000.0,0.0,0.0,0.024,833073000.0,383497000.0,345108000.0,0.697,1.413,15.768,15.601,3629156000.0,0.0,28.55,0.379,0.375,374629000.0,224299000.0,6152363000.0,6152363000.0,0.0,0.025,0.089,0.061,0.062,10234000.0,191993000.0,1.0,81595723.0,80731000,81390000.0,76.208,4981026000.0,0.0,89153000.0,306172000.0,61.699,-1616000.0
15,ATO,MRY,2005-12-31,2005-09-30,2005-09-30,2021-08-04,-3341000.0,5653527000.0,5382502750.0,1264430000.0,4389097000.0,0.922,20.411,-333183000.0,121072000.0,121072000.0,3844236000.0,135785000.0,1.136,2.528,2331177000.0,148073000.0,2183104000.0,2331177000.0,0.0,178005000.0,0.0,0.044,1.24,350676000.0,528681000.0,0.107,528681000.0,350676000.0,218018000.0,1.73,1.72,1.73,1602422000.0,1597445000.0,1602422000.0,4410598004.0,13.0,8.343,53761000.0,0.685,1.0,1117637000.0,0.225,737787000.0,132658000.0,6013090000.0,5942427500.0,450807000.0,0.0,0.0,0.0,4051105000.0,1112755000.0,2938350000.0,2270014004.0,-161816000.0,-1916696000.0,418767000.0,1427231000.0,-98978000.0,1703250000.0,-2252010000.0,0.0,386944000.0,0.0,135785000.0,135785000.0,135785000.0,0.0,0.0,0.027,766961000.0,350676000.0,461314000.0,0.717,1.417,16.718,16.329,3374367000.0,0.0,28.25,0.457,0.447,454313000.0,178837000.0,4961873000.0,4961873000.0,0.0,0.025,0.085,0.059,0.071,3901000.0,174696000.0,1.0,80354478.0,78508000,79012000.0,63.202,4915740000.0,0.0,82233000.0,292207000.0,62.615,151675000.0
16,ATO,MRY,2004-12-31,2004-09-30,2004-09-30,2021-08-04,-14529000.0,2912627000.0,2806824250.0,713195000.0,2199432000.0,1.04,20.982,-162366000.0,201932000.0,201932000.0,2357846000.0,86227000.0,1.659,1.57,867219000.0,5908000.0,861311000.0,867219000.0,0.0,96647000.0,0.0,0.049,1.23,203202000.0,299849000.0,0.103,299849000.0,203202000.0,137765000.0,1.6,1.58,1.6,1133459000.0,968126500.0,1133459000.0,2319226705.0,11.0,7.735,108368000.0,2.006,1.0,562191000.0,0.193,245528000.0,65437000.0,2902501000.0,2812703500.0,200134000.0,0.0,0.0,0.0,1779168000.0,429885000.0,1349283000.0,1576937705.0,186249000.0,-1957000.0,270452000.0,-123308000.0,-66736000.0,80408000.0,-164893000.0,0.0,270734000.0,0.0,86227000.0,86227000.0,86227000.0,0.0,0.0,0.03,358989000.0,203202000.0,185295000.0,0.769,1.391,18.288,15.744,1722521000.0,0.0,25.19,0.54,0.466,211810000.0,142030000.0,2920037000.0,2920037000.0,0.0,0.031,0.089,0.072,0.07,0.0,57379000.0,1.0,62601735.0,54021000,54416000.0,54.054,2667099000.0,0.0,51538000.0,241257000.0,49.372,283310000.0
17,ATO,MRY,2003-12-31,2003-09-30,2003-09-30,2021-08-04,-1459000.0,2625495000.0,2518094250.0,457997000.0,2167498000.0,1.112,18.513,-159439000.0,33586000.0,33586000.0,2264940000.0,71688000.0,1.037,2.062,990440000.0,127940000.0,862500000.0,990440000.0,0.0,87001000.0,0.0,0.05,1.2,182258000.0,269259000.0,0.096,269259000.0,182258000.0,118598000.0,1.55,1.54,1.55,857517000.0,764876500.0,857517000.0,2085116314.0,11.0,7.744,-109988000.0,-2.375,1.0,534976000.0,0.191,273499000.0,63660000.0,2867101000.0,2602684250.0,168765000.0,0.0,0.0,0.0,1767978000.0,441749000.0,1326229000.0,1227642314.0,-32308000.0,-74650000.0,124949000.0,81968000.0,-55291000.0,151626000.0,-233385000.0,0.0,49451000.0,0.0,71688000.0,71688000.0,71688000.0,0.0,0.0,0.026,344945000.0,190031000.0,179852000.0,0.774,1.432,17.125,15.445,1624394000.0,0.0,23.94,0.438,0.396,216783000.0,122539000.0,2799916000.0,2799916000.0,0.0,0.028,0.094,0.07,0.065,0.0,55045000.0,1.0,51279963.0,46319000,46496000.0,60.449,2351996000.0,0.0,46910000.0,223350000.0,50.778,16248000.0
18,ATO,MRY,2002-12-31,2002-09-30,2002-09-30,2021-08-04,-41380000.0,1981385000.0,1996576250.0,331155000.0,1650230000.0,0.827,13.923,-142488000.0,58183000.0,58183000.0,1219824000.0,59656000.0,0.713,2.456,838234000.0,167771000.0,670463000.0,838234000.0,0.0,81469000.0,0.0,0.056,1.195,154010000.0,235479000.0,0.143,235479000.0,154010000.0,94836000.0,1.45,1.45,1.45,573235000.0,606978250.0,573235000.0,1616956818.0,10.0,6.867,154907000.0,3.763,1.0,431140000.0,0.261,190380000.0,59174000.0,2106785000.0,2208017750.0,91783000.0,0.0,0.0,0.0,1408150000.0,464271000.0,943879000.0,892674818.0,32728000.0,-15747000.0,18321000.0,-76107000.0,-48646000.0,-106432000.0,-158235000.0,0.0,297395000.0,0.0,59656000.0,59656000.0,59656000.0,0.0,0.0,0.036,277130000.0,154010000.0,136773000.0,0.824,1.557,14.964,14.828,1300320000.0,0.0,21.5,0.541,0.536,136227000.0,106142000.0,1650964000.0,1650964000.0,0.0,0.03,0.098,0.07,0.093,0.0,36221000.0,1.0,41519759.0,41171000,41250000.0,40.1,1791005000.0,0.0,35180000.0,134540000.0,43.502,-133116000.0
19,ATO,MRY,2001-12-31,2001-09-30,2001-09-30,2021-08-04,-1420000.0,2036180000.0,1740281250.0,424251000.0,1611929000.0,0.991,15.302,-119946000.0,81929000.0,81929000.0,1350273000.0,56090000.0,0.83,2.487,914341000.0,221942000.0,692399000.0,914341000.0,0.0,67664000.0,32351000.0,0.054,1.16,136469000.0,204133000.0,0.118,204133000.0,136469000.0,89458000.0,1.47,1.47,1.47,583864000.0,579077250.0,583864000.0,1294826842.0,9.0,6.343,-36951000.0,-0.968,1.0,375208000.0,0.217,76870000.0,47011000.0,2280693000.0,1844783000.0,95596000.0,0.0,0.0,0.0,1452316000.0,511029000.0,941287000.0,878111842.0,7884000.0,-348130000.0,156448000.0,280629000.0,-44112000.0,392965000.0,-468076000.0,0.0,82995000.0,0.0,56090000.0,56090000.0,56090000.0,0.0,0.0,0.033,244927000.0,130281000.0,84471000.0,0.789,1.504,15.655,14.694,1335398000.0,0.0,21.6,0.509,0.478,124046000.0,95132000.0,1725481000.0,1725481000.0,0.0,0.032,0.097,0.074,0.079,0.0,37655000.0,1.0,40653326.0,38156000,38247000.0,45.222,1959310000.0,0.0,33368000.0,150554000.0,51.35,-86778000.0
20,ATO,MRY,2000-12-31,2000-09-30,2000-09-30,2021-08-04,2265000.0,1348758000.0,1314200750.0,200606000.0,1148152000.0,0.647,12.475,-74600000.0,7379000.0,7379000.0,524446000.0,35918000.0,0.524,2.437,630811000.0,267613000.0,363198000.0,630811000.0,0.0,63855000.0,9923000.0,0.054,1.12,100060000.0,163915000.0,0.193,163915000.0,100060000.0,56237000.0,1.14,1.14,1.14,392466000.0,398734000.0,392466000.0,1195813817.0,12.0,7.295,-20404000.0,-0.649,1.0,325706000.0,0.383,3988000.0,43823000.0,1585706000.0,1536216250.0,70678000.0,0.0,0.0,0.0,956292000.0,382496000.0,573796000.0,655610817.0,-1206000.0,-25533000.0,13550000.0,67176000.0,-35995000.0,44731000.0,-100133000.0,0.0,54196000.0,0.0,35918000.0,35918000.0,35918000.0,0.0,0.0,0.042,240390000.0,85316000.0,73031000.0,0.982,1.67,18.253,18.088,982346000.0,0.0,20.62,0.771,0.763,77264000.0,83154000.0,850152000.0,850152000.0,0.0,0.027,0.09,0.065,0.118,0.0,28638000.0,1.0,31794899.0,31461000,31594000.0,27.022,1344770000.0,0.0,20319000.0,142463000.0,42.744,-181890000.0
21,ATO,MRY,1999-12-31,1999-09-30,1999-09-30,2021-08-04,917000.0,1230537000.0,1219064250.0,135153000.0,1095384000.0,0.566,12.356,-109596000.0,8585000.0,8585000.0,390402000.0,17744000.0,0.471,2.258,563635000.0,186152000.0,377483000.0,563635000.0,0.0,56874000.0,9657000.0,0.046,1.12,64362000.0,121236000.0,0.176,121236000.0,64362000.0,27299000.0,0.58,0.58,0.58,377663000.0,393452000.0,377663000.0,1244875725.0,19.0,10.268,-24898000.0,-0.815,1.0,299794000.0,0.434,0.0,37063000.0,1498812000.0,1472276750.0,52862000.0,0.0,0.0,0.0,852874000.0,286775000.0,566099000.0,749481725.0,3850000.0,0.0,21726000.0,40904000.0,-33882000.0,28748000.0,-109596000.0,0.0,84698000.0,0.0,17744000.0,17744000.0,17744000.0,0.0,0.0,0.026,245555000.0,54239000.0,64167000.0,1.931,1.985,42.239,41.586,965782000.0,0.0,24.12,1.086,1.068,70564000.0,83231000.0,690196000.0,690196000.0,0.0,0.015,0.045,0.044,0.093,0.0,31475000.0,1.0,31073040.0,30566000,30819000.0,22.581,1230537000.0,0.0,9555000.0,113458000.0,40.258,-151622000.0
22,ATO,MRY,1998-12-31,1998-09-30,1998-09-30,2021-08-04,0.0,1141390000.0,1153098000.0,107380000.0,1034010000.0,0.736,12.446,-134811000.0,4735000.0,4735000.0,516372000.0,55265000.0,0.479,2.075,522731000.0,124183000.0,398548000.0,522731000.0,0.0,47555000.0,12029000.0,0.038,1.08,122650000.0,170205000.0,0.201,170205000.0,122650000.0,87071000.0,1.85,1.84,1.85,371158000.0,368627250.0,371158000.0,1332328270.0,11.0,7.828,-43160000.0,-1.447,1.0,331836000.0,0.391,0.0,35579000.0,1435327000.0,1292492500.0,64128000.0,0.0,0.0,0.0,770232000.0,224059000.0,546173000.0,863980270.0,-1281000.0,15997000.0,20467000.0,37249000.0,-31834000.0,25882000.0,-118814000.0,0.0,91651000.0,0.0,55265000.0,55265000.0,55265000.0,0.0,0.0,0.065,218957000.0,112879000.0,44742000.0,0.584,2.328,15.633,15.438,917860000.0,0.0,28.56,1.019,1.004,34887000.0,99369000.0,848208000.0,848208000.0,0.0,0.048,0.15,0.095,0.145,0.0,29788000.0,1.0,30251410.0,29822000,30031000.0,28.442,1141390000.0,0.0,31806000.0,92949000.0,38.273,-116679000.0
23,ATO,MRY,1997-12-31,1997-09-30,1997-09-30,2021-08-04,0.0,1088311000.0,,143705000.0,944606000.0,,11.128,-121123000.0,6016000.0,6016000.0,577181000.0,23838000.0,0.459,2.326,485482000.0,182501000.0,302981000.0,485482000.0,0.0,39970000.0,15098000.0,0.041,1.01,71731000.0,111701000.0,0.123,111701000.0,71731000.0,38136000.0,0.81,0.81,0.81,327260000.0,,327260000.0,,,,-52374000.0,-1.781,1.0,329654000.0,0.364,0.0,33595000.0,1254554000.0,,60455000.0,0.0,0.0,0.0,761051000.0,313223000.0,447828000.0,,-5118000.0,0.0,9518000.0,64153000.0,-26415000.0,47256000.0,-121123000.0,0.0,68749000.0,0.0,23838000.0,23838000.0,23838000.0,0.0,0.0,0.026,263045000.0,66609000.0,62626000.0,1.247,,,30.716,849127000.0,0.0,24.88,,0.807,71217000.0,75938000.0,906835000.0,906835000.0,0.0,,,,0.079,0.0,32131000.0,1.0,,29409000,29422000.0,30.835,1088311000.0,0.0,14298000.0,88244000.0,37.006,-169518000.0
24,ATO,MRY,1996-12-31,1996-09-30,1996-09-30,2021-08-04,,,,,,,,-111881000.0,,,562279000.0,41151000.0,,,,,,,,41666000.0,,0.041,0.96,96144000.0,137810000.0,0.155,137810000.0,96144000.0,64467000.0,1.42,1.42,1.42,,,,,,,-20148000.0,-0.695,1.0,324412000.0,0.366,,31677000.0,,,,,,,,,,,1838000.0,0.0,8523000.0,41941000.0,-28478000.0,21986000.0,-111881000.0,0.0,91733000.0,0.0,41151000.0,41151000.0,41151000.0,0.0,0.0,0.046,231835000.0,92577000.0,,0.676,,,16.465,,0.0,23.38,,0.764,,,886691000.0,886691000.0,0.0,,,,0.108,0.0,30254000.0,1.0,,28978000,28994000.0,30.599,,,23316000.0,,,
0,ATO,MRQ,2021-06-30,2021-06-30,2021-06-30,2021-08-04,61239000.0,19315435000.0,,1115366000.0,18200069000.0,,59.18,-512232000.0,524621000.0,524621000.0,86870000.0,102411000.0,1.05,1.485,7328947000.0,200442000.0,7128505000.0,7328947000.0,0.0,119348000.0,0.0,0.025,0.625,139277000.0,258625000.0,0.427,258625000.0,139277000.0,118315000.0,0.78,0.78,0.78,7773758000.0,,7773758000.0,19010150538.0,20.0,13.65,-268453000.0,-2.044,1.0,518683000.0,0.857,731257000.0,20962000.0,24325988000.0,,99469000.0,0.0,0.0,0.0,11541677000.0,1062516000.0,10479161000.0,12558880538.0,-340690000.0,0.0,3830000.0,-133000.0,-81912000.0,-78215000.0,-506254000.0,3143000.0,243779000.0,0.0,102411000.0,102411000.0,102411000.0,0.0,0.0,0.169,385293000.0,133390000.0,280352000.0,0.801,1.616,18.41,18.134,14477749000.0,0.0,96.11,3.79,3.81,291122000.0,2846597000.0,605553000.0,605553000.0,0.0,,,,,0.0,81475000.0,1.0,130671944.0,131358000,131486000.0,4.61,18584178000.0,0.0,15904000.0,2255464000.0,141.477,52850000.0
1,ATO,MRQ,2021-03-31,2021-03-31,2021-03-31,2021-08-04,140471000.0,19408810000.0,,1620434000.0,17788376000.0,,60.552,-388919000.0,865311000.0,865311000.0,573809000.0,296754000.0,1.86,1.482,7316581000.0,177000.0,7316404000.0,7316581000.0,0.0,118636000.0,0.0,0.024,0.625,384638000.0,503274000.0,0.382,503274000.0,384638000.0,358542000.0,2.3,2.3,2.3,7820925000.0,,7820925000.0,17336118701.0,19.0,12.495,-1948234000.0,-15.084,1.0,745264000.0,0.565,731257000.0,26096000.0,24257524000.0,,50043000.0,0.0,0.0,0.0,11587885000.0,871299000.0,10716586000.0,12668684701.0,407712000.0,0.0,248960000.0,2190863000.0,-80325000.0,2359498000.0,-392471000.0,-6017000.0,-1559315000.0,0.0,296754000.0,296754000.0,296754000.0,0.0,0.0,0.225,363460000.0,381804000.0,263597000.0,0.272,1.62,18.162,18.038,14039588000.0,0.0,98.85,3.957,3.988,469595000.0,2826098000.0,1319073000.0,1319073000.0,0.0,,,,,0.0,88449000.0,1.0,128160695.0,129161000,129164000.0,10.213,18677553000.0,0.0,61788000.0,2297496000.0,144.607,749135000.0
2,ATO,MRQ,2020-12-31,2020-12-31,2020-12-31,2021-08-04,2532000.0,16475879000.0,,1192288000.0,15283591000.0,,56.781,-456809000.0,457599000.0,457599000.0,288260000.0,217678000.0,1.494,1.284,5125033000.0,171000.0,5124862000.0,5125033000.0,0.0,115285000.0,0.0,0.025,0.625,304912000.0,420197000.0,0.459,420197000.0,304912000.0,282902000.0,1.71,1.71,1.71,7213156000.0,,7213156000.0,16524766786.0,19.0,12.532,-299740000.0,-2.36,1.0,626220000.0,0.685,731257000.0,22010000.0,19614217000.0,,99569000.0,0.0,0.0,0.0,9262723000.0,797839000.0,8464884000.0,12013630786.0,436791000.0,0.0,220009000.0,592328000.0,-79023000.0,733314000.0,-453592000.0,511000.0,157069000.0,0.0,217678000.0,217678000.0,217678000.0,0.0,0.0,0.238,327380000.0,298840000.0,284995000.0,0.365,1.666,18.758,18.602,13762143000.0,0.0,95.43,4.2,4.239,492526000.0,2609669000.0,914480000.0,914480000.0,0.0,,,,,0.0,73452000.0,1.0,125889456.0,127034000,127034000.0,7.199,15744622000.0,0.0,65224000.0,2237585000.0,123.94,394449000.0
3,ATO,MRQ,2020-09-30,2020-09-30,2020-09-30,2021-08-04,-57589000.0,15359032000.0,,471258000.0,14887774000.0,,55.308,-530003000.0,20808000.0,20808000.0,18031000.0,65333000.0,0.602,1.262,4531944000.0,165000.0,4531779000.0,4531944000.0,0.0,111746000.0,0.0,0.024,0.575,98883000.0,210629000.0,0.444,210629000.0,98883000.0,83389000.0,0.51,0.51,0.51,6791203000.0,,6791203000.0,16114936729.0,19.0,12.778,-387490000.0,-3.156,1.0,456883000.0,0.962,731257000.0,15494000.0,18356510000.0,,111950000.0,0.0,0.0,0.0,8567829000.0,782401000.0,7785428000.0,11791502729.0,-187256000.0,0.0,271678000.0,0.0,-71770000.0,195482000.0,-525251000.0,1183000.0,142513000.0,0.0,65333000.0,65333000.0,65333000.0,0.0,0.0,0.138,356038000.0,100845000.0,235775000.0,1.127,1.736,19.605,19.548,13355347000.0,0.0,95.59,4.18,4.16,230595000.0,2471014000.0,474914000.0,474914000.0,0.0,,,,,9583000.0,64220000.0,1.0,123354982.0,122788000,122872000.0,3.868,14627775000.0,0.0,18056000.0,2154333000.0,119.13,-311143000.0
4,ATO,MRQ,2020-06-30,2020-06-30,2020-06-30,2021-08-04,-116727000.0,14870982000.0,,602159000.0,14268823000.0,,52.521,-410936000.0,208064000.0,208064000.0,26072000.0,117791000.0,0.857,1.301,4531498000.0,157000.0,4531341000.0,4531498000.0,0.0,107104000.0,0.0,0.023,0.575,146270000.0,253374000.0,0.514,253374000.0,146270000.0,126690000.0,0.96,0.96,0.96,6461471000.0,,6461471000.0,16388601465.0,20.0,13.107,-149225000.0,-1.213,1.0,466923000.0,0.947,730706000.0,19580000.0,17761024000.0,,84886000.0,0.0,0.0,0.0,8409511000.0,702686000.0,7706825000.0,12179780465.0,-112035000.0,0.0,105804000.0,77000.0,-70597000.0,35284000.0,-409030000.0,439000.0,261711000.0,0.0,117791000.0,117791000.0,117791000.0,0.0,0.0,0.239,327888000.0,139035000.0,200116000.0,0.599,1.885,20.487,20.532,12880850000.0,0.0,99.58,4.366,4.391,236466000.0,2477451000.0,492995000.0,492995000.0,0.0,,,,,0.0,71324000.0,1.0,122311513.0,123026000,123032000.0,4.007,14140276000.0,0.0,8899000.0,2122558000.0,114.937,-100527000.0
5,ATO,MRQ,2020-03-31,2020-03-31,2020-03-31,2021-08-04,-112641000.0,14716398000.0,,829561000.0,13886837000.0,,51.29,-465551000.0,320099000.0,320099000.0,317883000.0,239646000.0,0.889,1.334,4528920000.0,200054000.0,4328866000.0,4528920000.0,0.0,105916000.0,0.0,0.022,0.575,328449000.0,434365000.0,0.444,434365000.0,328449000.0,306278000.0,1.95,1.95,1.95,6304415000.0,,6304415000.0,16267549537.0,20.0,13.35,-4221000.0,-0.034,1.0,659782000.0,0.675,730706000.0,22171000.0,17261123000.0,,68061000.0,0.0,0.0,0.0,8411983000.0,933390000.0,7478593000.0,12132486537.0,130827000.0,0.0,3096000.0,199923000.0,-70520000.0,132499000.0,-463002000.0,471000.0,461330000.0,0.0,239646000.0,239646000.0,239646000.0,0.0,0.0,0.245,328344000.0,331438000.0,190088000.0,0.295,1.924,21.774,21.713,12548240000.0,0.0,99.23,4.36,4.383,377817000.0,2430257000.0,977665000.0,977665000.0,0.0,,,,,0.0,74604000.0,1.0,122266316.0,122916000,122997000.0,7.954,13985692000.0,0.0,66632000.0,2116212000.0,113.783,-103829000.0
6,ATO,MRQ,2019-12-31,2019-12-31,2019-12-31,2021-08-04,-113531000.0,14388125000.0,,812129000.0,13575996000.0,,50.596,-529186000.0,189272000.0,189272000.0,296868000.0,178673000.0,0.961,1.348,4324335000.0,50000.0,4324285000.0,4324335000.0,0.0,105062000.0,0.0,0.019,0.575,257668000.0,362730000.0,0.414,362730000.0,257668000.0,230439000.0,1.47,1.47,1.47,6127775000.0,,6127775000.0,17319585944.0,22.0,14.642,-356741000.0,-2.946,1.0,578695000.0,0.661,730706000.0,27229000.0,16947310000.0,,115259000.0,0.0,0.0,0.0,8260350000.0,845172000.0,7415178000.0,13349768944.0,164722000.0,0.0,263272000.0,326797000.0,-69557000.0,520512000.0,-528235000.0,-1602000.0,172445000.0,0.0,178673000.0,178673000.0,178673000.0,0.0,0.0,0.204,325914000.0,252781000.0,308113000.0,0.391,2.179,25.073,25.137,12250423000.0,0.0,111.86,4.604,4.672,435616000.0,2261131000.0,875563000.0,875563000.0,0.0,,,,,0.0,68607000.0,1.0,119343545.0,121113000,121359000.0,7.229,13657419000.0,0.0,51766000.0,2051708000.0,112.766,-33043000.0
7,ATO,MRQ,2019-09-30,2019-09-30,2019-09-30,2021-08-04,-114583000.0,13367619000.0,,458031000.0,12909588000.0,,48.182,-494278000.0,24550000.0,24550000.0,13670000.0,58406000.0,0.379,1.325,3994367000.0,464915000.0,3529452000.0,3994367000.0,0.0,100919000.0,0.0,0.018,0.525,98965000.0,199884000.0,0.451,199884000.0,98965000.0,70202000.0,0.47,0.47,0.47,5750223000.0,,5750223000.0,17144790470.0,23.0,14.975,-334437000.0,-2.802,1.0,430013000.0,0.969,730706000.0,28763000.0,15397290000.0,,130138000.0,0.0,0.0,0.0,7617396000.0,1209440000.0,6407956000.0,13461876470.0,-21613000.0,0.0,105567000.0,264973000.0,-63735000.0,306805000.0,-488259000.0,1257000.0,159841000.0,0.0,58406000.0,58406000.0,58406000.0,0.0,0.0,0.132,340298000.0,89715000.0,265024000.0,1.117,2.341,26.323,26.122,11787669000.0,0.0,113.89,4.639,4.6,230571000.0,2152015000.0,443683000.0,443683000.0,0.0,,,,,11121000.0,61643000.0,1.0,118200689.0,119345000,119825000.0,3.718,12636913000.0,0.0,11796000.0,2005116000.0,105.886,-751409000.0
8,ATO,MRQ,2019-06-30,2019-06-30,2019-06-30,2021-08-04,-115663000.0,12881098000.0,,503534000.0,12377564000.0,,47.783,-421613000.0,46163000.0,46163000.0,31326000.0,80466000.0,0.559,1.283,3729077000.0,199942000.0,3529135000.0,3729077000.0,0.0,97700000.0,0.0,0.02,0.525,123847000.0,221547000.0,0.456,221547000.0,123847000.0,104255000.0,0.68,0.68,0.68,5641996000.0,,5641996000.0,15894635342.0,21.0,14.113,-173514000.0,-1.47,1.0,454412000.0,0.936,730419000.0,19592000.0,14932219000.0,,106014000.0,0.0,0.0,0.0,7239102000.0,901374000.0,6337728000.0,12349275342.0,-62190000.0,0.0,103430000.0,74915000.0,-61654000.0,116691000.0,-426980000.0,-4818000.0,248099000.0,0.0,80466000.0,80466000.0,80466000.0,0.0,0.0,0.166,332210000.0,122202000.0,206500000.0,0.772,2.189,25.113,24.955,11340596000.0,0.0,105.56,4.254,4.294,285433000.0,2157344000.0,485738000.0,485738000.0,0.0,,,,,0.0,69965000.0,1.0,116988209.0,118075000,118430000.0,4.114,12150679000.0,0.0,23789000.0,1990281000.0,102.906,-397840000.0
9,ATO,MRQ,2019-03-31,2019-03-31,2019-03-31,2021-08-04,-116810000.0,12674950000.0,,671181000.0,12003769000.0,,46.845,-361182000.0,108353000.0,108353000.0,471676000.0,214888000.0,0.777,1.301,3653713000.0,125000000.0,3528713000.0,3653713000.0,0.0,96772000.0,0.0,0.02,0.525,301909000.0,398681000.0,0.364,398681000.0,301909000.0,274960000.0,1.83,1.82,1.83,5508101000.0,,5508101000.0,15473828603.0,21.0,13.861,34963000.0,0.297,1.0,622969000.0,0.569,730419000.0,26949000.0,14625752000.0,,78148000.0,0.0,0.0,0.0,7166849000.0,864139000.0,6302710000.0,12032246603.0,-109844000.0,4000000.0,5454000.0,-6568000.0,-61606000.0,-152861000.0,-353128000.0,1740000.0,396145000.0,0.0,214888000.0,214888000.0,214888000.0,0.0,0.0,0.196,325292000.0,297677000.0,244042000.0,0.287,2.184,24.939,24.683,10971734000.0,0.0,102.93,4.039,4.062,419612000.0,2138532000.0,1094645000.0,1094645000.0,0.0,,,,,0.0,79093000.0,1.0,116897373.0,117581000,117756000.0,9.31,11944531000.0,0.0,60072000.0,1964517000.0,101.586,-192958000.0
10,ATO,MRQ,2018-12-31,2018-12-31,2018-12-31,2021-08-04,-114115000.0,12615789000.0,,912738000.0,11703051000.0,,46.996,-416404000.0,218197000.0,218197000.0,342165000.0,157646000.0,0.627,1.359,3659779000.0,575000000.0,3084779000.0,3659779000.0,0.0,96065000.0,0.0,0.021,0.525,228741000.0,324806000.0,0.37,324806000.0,228741000.0,200892000.0,1.38,1.38,1.38,5348195000.0,,5348195000.0,13955291615.0,20.0,12.972,-251720000.0,-2.212,1.0,535617000.0,0.61,730419000.0,27849000.0,13871454000.0,,146552000.0,0.0,0.0,0.0,7267594000.0,1455498000.0,5812096000.0,10324617615.0,204426000.0,0.0,498975000.0,14782000.0,-58722000.0,455035000.0,-415293000.0,-963000.0,164684000.0,0.0,157646000.0,157646000.0,157646000.0,0.0,0.0,0.18,299153000.0,236464000.0,301734000.0,0.38,1.93,23.119,23.533,10698229000.0,0.0,92.72,3.326,3.399,478373000.0,1985250000.0,877782000.0,877782000.0,0.0,,,,,0.0,64488000.0,1.0,111352649.0,113800000,113832000.0,7.713,11885370000.0,0.0,43246000.0,1909582000.0,104.441,-542760000.0
11,ATO,MRQ,2018-09-30,2018-09-30,2018-09-30,2021-08-04,-83647000.0,11874437000.0,,478853000.0,11395584000.0,,42.617,-379119000.0,13771000.0,13771000.0,43085000.0,38747000.0,0.25,1.489,3644445000.0,1150780000.0,2493665000.0,3644445000.0,0.0,92657000.0,0.0,0.021,0.485,88539000.0,181196000.0,0.407,181196000.0,88539000.0,64055000.0,0.34,0.34,0.34,4769951000.0,,4769951000.0,13735013351.0,19.0,12.731,-289753000.0,-2.589,1.0,401615000.0,0.903,730419000.0,24484000.0,12859561000.0,,165732000.0,0.0,0.0,0.0,7104486000.0,1915131000.0,5189355000.0,10442851351.0,-7159000.0,0.0,3713000.0,331003000.0,-54899000.0,279817000.0,-376342000.0,-468000.0,89366000.0,0.0,38747000.0,38747000.0,38747000.0,0.0,0.0,0.087,310986000.0,90629000.0,217283000.0,1.426,2.189,17.316,17.295,10371147000.0,0.0,93.91,3.352,3.346,253295000.0,1878116000.0,444700000.0,444700000.0,0.0,,,,,12863000.0,55486000.0,1.0,111200632.0,111927000,111927000.0,3.973,11144018000.0,0.0,25308000.0,1893737000.0,99.565,-1436278000.0
12,ATO,MRQ,2018-06-30,2018-06-30,2018-06-30,2021-08-04,-76381000.0,11507624000.0,,452855000.0,11054769000.0,,42.553,-394494000.0,20930000.0,20930000.0,130886000.0,71193000.0,0.309,1.418,3313092000.0,694777000.0,2618315000.0,3313092000.0,0.0,90671000.0,0.0,0.021,0.485,120990000.0,211661000.0,0.376,211661000.0,120990000.0,97641000.0,0.62,0.62,0.62,4759552000.0,,4759552000.0,13137788362.0,18.0,12.262,-110565000.0,-0.989,1.0,431359000.0,0.767,730132000.0,23349000.0,12603693000.0,,126010000.0,0.0,0.0,0.0,6748072000.0,1465961000.0,5282111000.0,10011368362.0,-50144000.0,0.0,3948000.0,115175000.0,-54116000.0,65007000.0,-399080000.0,-6682000.0,283929000.0,0.0,71193000.0,71193000.0,71193000.0,0.0,0.0,0.127,302315000.0,129044000.0,198172000.0,0.782,2.103,16.681,16.57,10071860000.0,0.0,90.14,3.193,3.215,253546000.0,1871334000.0,562245000.0,562245000.0,0.0,,,,,0.0,72620000.0,1.0,111064659.0,111851000,111851000.0,5.027,10777492000.0,0.0,26448000.0,1867131000.0,96.356,-1013106000.0
13,ATO,MRQ,2018-03-31,2018-03-31,2018-03-31,2021-08-04,-85011000.0,11356322000.0,,622736000.0,10733586000.0,,42.266,-310740000.0,71074000.0,71074000.0,626960000.0,178992000.0,0.462,1.405,3197494000.0,579602000.0,2617892000.0,3197494000.0,0.0,89381000.0,0.0,0.022,0.485,268735000.0,358116000.0,0.294,358116000.0,268735000.0,241431000.0,1.6,1.6,1.6,4721346000.0,,4721346000.0,12697448657.0,17.0,11.755,267389000.0,2.394,1.0,592449000.0,0.486,730132000.0,27304000.0,12403483000.0,,89265000.0,0.0,0.0,0.0,6634976000.0,1349127000.0,5285849000.0,9347913657.0,16324000.0,3000000.0,6235000.0,-207214000.0,-54054000.0,-255033000.0,-306772000.0,-1040000.0,578129000.0,0.0,178992000.0,178992000.0,178992000.0,0.0,0.0,0.147,321547000.0,270902000.0,230823000.0,0.303,1.98,15.585,15.372,9761329000.0,0.0,84.24,3.015,3.036,407134000.0,1854257000.0,1219409000.0,1219409000.0,0.0,,,,,0.0,73007000.0,1.0,110967636.0,111706000,111706000.0,10.916,10626190000.0,0.0,62439000.0,1844834000.0,95.126,-726391000.0
14,ATO,MRQ,2017-12-31,2017-12-31,2017-12-31,2021-08-04,-106316000.0,11264720000.0,,778910000.0,10485810000.0,,42.036,-383238000.0,54750000.0,54750000.0,366917000.0,314132000.0,0.812,1.468,3404285000.0,336816000.0,3067469000.0,3404285000.0,0.0,88374000.0,0.0,0.021,0.485,239526000.0,327900000.0,0.369,327900000.0,239526000.0,208017000.0,2.89,2.89,2.89,4563620000.0,,4563620000.0,12602401576.0,17.0,11.578,-210000000.0,-1.934,1.0,522275000.0,0.587,730132000.0,31509000.0,12924713000.0,,163959000.0,0.0,0.0,0.0,6701100000.0,959410000.0,5741690000.0,9114020576.0,28341000.0,0.0,400759000.0,-110929000.0,-51837000.0,236475000.0,-381372000.0,-135000.0,173238000.0,0.0,314132000.0,314132000.0,314132000.0,0.0,0.0,0.353,280192000.0,242083000.0,285675000.0,0.168,1.997,15.566,15.818,9518792000.0,0.0,85.89,3.177,3.25,489217000.0,1729319000.0,889192000.0,889192000.0,0.0,,,,,0.0,62773000.0,1.0,106112709.0,108564000,108564000.0,8.19,10534588000.0,0.0,-106115000.0,1779452000.0,97.036,-180500000.0
15,ATO,MRQ,2017-09-30,2017-09-30,2017-09-30,2021-08-04,-105254000.0,10749596000.0,,539646000.0,10209950000.0,,36.5,-324941000.0,26409000.0,26409000.0,72561000.0,35853000.0,0.532,1.757,3514790000.0,447745000.0,3067045000.0,3514790000.0,0.0,84800000.0,0.0,0.021,0.45,88972000.0,173772000.0,0.374,173772000.0,88972000.0,55262000.0,0.33,0.33,0.33,3898666000.0,,3898666000.0,12148069569.0,16.0,11.486,-203412000.0,-1.904,1.0,392319000.0,0.844,730132000.0,33710000.0,12494402000.0,,184653000.0,0.0,0.0,0.0,6850930000.0,1013443000.0,5837487000.0,8892539569.0,-43368000.0,0.0,3850000.0,189060000.0,-48856000.0,144054000.0,-308951000.0,1856000.0,121529000.0,0.0,35853000.0,35853000.0,35853000.0,0.0,0.0,0.077,291995000.0,100324000.0,233050000.0,1.364,2.281,22.432,22.477,9259182000.0,0.0,83.84,3.222,3.223,222263000.0,1467024000.0,464880000.0,464880000.0,0.0,,,,,14064000.0,54796000.0,1.0,106065596.0,106814000,106814000.0,4.352,10019464000.0,0.0,19409000.0,1878699000.0,93.803,-473797000.0
16,ATO,MRQ,2017-06-30,2017-06-30,2017-06-30,2021-08-04,-104599000.0,10498775000.0,,534382000.0,9964393000.0,,36.682,-252763000.0,69777000.0,69777000.0,114176000.0,70808000.0,0.717,1.691,3325307000.0,258573000.0,3066734000.0,3325307000.0,0.0,80023000.0,0.0,0.021,0.45,140375000.0,220398000.0,0.419,220398000.0,140375000.0,111877000.0,0.66,0.66,0.66,3901710000.0,,3901710000.0,11923493379.0,16.0,11.421,-59205000.0,-0.557,1.0,412325000.0,0.783,729673000.0,28498000.0,12278973000.0,,151656000.0,0.0,0.0,0.0,6597065000.0,745659000.0,5851406000.0,8733669379.0,24374000.0,6279000.0,55044000.0,91214000.0,-47761000.0,61501000.0,-230685000.0,-5411000.0,193558000.0,0.0,70808000.0,70808000.0,70808000.0,0.0,0.0,0.134,271950000.0,140375000.0,164365000.0,0.682,2.238,22.121,22.298,8924381000.0,0.0,82.95,3.201,3.234,250224000.0,1480027000.0,526501000.0,526501000.0,0.0,,,,,0.0,62948000.0,1.0,105288359.0,106366000,106366000.0,4.95,9769102000.0,0.0,41069000.0,1853564000.0,91.844,-211277000.0
17,ATO,MRQ,2017-03-31,2017-03-31,2017-03-31,2021-08-04,-86894000.0,10361466000.0,,563084000.0,9798382000.0,,36.2,-261423000.0,45403000.0,45403000.0,427494000.0,164728000.0,0.376,1.702,3235227000.0,920607000.0,2314620000.0,3235227000.0,0.0,77667000.0,0.0,0.022,0.45,288721000.0,366388000.0,0.371,366388000.0,288721000.0,261777000.0,1.55,1.55,1.55,3834864000.0,,3834864000.0,11768133165.0,16.0,11.408,173617000.0,1.639,1.0,560692000.0,0.567,729673000.0,26944000.0,11325545000.0,,120026000.0,0.0,0.0,0.0,6526602000.0,1496072000.0,5030530000.0,8307811165.0,779000.0,133560000.0,7986000.0,-270140000.0,-47574000.0,-309728000.0,-124533000.0,1345000.0,435040000.0,0.0,164728000.0,164728000.0,164728000.0,-2716000.0,0.0,0.167,274687000.0,286005000.0,185212000.0,0.29,2.166,21.022,21.12,8738487000.0,0.0,78.99,3.125,3.148,336637000.0,1456980000.0,988186000.0,988186000.0,0.0,,,,,0.0,65614000.0,1.0,105175480.0,105936000,105936000.0,9.328,9631793000.0,0.0,97049000.0,1810160000.0,90.921,-932988000.0
18,ATO,MRQ,2016-12-31,2016-12-31,2016-12-31,2021-08-04,-92654000.0,10579155000.0,,979432000.0,9599723000.0,,35.133,-297962000.0,44624000.0,44624000.0,311305000.0,125032000.0,0.502,1.86,3504946000.0,1190747000.0,2314199000.0,3504946000.0,0.0,77143000.0,0.0,0.023,0.45,219918000.0,297061000.0,0.381,297061000.0,219918000.0,188888000.0,1.19,1.19,1.19,3698975000.0,,3698975000.0,10930041100.0,16.0,11.071,-180999000.0,-1.719,1.0,468863000.0,0.601,729673000.0,31030000.0,11359989000.0,,163763000.0,0.0,0.0,0.0,6880180000.0,1949815000.0,4930365000.0,7708985100.0,-2910000.0,-85714000.0,58398000.0,235936000.0,-47740000.0,272264000.0,-392137000.0,-10263000.0,116963000.0,0.0,125032000.0,125032000.0,125032000.0,-10994000.0,0.0,0.16,259939000.0,208924000.0,268647000.0,0.378,2.084,20.708,20.77,8552962000.0,0.0,74.15,3.011,3.049,458813000.0,1339826000.0,780168000.0,780168000.0,0.0,,,,,0.0,57049000.0,1.0,103964735.0,105284000,105284000.0,7.41,9849482000.0,0.0,63856000.0,1725433000.0,93.552,-970383000.0
19,ATO,MRQ,2016-09-30,2016-09-30,2016-09-30,2021-08-04,-188022000.0,10010889000.0,,681686000.0,9329203000.0,,33.081,-297262000.0,47534000.0,47534000.0,63927000.0,34240000.0,0.381,1.891,3268590000.0,1079811000.0,2188779000.0,3268590000.0,0.0,76426000.0,0.0,0.023,0.42,83695000.0,160121000.0,0.369,160121000.0,83695000.0,53658000.0,0.32,0.32,0.32,3463059000.0,,3463059000.0,10793454985.0,16.0,11.306,-132218000.0,-1.263,1.0,369716000.0,0.853,726962000.0,30037000.0,10716702000.0,,179070000.0,0.0,0.0,0.0,6547830000.0,1788281000.0,4759549000.0,7733549985.0,-18672000.0,0.0,7692000.0,159028000.0,-44763000.0,112617000.0,-296333000.0,200000.0,165044000.0,0.0,34240000.0,34240000.0,34240000.0,610000.0,0.0,0.079,285411000.0,84305000.0,196485000.0,1.312,2.233,22.089,22.033,8268606000.0,0.0,74.47,3.151,3.141,215880000.0,1262534000.0,433643000.0,433643000.0,0.0,,,,,14760000.0,49884000.0,1.0,103847858.0,104685000,104685000.0,4.142,9283927000.0,0.0,19418000.0,1603056000.0,88.684,-1106595000.0
20,ATO,MRQ,2016-06-30,2016-06-30,2016-06-30,2021-08-04,-178233000.0,9727368000.0,,648913000.0,9078455000.0,,33.613,-253684000.0,66206000.0,66206000.0,64583000.0,71193000.0,0.424,1.806,3126111000.0,920466000.0,2205645000.0,3126111000.0,0.0,73459000.0,0.0,0.02,0.42,134564000.0,208023000.0,0.456,208023000.0,134564000.0,106885000.0,0.68,0.68,0.68,3466724000.0,,3466724000.0,11348179110.0,18.0,12.16,-76693000.0,-0.744,1.0,391629000.0,0.858,742702000.0,27679000.0,10514771000.0,,244841000.0,0.0,0.0,0.0,6260644000.0,1529800000.0,4730844000.0,8313609110.0,18288000.0,0.0,107519000.0,43537000.0,-43554000.0,91172000.0,-249875000.0,2675000.0,176991000.0,0.0,71193000.0,71193000.0,71193000.0,-5050000.0,0.0,0.156,262115000.0,129514000.0,198882000.0,0.618,2.398,24.497,24.717,8053547000.0,0.0,81.32,5.684,5.734,277362000.0,1273057000.0,456212000.0,456212000.0,0.0,,,,,0.0,58965000.0,1.0,102233265.0,103137000,103137000.0,4.423,8984666000.0,0.0,35692000.0,1585500000.0,87.114,-880887000.0
21,ATO,MRQ,2016-03-31,2016-03-31,2016-03-31,2021-08-04,-157239000.0,9543926000.0,,652912000.0,8891014000.0,,32.489,-245592000.0,47918000.0,47918000.0,377356000.0,141810000.0,0.532,1.854,3082488000.0,626929000.0,2455559000.0,3082488000.0,0.0,71972000.0,0.0,0.022,0.42,250134000.0,322106000.0,0.362,322106000.0,250134000.0,222575000.0,1.38,1.38,1.38,3344565000.0,,3344565000.0,10722265097.0,17.0,11.758,137222000.0,1.333,1.0,512684000.0,0.576,742702000.0,27559000.0,10608441000.0,,190961000.0,0.0,0.0,0.0,6199361000.0,1227353000.0,4972008000.0,7582458097.0,-30985000.0,0.0,8912000.0,-136307000.0,-43173000.0,-170568000.0,-243231000.0,146000.0,382814000.0,0.0,141810000.0,141810000.0,141810000.0,1193000.0,0.0,0.159,261357000.0,251327000.0,226641000.0,0.304,2.267,23.369,23.5,7839413000.0,0.0,74.26,4.479,4.516,361582000.0,1245418000.0,890040000.0,890040000.0,0.0,,,,,0.0,61780000.0,1.0,102106896.0,102946000,102946000.0,8.646,8801224000.0,0.0,80765000.0,1557790000.0,85.494,-574441000.0
22,ATO,MRQ,2015-12-31,2015-12-31,2015-12-31,2021-08-04,-102962000.0,9554653000.0,,863270000.0,8691383000.0,,31.857,-290412000.0,78903000.0,78903000.0,240326000.0,102861000.0,0.57,1.92,3218710000.0,763236000.0,2455474000.0,3218710000.0,0.0,71239000.0,0.0,0.025,0.42,193165000.0,264404000.0,0.392,264404000.0,193165000.0,163628000.0,1.0,1.0,1.0,3272109000.0,,3272109000.0,9283640901.0,15.0,10.242,-220271000.0,-2.145,1.0,434427000.0,0.644,742702000.0,29537000.0,10436702000.0,,236017000.0,0.0,0.0,0.0,6282544000.0,1515056000.0,4767488000.0,6398978901.0,50250000.0,0.0,8729000.0,305309000.0,-43636000.0,270402000.0,-290293000.0,-2263000.0,70141000.0,0.0,102861000.0,102861000.0,102861000.0,-1315000.0,0.0,0.152,242577000.0,191850000.0,280487000.0,0.42,1.956,19.976,20.141,7653287000.0,0.0,63.04,2.731,2.764,456904000.0,1132254000.0,674753000.0,674753000.0,0.0,,,,,0.0,51214000.0,1.0,101506645.0,102713000,102713000.0,6.569,8811951000.0,0.0,60767000.0,1441325000.0,85.792,-651786000.0
23,ATO,MRQ,2015-09-30,2015-09-30,2015-09-30,2021-08-04,-109330000.0,9075072000.0,,626306000.0,8448766000.0,,31.355,-296138000.0,28653000.0,28653000.0,-863863000.0,23515000.0,0.542,1.841,2895442000.0,457927000.0,2437515000.0,2895442000.0,0.0,70737000.0,0.0,0.027,0.39,67957000.0,138694000.0,-0.248,138694000.0,67957000.0,36882000.0,0.23,0.23,0.23,3194797000.0,,3194797000.0,8561816088.0,14.0,9.559,-201806000.0,-1.981,1.0,305614000.0,-0.547,742702000.0,31075000.0,10044336000.0,,236603000.0,0.0,0.0,0.0,5880275000.0,1154823000.0,4725452000.0,5897689088.0,-14500000.0,0.0,10139000.0,212402000.0,-43373000.0,179168000.0,-288000000.0,1597000.0,94332000.0,0.0,23515000.0,23515000.0,23515000.0,-9452000.0,0.0,-0.042,247109000.0,58505000.0,238942000.0,1.696,1.846,18.718,18.828,7430580000.0,0.0,58.18,2.015,2.025,295160000.0,1073029000.0,-558249000.0,-558249000.0,0.0,,,,,15980000.0,48658000.0,1.0,101369699.0,101892000,101892000.0,-5.479,8332370000.0,0.0,13367000.0,1411315000.0,81.776,-528517000.0
24,ATO,MRQ,2015-06-30,2015-06-30,2015-06-30,2021-08-04,-62241000.0,8884489000.0,,616649000.0,8267840000.0,,31.748,-225839000.0,43153000.0,43153000.0,304728000.0,56281000.0,0.673,1.744,2707280000.0,251977000.0,2455303000.0,2707280000.0,0.0,68444000.0,0.0,0.03,0.39,118241000.0,186685000.0,0.272,186685000.0,118241000.0,90286000.0,0.55,0.55,0.55,3238255000.0,,3238255000.0,7764921449.0,12.0,8.552,-49105000.0,-0.481,1.0,381673000.0,0.556,742029000.0,27955000.0,9890010000.0,,213151000.0,0.0,0.0,0.0,5646234000.0,916577000.0,4729657000.0,5180243449.0,-52372000.0,0.0,8086000.0,26991000.0,-38571000.0,-3494000.0,-225612000.0,0.0,176734000.0,0.0,56281000.0,56281000.0,56281000.0,0.0,0.0,0.082,263432000.0,118241000.0,227256000.0,0.709,1.6,16.431,16.868,7212088000.0,0.0,51.28,1.215,1.227,301743000.0,1092887000.0,686401000.0,686401000.0,0.0,,,,,0.0,63175000.0,1.0,101018788.0,102000000,102000000.0,6.729,8142460000.0,0.0,34005000.0,1429090000.0,79.828,-299928000.0
25,ATO,MRQ,2015-03-31,2015-03-31,2015-03-31,2021-08-04,-128088000.0,8926644000.0,,817637000.0,8109007000.0,,30.858,-180331000.0,95525000.0,95525000.0,1019330000.0,137684000.0,0.803,1.843,2680203000.0,224986000.0,2455217000.0,2680203000.0,0.0,68022000.0,0.0,0.027,0.39,248649000.0,316671000.0,0.206,316671000.0,248649000.0,221202000.0,1.35,1.35,1.35,3139694000.0,,3139694000.0,8459873420.0,14.0,9.49,333102000.0,3.274,1.0,520738000.0,0.338,742029000.0,27447000.0,9750791000.0,,143154000.0,0.0,0.0,0.0,5786950000.0,1018502000.0,4768448000.0,5577671420.0,-28307000.0,0.0,6415000.0,-328735000.0,-38482000.0,-360802000.0,-180938000.0,0.0,513433000.0,0.0,137684000.0,137684000.0,137684000.0,0.0,0.0,0.089,272089000.0,248649000.0,295589000.0,0.289,1.777,18.305,18.81,7026078000.0,0.0,55.3,1.234,1.245,511830000.0,1075177000.0,1540068000.0,1540068000.0,0.0,,,,,0.0,69046000.0,1.0,100862051.0,101746000,101746000.0,15.136,8184615000.0,0.0,83518000.0,1338755000.0,80.442,-200865000.0
26,ATO,MRQ,2014-12-31,2014-12-31,2014-12-31,2021-08-04,-94199000.0,9115093000.0,,1118764000.0,7996329000.0,,30.162,-261313000.0,123832000.0,123832000.0,835480000.0,97595000.0,0.788,1.975,3006034000.0,550903000.0,2455131000.0,3006034000.0,0.0,67593000.0,0.0,0.027,0.39,186018000.0,253611000.0,0.201,253611000.0,186018000.0,156254000.0,0.96,0.96,0.96,3063925000.0,,3063925000.0,8206330938.0,13.0,9.276,-233898000.0,-2.303,1.0,423285000.0,0.336,742029000.0,29764000.0,9834655000.0,,277916000.0,0.0,0.0,0.0,6051168000.0,1420611000.0,4630557000.0,5595907938.0,81574000.0,0.0,-1673000.0,344112000.0,-39592000.0,316211000.0,-262052000.0,0.0,27415000.0,0.0,97595000.0,97595000.0,97595000.0,0.0,0.0,0.078,237267000.0,186018000.0,397595000.0,0.406,1.826,18.628,18.768,6912541000.0,0.0,55.74,1.132,1.145,607421000.0,975975000.0,1258765000.0,1258765000.0,0.0,,,,,0.0,49385000.0,1.0,100393038.0,101581000,101581000.0,12.392,8373064000.0,0.0,58659000.0,1256443000.0,82.427,-301847000.0
27,ATO,MRQ,2014-09-30,2014-09-30,2014-09-30,2021-08-04,-12393000.0,8594704000.0,,775840000.0,7818864000.0,,29.658,-271841000.0,42258000.0,42258000.0,441069000.0,23713000.0,0.852,1.785,2652681000.0,196695000.0,2455986000.0,2652681000.0,0.0,68256000.0,0.0,0.031,0.37,82731000.0,150987000.0,0.194,150987000.0,82731000.0,48992000.0,0.18,0.2,0.18,3086232000.0,,3086232000.0,7191260945.0,12.0,8.361,-169238000.0,-1.626,1.0,337659000.0,0.434,742029000.0,33739000.0,9552448000.0,,278917000.0,0.0,0.0,0.0,5508472000.0,910650000.0,4597822000.0,4786774945.0,-9163000.0,0.0,2122000.0,195313000.0,-37442000.0,159993000.0,-271759000.0,-2647000.0,102603000.0,0.0,23713000.0,23713000.0,23713000.0,0.0,0.0,0.03,254928000.0,82731000.0,308086000.0,2.056,1.551,16.517,16.115,6725906000.0,0.0,47.7,0.969,0.942,343400000.0,917972000.0,778728000.0,778728000.0,0.0,,,,,14721000.0,46296000.0,1.0,100351676.0,104059000,101415000.0,7.484,7852675000.0,0.0,25279000.0,1286616000.0,75.464,-134810000.0
28,ATO,MRQ,2014-06-30,2014-06-30,2014-06-30,2021-08-04,11300000.0,8357189000.0,,774643000.0,7582546000.0,,30.809,-193591000.0,51421000.0,51421000.0,583637000.0,45721000.0,0.67,1.681,2455907000.0,500000000.0,1955907000.0,2455907000.0,0.0,63955000.0,0.0,0.027,0.37,106231000.0,170186000.0,0.18,170186000.0,106231000.0,74391000.0,0.45,0.45,0.45,3116685000.0,,3116685000.0,7669042493.0,13.0,9.381,-54362000.0,-0.537,1.0,359533000.0,0.381,741363000.0,31840000.0,8864615000.0,,207458000.0,0.0,0.0,0.0,5240504000.0,1155697000.0,4084807000.0,5349953493.0,-85319000.0,0.0,-225000.0,2410000.0,-37426000.0,-35241000.0,-189307000.0,0.0,139229000.0,0.0,45721000.0,45721000.0,45721000.0,0.0,0.0,0.048,253302000.0,106231000.0,312671000.0,0.822,1.717,19.551,18.671,6461450000.0,0.0,53.4,1.109,1.119,388874000.0,932576000.0,943170000.0,943170000.0,0.0,,,,,0.0,63414000.0,1.0,100186395.0,101162000,101163000.0,9.323,7615826000.0,0.0,28670000.0,1341294000.0,75.283,-381054000.0
29,ATO,MRQ,2014-03-31,2014-03-31,2014-03-31,2021-08-04,36834000.0,8487616000.0,,1059161000.0,7428455000.0,,32.491,-178442000.0,136740000.0,136740000.0,1468577000.0,133367000.0,0.777,1.716,2455829000.0,500000000.0,1955829000.0,2455829000.0,0.0,61307000.0,0.0,0.031,0.37,248564000.0,309871000.0,0.158,309871000.0,248564000.0,216963000.0,1.38,1.38,1.38,3124761000.0,,3124761000.0,7237867935.0,13.0,9.085,278239000.0,2.893,1.0,496277000.0,0.253,741363000.0,31601000.0,8701950000.0,,124950000.0,0.0,0.0,0.0,5362855000.0,1363392000.0,3999463000.0,4286885935.0,-57823000.0,0.0,390166000.0,-689795000.0,-37396000.0,-337025000.0,-177479000.0,0.0,456681000.0,0.0,133367000.0,133367000.0,133367000.0,0.0,0.0,0.068,247713000.0,248564000.0,442816000.0,0.268,1.372,16.075,16.595,6269983000.0,0.0,47.13,0.904,0.956,671021000.0,924282000.0,1964854000.0,1964854000.0,0.0,,,,,0.0,60215000.0,1.0,90958751.0,96174000,96176000.0,20.43,7746253000.0,0.0,83596000.0,1283551000.0,80.544,-304231000.0
30,ATO,MRQ,2013-12-31,2013-12-31,2013-12-31,2021-08-04,63032000.0,8616091000.0,,1299570000.0,7316521000.0,,28.977,-180567000.0,194563000.0,194563000.0,854901000.0,87016000.0,0.645,2.238,3145545000.0,1189795000.0,1955750000.0,3145545000.0,0.0,60469000.0,0.0,0.031,0.37,168588000.0,229057000.0,0.184,229057000.0,168588000.0,136473000.0,0.95,0.95,0.95,2661314000.0,,2661314000.0,6886690440.0,13.0,9.05,-146267000.0,-1.593,1.0,388957000.0,0.313,741363000.0,32115000.0,8812209000.0,,286542000.0,0.0,0.0,0.0,5954777000.0,2013501000.0,3941276000.0,4129234440.0,128364000.0,0.0,-6301000.0,320783000.0,-33984000.0,280498000.0,-186434000.0,0.0,34300000.0,0.0,87016000.0,87016000.0,87016000.0,0.0,0.0,0.07,220369000.0,168588000.0,458198000.0,0.389,1.552,16.534,16.577,6152963000.0,0.0,45.42,1.011,1.021,661213000.0,828311000.0,1243858000.0,1243858000.0,0.0,,,,,0.0,42011000.0,1.0,90912251.0,91841000,91843000.0,13.544,7874728000.0,0.0,49457000.0,1230052000.0,85.743,-713931000.0
31,ATO,MRQ,2013-09-30,2013-09-30,2013-09-30,2021-08-04,38878000.0,7934268000.0,,677133000.0,7257135000.0,,28.468,-262560000.0,66199000.0,66199000.0,373934000.0,7536000.0,0.692,2.075,2823655000.0,367984000.0,2455671000.0,2823655000.0,0.0,60191000.0,0.0,0.033,0.35,48243000.0,108434000.0,0.161,108434000.0,48243000.0,16452000.0,0.08,0.07,0.08,2580409000.0,,2580409000.0,6425978586.0,12.0,8.555,-159008000.0,-1.754,1.0,300440000.0,0.446,741363000.0,31791000.0,8971875000.0,,244741000.0,0.0,0.0,0.0,5353859000.0,978486000.0,4375373000.0,3860366586.0,34220000.0,0.0,34000.0,227014000.0,-32055000.0,194993000.0,-264325000.0,0.0,103552000.0,0.0,7536000.0,7536000.0,7536000.0,0.0,0.0,0.011,252197000.0,48243000.0,241611000.0,4.375,1.496,15.874,15.892,6030655000.0,0.0,42.59,0.996,0.995,301992000.0,775267000.0,674374000.0,674374000.0,0.0,,,,,17814000.0,40717000.0,1.0,90640211.0,90641000,92509000.0,7.44,7192905000.0,0.0,8916000.0,1164053000.0,79.356,-301353000.0
32,ATO,MRQ,2013-06-30,2013-06-30,2013-06-30,2021-08-04,23289000.0,7802798000.0,,682253000.0,7120545000.0,,28.525,-193356000.0,31979000.0,31979000.0,541438000.0,38768000.0,0.947,2.023,2597591000.0,141998000.0,2455593000.0,2597591000.0,0.0,58129000.0,0.0,0.034,0.35,91223000.0,149352000.0,0.174,149352000.0,91223000.0,58482000.0,0.43,0.42,0.43,2581444000.0,,2581444000.0,6340908500.0,13.0,8.748,-60122000.0,-0.664,1.0,316497000.0,0.369,740814000.0,32741000.0,8907016000.0,,209101000.0,0.0,0.0,0.0,5221354000.0,720580000.0,4500774000.0,3717943500.0,-33568000.0,153023000.0,-2014000.0,-92943000.0,-32052000.0,-127030000.0,-39772000.0,0.0,133234000.0,0.0,38768000.0,38768000.0,38768000.0,-5294000.0,0.0,0.045,230568000.0,85929000.0,229876000.0,0.814,1.44,15.261,15.207,5841215000.0,0.0,41.06,0.991,0.991,350237000.0,800643000.0,857935000.0,857935000.0,0.0,,,,,0.0,50714000.0,1.0,90549038.0,90497000,91445000.0,9.48,7061984000.0,0.0,19714000.0,1197274000.0,78.036,-38327000.0
33,ATO,MRQ,2013-03-31,2013-03-31,2013-03-31,2021-08-04,-3934000.0,7953730000.0,,1002420000.0,6951310000.0,,28.095,-199090000.0,65547000.0,65547000.0,876245000.0,116425000.0,1.082,2.127,2688512000.0,232998000.0,2455514000.0,2688512000.0,0.0,58108000.0,0.0,0.033,0.35,215975000.0,274083000.0,0.209,274083000.0,215975000.0,182644000.0,1.28,1.27,1.28,2543470000.0,,2543470000.0,6526989459.0,14.0,9.072,147393000.0,1.628,1.0,432751000.0,0.331,740825000.0,33331000.0,8909104000.0,,197356000.0,0.0,0.0,0.0,5410260000.0,926766000.0,4483494000.0,3864192459.0,-59054000.0,0.0,0.0,-105412000.0,-32016000.0,-204020000.0,-201517000.0,0.0,346483000.0,0.0,116425000.0,116425000.0,116425000.0,-4085000.0,0.0,0.089,220861000.0,211890000.0,316411000.0,0.273,1.519,16.374,16.356,5710273000.0,0.0,42.69,1.114,1.114,485601000.0,793927000.0,1308996000.0,1308996000.0,0.0,,,,,0.0,54307000.0,1.0,90517509.0,90530000,91492000.0,14.459,7212905000.0,0.0,66219000.0,1168140000.0,79.674,75654000.0
34,ATO,MRQ,2012-12-31,2012-12-31,2012-12-31,2021-08-04,-36081000.0,7964218000.0,,1164634000.0,6799584000.0,,26.826,-190027000.0,124601000.0,124601000.0,671793000.0,80465000.0,0.708,2.286,2787398000.0,831022000.0,1956376000.0,2787398000.0,0.0,60500000.0,0.0,0.04,0.35,158737000.0,219237000.0,0.212,219237000.0,158737000.0,128215000.0,0.89,0.88,0.89,2424005000.0,,2424005000.0,5632371096.0,12.0,7.854,-160169000.0,-1.773,1.0,362362000.0,0.35,740836000.0,30522000.0,8241128000.0,,274126000.0,0.0,0.0,0.0,5540213000.0,1645051000.0,3895162000.0,3169245096.0,60362000.0,0.0,-3124000.0,256933000.0,-31992000.0,221804000.0,-191300000.0,0.0,29858000.0,0.0,80465000.0,80465000.0,80465000.0,-3117000.0,0.0,0.078,206742000.0,155620000.0,367312000.0,0.393,1.307,13.859,13.881,5595294000.0,0.0,35.12,0.936,0.937,500863000.0,709438000.0,1034155000.0,1034155000.0,0.0,,,,,0.0,41334000.0,1.0,90240464.0,90359000,91309000.0,11.445,7223382000.0,0.0,47750000.0,1066273000.0,79.941,-480417000.0
35,ATO,MRQ,2012-09-30,2012-09-30,2012-09-30,2021-08-04,-47607000.0,7495675000.0,,827962000.0,6667713000.0,,26.17,-235484000.0,64239000.0,64239000.0,300856000.0,7967000.0,0.649,2.177,2527365000.0,571060000.0,1956305000.0,2527365000.0,0.0,62209000.0,0.0,0.039,0.35,19985000.0,82194000.0,0.149,82194000.0,19985000.0,-13911000.0,0.1,0.08,0.1,2359243000.0,,2359243000.0,5619504436.0,12.0,8.003,-167373000.0,-1.857,1.0,249389000.0,0.453,740847000.0,33896000.0,7942000000.0,,256415000.0,0.0,0.0,0.0,5136432000.0,1275954000.0,3860478000.0,3227299436.0,36533000.0,128223000.0,1355000.0,106164000.0,-31458000.0,76061000.0,-107639000.0,0.0,68111000.0,0.0,7967000.0,7967000.0,7967000.0,-8253000.0,0.0,0.014,237657000.0,11732000.0,215229000.0,3.5,1.368,14.892,14.975,5475604000.0,0.0,35.79,0.939,0.939,234526000.0,660932000.0,550245000.0,550245000.0,0.0,,,,,19222000.0,36903000.0,1.0,90173217.0,90150000,91172000.0,6.104,6754828000.0,0.0,-21878000.0,1015083000.0,74.929,-447992000.0
36,ATO,MRQ,2012-06-30,2012-06-30,2012-06-30,2021-08-04,-67480000.0,7349835000.0,,775658000.0,6574177000.0,,26.132,-186251000.0,27706000.0,27706000.0,283243000.0,31132000.0,0.699,2.121,2419911000.0,463622000.0,1956289000.0,2419911000.0,0.0,61352000.0,0.0,0.039,0.35,82589000.0,143941000.0,0.25,143941000.0,82589000.0,47680000.0,0.34,0.34,0.34,2354925000.0,,2354925000.0,5490668618.0,12.0,7.688,-28168000.0,-0.313,1.0,293171000.0,0.509,740174000.0,34909000.0,7891637000.0,,239329000.0,0.0,0.0,0.0,4994910000.0,1110229000.0,3884681000.0,3157368618.0,-19334000.0,0.0,-1623000.0,42257000.0,-31431000.0,9203000.0,-186620000.0,0.0,158083000.0,0.0,31132000.0,31132000.0,31132000.0,-3118000.0,0.0,0.054,213700000.0,79471000.0,178198000.0,1.029,1.341,14.984,15.116,5441886000.0,0.0,35.07,0.874,0.875,216753000.0,684907000.0,576414000.0,576414000.0,0.0,,,,,0.0,46624000.0,1.0,90030471.0,90118000,90993000.0,6.396,6609661000.0,0.0,16548000.0,1085654000.0,73.345,-334571000.0
37,ATO,MRQ,2012-03-31,2012-03-31,2012-03-31,2021-08-04,-53094000.0,7368727000.0,,893841000.0,6474886000.0,,26.224,-156729000.0,47040000.0,47040000.0,799722000.0,109111000.0,0.807,2.121,2380340000.0,424127000.0,1956213000.0,2380340000.0,0.0,61799000.0,0.0,0.044,0.345,209965000.0,271764000.0,0.222,271764000.0,209965000.0,173322000.0,1.2,1.2,1.2,2360712000.0,,2360712000.0,5343054688.0,13.0,8.069,219285000.0,2.436,1.0,425787000.0,0.347,740185000.0,36643000.0,7853728000.0,,221112000.0,0.0,0.0,0.0,5008015000.0,1108114000.0,3899901000.0,2831905688.0,-38120000.0,0.0,-301000.0,-222916000.0,-31390000.0,-254607000.0,-159527000.0,0.0,376014000.0,0.0,109111000.0,109111000.0,109111000.0,-7027000.0,0.0,0.089,222849000.0,202938000.0,309864000.0,0.287,1.2,15.82,15.97,5334012000.0,0.0,31.46,0.73,0.73,350261000.0,685206000.0,1225509000.0,1225509000.0,0.0,,,,,0.0,54635000.0,1.0,90016074.0,90020000,90322000.0,13.614,6628542000.0,0.0,64211000.0,1062488000.0,73.634,-214273000.0
38,ATO,MRQ,2011-12-31,2011-12-31,2011-12-31,2021-08-04,-65221000.0,7635632000.0,,1261241000.0,6374391000.0,,25.126,-154394000.0,85160000.0,85160000.0,728602000.0,68507000.0,1.069,2.367,2596309000.0,390116000.0,2206193000.0,2596309000.0,0.0,60733000.0,0.0,0.041,0.345,143578000.0,204311000.0,0.188,204311000.0,143578000.0,107852000.0,0.75,0.75,0.75,2267762000.0,,2267762000.0,5297169434.0,12.0,7.688,-169685000.0,-1.88,1.0,355392000.0,0.328,740196000.0,35726000.0,8226784000.0,,325669000.0,0.0,0.0,0.0,5367870000.0,1179801000.0,4188069000.0,3013641434.0,-46259000.0,0.0,-15579000.0,171602000.0,-31517000.0,124506000.0,-155474000.0,0.0,-15291000.0,0.0,68507000.0,68507000.0,68507000.0,-6123000.0,0.0,0.063,217937000.0,137455000.0,432332000.0,0.46,1.329,14.911,15.023,5246213000.0,0.0,33.35,0.711,0.71,489797000.0,607485000.0,1083994000.0,1083994000.0,0.0,,,,,0.0,42911000.0,1.0,90364061.0,90254000,90546000.0,12.01,6895436000.0,0.0,39345000.0,981559000.0,76.4,81440000.0
39,ATO,MRQ,2011-09-30,2011-09-30,2011-09-30,2021-08-04,-48460000.0,7282871000.0,,1010953000.0,6271918000.0,,25.004,-232682000.0,131419000.0,131419000.0,512438000.0,1961000.0,1.165,2.229,2414947000.0,208830000.0,2206117000.0,2414947000.0,0.0,61429000.0,0.0,0.042,0.34,32717000.0,94146000.0,0.129,94146000.0,32717000.0,-5431000.0,0.03,0.02,0.03,2255421000.0,,2255421000.0,5020869180.0,11.0,7.19,-169400000.0,-1.878,1.0,215623000.0,0.296,740207000.0,38148000.0,7958594000.0,,289760000.0,0.0,0.0,0.0,5027450000.0,867598000.0,4159852000.0,2929758180.0,13990000.0,0.0,249000.0,215161000.0,-30972000.0,184438000.0,-233730000.0,0.0,63282000.0,0.0,1961000.0,1961000.0,1961000.0,-10159000.0,0.0,0.003,193065000.0,22558000.0,291205000.0,11.333,1.299,14.112,14.232,5147918000.0,0.0,32.45,0.683,0.683,273303000.0,570495000.0,728061000.0,728061000.0,0.0,,,,,11586000.0,31899000.0,1.0,90285306.0,90201000,90652000.0,8.072,6542664000.0,0.0,-7392000.0,960093000.0,72.534,143355000.0
40,ATO,MRQ,2011-06-30,2011-06-30,2011-06-30,2021-08-04,5746000.0,6993470000.0,,989748000.0,6003722000.0,,25.917,-143620000.0,117429000.0,117429000.0,576810000.0,-566000.0,1.527,1.994,2208540000.0,2434000.0,2206106000.0,2208540000.0,0.0,58429000.0,0.0,0.041,0.34,33556000.0,91985000.0,0.109,91985000.0,33556000.0,-2289000.0,-0.01,-0.01,-0.01,2335824000.0,,2335824000.0,5009980142.0,11.0,7.232,-62529000.0,-0.694,1.0,266805000.0,0.316,739677000.0,35845000.0,7696622000.0,,256768000.0,0.0,0.0,0.0,4657646000.0,648282000.0,4009364000.0,3003469142.0,-35817000.0,0.0,-1987000.0,41430000.0,-30972000.0,28550000.0,-145458000.0,0.0,81091000.0,0.0,-566000.0,-566000.0,-566000.0,-908000.0,0.0,-0.001,234157000.0,32648000.0,312205000.0,-34.0,1.286,14.497,14.583,4916051000.0,0.0,33.25,0.711,0.709,342092000.0,599506000.0,843615000.0,843615000.0,0.0,,,,,0.0,52142000.0,1.0,90329899.0,90127000,90127000.0,9.36,6253793000.0,0.0,-1723000.0,967607000.0,69.389,341466000.0
41,ATO,MRQ,2011-03-31,2011-03-31,2011-03-31,2021-08-04,14009000.0,6995824000.0,,984088000.0,6011736000.0,,26.306,-123501000.0,153246000.0,153246000.0,1127829000.0,132209000.0,0.913,1.947,2159757000.0,352434000.0,1807323000.0,2159757000.0,0.0,57136000.0,0.0,0.04,0.34,241450000.0,298586000.0,0.189,298586000.0,241450000.0,203575000.0,1.45,1.45,1.45,2373979000.0,,2373979000.0,5368981865.0,12.0,7.82,269146000.0,2.982,1.0,453668000.0,0.287,739834000.0,37875000.0,7184517000.0,,228051000.0,0.0,0.0,0.0,4621845000.0,1077984000.0,3543861000.0,3091127865.0,23354000.0,0.0,213000.0,-241578000.0,-31065000.0,-244627000.0,-124666000.0,0.0,392647000.0,0.0,132209000.0,132209000.0,132209000.0,-4049000.0,0.0,0.084,216267000.0,237401000.0,423726000.0,0.234,1.302,15.109,15.088,4914650000.0,0.0,34.1,0.746,0.743,458813000.0,631044000.0,1581497000.0,1581497000.0,0.0,,,,,0.0,53558000.0,1.0,90648911.0,90246000,90533000.0,17.524,6255990000.0,0.0,71366000.0,944605000.0,69.322,-93896000.0
42,ATO,MRQ,2010-12-31,2010-12-31,2010-12-31,2021-08-04,19601000.0,7221623000.0,,1263255000.0,5958368000.0,,25.253,-123162000.0,129892000.0,129892000.0,768538000.0,73997000.0,0.865,2.175,2407746000.0,600427000.0,1807319000.0,2407746000.0,0.0,56161000.0,0.0,0.043,0.34,157460000.0,213621000.0,0.189,213621000.0,157460000.0,118565000.0,0.81,0.81,0.81,2274853000.0,,2274853000.0,4984984357.0,11.0,7.489,-77338000.0,-0.859,1.0,364724000.0,0.322,739991000.0,38895000.0,7299060000.0,,339105000.0,0.0,0.0,0.0,4946770000.0,1460426000.0,3486344000.0,2821154357.0,-2060000.0,0.0,4022000.0,102628000.0,-31002000.0,75648000.0,-123532000.0,0.0,45824000.0,0.0,73997000.0,73997000.0,73997000.0,-2897000.0,0.0,0.065,210161000.0,154563000.0,510085000.0,0.42,1.24,15.126,15.369,4859344000.0,0.0,31.2,0.627,0.624,564934000.0,529900000.0,1133262000.0,1133262000.0,0.0,,,,,0.0,40168000.0,1.0,90421614.0,90082000,90408000.0,12.58,6481632000.0,0.0,44568000.0,892090000.0,71.953,-197171000.0
43,ATO,MRQ,2010-09-30,2010-09-30,2010-09-30,2021-08-04,-23372000.0,6763791000.0,,875192000.0,5888599000.0,,23.716,-180287000.0,131952000.0,131952000.0,465337000.0,1537000.0,0.751,2.105,2295782000.0,486231000.0,1809551000.0,2295782000.0,0.0,56753000.0,0.0,0.046,0.34,31778000.0,88531000.0,0.133,88531000.0,31778000.0,-6853000.0,0.03,0.01,0.03,2178348000.0,,2178348000.0,4626321929.0,10.0,6.645,-48375000.0,-0.527,1.0,201300000.0,0.302,740148000.0,38631000.0,7021394000.0,,319038000.0,0.0,0.0,0.0,4585443000.0,1166079000.0,3419364000.0,2637027929.0,-48431000.0,0.0,-100276000.0,130222000.0,-30374000.0,-428000.0,-179915000.0,0.0,131912000.0,0.0,1537000.0,1537000.0,1537000.0,-14913000.0,0.0,0.002,184435000.0,16865000.0,266208000.0,11.333,1.211,12.811,13.176,4793075000.0,0.0,29.25,0.566,0.576,273207000.0,486905000.0,666637000.0,666637000.0,0.0,,,,,12655000.0,33070000.0,1.0,90154801.0,91852000,92422000.0,7.258,6023643000.0,0.0,-8390000.0,829128000.0,65.58,-290887000.0
44,ATO,MRQ,2010-06-30,2010-06-30,2010-06-30,2021-08-04,-14566000.0,6585650000.0,,873973000.0,5711677000.0,,24.973,-129720000.0,180383000.0,180383000.0,513639000.0,-3154000.0,0.867,1.846,2169677000.0,360131000.0,1809546000.0,2169677000.0,0.0,53288000.0,0.0,0.049,0.335,32536000.0,85824000.0,0.113,85824000.0,32536000.0,-4731000.0,-0.03,-0.03,-0.03,2313730000.0,,2313730000.0,4457152855.0,10.0,6.63,-18614000.0,-0.201,1.0,247666000.0,0.325,739593000.0,37267000.0,6827592000.0,,263752000.0,0.0,0.0,0.0,4271920000.0,1007759000.0,3264161000.0,2518699855.0,-50770000.0,0.0,-1189000.0,-112000.0,-31363000.0,-32664000.0,-129212000.0,0.0,111106000.0,0.0,-3154000.0,-3154000.0,-3154000.0,-1075000.0,0.0,-0.004,216205000.0,31461000.0,254150000.0,-11.167,1.089,13.372,13.453,4669043000.0,0.0,27.04,0.554,0.551,299835000.0,515742000.0,761305000.0,761305000.0,0.0,,,,,0.0,51908000.0,1.0,93147184.0,92648000,92648000.0,8.217,5846057000.0,0.0,-1577000.0,755722000.0,63.1,-133786000.0
45,ATO,MRQ,2010-03-31,2010-03-31,2010-03-31,2021-08-04,-21213000.0,6753190000.0,,1107359000.0,5645831000.0,,25.28,-117190000.0,231153000.0,231153000.0,1485945000.0,114126000.0,1.148,1.887,2169606000.0,10131000.0,2159475000.0,2169606000.0,0.0,53080000.0,0.0,0.047,0.335,224589000.0,277669000.0,0.143,277669000.0,224589000.0,185007000.0,1.22,1.22,1.22,2338843000.0,,2338843000.0,4833042180.0,10.0,7.05,271112000.0,2.93,1.0,454321000.0,0.234,739750000.0,39582000.0,6987380000.0,,208589000.0,0.0,0.0,0.0,4414347000.0,964513000.0,3449834000.0,2658558180.0,56324000.0,0.0,2909000.0,-187308000.0,-31316000.0,-215715000.0,-116263000.0,0.0,388302000.0,0.0,114126000.0,114126000.0,114126000.0,0.0,0.0,0.059,229732000.0,224589000.0,521913000.0,0.275,1.137,13.742,13.869,4590475000.0,0.0,28.57,0.582,0.579,546356000.0,550259000.0,1940266000.0,1940266000.0,0.0,,,,,0.0,59613000.0,1.0,93054189.0,92518000,92853000.0,20.972,6013440000.0,0.0,70881000.0,594269000.0,64.998,142846000.0
46,ATO,MRQ,2009-12-31,2009-12-31,2009-12-31,2021-08-04,-12444000.0,6875424000.0,,1286578000.0,5588846000.0,,24.504,-115439000.0,174829000.0,174829000.0,882003000.0,93330000.0,1.088,2.045,2349313000.0,189843000.0,2159470000.0,2349313000.0,0.0,53839000.0,0.0,0.045,0.335,190327000.0,244166000.0,0.189,244166000.0,190327000.0,151619000.0,1.0,1.0,1.0,2258076000.0,,2258076000.0,4853314942.0,10.0,7.071,-20283000.0,-0.22,1.0,410849000.0,0.318,739907000.0,38708000.0,7127599000.0,,399582000.0,0.0,0.0,0.0,4617348000.0,1182402000.0,3434946000.0,2722436942.0,63626000.0,0.0,5681000.0,111335000.0,-31234000.0,85782000.0,-117312000.0,0.0,95156000.0,0.0,93330000.0,93330000.0,93330000.0,0.0,0.0,0.072,220522000.0,190327000.0,578805000.0,0.335,1.206,13.067,13.067,4523188000.0,0.0,29.4,0.612,0.609,597012000.0,467449000.0,1292852000.0,1292852000.0,0.0,,,,,0.0,42552000.0,1.0,92599896.0,92152000,92509000.0,14.03,6135517000.0,0.0,58289000.0,588423000.0,66.58,104176000.0
47,ATO,MRQ,2009-09-30,2009-09-30,2009-09-30,2021-08-04,-20184000.0,6367083000.0,,828940000.0,5538143000.0,,23.89,-167168000.0,111203000.0,111203000.0,345823000.0,-15952000.0,1.124,1.925,2242081000.0,72681000.0,2169400000.0,2242081000.0,0.0,56451000.0,0.0,0.047,0.33,8201000.0,64652000.0,0.117,64652000.0,8201000.0,-28402000.0,-0.18,-0.18,-0.18,2176761000.0,,2176761000.0,4644029430.0,11.0,7.056,-72529000.0,-0.796,1.0,204775000.0,0.372,740064000.0,36603000.0,7020476000.0,,352728000.0,0.0,0.0,0.0,4190322000.0,737421000.0,3452901000.0,2600238430.0,-14532000.0,0.0,7759000.0,82402000.0,-30551000.0,59610000.0,-168781000.0,0.0,94639000.0,0.0,-15952000.0,-15952000.0,-15952000.0,-7679000.0,0.0,-0.029,204253000.0,522000.0,207421000.0,-1.833,1.195,13.615,13.548,4439103000.0,0.0,28.18,0.534,0.527,232806000.0,405353000.0,550598000.0,550598000.0,0.0,,,,,14494000.0,30214000.0,1.0,92272478.0,91117000,91620000.0,6.043,5627019000.0,0.0,-12450000.0,570940000.0,61.756,91519000.0
48,ATO,MRQ,2009-06-30,2009-06-30,2009-06-30,2021-08-04,-39981000.0,6096030000.0,,796012000.0,5300018000.0,,23.994,-120996000.0,125735000.0,125735000.0,521135000.0,1964000.0,1.235,1.782,2169526000.0,131000.0,2169395000.0,2169526000.0,0.0,54181000.0,0.0,0.053,0.33,44902000.0,99083000.0,0.127,99083000.0,44902000.0,3391000.0,0.02,0.02,0.02,2191520000.0,,2191520000.0,4391184357.0,9.0,6.424,88976000.0,0.974,1.0,259640000.0,0.333,738615000.0,41511000.0,6756907000.0,,317275000.0,0.0,0.0,0.0,3904510000.0,644299000.0,3260211000.0,2303903357.0,-356350000.0,0.0,7514000.0,-420208000.0,-30463000.0,-443157000.0,-123165000.0,0.0,209972000.0,0.0,1964000.0,1964000.0,1964000.0,0.0,0.0,0.003,214738000.0,44902000.0,221968000.0,16.5,1.051,11.049,11.129,4339364000.0,0.0,25.04,0.4,0.397,241582000.0,451856000.0,780775000.0,780775000.0,0.0,,,,,0.0,47577000.0,1.0,92008920.0,91338000,91652000.0,8.548,5357415000.0,0.0,1427000.0,510901000.0,58.655,151713000.0
49,ATO,MRQ,2009-03-31,2009-03-31,2009-03-31,2021-08-04,-70628000.0,6685761000.0,,1478555000.0,5207206000.0,,23.991,-113963000.0,482085000.0,482085000.0,1361355000.0,129003000.0,1.15,2.069,2569366000.0,400225000.0,2169141000.0,2569366000.0,0.0,53450000.0,0.0,0.057,0.33,224982000.0,278432000.0,0.153,278432000.0,224982000.0,189449000.0,1.41,1.4,1.41,2178494000.0,,2178494000.0,4530052998.0,10.0,6.893,349944000.0,3.854,1.0,460051000.0,0.253,738772000.0,35533000.0,6748203000.0,,327288000.0,0.0,0.0,0.0,4507267000.0,1286067000.0,3221200000.0,2118591998.0,412286000.0,0.0,6339000.0,87061000.0,-30281000.0,65057000.0,-116678000.0,0.0,463907000.0,0.0,129003000.0,129003000.0,129003000.0,0.0,0.0,0.071,235069000.0,224982000.0,472078000.0,0.234,0.973,10.595,10.704,4263192000.0,0.0,23.12,0.32,0.317,531749000.0,480355000.0,1821406000.0,1821406000.0,0.0,,,,,0.0,58314000.0,1.0,91634602.0,90803000,91101000.0,20.059,5946989000.0,0.0,60446000.0,466868000.0,65.493,192488000.0
50,ATO,MRQ,2008-12-31,2008-12-31,2008-12-31,2021-08-04,-61849000.0,6818899000.0,,1683108000.0,5135791000.0,,22.97,-107367000.0,69799000.0,69799000.0,1321120000.0,75963000.0,0.834,2.281,2481260000.0,761340000.0,1719920000.0,2481260000.0,0.0,53126000.0,0.0,0.055,0.33,162893000.0,216019000.0,0.126,216019000.0,162893000.0,123902000.0,0.83,0.83,0.83,2078076000.0,,2078076000.0,4584271685.0,11.0,7.161,43348000.0,0.479,1.0,395212000.0,0.23,738929000.0,38991000.0,6473515000.0,,582743000.0,0.0,0.0,0.0,4740823000.0,2017916000.0,2722907000.0,2159869685.0,23082000.0,0.0,6075000.0,5034000.0,-30165000.0,-19056000.0,-108577000.0,0.0,150715000.0,0.0,75963000.0,75963000.0,75963000.0,0.0,0.0,0.044,232319000.0,162893000.0,815095000.0,0.398,1.039,11.835,11.85,4194748000.0,0.0,23.7,0.297,0.295,833125000.0,381633000.0,1716332000.0,1716332000.0,0.0,,,,,0.0,44137000.0,1.0,91133742.0,90471000,90769000.0,18.971,6079970000.0,0.0,47939000.0,431324000.0,67.204,-334808000.0
51,ATO,MRQ,2008-09-30,2008-09-30,2008-09-30,2021-08-04,-35947000.0,6386699000.0,,1285104000.0,5101595000.0,,22.962,-159395000.0,46717000.0,46717000.0,1169593000.0,1582000.0,1.065,2.112,2471119000.0,351327000.0,2119792000.0,2471119000.0,0.0,52783000.0,0.0,0.049,0.33,37291000.0,90074000.0,0.063,90074000.0,37291000.0,3172000.0,-0.01,0.0,-0.01,2052492000.0,,2052492000.0,4537896636.0,11.0,7.191,-205843000.0,-2.303,1.0,271072000.0,0.188,739086000.0,34119000.0,6864928000.0,,576617000.0,0.0,0.0,0.0,4334207000.0,1207087000.0,3127120000.0,2412504636.0,216000.0,0.0,6403000.0,235556000.0,-29467000.0,212492000.0,-165828000.0,0.0,-46448000.0,0.0,1582000.0,1582000.0,1582000.0,0.0,0.0,0.001,233781000.0,37291000.0,395388000.0,-33.0,1.175,13.378,13.31,4136859000.0,0.0,26.62,0.334,0.33,477151000.0,343601000.0,1440665000.0,1440665000.0,0.0,,,,,14032000.0,39585000.0,1.0,90627522.0,89385000,89941000.0,16.118,5647613000.0,0.0,1590000.0,441302000.0,63.183,78017000.0
52,ATO,MRQ,2008-06-30,2008-06-30,2008-06-30,2021-08-04,693000.0,6384790000.0,,1396958000.0,4987832000.0,,23.485,-114156000.0,108653000.0,108653000.0,1392923000.0,-6588000.0,1.195,2.033,2234045000.0,114316000.0,2119729000.0,2234045000.0,0.0,50356000.0,0.0,0.047,0.33,22309000.0,72665000.0,0.044,72665000.0,22309000.0,-11161000.0,-0.07,-0.07,-0.07,2105407000.0,,2105407000.0,4445420186.0,11.0,7.371,-175967000.0,-1.963,1.0,246222000.0,0.15,737221000.0,33470000.0,6604204000.0,,571532000.0,0.0,0.0,0.0,4279383000.0,1168757000.0,3110626000.0,2486498186.0,-93135000.0,0.0,6224000.0,107169000.0,-29390000.0,84003000.0,-115327000.0,0.0,-61811000.0,0.0,-6588000.0,-6588000.0,-6588000.0,0.0,0.0,-0.004,223913000.0,22309000.0,582353000.0,-4.714,1.181,14.387,14.435,4012888000.0,0.0,27.57,0.367,0.364,601164000.0,371486000.0,1639145000.0,1639145000.0,0.0,,,,,0.0,57335000.0,1.0,90188545.0,89648000,89648000.0,18.284,5647569000.0,0.0,-4573000.0,450669000.0,62.997,228201000.0
53,ATO,MRQ,2008-03-31,2008-03-31,2008-03-31,2021-08-04,-3978000.0,6420994000.0,,1492714000.0,4928280000.0,,23.804,-104567000.0,169227000.0,169227000.0,2049591000.0,111534000.0,1.217,2.02,2128149000.0,8453000.0,2119696000.0,2128149000.0,0.0,48790000.0,0.0,0.051,0.325,212610000.0,261400000.0,0.105,261400000.0,212610000.0,179094000.0,1.25,1.24,1.25,2125993000.0,,2125993000.0,4572823100.0,12.0,7.733,313188000.0,3.507,1.0,434394000.0,0.175,737380000.0,33516000.0,6416368000.0,,421980000.0,0.0,0.0,0.0,4295001000.0,1226168000.0,3068833000.0,2293920100.0,87762000.0,0.0,6869000.0,-201784000.0,-29253000.0,-224168000.0,-105825000.0,0.0,417755000.0,0.0,111534000.0,111534000.0,111534000.0,0.0,0.0,0.045,221784000.0,212610000.0,809140000.0,0.26,1.079,13.814,13.934,3948866000.0,0.0,25.5,0.361,0.358,805940000.0,407464000.0,2483985000.0,2483985000.0,0.0,,,,,0.0,54408000.0,1.0,89957651.0,89314000,89990000.0,27.812,5683614000.0,0.0,67560000.0,420232000.0,63.636,266546000.0
54,ATO,MRQ,2007-12-31,2007-12-31,2007-12-31,2021-08-04,-6193000.0,6399763000.0,,1520021000.0,4879742000.0,,22.835,-94155000.0,51874000.0,51874000.0,1287872000.0,73803000.0,1.138,2.149,2330777000.0,205862000.0,2124915000.0,2330777000.0,0.0,48513000.0,0.0,0.046,0.325,158416000.0,206929000.0,0.125,206929000.0,158416000.0,121599000.0,0.83,0.82,0.83,2032483000.0,,2032483000.0,4736603130.0,12.0,8.003,-32718000.0,-0.368,1.0,369638000.0,0.223,737536000.0,36817000.0,6605524000.0,,564426000.0,0.0,0.0,0.0,4367280000.0,1335606000.0,3031674000.0,2516583130.0,-8851000.0,0.0,5970000.0,48949000.0,-29178000.0,25741000.0,-96029000.0,0.0,61437000.0,0.0,73803000.0,73803000.0,73803000.0,0.0,0.0,0.045,211222000.0,158416000.0,739807000.0,0.392,1.238,15.628,15.665,3888126000.0,0.0,28.04,0.423,0.419,776866000.0,325183000.0,1657510000.0,1657510000.0,0.0,,,,,0.0,41427000.0,1.0,89749755.0,89006000,89608000.0,18.622,5662227000.0,0.0,47796000.0,378425000.0,63.616,184415000.0
55,ATO,MRQ,2007-09-30,2007-09-30,2007-09-30,2021-08-04,-16198000.0,5895197000.0,,1067175000.0,4828022000.0,,22.601,-129412000.0,60725000.0,60725000.0,784276000.0,-5914000.0,1.163,1.999,2280745000.0,154430000.0,2126315000.0,2280745000.0,0.0,49828000.0,0.0,0.045,0.32,12234000.0,62062000.0,0.062,62062000.0,12234000.0,-23729000.0,-0.1,-0.1,-0.1,1965754000.0,,1965754000.0,4591573004.0,11.0,7.568,-134987000.0,-1.552,1.0,217788000.0,0.217,737692000.0,35963000.0,6459567000.0,,515128000.0,0.0,0.0,0.0,3929443000.0,917958000.0,3011485000.0,2525014004.0,-289658000.0,0.0,6014000.0,-131570000.0,-28546000.0,-154102000.0,-129981000.0,0.0,-5575000.0,0.0,-5914000.0,-5914000.0,-5914000.0,0.0,0.0,-0.006,205554000.0,12234000.0,355255000.0,-3.2,1.285,14.986,14.598,3836836000.0,0.0,28.32,0.428,0.418,380133000.0,281127000.0,1002064000.0,1002064000.0,0.0,,,,,11934000.0,33172000.0,1.0,89160099.0,86975000,87745000.0,11.521,5157505000.0,0.0,-17815000.0,370569000.0,59.299,149217000.0
56,ATO,MRQ,2007-06-30,2007-06-30,2007-06-30,2021-08-04,-16373000.0,6055809000.0,,1334493000.0,4721316000.0,,22.499,-90231000.0,363959000.0,363959000.0,990136000.0,-13360000.0,1.22,2.046,2430518000.0,303992000.0,2126526000.0,2430518000.0,0.0,48974000.0,0.0,0.042,0.32,11997000.0,60971000.0,0.05,60971000.0,11997000.0,-22482000.0,-0.15,-0.15,-0.15,1988142000.0,,1988142000.0,4634035424.0,10.0,7.215,-49488000.0,-0.56,1.0,228016000.0,0.187,738065000.0,34479000.0,6290585000.0,,463896000.0,0.0,0.0,0.0,4067667000.0,1093718000.0,2973949000.0,2669515424.0,174103000.0,0.0,6455000.0,246982000.0,-28478000.0,229709000.0,-96349000.0,0.0,40743000.0,0.0,-13360000.0,-13360000.0,-13360000.0,0.0,0.0,-0.011,216019000.0,11997000.0,428806000.0,-2.133,1.343,14.792,14.246,3757476000.0,0.0,30.06,0.455,0.453,429119000.0,315587000.0,1218152000.0,1218152000.0,0.0,,,,,0.0,52881000.0,1.0,88806235.0,88366000,88366000.0,13.785,5317744000.0,0.0,-9122000.0,367025000.0,60.179,240775000.0
57,ATO,MRQ,2007-03-31,2007-03-31,2007-03-31,2021-08-04,-15144000.0,6109098000.0,,1429417000.0,4679681000.0,,22.956,-85806000.0,217043000.0,217043000.0,1646896000.0,106505000.0,1.028,2.021,2181563000.0,303232000.0,1878331000.0,2181563000.0,0.0,51066000.0,0.0,0.041,0.32,210850000.0,261916000.0,0.126,261916000.0,210850000.0,175588000.0,1.21,1.2,1.21,2021953000.0,,2021953000.0,5012696248.0,11.0,7.908,261152000.0,2.965,1.0,428686000.0,0.207,738217000.0,35262000.0,5945571000.0,,364478000.0,0.0,0.0,0.0,4087145000.0,1389830000.0,2697315000.0,2770689248.0,81874000.0,0.0,6486000.0,-154960000.0,-28379000.0,-176853000.0,-88231000.0,0.0,346958000.0,0.0,106505000.0,106505000.0,106505000.0,0.0,0.0,0.051,217836000.0,210850000.0,665212000.0,0.264,1.37,15.771,15.333,3711830000.0,0.0,31.28,0.503,0.5,721058000.0,357425000.0,2075582000.0,2075582000.0,0.0,,,,,0.0,56746000.0,1.0,88577022.0,88078000,88735000.0,23.565,5370881000.0,0.0,69083000.0,342328000.0,60.979,39587000.0
58,ATO,MRQ,2006-12-31,2006-12-31,2006-12-31,2021-08-04,-29771000.0,6216395000.0,,1575638000.0,4640757000.0,,23.215,-86986000.0,94406000.0,94406000.0,1227041000.0,81261000.0,0.968,2.237,2336413000.0,457680000.0,1878733000.0,2336413000.0,0.0,48995000.0,0.0,0.04,0.32,172739000.0,221734000.0,0.138,221734000.0,172739000.0,133207000.0,0.98,0.97,0.98,1920457000.0,,1920457000.0,5065498405.0,12.0,8.479,77983000.0,0.943,1.0,375592000.0,0.234,738369000.0,39532000.0,6092515000.0,,520034000.0,0.0,0.0,0.0,4295938000.0,1627518000.0,2668420000.0,2610996405.0,18591000.0,0.0,197855000.0,-229662000.0,-26261000.0,-58068000.0,-88310000.0,0.0,164969000.0,0.0,81261000.0,81261000.0,81261000.0,0.0,0.0,0.051,202853000.0,172739000.0,762487000.0,0.327,1.36,16.528,16.534,3667915000.0,0.0,31.91,0.477,0.482,766632000.0,279299000.0,1602633000.0,1602633000.0,0.0,,,,,0.0,40067000.0,1.0,81823767.0,82726000,83350000.0,19.373,5478026000.0,0.0,51946000.0,324296000.0,66.219,-51880000.0
59,ATO,MRQ,2006-09-30,2006-09-30,2006-09-30,2021-08-04,-43850000.0,5719547000.0,,1117545000.0,4602002000.0,,20.415,-102633000.0,111462000.0,111462000.0,711377000.0,6059000.0,0.999,2.47,2565964000.0,385602000.0,2180362000.0,2565964000.0,0.0,48422000.0,0.0,0.045,0.315,49192000.0,97614000.0,0.1,97614000.0,49192000.0,10210000.0,0.07,0.06,0.07,1648098000.0,,1648098000.0,4725702892.0,12.0,8.304,-14627000.0,-0.181,1.0,260077000.0,0.268,738521000.0,38982000.0,6316367000.0,,461502000.0,0.0,0.0,0.0,4071449000.0,1119161000.0,2952288000.0,2329557892.0,48966000.0,0.0,5582000.0,84683000.0,-25716000.0,64549000.0,-103589000.0,0.0,88006000.0,0.0,6059000.0,6059000.0,6059000.0,0.0,0.0,0.006,210885000.0,49192000.0,345108000.0,4.5,1.413,15.768,15.601,3629156000.0,0.0,28.55,0.379,0.375,374629000.0,224299000.0,971454000.0,971454000.0,0.0,,,,,10234000.0,33302000.0,1.0,81595723.0,80731000,81390000.0,12.033,4981026000.0,0.0,4151000.0,306172000.0,61.699,-1616000.0
60,ATO,MRQ,2006-06-30,2006-06-30,2006-06-30,2021-08-04,-35840000.0,5616477000.0,,1050171000.0,4566306000.0,,20.591,-109461000.0,85025000.0,85025000.0,658743000.0,-18145000.0,1.035,2.374,2481170000.0,300418000.0,2180752000.0,2481170000.0,0.0,46838000.0,0.0,0.046,0.32,5766000.0,52604000.0,0.061,52604000.0,5766000.0,-30178000.0,-0.22,-0.22,-0.22,1664556000.0,,1664556000.0,4649247933.0,14.0,8.869,-34409000.0,-0.426,1.0,204500000.0,0.237,737349000.0,35944000.0,6260475000.0,,437069000.0,0.0,0.0,0.0,3951921000.0,1014798000.0,2937123000.0,2264940933.0,-22050000.0,0.0,5638000.0,34316000.0,-25626000.0,14328000.0,-111430000.0,0.0,75052000.0,0.0,-18145000.0,-18145000.0,-18145000.0,0.0,0.0,-0.021,198734000.0,5766000.0,306805000.0,-1.455,1.361,18.138,18.362,3579083000.0,0.0,27.91,0.366,0.365,409087000.0,243956000.0,863243000.0,863243000.0,0.0,,,,,0.0,48479000.0,1.0,81151592.0,80840000,80840000.0,10.678,4879128000.0,0.0,-12033000.0,283757000.0,60.355,35373000.0
61,ATO,MRQ,2006-03-31,2006-03-31,2006-03-31,2021-08-04,-29575000.0,5997051000.0,,1491813000.0,4505238000.0,,21.177,-110765000.0,62436000.0,62436000.0,1628443000.0,88796000.0,1.102,2.515,2446743000.0,265623000.0,2181120000.0,2446743000.0,0.0,47076000.0,0.0,0.048,0.32,178394000.0,225470000.0,0.111,225470000.0,178394000.0,142902000.0,1.1,1.1,1.1,1706291000.0,,1706291000.0,4666013114.0,12.0,8.392,232995000.0,2.892,1.0,405403000.0,0.199,737495000.0,35492000.0,6290080000.0,,440946000.0,0.0,0.0,0.0,4290760000.0,1353783000.0,2936977000.0,2130698114.0,-552000.0,0.0,5889000.0,-212211000.0,-25504000.0,-231826000.0,-112486000.0,0.0,343760000.0,0.0,88796000.0,88796000.0,88796000.0,0.0,0.0,0.044,227009000.0,178394000.0,708134000.0,0.291,1.249,14.445,14.628,3511042000.0,0.0,26.33,0.342,0.341,793019000.0,287727000.0,2033846000.0,2033846000.0,0.0,,,,,0.0,64796000.0,1.0,80922830.0,80573000,81040000.0,25.242,5259556000.0,0.0,54106000.0,287841000.0,65.277,138030000.0
62,ATO,MRQ,2005-12-31,2005-12-31,2005-12-31,2021-08-04,-26139000.0,6619002000.0,,2176281000.0,4442721000.0,,20.404,-102465000.0,123527000.0,123527000.0,1937230000.0,71027000.0,1.062,3.042,2658842000.0,477345000.0,2181497000.0,2658842000.0,0.0,43260000.0,0.0,0.048,0.32,150145000.0,193405000.0,0.085,193405000.0,150145000.0,113956000.0,0.88,0.88,0.88,1637617000.0,,1637617000.0,4318954605.0,12.0,7.867,-297834000.0,-3.711,1.0,346590000.0,0.152,737641000.0,36189000.0,6366981000.0,,583572000.0,0.0,0.0,0.0,4981385000.0,2049695000.0,2931690000.0,2108849605.0,9335000.0,0.0,6164000.0,327555000.0,-25429000.0,308290000.0,-103586000.0,0.0,-195369000.0,0.0,71027000.0,71027000.0,71027000.0,0.0,0.0,0.031,196445000.0,150145000.0,1170402000.0,0.364,1.288,14.325,14.374,3439934000.0,0.0,26.16,0.359,0.357,1229190000.0,224435000.0,2283820000.0,2283820000.0,0.0,,,,,0.0,45416000.0,1.0,80613517.0,80259000,80722000.0,28.456,5881361000.0,0.0,42929000.0,284196000.0,73.28,126586000.0
63,ATO,MRQ,2005-09-30,2005-09-30,2005-09-30,2021-08-04,-3341000.0,5653527000.0,,1264430000.0,4389097000.0,,20.411,-106332000.0,121072000.0,121072000.0,802921000.0,-16802000.0,1.136,2.528,2331177000.0,148073000.0,2183104000.0,2331177000.0,0.0,45234000.0,0.0,0.044,0.31,7486000.0,52720000.0,0.053,52720000.0,7486000.0,-25868000.0,-0.24,-0.24,-0.24,1602422000.0,,1602422000.0,4410598004.0,13.0,8.343,-106798000.0,-1.36,1.0,198366000.0,0.198,737787000.0,33354000.0,6013090000.0,,450807000.0,0.0,0.0,0.0,4051105000.0,1112755000.0,2938350000.0,2270014004.0,16479000.0,-42000.0,4547000.0,144185000.0,-24930000.0,123802000.0,-106857000.0,0.0,-466000.0,0.0,-16802000.0,-16802000.0,-16802000.0,0.0,0.0,-0.017,190880000.0,7486000.0,461314000.0,-1.292,1.417,16.718,16.329,3374367000.0,0.0,28.25,0.457,0.447,454313000.0,178837000.0,1001287000.0,1001287000.0,0.0,,,,,3901000.0,34159000.0,1.0,80354478.0,78508000,79012000.0,12.754,4915740000.0,0.0,-9066000.0,292207000.0,62.615,151675000.0
64,ATO,MRQ,2005-06-30,2005-06-30,2005-06-30,2021-08-04,-21287000.0,5057944000.0,,756454000.0,4301490000.0,,20.28,-89385000.0,46297000.0,46297000.0,685603000.0,4486000.0,1.31,2.13,2186881000.0,3242000.0,2183639000.0,2186881000.0,0.0,43448000.0,0.0,0.043,0.31,40992000.0,84440000.0,0.093,84440000.0,40992000.0,7303000.0,0.06,0.06,0.06,1616010000.0,,1616010000.0,4298840387.0,12.0,8.468,-102068000.0,-1.281,1.0,221274000.0,0.244,709980000.0,33689000.0,5911017000.0,,334245000.0,0.0,0.0,0.0,3441934000.0,577531000.0,2864403000.0,2302252387.0,-223489000.0,-4122000.0,6181000.0,-98952000.0,-24837000.0,-117608000.0,-93198000.0,0.0,-12683000.0,0.0,4486000.0,4486000.0,4486000.0,0.0,0.0,0.005,180282000.0,40992000.0,231881000.0,5.167,1.425,15.747,16.18,3304811000.0,0.0,28.8,0.517,0.515,299954000.0,220569000.0,906877000.0,906877000.0,0.0,,,,,0.0,46915000.0,1.0,79939319.0,79683000,80144000.0,11.381,4347964000.0,0.0,2817000.0,222699000.0,54.566,178923000.0
65,ATO,MRQ,2005-03-31,2005-03-31,2005-03-31,2021-08-04,-17770000.0,5412444000.0,,1177766000.0,4234678000.0,,20.591,-70265000.0,264116000.0,264116000.0,1309191000.0,88502000.0,1.406,2.316,2260704000.0,5887000.0,2254817000.0,2260704000.0,0.0,45326000.0,0.0,0.046,0.31,173139000.0,218465000.0,0.13,218465000.0,173139000.0,140066000.0,1.12,1.11,1.12,1632270000.0,,1632270000.0,4407102053.0,13.0,9.374,261924000.0,3.304,1.0,375894000.0,0.223,722044000.0,33073000.0,5849067000.0,,273811000.0,0.0,0.0,0.0,3780174000.0,837921000.0,2942253000.0,2142397053.0,221964000.0,0.0,14909000.0,-29273000.0,-24690000.0,-39054000.0,-71171000.0,0.0,332189000.0,0.0,88502000.0,88502000.0,88502000.0,0.0,0.0,0.053,202755000.0,173139000.0,533232000.0,0.277,1.313,14.626,14.917,3251595000.0,0.0,27.0,0.523,0.523,527411000.0,240920000.0,1685085000.0,1685085000.0,0.0,,,,,0.0,54967000.0,1.0,79348039.0,79270000,79760000.0,21.258,4690400000.0,0.0,51564000.0,245836000.0,59.17,339845000.0
66,ATO,MRQ,2004-12-31,2004-12-31,2004-12-31,2021-08-04,-31676000.0,5406096000.0,,1208233000.0,4197863000.0,,20.438,-67201000.0,25162000.0,25162000.0,1046521000.0,59599000.0,1.244,2.513,2289867000.0,34694000.0,2255173000.0,2289867000.0,0.0,43997000.0,0.0,0.045,0.31,129059000.0,173056000.0,0.126,173056000.0,129059000.0,96517000.0,0.79,0.79,0.79,1539078000.0,,1539078000.0,2382859068.0,9.0,6.194,703000.0,0.009,1.0,322103000.0,0.235,703038000.0,32542000.0,5996536000.0,,389625000.0,0.0,0.0,0.0,3867018000.0,971227000.0,2895791000.0,1717572068.0,-176770000.0,-1912532000.0,393130000.0,1411271000.0,-24521000.0,1736110000.0,-1980784000.0,0.0,67904000.0,0.0,59599000.0,59599000.0,59599000.0,0.0,0.0,0.044,193044000.0,129059000.0,653403000.0,0.392,1.116,14.77,15.11,3223143000.0,0.0,27.35,0.487,0.584,640760000.0,177108000.0,1368624000.0,1368624000.0,0.0,,,,,0.0,38655000.0,1.0,62799710.0,75306000,75725000.0,18.174,4703058000.0,0.0,36918000.0,200737000.0,62.453,237006000.0
67,ATO,MRQ,2004-09-30,2004-09-30,2004-09-30,2021-08-04,-14529000.0,2912627000.0,,713195000.0,2199432000.0,,18.667,-60777000.0,201932000.0,201932000.0,403358000.0,-6384000.0,1.659,1.57,867219000.0,5908000.0,861311000.0,867219000.0,0.0,26768000.0,0.0,0.049,0.31,4937000.0,31705000.0,0.064,31705000.0,4937000.0,-10994000.0,-0.19,-0.2,-0.19,1133459000.0,,1133459000.0,2319226705.0,11.0,7.735,-149305000.0,-2.459,1.0,89520000.0,0.182,245528000.0,15931000.0,2902501000.0,,200134000.0,0.0,0.0,0.0,1779168000.0,429885000.0,1349283000.0,1576937705.0,75037000.0,0.0,244162000.0,-634000.0,-19121000.0,224407000.0,-60842000.0,0.0,-88528000.0,0.0,-6384000.0,-6384000.0,-6384000.0,0.0,0.0,-0.013,84583000.0,4937000.0,185295000.0,-1.632,1.391,18.288,15.744,1722521000.0,0.0,25.19,0.54,0.466,211810000.0,142030000.0,492878000.0,492878000.0,0.0,,,,,0.0,11478000.0,1.0,62601735.0,60720000,61166000.0,8.117,2667099000.0,0.0,-4610000.0,241257000.0,43.925,283310000.0
68,ATO,MRQ,2004-06-30,2004-06-30,2004-06-30,2021-08-04,-3416000.0,2680532000.0,,479465000.0,2201067000.0,,17.749,-42521000.0,126895000.0,126895000.0,438566000.0,4765000.0,1.148,1.892,869184000.0,5918000.0,863266000.0,869184000.0,0.0,23268000.0,0.0,0.048,0.305,23647000.0,46915000.0,0.086,46915000.0,23647000.0,7636000.0,0.09,0.09,0.09,926846000.0,,926846000.0,2097113328.0,10.0,6.944,26138000.0,0.501,1.0,107492000.0,0.197,275844000.0,16011000.0,2729177000.0,,90141000.0,0.0,0.0,0.0,1753686000.0,417800000.0,1335886000.0,1339379328.0,11912000.0,-7000.0,8696000.0,-3533000.0,-15999000.0,-10836000.0,-45911000.0,0.0,68659000.0,0.0,4765000.0,4765000.0,4765000.0,0.0,0.0,0.009,83845000.0,23647000.0,201123000.0,3.389,1.445,14.853,15.329,1684746000.0,0.0,25.6,0.468,0.467,243719000.0,167535000.0,546058000.0,546058000.0,0.0,,,,,0.0,12297000.0,1.0,52319505.0,52220000,52617000.0,10.457,2404688000.0,0.0,2871000.0,227899000.0,46.049,61665000.0
69,ATO,MRQ,2004-03-31,2004-03-31,2004-03-31,2021-08-04,49000.0,2821192000.0,,640489000.0,2180703000.0,,17.991,-13597000.0,114983000.0,114983000.0,911359000.0,58305000.0,1.173,2.024,872717000.0,8093000.0,864624000.0,872717000.0,0.0,23138000.0,0.0,0.048,0.31,109870000.0,133008000.0,0.119,133008000.0,109870000.0,93710000.0,1.12,1.12,1.12,932849000.0,,932849000.0,2341800064.0,12.0,7.991,265503000.0,5.121,1.0,206126000.0,0.184,275873000.0,16160000.0,2757142000.0,,74570000.0,0.0,0.0,0.0,1888343000.0,545911000.0,1342432000.0,1325749064.0,73273000.0,-1950000.0,10181000.0,-186978000.0,-15872000.0,-192669000.0,-13158000.0,0.0,279100000.0,0.0,58305000.0,58305000.0,58305000.0,0.0,0.0,0.052,96256000.0,109870000.0,365996000.0,0.277,1.421,15.559,16.287,1661336000.0,0.0,25.57,0.472,0.472,396879000.0,178769000.0,1117485000.0,1117485000.0,0.0,,,,,0.0,18481000.0,1.0,51847832.0,51850000,52240000.0,21.552,2545319000.0,0.0,35405000.0,234355000.0,49.09,94578000.0
70,ATO,MRQ,2003-12-31,2003-12-31,2003-12-31,2021-08-04,-834000.0,2812946000.0,,731930000.0,2081016000.0,,17.08,-45471000.0,43644000.0,43644000.0,604563000.0,29541000.0,1.057,2.199,1059695000.0,198990000.0,860705000.0,1059695000.0,0.0,23473000.0,0.0,0.05,0.305,64748000.0,88221000.0,0.116,88221000.0,64748000.0,47413000.0,0.57,0.57,0.57,879352000.0,,879352000.0,2210556243.0,12.0,7.908,-33968000.0,-0.66,1.0,159053000.0,0.208,274840000.0,17335000.0,2861994000.0,,192568000.0,0.0,0.0,0.0,1933594000.0,692163000.0,1241431000.0,1252284243.0,26027000.0,0.0,7413000.0,67837000.0,-15744000.0,59506000.0,-44982000.0,0.0,11503000.0,0.0,29541000.0,29541000.0,29541000.0,0.0,0.0,0.039,94305000.0,64748000.0,372430000.0,0.535,1.424,16.601,15.987,1538224000.0,0.0,24.3,0.434,0.434,407045000.0,136336000.0,763616000.0,763616000.0,0.0,,,,,0.0,15123000.0,1.0,51534331.0,51483000,51861000.0,14.832,2538106000.0,0.0,17872000.0,243079000.0,49.3,39767000.0
71,ATO,MRQ,2003-09-30,2003-09-30,2003-09-30,2021-08-04,-1459000.0,2625495000.0,,457997000.0,2167498000.0,,16.736,-46117000.0,33586000.0,33586000.0,337094000.0,-2436000.0,1.037,2.062,990440000.0,127940000.0,862500000.0,990440000.0,0.0,21728000.0,0.0,0.05,0.3,12152000.0,33880000.0,0.078,33880000.0,12152000.0,-3829000.0,-0.11,-0.11,-0.11,857517000.0,,857517000.0,2085116314.0,11.0,7.744,-113958000.0,-2.224,1.0,99778000.0,0.228,273499000.0,15981000.0,2867101000.0,,168765000.0,0.0,0.0,0.0,1767978000.0,441749000.0,1326229000.0,1227642314.0,-2802000.0,0.0,8787000.0,117063000.0,-15398000.0,110452000.0,-45413000.0,0.0,-67841000.0,0.0,-2436000.0,-2436000.0,-2436000.0,0.0,0.0,-0.006,87626000.0,12152000.0,179852000.0,-2.727,1.432,17.125,15.445,1624394000.0,0.0,23.94,0.438,0.396,216783000.0,122539000.0,436872000.0,436872000.0,0.0,,,,,0.0,10988000.0,1.0,51279963.0,51239000,51347000.0,8.526,2351996000.0,0.0,-1393000.0,223350000.0,45.902,16248000.0
72,ATO,MRQ,2003-06-30,2003-06-30,2003-06-30,2021-08-04,-40861000.0,2378340000.0,,382964000.0,1995376000.0,,18.52,-41022000.0,17321000.0,17321000.0,393406000.0,-201000.0,1.002,1.874,874795000.0,10447000.0,864348000.0,874795000.0,0.0,23192000.0,39221000.0,0.048,0.3,14742000.0,37934000.0,0.078,37934000.0,14742000.0,-1300000.0,-0.01,-0.02,-0.01,827453000.0,,827453000.0,1972813532.0,11.0,7.532,-107518000.0,-2.406,1.0,95064000.0,0.195,280269000.0,16042000.0,2573442000.0,,84974000.0,0.0,0.0,0.0,1550887000.0,382103000.0,1168784000.0,1132906532.0,-45857000.0,0.0,103676000.0,-28290000.0,-13725000.0,61661000.0,-41022000.0,0.0,-66496000.0,0.0,-201000.0,-201000.0,-201000.0,0.0,0.0,0.0,80322000.0,14742000.0,203588000.0,-30.0,1.369,16.535,16.316,1494445000.0,0.0,24.8,0.354,0.346,251418000.0,140373000.0,488470000.0,488470000.0,0.0,,,,,0.0,12675000.0,1.0,45681715.0,44679000,44879000.0,10.933,2098071000.0,0.0,-1099000.0,198988000.0,46.959,861000.0
73,ATO,MRQ,2003-03-31,2003-03-31,2003-03-31,2021-08-04,-42179000.0,2570478000.0,,658796000.0,1911682000.0,,15.621,-37708000.0,63178000.0,63178000.0,991174000.0,48532000.0,0.981,2.632,903085000.0,38857000.0,864228000.0,903085000.0,0.0,20887000.0,39807000.0,0.056,0.3,98616000.0,119503000.0,0.1,119503000.0,98616000.0,82458000.0,1.07,1.07,1.07,707729000.0,,707729000.0,1953502121.0,11.0,7.418,159494000.0,3.52,1.0,202968000.0,0.17,280476000.0,16158000.0,2458016000.0,,35419000.0,0.0,0.0,0.0,1862749000.0,671893000.0,1190856000.0,964531121.0,25104000.0,0.0,6766000.0,-127530000.0,-13626000.0,-134390000.0,-37708000.0,0.0,197202000.0,0.0,48532000.0,48532000.0,48532000.0,0.0,0.0,0.041,96579000.0,106389000.0,474740000.0,0.28,1.363,13.402,13.205,1477133000.0,0.0,21.26,0.336,0.335,510029000.0,154299000.0,1194142000.0,1194142000.0,0.0,,,,,0.0,18538000.0,1.0,45368350.0,45306000,45493000.0,26.357,2290002000.0,0.0,33926000.0,201326000.0,50.545,-13097000.0
74,ATO,MRQ,2002-12-31,2002-12-31,2002-12-31,2021-08-04,-41429000.0,2498064000.0,,587500000.0,1910564000.0,,15.581,-34592000.0,40926000.0,40926000.0,543266000.0,25793000.0,0.843,2.746,1029897000.0,214655000.0,815242000.0,1029897000.0,0.0,21194000.0,40020000.0,0.051,0.3,56748000.0,77942000.0,0.115,77942000.0,56748000.0,41269000.0,0.6,0.6,0.6,666807000.0,,666807000.0,1754398640.0,11.0,7.187,-48006000.0,-1.122,1.0,137166000.0,0.202,278034000.0,15479000.0,2512178000.0,,113977000.0,0.0,0.0,0.0,1831257000.0,696823000.0,1134434000.0,973183640.0,-8753000.0,-74650000.0,5720000.0,120725000.0,-12542000.0,113903000.0,-109242000.0,0.0,-13414000.0,0.0,25793000.0,25793000.0,25793000.0,0.0,0.0,0.038,80418000.0,56748000.0,310831000.0,0.5,1.459,15.015,15.045,1460511000.0,0.0,23.32,0.472,0.484,372529000.0,119393000.0,680432000.0,680432000.0,0.0,,,,,0.0,12844000.0,1.0,41731717.0,42796000,42919000.0,15.899,2220030000.0,0.0,15476000.0,174089000.0,51.875,-109323000.0
75,ATO,MRQ,2002-09-30,2002-09-30,2002-09-30,2021-08-04,-41380000.0,1981385000.0,,331155000.0,1650230000.0,,13.801,-43910000.0,58183000.0,58183000.0,740282000.0,-5609000.0,0.713,2.456,838234000.0,167771000.0,670463000.0,838234000.0,0.0,20594000.0,0.0,0.056,0.3,5946000.0,26540000.0,0.032,26540000.0,5946000.0,-8924000.0,-0.14,-0.14,-0.14,573235000.0,,573235000.0,1616956818.0,10.0,6.867,-48181000.0,-1.16,1.0,98059000.0,0.117,190380000.0,14870000.0,2106785000.0,,91783000.0,0.0,0.0,0.0,1408150000.0,464271000.0,943879000.0,892674818.0,40988000.0,0.0,4851000.0,96573000.0,-12255000.0,89169000.0,-43910000.0,0.0,-4271000.0,0.0,-5609000.0,-5609000.0,-5609000.0,0.0,0.0,-0.007,63087000.0,34972000.0,136773000.0,-2.143,1.557,14.964,14.828,1300320000.0,0.0,21.5,0.541,0.536,136227000.0,106142000.0,838341000.0,838341000.0,0.0,,,,,0.0,6560000.0,1.0,41519759.0,41537000,41568000.0,20.183,1791005000.0,0.0,-3315000.0,134540000.0,43.118,-133116000.0
76,ATO,MRQ,2002-06-30,2002-06-30,2002-06-30,2021-08-04,-1251000.0,1920972000.0,,272180000.0,1648792000.0,,15.179,-36963000.0,17379000.0,17379000.0,87967000.0,3254000.0,0.775,2.067,741661000.0,65905000.0,675756000.0,741661000.0,0.0,20362000.0,31312000.0,0.051,0.3,18996000.0,39358000.0,0.243,39358000.0,18996000.0,5173000.0,0.08,0.08,0.08,626377000.0,,626377000.0,1680184221.0,11.0,7.223,11852000.0,0.287,1.0,73833000.0,0.456,78457000.0,13823000.0,2215636000.0,,60509000.0,0.0,0.0,0.0,1294595000.0,351161000.0,943434000.0,967949221.0,3890000.0,0.0,4529000.0,-298000.0,-12193000.0,-7962000.0,-36963000.0,0.0,48815000.0,0.0,3254000.0,3254000.0,3254000.0,0.0,0.0,0.02,67096000.0,6737000.0,144452000.0,3.75,1.545,16.773,17.235,1384589000.0,0.0,23.44,0.771,0.77,158924000.0,124006000.0,161800000.0,161800000.0,0.0,,,,,0.0,8720000.0,1.0,41294762.0,41265000,41370000.0,3.921,1842515000.0,0.0,1919000.0,178853000.0,44.651,-78981000.0
77,ATO,MRQ,2002-03-31,2002-03-31,2002-03-31,2021-08-04,-1159000.0,1960402000.0,,333891000.0,1626511000.0,,15.372,-33729000.0,29724000.0,29724000.0,229598000.0,41378000.0,0.849,2.107,741959000.0,62974000.0,678985000.0,741959000.0,0.0,20039000.0,31760000.0,0.05,0.295,80221000.0,100260000.0,0.264,100260000.0,80221000.0,65732000.0,1.01,1.01,1.01,630879000.0,,630879000.0,1815712598.0,13.0,8.516,162520000.0,3.96,1.0,149883000.0,0.395,76651000.0,14489000.0,2202861000.0,,61326000.0,0.0,0.0,0.0,1329523000.0,393125000.0,936398000.0,969420598.0,-9672000.0,0.0,4581000.0,-164647000.0,-12126000.0,-172192000.0,-33729000.0,0.0,196249000.0,0.0,41378000.0,41378000.0,41378000.0,0.0,0.0,0.109,79266000.0,70617000.0,163112000.0,0.292,1.537,18.988,20.522,1368804000.0,0.0,23.6,0.77,0.77,226259000.0,132945000.0,379481000.0,379481000.0,0.0,,,,,0.0,10861000.0,1.0,41077144.0,41040000,41135000.0,9.247,1883751000.0,0.0,24354000.0,178570000.0,45.9,-59234000.0
78,ATO,MRQ,2001-12-31,2001-12-31,2001-12-31,2021-08-04,-783000.0,2123546000.0,,491175000.0,1632371000.0,,14.629,-27886000.0,60314000.0,60314000.0,161977000.0,20633000.0,0.838,2.555,906606000.0,227549000.0,679057000.0,906606000.0,0.0,20474000.0,30065000.0,0.055,0.3,48847000.0,69321000.0,0.255,69321000.0,48847000.0,32855000.0,0.51,0.5,0.51,597422000.0,,597422000.0,1700293896.0,12.0,8.132,28716000.0,0.703,1.0,109365000.0,0.403,76715000.0,15992000.0,2306789000.0,,114951000.0,0.0,0.0,0.0,1526124000.0,586334000.0,939790000.0,867881896.0,-2478000.0,-15747000.0,4360000.0,-7735000.0,-12072000.0,-15447000.0,-43633000.0,0.0,56602000.0,0.0,20633000.0,20633000.0,20633000.0,0.0,0.0,0.076,67681000.0,41684000.0,204191000.0,0.588,1.453,16.146,16.602,1355497000.0,0.0,21.25,0.558,0.558,233602000.0,103693000.0,271342000.0,271342000.0,0.0,,,,,0.0,10080000.0,1.0,40841501.0,40837000,40922000.0,6.645,2046831000.0,0.0,12222000.0,154106000.0,50.122,-95159000.0
79,ATO,MRQ,2001-09-30,2001-09-30,2001-09-30,2021-08-04,-1420000.0,2036180000.0,,424251000.0,1611929000.0,,14.356,-44236000.0,81929000.0,81929000.0,377661000.0,-7556000.0,0.83,2.487,914341000.0,221942000.0,692399000.0,914341000.0,0.0,19849000.0,32351000.0,0.054,0.29,3827000.0,23676000.0,0.053,23676000.0,3827000.0,-11889000.0,-0.24,-0.23,-0.24,583864000.0,,583864000.0,1294826842.0,9.0,6.343,-106759000.0,-2.625,1.0,65657000.0,0.148,76870000.0,15716000.0,2280693000.0,,95596000.0,0.0,0.0,0.0,1452316000.0,511029000.0,941287000.0,878111842.0,-409220000.0,-367884000.0,4078000.0,73143000.0,-11798000.0,65423000.0,-412120000.0,0.0,-62523000.0,0.0,-7556000.0,-7556000.0,-7556000.0,0.0,0.0,-0.017,63151000.0,2506000.0,84471000.0,-1.208,1.504,15.655,14.694,1335398000.0,0.0,21.6,0.509,0.478,124046000.0,95132000.0,443318000.0,443318000.0,0.0,,,,,0.0,7260000.0,1.0,40653326.0,40670000,40722000.0,10.9,1959310000.0,0.0,-4333000.0,150554000.0,48.176,-86778000.0
80,ATO,MRQ,2001-06-30,2001-06-30,2001-06-30,2021-08-04,44000.0,1872805000.0,,679140000.0,1193665000.0,,16.094,-33948000.0,424483000.0,424483000.0,102981000.0,-3400000.0,1.915,2.118,841198000.0,140681000.0,700517000.0,841198000.0,0.0,16129000.0,22689000.0,0.047,0.29,3818000.0,19947000.0,0.121,19947000.0,3818000.0,-5414000.0,-0.13,-0.13,-0.13,600604000.0,,600604000.0,1405171768.0,10.0,6.956,-3458000.0,-0.093,1.0,61279000.0,0.373,0.0,9232000.0,1934803000.0,,62817000.0,0.0,0.0,0.0,1272201000.0,354717000.0,917484000.0,989821768.0,416860000.0,13129000.0,3612000.0,415324000.0,-11747000.0,407189000.0,-20819000.0,0.0,30490000.0,0.0,-3400000.0,-3400000.0,-3400000.0,0.0,0.0,-0.021,54266000.0,7013000.0,77903000.0,-2.231,1.648,16.48,15.384,1001728000.0,0.0,24.46,0.687,0.633,117928000.0,114486000.0,164260000.0,164260000.0,0.0,,,,,0.0,7584000.0,1.0,40466957.0,37318000,37422000.0,4.402,1872805000.0,0.0,-2014000.0,160546000.0,50.185,324423000.0
81,ATO,MRQ,2001-03-31,2001-03-31,2001-03-31,2021-08-04,-16000.0,1452126000.0,,290517000.0,1161609000.0,,15.082,-22151000.0,7623000.0,7623000.0,536789000.0,44074000.0,0.878,1.48,422973000.0,68643000.0,354330000.0,422973000.0,0.0,15905000.0,15884000.0,0.048,0.29,80230000.0,96135000.0,0.142,96135000.0,80230000.0,70413000.0,1.14,1.13,1.14,585422000.0,,585422000.0,1440327591.0,11.0,7.214,107509000.0,2.77,1.0,138324000.0,0.205,0.0,9817000.0,1536739000.0,,31741000.0,0.0,0.0,0.0,866704000.0,330737000.0,535967000.0,925414591.0,2064000.0,0.0,3336000.0,-97499000.0,-11282000.0,-105445000.0,-22151000.0,0.0,129660000.0,0.0,44074000.0,44074000.0,44074000.0,0.0,0.0,0.065,64116000.0,74208000.0,136847000.0,0.254,1.581,15.667,15.063,987743000.0,0.0,23.8,0.647,0.646,247753000.0,129633000.0,675113000.0,675113000.0,0.0,,,,,0.0,13544000.0,1.0,38882966.0,38815000,38919000.0,17.393,1452126000.0,0.0,26339000.0,182882000.0,37.411,-40220000.0
82,ATO,MRQ,2000-12-31,2000-12-31,2000-12-31,2021-08-04,-2891000.0,1600014000.0,,453219000.0,1146795000.0,,16.654,-19611000.0,5559000.0,5559000.0,332842000.0,22972000.0,0.929,1.928,520472000.0,163231000.0,357241000.0,520472000.0,0.0,15781000.0,12926000.0,0.046,0.29,48594000.0,64375000.0,0.145,64375000.0,48594000.0,36348000.0,0.7,0.7,0.7,546419000.0,,546419000.0,1403504183.0,12.0,7.899,-34243000.0,-1.044,1.0,109948000.0,0.248,0.0,12246000.0,1626897000.0,,83453000.0,0.0,0.0,0.0,1053595000.0,488030000.0,565565000.0,780072183.0,-1820000.0,6625000.0,145422000.0,-110339000.0,-9285000.0,25798000.0,-12986000.0,0.0,-14632000.0,0.0,22972000.0,22972000.0,22972000.0,0.0,0.0,0.052,63394000.0,46554000.0,259314000.0,0.414,1.428,17.504,17.667,982082000.0,0.0,24.38,0.73,0.749,357760000.0,96841000.0,442790000.0,442790000.0,0.0,,,,,0.0,9267000.0,1.0,31996398.0,32810000,32908000.0,13.496,1600014000.0,0.0,13376000.0,155240000.0,48.766,-34811000.0
83,ATO,MRQ,2000-09-30,2000-09-30,2000-09-30,2021-08-04,2265000.0,1348758000.0,,200606000.0,1148152000.0,,12.359,-21484000.0,7379000.0,7379000.0,101136000.0,-3583000.0,0.524,2.437,630811000.0,267613000.0,363198000.0,630811000.0,0.0,15727000.0,9923000.0,0.054,0.28,5836000.0,21563000.0,0.136,21563000.0,5836000.0,-5579000.0,-0.12,-0.11,-0.12,392466000.0,,392466000.0,1195813817.0,12.0,7.295,-84705000.0,-2.667,1.0,57999000.0,0.364,3988000.0,11415000.0,1585706000.0,,70678000.0,0.0,0.0,0.0,956292000.0,382496000.0,573796000.0,655610817.0,-769000.0,6467000.0,4073000.0,82460000.0,-9064000.0,77469000.0,-15017000.0,0.0,-63221000.0,0.0,-3583000.0,-3583000.0,-3583000.0,0.0,0.0,-0.023,57780000.0,219000.0,73031000.0,-2.333,1.67,18.253,18.088,982346000.0,0.0,20.62,0.771,0.763,77264000.0,83154000.0,159135000.0,159135000.0,0.0,,,,,0.0,4843000.0,1.0,31794899.0,31755000,31846000.0,5.011,1344770000.0,0.0,-1996000.0,142463000.0,42.348,-181890000.0
84,ATO,MRQ,2000-06-30,2000-06-30,2000-06-30,2021-08-04,1946000.0,1277229000.0,,133194000.0,1144035000.0,,12.777,-16229000.0,8148000.0,8148000.0,92332000.0,-4396000.0,0.437,2.187,548351000.0,179570000.0,368781000.0,548351000.0,0.0,15138000.0,8471000.0,0.064,0.28,2450000.0,17588000.0,0.115,17588000.0,2450000.0,-7714000.0,-0.14,-0.15,-0.14,400739000.0,,400739000.0,1044541450.0,15.0,7.795,-11206000.0,-0.357,1.0,60030000.0,0.394,0.0,10164000.0,1512376000.0,,39085000.0,0.0,0.0,0.0,876490000.0,305056000.0,571434000.0,553778450.0,-14846000.0,-32000000.0,2781000.0,34594000.0,-9015000.0,28360000.0,-48229000.0,0.0,5023000.0,0.0,-4396000.0,-4396000.0,-4396000.0,0.0,0.0,-0.029,61394000.0,-1364000.0,65998000.0,-2.0,1.382,30.154,31.286,1000474000.0,0.0,17.52,0.692,0.687,83657000.0,95801000.0,152362000.0,152362000.0,0.0,,,,,0.0,7114000.0,1.0,31608359.0,31363000,31510000.0,4.858,1277229000.0,0.0,-3318000.0,141016000.0,40.724,-171862000.0
85,ATO,MRQ,2000-03-31,2000-03-31,2000-03-31,2021-08-04,2753000.0,1276681000.0,,171703000.0,1104978000.0,,13.155,-20260000.0,22994000.0,22994000.0,196070000.0,29573000.0,0.582,2.097,513757000.0,141214000.0,372543000.0,513757000.0,0.0,16490000.0,7894000.0,0.068,0.28,57675000.0,74165000.0,0.236,74165000.0,57675000.0,46648000.0,0.94,0.94,0.94,412176000.0,,412176000.0,1129049681.0,16.0,8.554,129131000.0,4.121,1.0,118127000.0,0.376,0.0,11027000.0,1472170000.0,,27212000.0,0.0,0.0,0.0,864505000.0,295274000.0,569231000.0,516498681.0,-2175000.0,0.0,1648000.0,-123963000.0,-8991000.0,-131306000.0,-20260000.0,0.0,149391000.0,0.0,29573000.0,29573000.0,29573000.0,0.0,0.0,0.094,61807000.0,56320000.0,83963000.0,0.298,1.253,29.572,31.5,967389000.0,0.0,16.38,0.682,0.678,119116000.0,109212000.0,314197000.0,314197000.0,0.0,,,,,0.0,9196000.0,1.0,31532276.0,31332000,31544000.0,10.028,1276681000.0,0.0,17075000.0,146420000.0,40.747,-123571000.0
86,ATO,MRQ,1999-12-31,1999-12-31,1999-12-31,2021-08-04,2362000.0,1354135000.0,,254443000.0,1099692000.0,,12.517,-16627000.0,25169000.0,25169000.0,134908000.0,14324000.0,0.649,2.476,637720000.0,264905000.0,372815000.0,637720000.0,0.0,16500000.0,8369000.0,0.055,0.28,34099000.0,50599000.0,0.225,50599000.0,34099000.0,22882000.0,0.46,0.46,0.46,389555000.0,,389555000.0,1195152842.0,18.0,9.574,-53624000.0,-1.723,1.0,89550000.0,0.399,0.0,11217000.0,1574613000.0,,62838000.0,0.0,0.0,0.0,964580000.0,392073000.0,572507000.0,640102842.0,16584000.0,0.0,5048000.0,74085000.0,-8925000.0,70208000.0,-16627000.0,0.0,-36997000.0,0.0,14324000.0,14324000.0,14324000.0,0.0,0.0,0.064,59409000.0,30141000.0,95040000.0,0.609,1.643,38.357,38.566,964758000.0,0.0,20.44,0.909,0.903,163653000.0,88630000.0,224458000.0,224458000.0,0.0,,,,,0.0,7485000.0,1.0,31316186.0,31122000,31339000.0,7.212,1354135000.0,0.0,8558000.0,122473000.0,43.511,-137630000.0
87,ATO,MRQ,1999-09-30,1999-09-30,1999-09-30,2021-08-04,917000.0,1230537000.0,,135153000.0,1095384000.0,,12.233,-34029000.0,8585000.0,8585000.0,66138000.0,-21136000.0,0.471,2.258,563635000.0,186152000.0,377483000.0,563635000.0,0.0,15431000.0,9657000.0,0.046,0.28,-23782000.0,-8351000.0,-0.077,-8351000.0,-23782000.0,-33917000.0,-0.7,-0.69,-0.7,377663000.0,,377663000.0,1244875725.0,19.0,10.268,-56082000.0,-1.817,1.0,42815000.0,0.393,0.0,10135000.0,1498812000.0,,52862000.0,0.0,0.0,0.0,852874000.0,286775000.0,566099000.0,749481725.0,-5856000.0,0.0,4981000.0,53800000.0,-8555000.0,50226000.0,-34029000.0,0.0,-22053000.0,0.0,-21136000.0,-21136000.0,-21136000.0,0.0,0.0,-0.194,71519000.0,-28704000.0,64167000.0,-0.4,1.985,42.239,41.586,965782000.0,0.0,24.12,1.086,1.068,70564000.0,83231000.0,108953000.0,108953000.0,0.0,,,,,0.0,8287000.0,1.0,31073040.0,30872000,31146000.0,3.529,1230537000.0,0.0,-12781000.0,113458000.0,39.859,-151622000.0
88,ATO,MRQ,1999-06-30,1999-06-30,1999-06-30,2021-08-04,0.0,1178004000.0,,105471000.0,1072533000.0,,13.175,-22382000.0,14441000.0,14441000.0,56214000.0,-5295000.0,0.453,1.935,509835000.0,128446000.0,381389000.0,509835000.0,0.0,14043000.0,10289000.0,0.044,0.28,1538000.0,15581000.0,0.142,15581000.0,1538000.0,-8151000.0,-0.18,-0.17,-0.18,401378000.0,,401378000.0,1274894375.0,14.0,8.972,11038000.0,0.362,1.0,53376000.0,0.487,0.0,9689000.0,1440658000.0,,34157000.0,0.0,0.0,0.0,776626000.0,232740000.0,543886000.0,771720375.0,-168000.0,0.0,5241000.0,-7948000.0,-8499000.0,-11206000.0,-22382000.0,0.0,33420000.0,0.0,-5295000.0,-5295000.0,-5295000.0,0.0,0.0,-0.048,52964000.0,412000.0,50251000.0,-1.556,1.923,22.081,21.93,948960000.0,0.0,25.0,1.09,1.075,54359000.0,112922000.0,109590000.0,109590000.0,0.0,,,,,0.0,6783000.0,1.0,30868815.0,30464000,30710000.0,3.597,1178004000.0,0.0,-2856000.0,99264000.0,38.669,-127269000.0
89,ATO,MRQ,1999-03-31,1999-03-31,1999-03-31,2021-08-04,0.0,1221663000.0,,157206000.0,1064457000.0,,13.463,-32221000.0,14609000.0,14609000.0,149031000.0,28795000.0,0.59,1.98,517783000.0,131143000.0,386640000.0,517783000.0,0.0,13800000.0,10805000.0,0.046,0.28,53198000.0,66998000.0,0.256,66998000.0,53198000.0,45032000.0,0.95,0.94,0.95,409931000.0,,409931000.0,1299193521.0,13.0,8.704,61957000.0,2.035,1.0,112395000.0,0.43,0.0,8166000.0,1458280000.0,,39203000.0,0.0,0.0,0.0,811732000.0,266557000.0,545175000.0,737532521.0,-111000.0,0.0,4966000.0,-58598000.0,-8436000.0,-62068000.0,-32221000.0,0.0,94178000.0,0.0,28795000.0,28795000.0,28795000.0,0.0,0.0,0.11,61552000.0,50843000.0,71693000.0,0.295,1.799,17.594,17.562,941545000.0,0.0,24.06,1.002,0.995,100387000.0,126716000.0,261426000.0,261426000.0,0.0,,,,,0.0,9034000.0,1.0,30653887.0,30449000,30698000.0,8.586,1221663000.0,0.0,16237000.0,102578000.0,40.122,-109351000.0
90,ATO,MRQ,1998-12-31,1998-12-31,1998-12-31,2021-08-04,0.0,1246053000.0,,201098000.0,1044955000.0,,12.712,-20964000.0,14720000.0,14720000.0,119019000.0,15380000.0,0.636,2.238,576381000.0,185955000.0,390426000.0,576381000.0,0.0,13600000.0,11470000.0,0.034,0.28,33408000.0,47008000.0,0.224,47008000.0,33408000.0,24335000.0,0.51,0.5,0.51,384836000.0,,384836000.0,1502146224.0,13.0,9.182,-41811000.0,-1.381,1.0,91208000.0,0.434,0.0,9073000.0,1491357000.0,,64561000.0,0.0,0.0,0.0,861217000.0,316357000.0,544860000.0,984150224.0,9985000.0,0.0,6538000.0,53650000.0,-8392000.0,51796000.0,-20964000.0,0.0,-20847000.0,0.0,15380000.0,15380000.0,15380000.0,0.0,0.0,0.073,59520000.0,31688000.0,80786000.0,0.549,2.557,19.479,19.196,924204000.0,0.0,32.25,1.29,1.279,118309000.0,106509000.0,210227000.0,210227000.0,0.0,,,,,0.0,7371000.0,1.0,30516286.0,30273000,30516000.0,6.944,1246053000.0,0.0,8955000.0,95176000.0,41.161,-115259000.0
91,ATO,MRQ,1998-09-30,1998-09-30,1998-09-30,2021-08-04,0.0,1141390000.0,,107380000.0,1034010000.0,,12.343,-55215000.0,4735000.0,4735000.0,76118000.0,-3931000.0,0.479,2.075,522731000.0,124183000.0,398548000.0,522731000.0,0.0,11439000.0,12029000.0,0.038,0.27,1073000.0,12512000.0,0.099,12512000.0,1073000.0,-8070000.0,-0.14,-0.14,-0.14,371158000.0,,371158000.0,1332328270.0,11.0,7.828,-62340000.0,-2.073,1.0,50898000.0,0.401,0.0,9143000.0,1435327000.0,,64128000.0,0.0,0.0,0.0,770232000.0,224059000.0,546173000.0,863980270.0,-3553000.0,15997000.0,4719000.0,46095000.0,-8024000.0,42790000.0,-39218000.0,0.0,-7125000.0,0.0,-3931000.0,-3931000.0,-3931000.0,0.0,0.0,-0.031,54056000.0,-3158000.0,44742000.0,-1.929,2.328,15.633,15.438,917860000.0,0.0,28.56,1.019,1.004,34887000.0,99369000.0,127016000.0,127016000.0,0.0,,,,,0.0,4980000.0,1.0,30251410.0,30071000,30280000.0,4.224,1141390000.0,0.0,-4139000.0,92949000.0,37.957,-116679000.0
92,ATO,MRQ,1998-06-30,1998-06-30,1998-06-30,2021-08-04,0.0,1116838000.0,,98478000.0,1018360000.0,,12.724,-27236000.0,8288000.0,8288000.0,79945000.0,1676000.0,0.287,1.952,476636000.0,226777000.0,249859000.0,476636000.0,0.0,12332000.0,12961000.0,0.035,0.27,10418000.0,22750000.0,0.166,22750000.0,10418000.0,2627000.0,0.05,0.05,0.05,378394000.0,,378394000.0,1364134946.0,14.0,10.071,-18513000.0,-0.623,1.0,57366000.0,0.418,0.0,7791000.0,1241734000.0,,44766000.0,0.0,0.0,0.0,738444000.0,343452000.0,394992000.0,917656946.0,-1737000.0,0.0,4625000.0,20133000.0,-7982000.0,16776000.0,-27236000.0,0.0,8723000.0,0.0,1676000.0,1676000.0,1676000.0,0.0,0.0,0.012,49484000.0,7882000.0,40936000.0,5.4,2.425,24.621,24.597,888280000.0,0.0,30.5,1.091,1.078,40229000.0,111324000.0,137311000.0,137311000.0,0.0,,,,,0.0,7212000.0,1.0,30087113.0,29739000,29948000.0,4.617,1116838000.0,0.0,951000.0,106870000.0,37.555,-244974000.0
93,ATO,MRQ,1998-03-31,1998-03-31,1998-03-31,2021-08-04,0.0,1148174000.0,,160798000.0,987376000.0,,12.78,-28032000.0,10025000.0,10025000.0,164579000.0,37398000.0,0.435,2.021,456503000.0,204351000.0,252152000.0,456503000.0,0.0,11876000.0,13581000.0,0.035,0.27,69444000.0,81320000.0,0.282,81320000.0,69444000.0,60108000.0,1.26,1.25,1.26,380075000.0,,380075000.0,1408011041.0,16.0,11.016,77839000.0,2.617,1.0,123971000.0,0.43,0.0,9336000.0,1224727000.0,,36199000.0,0.0,0.0,0.0,768099000.0,369925000.0,398174000.0,885899041.0,974000.0,0.0,5733000.0,-74660000.0,-7938000.0,-76865000.0,-28032000.0,0.0,105871000.0,0.0,37398000.0,37398000.0,37398000.0,0.0,0.0,0.13,56768000.0,67203000.0,73463000.0,0.214,2.331,27.194,27.174,876069000.0,0.0,29.62,1.045,1.039,110442000.0,117630000.0,288550000.0,288550000.0,0.0,,,,,0.0,9377000.0,1.0,29908813.0,29740000,29965000.0,9.702,1148174000.0,0.0,22710000.0,114818000.0,38.607,-209127000.0
94,ATO,MRQ,1997-12-31,1997-12-31,1997-12-31,2021-08-04,0.0,1205990000.0,,246501000.0,959489000.0,,11.664,-24328000.0,9051000.0,9051000.0,195730000.0,20122000.0,0.536,2.497,531163000.0,275336000.0,255827000.0,531163000.0,0.0,11908000.0,14702000.0,0.034,0.27,41715000.0,53623000.0,0.182,53623000.0,41715000.0,32406000.0,0.68,0.68,0.68,344882000.0,,344882000.0,,,,-40146000.0,-1.358,1.0,99601000.0,0.337,0.0,9309000.0,1268182000.0,,59334000.0,0.0,0.0,0.0,861108000.0,459920000.0,401188000.0,904741593.0,3035000.0,0.0,5390000.0,45681000.0,-7890000.0,43181000.0,-24328000.0,0.0,-15818000.0,0.0,20122000.0,20122000.0,20122000.0,0.0,0.0,0.068,58649000.0,40952000.0,110970000.0,0.397,2.623,35.061,34.77,860746000.0,0.0,30.25,0.982,0.971,172770000.0,88170000.0,295331000.0,295331000.0,0.0,,,,,0.0,8219000.0,1.0,29908813.0,29569000,29749000.0,9.988,1205990000.0,0.0,12284000.0,98761000.0,40.786,-213419000.0
95,ATO,MRQ,1997-09-30,1997-09-30,1997-09-30,2021-08-04,0.0,1088311000.0,,143705000.0,944606000.0,,11.128,-35828000.0,6016000.0,6016000.0,71270000.0,-21924000.0,0.459,2.326,485482000.0,182501000.0,302981000.0,485482000.0,0.0,5096000.0,15098000.0,0.041,0.26,-27337000.0,-22241000.0,-0.186,-22241000.0,-27337000.0,-35126000.0,-0.75,-0.75,-0.75,327260000.0,,327260000.0,,,,-64849000.0,-2.205,1.0,48591000.0,0.405,0.0,7789000.0,1254554000.0,,60455000.0,0.0,0.0,0.0,761051000.0,313223000.0,447828000.0,,-3568000.0,0.0,2438000.0,63037000.0,-4194000.0,61281000.0,-35828000.0,0.0,-29021000.0,0.0,-21924000.0,-21924000.0,-21924000.0,0.0,0.0,-0.183,77124000.0,-28533000.0,62626000.0,-0.347,,,30.716,849127000.0,0.0,24.88,,0.807,71217000.0,75938000.0,119861000.0,119861000.0,0.0,,,,,0.0,6524000.0,1.0,,29409000,29422000.0,4.076,1088311000.0,0.0,-13202000.0,88244000.0,37.006,-169518000.0
96,ATO,MRQ,1997-06-30,1997-06-30,1997-06-30,2021-08-04,,,,,,,,-32062000.0,,,84167000.0,-3019000.0,,,,,,,,11809000.0,,0.041,0.25,3299000.0,15108000.0,0.105,15108000.0,3299000.0,-5143000.0,-0.1,-0.1,-0.1,,,,,,,8990000.0,0.305,1.0,59546000.0,0.414,,8442000.0,,,,,,,,,,,-9961000.0,0.0,1698000.0,-13217000.0,-7432000.0,-18951000.0,-32062000.0,0.0,41052000.0,0.0,-3019000.0,-3019000.0,-3019000.0,0.0,0.0,-0.021,57071000.0,2475000.0,,-2.5,,,,,0.0,24.0,,,,,143713000.0,143713000.0,0.0,,,,,0.0,7295000.0,1.0,,29464000,29507000.0,4.878,,,-2124000.0,,,
97,ATO,MRQ,1997-03-31,1997-03-31,1997-03-31,2021-08-04,,,,,,,,-27255000.0,,,238389000.0,30626000.0,,,,,,,,11553000.0,,0.039,0.25,58064000.0,69617000.0,0.192,69617000.0,58064000.0,49401000.0,1.04,1.04,1.04,,,,,,,41926000.0,1.427,1.0,124248000.0,0.343,,8663000.0,,,,,,,,,,,4066000.0,0.0,2131000.0,-32577000.0,-7414000.0,-37860000.0,-27255000.0,0.0,69181000.0,0.0,30626000.0,30626000.0,30626000.0,0.0,0.0,0.084,68398000.0,55850000.0,,0.24,,,,,0.0,25.38,,,,,362637000.0,362637000.0,0.0,,,,,0.0,10133000.0,1.0,,29379000,29397000.0,12.343,,,18775000.0,,,
98,ATO,MRQ,1996-12-31,1996-12-31,1996-12-31,2021-08-04,,,,,,,,-25978000.0,,,183355000.0,18155000.0,,,,,,,,11512000.0,,0.041,0.25,37705000.0,49217000.0,0.175,49217000.0,37705000.0,29004000.0,0.62,0.62,0.62,,,,,,,-38441000.0,-1.315,1.0,97269000.0,0.347,,8701000.0,,,,,,,,,,,4345000.0,0.0,3251000.0,46910000.0,-7375000.0,42786000.0,-25978000.0,0.0,-12463000.0,0.0,18155000.0,18155000.0,18155000.0,0.0,0.0,0.065,60452000.0,36817000.0,,0.403,,,,,0.0,23.88,,,,,280624000.0,280624000.0,0.0,,,,,0.0,8179000.0,1.0,,29243000,29255000.0,9.596,,,10849000.0,,,
0,ATO,MRT,2021-06-30,2021-06-30,2021-06-30,2021-08-04,61239000.0,19315435000.0,17639789000.0,1115366000.0,18200069000.0,0.188,59.18,-1887963000.0,524621000.0,524621000.0,966970000.0,682176000.0,1.05,1.485,7328947000.0,200442000.0,7128505000.0,7328947000.0,0.0,465015000.0,0.0,0.025,2.45,927710000.0,1392725000.0,0.42,1392725000.0,927710000.0,843148000.0,5.3,5.3,5.3,7773758000.0,7399760500.0,7773758000.0,19010150538.0,20.0,13.65,-2903917000.0,-22.107,1.0,2347050000.0,0.708,731257000.0,84562000.0,24325988000.0,21638559750.0,99469000.0,0.0,0.0,0.0,11541677000.0,1062516000.0,10479161000.0,12558880538.0,316557000.0,0.0,744477000.0,2783058000.0,-313030000.0,3210079000.0,-1877568000.0,-1180000.0,-1015954000.0,0.0,682176000.0,682176000.0,682176000.0,0.0,0.0,0.206,1432171000.0,914879000.0,280352000.0,0.462,1.616,18.41,18.134,14477749000.0,0.0,96.11,3.79,3.81,291122000.0,2846597000.0,3314020000.0,3314020000.0,0.0,0.039,0.092,0.043,0.28,9583000.0,307596000.0,1.0,130671944.0,131358000,131486000.0,25.229,18584178000.0,0.0,160972000.0,2255464000.0,141.477,52850000.0
1,ATO,MRT,2021-03-31,2021-03-31,2021-03-31,2021-08-04,140471000.0,19408810000.0,16528675750.0,1620434000.0,17788376000.0,0.194,60.552,-1786667000.0,865311000.0,865311000.0,906172000.0,697556000.0,1.86,1.482,7316581000.0,177000.0,7316404000.0,7316581000.0,0.0,452771000.0,0.0,0.024,2.4,934703000.0,1387474000.0,0.433,1387474000.0,934703000.0,851523000.0,5.48,5.48,5.48,7820925000.0,7071688750.0,7820925000.0,17336118701.0,19.0,12.495,-2784689000.0,-21.56,1.0,2295290000.0,0.717,731257000.0,83180000.0,24257524000.0,19997318750.0,50043000.0,0.0,0.0,0.0,11587885000.0,871299000.0,10716586000.0,12668684701.0,545212000.0,0.0,846451000.0,2783268000.0,-301715000.0,3323578000.0,-1780344000.0,-3884000.0,-998022000.0,0.0,697556000.0,697556000.0,697556000.0,0.0,0.0,0.218,1374766000.0,920524000.0,263597000.0,0.438,1.62,18.162,18.038,14039588000.0,0.0,98.85,3.957,3.988,469595000.0,2826098000.0,3201462000.0,3201462000.0,0.0,0.042,0.099,0.047,0.292,9583000.0,297445000.0,1.0,128160695.0,129161000,129164000.0,24.787,18677553000.0,0.0,153967000.0,2297496000.0,144.607,749135000.0
2,ATO,MRT,2020-12-31,2020-12-31,2020-12-31,2021-08-04,2532000.0,16475879000.0,15355572750.0,1192288000.0,15283591000.0,0.186,56.781,-1863299000.0,457599000.0,457599000.0,650246000.0,640448000.0,1.494,1.284,5125033000.0,171000.0,5124862000.0,5125033000.0,0.0,440051000.0,0.0,0.025,2.35,878514000.0,1318565000.0,0.461,1318565000.0,878514000.0,799259000.0,5.13,5.13,5.13,7213156000.0,6692561250.0,7213156000.0,16524766786.0,19.0,12.532,-840676000.0,-6.618,1.0,2209808000.0,0.773,731257000.0,79255000.0,19614217000.0,18248218500.0,99569000.0,0.0,0.0,0.0,9262723000.0,797839000.0,8464884000.0,12013630786.0,268327000.0,0.0,600587000.0,792328000.0,-291910000.0,1096579000.0,-1850875000.0,2604000.0,1022623000.0,0.0,640448000.0,640448000.0,640448000.0,0.0,0.0,0.224,1339650000.0,870158000.0,284995000.0,0.458,1.666,18.758,18.602,13762143000.0,0.0,95.43,4.2,4.239,492526000.0,2609669000.0,2860054000.0,2860054000.0,0.0,0.042,0.096,0.048,0.307,9583000.0,283600000.0,1.0,125889456.0,127034000,127034000.0,22.514,15744622000.0,0.0,158811000.0,2237585000.0,123.94,394449000.0
3,ATO,MRT,2020-09-30,2020-09-30,2020-09-30,2021-08-04,-57589000.0,15359032000.0,14833634250.0,471258000.0,14887774000.0,0.19,55.308,-1935676000.0,20808000.0,20808000.0,658854000.0,601443000.0,0.602,1.262,4531944000.0,165000.0,4531779000.0,4531944000.0,0.0,429828000.0,0.0,0.024,2.3,831270000.0,1261098000.0,0.447,1261098000.0,831270000.0,746796000.0,4.89,4.89,4.89,6791203000.0,6421216000.0,6791203000.0,16114936729.0,19.0,12.778,-897677000.0,-7.311,1.0,2162283000.0,0.766,731257000.0,84474000.0,18356510000.0,17581491750.0,111950000.0,0.0,0.0,0.0,8567829000.0,782401000.0,7785428000.0,11791502729.0,-3742000.0,0.0,643850000.0,526797000.0,-282444000.0,883777000.0,-1925518000.0,491000.0,1037999000.0,0.0,601443000.0,601443000.0,601443000.0,0.0,0.0,0.213,1338184000.0,824099000.0,235775000.0,0.47,1.736,19.605,19.548,13355347000.0,0.0,95.59,4.18,4.16,230595000.0,2471014000.0,2821137000.0,2821137000.0,0.0,0.041,0.094,0.047,0.295,9583000.0,278755000.0,1.0,123354982.0,122788000,122872000.0,22.976,14627775000.0,0.0,145353000.0,2154333000.0,119.13,-311143000.0
4,ATO,MRT,2020-06-30,2020-06-30,2020-06-30,2021-08-04,-116727000.0,14870982000.0,14335781000.0,602159000.0,14268823000.0,0.195,52.521,-1899951000.0,208064000.0,208064000.0,654493000.0,594516000.0,0.857,1.301,4531498000.0,157000.0,4531341000.0,4531498000.0,0.0,419001000.0,0.0,0.023,2.25,831352000.0,1250353000.0,0.448,1250353000.0,831352000.0,733609000.0,4.85,4.85,4.85,6461471000.0,6160971000.0,6461471000.0,16388601465.0,20.0,13.107,-844624000.0,-6.865,1.0,2135413000.0,0.765,730706000.0,97743000.0,17761024000.0,16841686750.0,84886000.0,0.0,0.0,0.0,8409511000.0,702686000.0,7706825000.0,12179780465.0,161901000.0,0.0,477739000.0,791770000.0,-274409000.0,995100000.0,-1888526000.0,565000.0,1055327000.0,0.0,594516000.0,594516000.0,594516000.0,0.0,0.0,0.213,1322444000.0,812969000.0,200116000.0,0.464,1.885,20.487,20.532,12880850000.0,0.0,99.58,4.366,4.391,236466000.0,2477451000.0,2789906000.0,2789906000.0,0.0,0.041,0.096,0.049,0.298,11121000.0,276178000.0,1.0,122311513.0,123026000,123032000.0,22.677,14140276000.0,0.0,139093000.0,2122558000.0,114.937,-100527000.0
5,ATO,MRT,2020-03-31,2020-03-31,2020-03-31,2021-08-04,-112641000.0,14716398000.0,13838310000.0,829561000.0,13886837000.0,0.201,51.29,-1910628000.0,320099000.0,320099000.0,659747000.0,557191000.0,0.889,1.334,4528920000.0,200054000.0,4328866000.0,4528920000.0,0.0,409597000.0,0.0,0.022,2.2,808929000.0,1218526000.0,0.438,1218526000.0,808929000.0,711174000.0,4.57,4.57,4.57,6304415000.0,5956102250.0,6304415000.0,16267549537.0,20.0,13.35,-868913000.0,-7.069,1.0,2122902000.0,0.763,730706000.0,97755000.0,17261123000.0,16134485500.0,68061000.0,0.0,0.0,0.0,8411983000.0,933390000.0,7478593000.0,12132486537.0,211746000.0,0.0,475365000.0,866608000.0,-265466000.0,1076507000.0,-1906476000.0,-4692000.0,1041715000.0,0.0,557191000.0,557191000.0,557191000.0,0.0,0.0,0.2,1326766000.0,796136000.0,190088000.0,0.481,1.924,21.774,21.713,12548240000.0,0.0,99.23,4.36,4.383,377817000.0,2430257000.0,2782649000.0,2782649000.0,0.0,0.04,0.094,0.05,0.291,11121000.0,274819000.0,1.0,122266316.0,122916000,122997000.0,22.639,13985692000.0,0.0,153983000.0,2116212000.0,113.783,-103829000.0
6,ATO,MRT,2019-12-31,2019-12-31,2019-12-31,2021-08-04,-113531000.0,14388125000.0,13327948000.0,812129000.0,13575996000.0,0.218,50.596,-1806259000.0,189272000.0,189272000.0,813540000.0,532433000.0,0.961,1.348,4324335000.0,50000.0,4324285000.0,4324335000.0,0.0,400453000.0,0.0,0.019,2.15,782389000.0,1182842000.0,0.408,1182842000.0,782389000.0,679856000.0,4.45,4.44,4.45,6127775000.0,5757023750.0,6127775000.0,17319585944.0,22.0,14.642,-829729000.0,-6.851,1.0,2086089000.0,0.719,730706000.0,102533000.0,16947310000.0,15475642750.0,115259000.0,0.0,0.0,0.0,8260350000.0,845172000.0,7415178000.0,13349768944.0,-28925000.0,4000000.0,477723000.0,660117000.0,-256552000.0,791147000.0,-1796602000.0,-3423000.0,976530000.0,0.0,532433000.0,532433000.0,532433000.0,0.0,0.0,0.184,1323714000.0,762375000.0,308113000.0,0.483,2.179,25.073,25.137,12250423000.0,0.0,111.86,4.604,4.672,435616000.0,2261131000.0,2899629000.0,2899629000.0,0.0,0.04,0.092,0.051,0.27,11121000.0,279308000.0,1.0,119343545.0,121113000,121359000.0,23.942,13657419000.0,0.0,147423000.0,2051708000.0,112.766,-33043000.0
7,ATO,MRT,2019-09-30,2019-09-30,2019-09-30,2021-08-04,-114583000.0,13367619000.0,12884864000.0,458031000.0,12909588000.0,0.225,49.063,-1693477000.0,24550000.0,24550000.0,858837000.0,511406000.0,0.379,1.325,3994367000.0,464915000.0,3529452000.0,3994367000.0,0.0,391456000.0,0.0,0.018,2.1,753462000.0,1144918000.0,0.395,1144918000.0,753462000.0,650309000.0,4.36,4.35,4.36,5750223000.0,5562128750.0,5750223000.0,17144790470.0,23.0,14.975,-724708000.0,-6.184,1.0,2043011000.0,0.704,730706000.0,103153000.0,15397290000.0,14706678750.0,130138000.0,0.0,0.0,0.0,7617396000.0,1209440000.0,6407956000.0,13461876470.0,10779000.0,4000000.0,713426000.0,348102000.0,-245717000.0,725670000.0,-1683660000.0,-2784000.0,968769000.0,0.0,511406000.0,511406000.0,511406000.0,0.0,0.0,0.176,1296953000.0,746058000.0,265024000.0,0.482,2.341,26.323,26.122,11787669000.0,0.0,113.89,4.639,4.6,230571000.0,2152015000.0,2901848000.0,2901848000.0,0.0,0.04,0.092,0.051,0.26,11121000.0,275189000.0,1.0,118200689.0,117200000,117461000.0,24.76,12636913000.0,0.0,138903000.0,2005116000.0,107.823,-751409000.0
8,ATO,MRT,2019-06-30,2019-06-30,2019-06-30,2021-08-04,-115663000.0,12881098000.0,12511568500.0,503534000.0,12377564000.0,0.232,47.783,-1578318000.0,46163000.0,46163000.0,888252000.0,491747000.0,0.559,1.283,3729077000.0,199942000.0,3529135000.0,3729077000.0,0.0,383194000.0,0.0,0.02,2.06,743036000.0,1126230000.0,0.388,1126230000.0,743036000.0,644162000.0,4.23,4.22,4.23,5641996000.0,5317060750.0,5641996000.0,15894635342.0,21.0,14.113,-680024000.0,-5.759,1.0,2014613000.0,0.694,730419000.0,98874000.0,14932219000.0,14072246500.0,106014000.0,0.0,0.0,0.0,7239102000.0,901374000.0,6337728000.0,12349275342.0,25233000.0,4000000.0,611572000.0,414132000.0,-236881000.0,698682000.0,-1571743000.0,-4509000.0,898294000.0,0.0,491747000.0,491747000.0,491747000.0,0.0,0.0,0.169,1267641000.0,746972000.0,206500000.0,0.487,2.189,25.113,24.955,11340596000.0,0.0,105.56,4.254,4.294,285433000.0,2157344000.0,2902865000.0,2902865000.0,0.0,0.039,0.092,0.053,0.256,12863000.0,269032000.0,1.0,116988209.0,118075000,118430000.0,24.585,12150679000.0,0.0,152415000.0,1990281000.0,102.906,-397840000.0
9,ATO,MRT,2019-03-31,2019-03-31,2019-03-31,2021-08-04,-116810000.0,12674950000.0,12168200000.0,671181000.0,12003769000.0,0.245,46.845,-1551199000.0,108353000.0,108353000.0,987812000.0,482474000.0,0.777,1.301,3653713000.0,125000000.0,3528713000.0,3653713000.0,0.0,376165000.0,0.0,0.02,2.02,740179000.0,1116344000.0,0.375,1116344000.0,740179000.0,637548000.0,4.17,4.16,4.17,5508101000.0,5096449750.0,5508101000.0,15473828603.0,21.0,13.861,-617075000.0,-5.248,1.0,1991560000.0,0.668,730419000.0,102631000.0,14625752000.0,13490115000.0,78148000.0,0.0,0.0,0.0,7166849000.0,864139000.0,6302710000.0,12032246603.0,37279000.0,4000000.0,512090000.0,454392000.0,-229343000.0,646998000.0,-1543843000.0,-6373000.0,934124000.0,0.0,482474000.0,482474000.0,482474000.0,0.0,0.0,0.162,1237746000.0,753814000.0,244042000.0,0.484,2.184,24.939,24.683,10971734000.0,0.0,102.93,4.039,4.062,419612000.0,2138532000.0,2979372000.0,2979372000.0,0.0,0.04,0.095,0.055,0.248,12863000.0,271687000.0,1.0,116897373.0,117581000,117756000.0,25.339,11944531000.0,0.0,155074000.0,1964517000.0,101.586,-192958000.0
10,ATO,MRT,2018-12-31,2018-12-31,2018-12-31,2021-08-04,-114115000.0,12615789000.0,11838543000.0,912738000.0,11703051000.0,0.262,46.996,-1500757000.0,218197000.0,218197000.0,1143096000.0,446578000.0,0.627,1.359,3659779000.0,575000000.0,3084779000.0,3659779000.0,0.0,368774000.0,0.0,0.021,1.98,707005000.0,1075779000.0,0.347,1075779000.0,707005000.0,604019000.0,3.94,3.94,3.94,5348195000.0,4899761000.0,5348195000.0,13955291615.0,20.0,12.972,-384649000.0,-3.38,1.0,1961040000.0,0.632,730419000.0,102986000.0,13871454000.0,12934547750.0,146552000.0,0.0,0.0,0.0,7267594000.0,1455498000.0,5812096000.0,10324617615.0,163447000.0,3000000.0,512871000.0,253746000.0,-221791000.0,544826000.0,-1497487000.0,-9153000.0,1116108000.0,0.0,446578000.0,446578000.0,446578000.0,0.0,0.0,0.144,1234001000.0,727039000.0,301734000.0,0.503,1.93,23.119,23.533,10698229000.0,0.0,92.72,3.326,3.399,478373000.0,1985250000.0,3104136000.0,3104136000.0,0.0,0.038,0.091,0.055,0.228,12863000.0,265601000.0,1.0,111352649.0,113800000,113832000.0,27.277,11885370000.0,0.0,157441000.0,1909582000.0,104.441,-542760000.0
11,ATO,MRT,2018-09-30,2018-09-30,2018-09-30,2021-08-04,-83647000.0,11874437000.0,11500775750.0,478853000.0,11395584000.0,0.271,42.968,-1467591000.0,13771000.0,13771000.0,1167848000.0,603064000.0,0.25,1.489,3644445000.0,1150780000.0,2493665000.0,3644445000.0,0.0,361083000.0,0.0,0.021,1.94,717790000.0,1078873000.0,0.346,1078873000.0,717790000.0,611144000.0,5.43,5.43,5.43,4769951000.0,4703617250.0,4769951000.0,13735013351.0,19.0,12.731,-342929000.0,-3.089,1.0,1947698000.0,0.625,730419000.0,106646000.0,12859561000.0,12697862500.0,165732000.0,0.0,0.0,0.0,7104486000.0,1915131000.0,5189355000.0,10442851351.0,-12638000.0,3000000.0,414655000.0,128035000.0,-214906000.0,326266000.0,-1463566000.0,-8325000.0,1124662000.0,0.0,603064000.0,603064000.0,603064000.0,0.0,0.0,0.194,1219764000.0,727934000.0,217283000.0,0.357,2.189,17.316,17.295,10371147000.0,0.0,93.91,3.352,3.346,253295000.0,1878116000.0,3115546000.0,3115546000.0,0.0,0.052,0.128,0.057,0.23,12863000.0,263886000.0,1.0,111200632.0,111012000,111012000.0,28.065,11144018000.0,0.0,8080000.0,1893737000.0,100.386,-1436278000.0
12,ATO,MRT,2018-06-30,2018-06-30,2018-06-30,2021-08-04,-76381000.0,11507624000.0,11219565500.0,452855000.0,11054769000.0,0.279,42.553,-1413413000.0,20930000.0,20930000.0,1197324000.0,600170000.0,0.309,1.418,3313092000.0,694777000.0,2618315000.0,3313092000.0,0.0,353226000.0,0.0,0.021,1.905,718223000.0,1071449000.0,0.342,1071449000.0,718223000.0,602351000.0,5.44,5.44,5.44,4759552000.0,4485796000.0,4759552000.0,13137788362.0,18.0,12.262,-256588000.0,-2.294,1.0,1938402000.0,0.618,730132000.0,115872000.0,12603693000.0,12606572750.0,126010000.0,0.0,0.0,0.0,6748072000.0,1465961000.0,5282111000.0,10011368362.0,-48847000.0,3000000.0,414792000.0,-13908000.0,-208863000.0,190503000.0,-1396175000.0,-6001000.0,1156825000.0,0.0,600170000.0,600170000.0,600170000.0,0.0,0.0,0.191,1196049000.0,742353000.0,198172000.0,0.35,2.103,16.681,16.57,10071860000.0,0.0,90.14,3.193,3.215,253546000.0,1871334000.0,3135726000.0,3135726000.0,0.0,0.053,0.134,0.057,0.229,14064000.0,263196000.0,1.0,111064659.0,111851000,111851000.0,28.035,10777492000.0,0.0,2181000.0,1867131000.0,96.356,-1013106000.0
13,ATO,MRT,2018-03-31,2018-03-31,2018-03-31,2021-08-04,-85011000.0,11356322000.0,10967353250.0,622736000.0,10733586000.0,0.283,42.266,-1271682000.0,71074000.0,71074000.0,1180614000.0,599785000.0,0.462,1.405,3197494000.0,579602000.0,2617892000.0,3197494000.0,0.0,342578000.0,0.0,0.022,1.87,737608000.0,1080186000.0,0.348,1080186000.0,737608000.0,616587000.0,5.48,5.48,5.48,4721346000.0,4271335500.0,4721346000.0,12697448657.0,17.0,11.755,-205228000.0,-1.837,1.0,1919368000.0,0.619,730132000.0,121021000.0,12403483000.0,12525392750.0,89265000.0,0.0,0.0,0.0,6634976000.0,1349127000.0,5285849000.0,9347913657.0,25671000.0,9279000.0,465888000.0,-37869000.0,-202508000.0,186997000.0,-1227780000.0,-4730000.0,1066454000.0,0.0,599785000.0,599785000.0,599785000.0,0.0,0.0,0.193,1165684000.0,753684000.0,230823000.0,0.341,1.98,15.585,15.372,9761329000.0,0.0,84.24,3.015,3.036,407134000.0,1854257000.0,3099982000.0,3099982000.0,0.0,0.055,0.14,0.059,0.238,14064000.0,253524000.0,1.0,110967636.0,111706000,111706000.0,27.751,10626190000.0,0.0,16802000.0,1844834000.0,95.126,-726391000.0
14,ATO,MRT,2017-12-31,2017-12-31,2017-12-31,2021-08-04,-106316000.0,11264720000.0,10718639250.0,778910000.0,10485810000.0,0.268,42.036,-1222365000.0,54750000.0,54750000.0,981148000.0,585521000.0,0.812,1.468,3404285000.0,336816000.0,3067469000.0,3404285000.0,0.0,330864000.0,0.0,0.021,1.835,757594000.0,1088458000.0,0.379,1088458000.0,757594000.0,636933000.0,5.43,5.43,5.43,4563620000.0,4049715000.0,4563620000.0,12602401576.0,17.0,11.578,-299000000.0,-2.754,1.0,1887611000.0,0.658,730132000.0,120661000.0,12924713000.0,12255908250.0,163959000.0,0.0,0.0,0.0,6701100000.0,959410000.0,5741690000.0,9114020576.0,10126000.0,139839000.0,467639000.0,-100795000.0,-196028000.0,132302000.0,-1045541000.0,-2345000.0,923365000.0,0.0,585521000.0,585521000.0,585521000.0,-2716000.0,0.0,0.204,1118824000.0,768787000.0,285675000.0,0.338,1.997,15.566,15.818,9518792000.0,0.0,85.89,3.177,3.25,489217000.0,1729319000.0,2868759000.0,2868759000.0,0.0,0.055,0.145,0.062,0.264,14064000.0,246131000.0,1.0,106112709.0,108564000,108564000.0,26.425,10534588000.0,0.0,51412000.0,1779452000.0,97.036,-180500000.0
15,ATO,MRT,2017-09-30,2017-09-30,2017-09-30,2021-08-04,-105254000.0,10749596000.0,10547248000.0,539646000.0,10209950000.0,0.262,36.745,-1137089000.0,26409000.0,26409000.0,925536000.0,396421000.0,0.532,1.757,3514790000.0,447745000.0,3067045000.0,3514790000.0,0.0,319633000.0,0.0,0.021,1.8,737986000.0,1057619000.0,0.383,1057619000.0,737986000.0,617804000.0,3.73,3.73,3.73,3898666000.0,3833553750.0,3898666000.0,12148069569.0,16.0,11.486,-269999000.0,-2.545,1.0,1834199000.0,0.665,730132000.0,120182000.0,12494402000.0,11864727250.0,184653000.0,0.0,0.0,0.0,6850930000.0,1013443000.0,5837487000.0,8892539569.0,-21125000.0,54125000.0,125278000.0,246070000.0,-191931000.0,168091000.0,-1056306000.0,-12473000.0,867090000.0,0.0,396421000.0,396421000.0,396421000.0,-13710000.0,0.0,0.144,1098571000.0,735628000.0,233050000.0,0.483,2.281,22.432,22.477,9259182000.0,0.0,83.84,3.222,3.223,222263000.0,1467024000.0,2759735000.0,2759735000.0,0.0,0.038,0.103,0.062,0.267,14064000.0,240407000.0,1.0,106065596.0,106100000,106100000.0,26.011,10019464000.0,0.0,221383000.0,1878699000.0,94.434,-473797000.0
16,ATO,MRT,2017-06-30,2017-06-30,2017-06-30,2021-08-04,-104599000.0,10498775000.0,10362571250.0,534382000.0,9964393000.0,0.263,36.682,-1109410000.0,69777000.0,69777000.0,916902000.0,394808000.0,0.717,1.691,3325307000.0,258573000.0,3066734000.0,3325307000.0,0.0,311259000.0,0.0,0.021,1.77,732709000.0,1043968000.0,0.383,1043968000.0,732709000.0,616200000.0,3.72,3.72,3.72,3901710000.0,3724652000.0,3901710000.0,11923493379.0,16.0,11.421,-198805000.0,-1.869,1.0,1811596000.0,0.664,729673000.0,116509000.0,12278973000.0,11420302250.0,151656000.0,0.0,0.0,0.0,6597065000.0,745659000.0,5851406000.0,8733669379.0,3571000.0,54125000.0,129120000.0,216038000.0,-187838000.0,136654000.0,-1043688000.0,-14129000.0,910605000.0,0.0,394808000.0,394808000.0,394808000.0,-13100000.0,0.0,0.145,1091987000.0,719609000.0,164365000.0,0.476,2.238,22.121,22.298,8924381000.0,0.0,82.95,3.201,3.234,250224000.0,1480027000.0,2728498000.0,2728498000.0,0.0,0.038,0.106,0.064,0.269,14760000.0,235495000.0,1.0,105288359.0,106366000,106366000.0,25.652,9769102000.0,0.0,221392000.0,1853564000.0,91.844,-211277000.0
17,ATO,MRT,2017-03-31,2017-03-31,2017-03-31,2021-08-04,-86894000.0,10361466000.0,10169719500.0,563084000.0,9798382000.0,0.261,36.2,-1110331000.0,45403000.0,45403000.0,867309000.0,395193000.0,0.376,1.702,3235227000.0,920607000.0,2314620000.0,3235227000.0,0.0,304695000.0,0.0,0.022,1.74,726898000.0,1031593000.0,0.388,1031593000.0,726898000.0,611208000.0,3.74,3.74,3.74,3834864000.0,3615905500.0,3834864000.0,11768133165.0,16.0,11.408,-216293000.0,-2.042,1.0,1790900000.0,0.674,729673000.0,115690000.0,11325545000.0,10979251750.0,120026000.0,0.0,0.0,0.0,6526602000.0,1496072000.0,5030530000.0,8307811165.0,-2515000.0,47846000.0,181595000.0,168361000.0,-183631000.0,166325000.0,-1062878000.0,-6043000.0,894038000.0,0.0,395193000.0,395193000.0,395193000.0,-18150000.0,0.0,0.149,1082152000.0,708748000.0,185212000.0,0.465,2.166,21.022,21.12,8738487000.0,0.0,78.99,3.125,3.148,336637000.0,1456980000.0,2658209000.0,2658209000.0,0.0,0.039,0.109,0.066,0.273,14760000.0,231512000.0,1.0,105175480.0,105936000,105936000.0,25.093,9631793000.0,0.0,216015000.0,1810160000.0,90.921,-932988000.0
18,ATO,MRT,2016-12-31,2016-12-31,2016-12-31,2021-08-04,-92654000.0,10579155000.0,9965334500.0,979432000.0,9599723000.0,0.257,35.133,-1094500000.0,44624000.0,44624000.0,817171000.0,372275000.0,0.502,1.86,3504946000.0,1190747000.0,2314199000.0,3504946000.0,0.0,299000000.0,0.0,0.023,1.71,688311000.0,987311000.0,0.386,987311000.0,688311000.0,572006000.0,3.57,3.57,3.57,3698975000.0,3493330750.0,3698975000.0,10930041100.0,16.0,11.071,-252688000.0,-2.4,1.0,1742892000.0,0.681,729673000.0,116305000.0,11359989000.0,10799975750.0,163763000.0,0.0,0.0,0.0,6880180000.0,1949815000.0,4930365000.0,7708985100.0,-34279000.0,-85714000.0,182521000.0,302194000.0,-179230000.0,305485000.0,-1181576000.0,-7242000.0,841812000.0,0.0,372275000.0,372275000.0,372275000.0,-14241000.0,0.0,0.145,1068822000.0,674070000.0,268647000.0,0.479,2.084,20.708,20.77,8552962000.0,0.0,74.15,3.011,3.049,458813000.0,1339826000.0,2560063000.0,2560063000.0,0.0,0.037,0.107,0.064,0.269,14760000.0,227678000.0,1.0,103964735.0,105284000,105284000.0,24.316,9849482000.0,0.0,199731000.0,1725433000.0,93.552,-970383000.0
19,ATO,MRT,2016-09-30,2016-09-30,2016-09-30,2021-08-04,-188022000.0,10010889000.0,9709209000.0,681686000.0,9329203000.0,0.253,33.452,-1086950000.0,47534000.0,47534000.0,746192000.0,350104000.0,0.381,1.891,3268590000.0,1079811000.0,2188779000.0,3268590000.0,0.0,293096000.0,0.0,0.023,1.68,661558000.0,954654000.0,0.389,954654000.0,661558000.0,546746000.0,3.38,3.38,3.38,3463059000.0,3386614250.0,3463059000.0,10793454985.0,16.0,11.306,-291960000.0,-2.82,1.0,1708456000.0,0.696,726962000.0,114812000.0,10716702000.0,10569154000.0,179070000.0,0.0,0.0,0.0,6547830000.0,1788281000.0,4759549000.0,7733549985.0,18881000.0,0.0,132852000.0,371567000.0,-175126000.0,303623000.0,-1079732000.0,758000.0,794990000.0,0.0,350104000.0,350104000.0,350104000.0,-4562000.0,0.0,0.143,1051460000.0,656996000.0,196485000.0,0.497,2.233,22.089,22.033,8268606000.0,0.0,74.47,3.151,3.141,215880000.0,1262534000.0,2454648000.0,2454648000.0,0.0,0.036,0.103,0.063,0.27,14760000.0,221843000.0,1.0,103847858.0,103524000,103524000.0,23.711,9283927000.0,0.0,196642000.0,1603056000.0,89.679,-1106595000.0
20,ATO,MRT,2016-06-30,2016-06-30,2016-06-30,2021-08-04,-178233000.0,9727368000.0,9475254750.0,648913000.0,9078455000.0,0.154,33.613,-1085826000.0,66206000.0,66206000.0,-181598000.0,339379000.0,0.424,1.806,3126111000.0,920466000.0,2205645000.0,3126111000.0,0.0,287407000.0,0.0,0.02,1.65,645820000.0,933227000.0,0.638,933227000.0,645820000.0,529970000.0,3.29,3.29,3.29,3466724000.0,3319548750.0,3466724000.0,11348179110.0,18.0,12.16,-361548000.0,-3.506,1.0,1644354000.0,1.124,742702000.0,115850000.0,10514771000.0,10401062500.0,244841000.0,0.0,0.0,0.0,6260644000.0,1529800000.0,4730844000.0,8313609110.0,23053000.0,0.0,135299000.0,424941000.0,-173736000.0,370174000.0,-1071399000.0,2155000.0,724278000.0,0.0,339379000.0,339379000.0,339379000.0,-14624000.0,0.0,0.232,1013158000.0,631196000.0,198882000.0,0.502,2.398,24.497,24.717,8053547000.0,0.0,81.32,5.684,5.734,277362000.0,1273057000.0,1462756000.0,1462756000.0,0.0,0.036,0.102,0.062,0.442,15980000.0,220617000.0,1.0,102233265.0,103137000,103137000.0,14.183,8984666000.0,0.0,190591000.0,1585500000.0,87.114,-880887000.0
21,ATO,MRT,2016-03-31,2016-03-31,2016-03-31,2021-08-04,-157239000.0,9543926000.0,9264535000.0,652912000.0,8891014000.0,0.183,32.489,-1057981000.0,47918000.0,47918000.0,58547000.0,324467000.0,0.532,1.854,3082488000.0,626929000.0,2455559000.0,3082488000.0,0.0,282392000.0,0.0,0.022,1.62,629497000.0,911889000.0,0.539,911889000.0,629497000.0,513371000.0,3.16,3.16,3.16,3344565000.0,3262431500.0,3344565000.0,10722265097.0,17.0,11.758,-333960000.0,-3.244,1.0,1634398000.0,0.965,742702000.0,116126000.0,10608441000.0,10244872250.0,190961000.0,0.0,0.0,0.0,6199361000.0,1227353000.0,4972008000.0,7582458097.0,-47607000.0,0.0,35866000.0,408395000.0,-168753000.0,275508000.0,-1047136000.0,-520000.0,724021000.0,0.0,324467000.0,324467000.0,324467000.0,-9574000.0,0.0,0.192,1014475000.0,619923000.0,226641000.0,0.513,2.267,23.369,23.5,7839413000.0,0.0,74.26,4.479,4.516,361582000.0,1245418000.0,1692945000.0,1692945000.0,0.0,0.035,0.099,0.061,0.372,15980000.0,224827000.0,1.0,102106896.0,102946000,102946000.0,16.445,8801224000.0,0.0,188904000.0,1557790000.0,85.494,-574441000.0
22,ATO,MRT,2015-12-31,2015-12-31,2015-12-31,2021-08-04,-102962000.0,9554653000.0,9110214500.0,863270000.0,8691383000.0,0.257,31.857,-992720000.0,78903000.0,78903000.0,700521000.0,320341000.0,0.57,1.92,3218710000.0,763236000.0,2455474000.0,3218710000.0,0.0,278442000.0,0.0,0.025,1.59,628012000.0,906454000.0,0.387,906454000.0,628012000.0,511998000.0,3.13,3.13,3.13,3272109000.0,3211213750.0,3272109000.0,9283640901.0,15.0,10.242,-138080000.0,-1.344,1.0,1642452000.0,0.701,742702000.0,116014000.0,10436702000.0,10030459750.0,236017000.0,0.0,0.0,0.0,6282544000.0,1515056000.0,4767488000.0,6398978901.0,-44929000.0,0.0,33369000.0,215967000.0,-164062000.0,85274000.0,-984843000.0,-666000.0,854640000.0,0.0,320341000.0,320341000.0,320341000.0,-10767000.0,0.0,0.137,1025207000.0,617245000.0,280487000.0,0.508,1.956,19.976,20.141,7653287000.0,0.0,63.04,2.731,2.764,456904000.0,1132254000.0,2342973000.0,2342973000.0,0.0,0.035,0.1,0.063,0.268,15980000.0,232093000.0,1.0,101506645.0,102713000,102713000.0,22.811,8811951000.0,0.0,191657000.0,1441325000.0,85.792,-651786000.0
23,ATO,MRT,2015-09-30,2015-09-30,2015-09-30,2021-08-04,-109330000.0,9075072000.0,9000324500.0,626306000.0,8448766000.0,0.325,31.355,-963621000.0,28653000.0,28653000.0,1295675000.0,315075000.0,0.542,1.841,2895442000.0,457927000.0,2437515000.0,2895442000.0,0.0,274796000.0,0.0,0.027,1.56,620865000.0,895661000.0,0.306,895661000.0,620865000.0,504624000.0,3.09,3.09,3.09,3194797000.0,3159167750.0,3194797000.0,8561816088.0,14.0,9.559,-151707000.0,-1.489,1.0,1631310000.0,0.557,742702000.0,116241000.0,10044336000.0,9879948000.0,236603000.0,0.0,0.0,0.0,5880275000.0,1154823000.0,4725452000.0,5897689088.0,-13605000.0,0.0,22967000.0,254770000.0,-160018000.0,131083000.0,-956602000.0,1597000.0,811914000.0,0.0,315075000.0,315075000.0,315075000.0,-9452000.0,0.0,0.108,1019897000.0,611413000.0,238942000.0,0.505,1.846,18.718,18.828,7430580000.0,0.0,58.18,2.015,2.025,295160000.0,1073029000.0,2926985000.0,2926985000.0,0.0,0.035,0.1,0.063,0.212,15980000.0,230264000.0,1.0,101369699.0,101892000,101892000.0,28.726,8332370000.0,0.0,189549000.0,1411315000.0,81.776,-528517000.0
24,ATO,MRT,2015-06-30,2015-06-30,2015-06-30,2021-08-04,-62241000.0,8884489000.0,8880232500.0,616649000.0,8267840000.0,0.48,31.748,-939324000.0,43153000.0,43153000.0,2600607000.0,315273000.0,0.673,1.744,2707280000.0,251977000.0,2455303000.0,2707280000.0,0.0,272315000.0,0.0,0.03,1.54,635639000.0,907954000.0,0.213,907954000.0,635639000.0,516734000.0,3.04,3.06,3.04,3238255000.0,3132026500.0,3238255000.0,7764921449.0,12.0,8.552,-119139000.0,-1.168,1.0,1663355000.0,0.39,742029000.0,118905000.0,9890010000.0,9756976000.0,213151000.0,0.0,0.0,0.0,5646234000.0,916577000.0,4729657000.0,5180243449.0,-8268000.0,0.0,14950000.0,237681000.0,-154087000.0,111908000.0,-940361000.0,-2647000.0,820185000.0,0.0,315273000.0,315273000.0,315273000.0,0.0,0.0,0.074,1027716000.0,635639000.0,227256000.0,0.507,1.6,16.431,16.868,7212088000.0,0.0,51.28,1.215,1.227,301743000.0,1092887000.0,4263962000.0,4263962000.0,0.0,0.036,0.101,0.065,0.149,14721000.0,227902000.0,1.0,101018788.0,102000000,102000000.0,41.804,8142460000.0,0.0,201461000.0,1429090000.0,79.828,-299928000.0
25,ATO,MRT,2015-03-31,2015-03-31,2015-03-31,2021-08-04,-128088000.0,8926644000.0,8748407500.0,817637000.0,8109007000.0,0.517,30.858,-907076000.0,95525000.0,95525000.0,2879516000.0,304713000.0,0.803,1.843,2680203000.0,224986000.0,2455217000.0,2680203000.0,0.0,267826000.0,0.0,0.027,1.52,623629000.0,891455000.0,0.197,891455000.0,623629000.0,500839000.0,2.94,2.96,2.94,3139694000.0,3101634000.0,3139694000.0,8459873420.0,14.0,9.49,-124396000.0,-1.223,1.0,1641215000.0,0.363,742029000.0,122790000.0,9750791000.0,9500627250.0,143154000.0,0.0,0.0,0.0,5786950000.0,1018502000.0,4768448000.0,5577671420.0,-41215000.0,0.0,6639000.0,213100000.0,-152942000.0,80161000.0,-904056000.0,-2647000.0,782680000.0,0.0,304713000.0,304713000.0,304713000.0,0.0,0.0,0.067,1017586000.0,623629000.0,295589000.0,0.517,1.777,18.305,18.81,7026078000.0,0.0,55.3,1.234,1.245,511830000.0,1075177000.0,4520731000.0,4520731000.0,0.0,0.035,0.098,0.066,0.138,14721000.0,228141000.0,1.0,100862051.0,101746000,101746000.0,44.432,8184615000.0,0.0,196126000.0,1338755000.0,80.442,-200865000.0
26,ATO,MRT,2014-12-31,2014-12-31,2014-12-31,2021-08-04,-94199000.0,9115093000.0,8638650500.0,1118764000.0,7996329000.0,0.572,30.162,-905187000.0,123832000.0,123832000.0,3328763000.0,300396000.0,0.788,1.975,3006034000.0,550903000.0,2455131000.0,3006034000.0,0.0,261111000.0,0.0,0.027,1.5,623544000.0,884655000.0,0.179,884655000.0,623544000.0,496600000.0,2.97,2.99,2.97,3063925000.0,3097900750.0,3063925000.0,8206330938.0,13.0,9.276,-179259000.0,-1.765,1.0,1616754000.0,0.327,742029000.0,126944000.0,9834655000.0,9238417000.0,277916000.0,0.0,0.0,0.0,6051168000.0,1420611000.0,4630557000.0,5595907938.0,-70731000.0,0.0,390390000.0,-147960000.0,-151856000.0,103938000.0,-900597000.0,-2647000.0,725928000.0,0.0,300396000.0,300396000.0,300396000.0,0.0,0.0,0.061,993210000.0,623544000.0,397595000.0,0.505,1.826,18.628,18.768,6912541000.0,0.0,55.74,1.132,1.145,607421000.0,975975000.0,4945517000.0,4945517000.0,0.0,0.035,0.097,0.067,0.126,14721000.0,219310000.0,1.0,100393038.0,101581000,101581000.0,48.685,8373064000.0,0.0,196204000.0,1256443000.0,82.427,-301847000.0
27,ATO,MRT,2014-09-30,2014-09-30,2014-09-30,2021-08-04,-12393000.0,8594704000.0,8513900000.0,775840000.0,7818864000.0,0.58,31.619,-824441000.0,42258000.0,42258000.0,3358490000.0,289817000.0,0.852,1.785,2652681000.0,196695000.0,2455986000.0,2652681000.0,0.0,253987000.0,0.0,0.031,1.48,606114000.0,860101000.0,0.174,860101000.0,606114000.0,476819000.0,2.96,2.96,2.96,3086232000.0,2997248000.0,3086232000.0,7191260945.0,12.0,8.361,-91628000.0,-0.939,1.0,1582426000.0,0.32,742029000.0,129295000.0,9552448000.0,8982805500.0,278917000.0,0.0,0.0,0.0,5508472000.0,910650000.0,4597822000.0,4786774945.0,-23941000.0,0.0,385762000.0,-171289000.0,-146248000.0,68225000.0,-824979000.0,-2647000.0,732813000.0,0.0,289817000.0,289817000.0,289817000.0,0.0,0.0,0.059,976312000.0,606114000.0,308086000.0,0.5,1.551,16.517,16.115,6725906000.0,0.0,47.7,0.969,0.942,343400000.0,917972000.0,4940916000.0,4940916000.0,0.0,0.034,0.097,0.067,0.123,14721000.0,211936000.0,1.0,100351676.0,97606000,97608000.0,50.621,7852675000.0,0.0,187002000.0,1286616000.0,80.453,-134810000.0
28,ATO,MRT,2014-06-30,2014-06-30,2014-06-30,2021-08-04,11300000.0,8357189000.0,8348791000.0,774643000.0,7582546000.0,0.578,30.809,-815160000.0,51421000.0,51421000.0,3281049000.0,273640000.0,0.67,1.681,2455907000.0,500000000.0,1955907000.0,2455907000.0,0.0,245922000.0,0.0,0.027,1.46,571626000.0,817548000.0,0.169,817548000.0,571626000.0,444279000.0,2.86,2.85,2.86,3116685000.0,2870792250.0,3116685000.0,7669042493.0,13.0,9.381,-81398000.0,-0.805,1.0,1545207000.0,0.32,741363000.0,127347000.0,8864615000.0,8837662250.0,207458000.0,0.0,0.0,0.0,5240504000.0,1155697000.0,4084807000.0,5349953493.0,19442000.0,0.0,383674000.0,-139588000.0,-140861000.0,103225000.0,-817545000.0,0.0,733762000.0,0.0,273640000.0,273640000.0,273640000.0,0.0,0.0,0.057,973581000.0,571626000.0,312671000.0,0.51,1.717,19.551,18.671,6461450000.0,0.0,53.4,1.109,1.119,388874000.0,932576000.0,4826256000.0,4826256000.0,0.0,0.033,0.095,0.065,0.118,17814000.0,206357000.0,1.0,100186395.0,101162000,101163000.0,47.708,7615826000.0,0.0,170639000.0,1341294000.0,75.283,-381054000.0
29,ATO,MRT,2014-03-31,2014-03-31,2014-03-31,2021-08-04,36834000.0,8487616000.0,8210193250.0,1059161000.0,7428455000.0,0.577,32.491,-814925000.0,136740000.0,136740000.0,3238850000.0,266687000.0,0.777,1.716,2455829000.0,500000000.0,1955829000.0,2455829000.0,0.0,240096000.0,0.0,0.031,1.44,556618000.0,796714000.0,0.168,796714000.0,556618000.0,428370000.0,2.84,2.82,2.84,3124761000.0,2736982000.0,3124761000.0,7237867935.0,13.0,9.085,-87158000.0,-0.906,1.0,1502171000.0,0.317,741363000.0,128248000.0,8701950000.0,8848262500.0,124950000.0,0.0,0.0,0.0,5362855000.0,1363392000.0,3999463000.0,4286885935.0,71193000.0,153023000.0,381885000.0,-234941000.0,-135487000.0,11436000.0,-668010000.0,0.0,727767000.0,0.0,266687000.0,266687000.0,266687000.0,-5294000.0,0.0,0.056,950847000.0,551324000.0,442816000.0,0.507,1.372,16.075,16.595,6269983000.0,0.0,47.13,0.904,0.956,671021000.0,924282000.0,4741021000.0,4741021000.0,0.0,0.032,0.097,0.063,0.117,17814000.0,193657000.0,1.0,90958751.0,96174000,96176000.0,49.296,7746253000.0,0.0,161683000.0,1283551000.0,80.544,-304231000.0
30,ATO,MRT,2013-12-31,2013-12-31,2013-12-31,2021-08-04,63032000.0,8616091000.0,8076721750.0,1299570000.0,7316521000.0,0.506,28.977,-835573000.0,194563000.0,194563000.0,2646518000.0,249745000.0,0.645,2.238,3145545000.0,1189795000.0,1955750000.0,3145545000.0,0.0,236897000.0,0.0,0.031,1.42,524029000.0,760926000.0,0.186,760926000.0,524029000.0,394051000.0,2.74,2.71,2.74,2661314000.0,2591659250.0,2661314000.0,6886690440.0,13.0,9.05,-218004000.0,-2.374,1.0,1438645000.0,0.352,741363000.0,129978000.0,8812209000.0,8900051000.0,286542000.0,0.0,0.0,0.0,5954777000.0,2013501000.0,3941276000.0,4129234440.0,69962000.0,153023000.0,-8281000.0,349442000.0,-130107000.0,144441000.0,-692048000.0,0.0,617569000.0,0.0,249745000.0,249745000.0,249745000.0,-9379000.0,0.0,0.061,923995000.0,514650000.0,458198000.0,0.518,1.552,16.534,16.577,6152963000.0,0.0,45.42,1.011,1.021,661213000.0,828311000.0,4085163000.0,4085163000.0,0.0,0.031,0.096,0.059,0.128,17814000.0,187749000.0,1.0,90912251.0,91841000,91843000.0,44.481,7874728000.0,0.0,144306000.0,1230052000.0,85.743,-713931000.0
31,ATO,MRT,2013-09-30,2013-09-30,2013-09-30,2021-08-04,38878000.0,7934268000.0,7913753500.0,677133000.0,7257135000.0,0.49,28.502,-845033000.0,66199000.0,66199000.0,2463410000.0,243194000.0,0.692,2.075,2823655000.0,367984000.0,2455671000.0,2823655000.0,0.0,236928000.0,0.0,0.033,1.4,514178000.0,751106000.0,0.194,751106000.0,514178000.0,385793000.0,2.68,2.64,2.68,2580409000.0,2532332000.0,2580409000.0,6425978586.0,12.0,8.555,-231906000.0,-2.562,1.0,1412050000.0,0.364,741363000.0,128385000.0,8971875000.0,8757280750.0,244741000.0,0.0,0.0,0.0,5353859000.0,978486000.0,4375373000.0,3860366586.0,1960000.0,153023000.0,-5104000.0,285592000.0,-128115000.0,85747000.0,-696914000.0,0.0,613127000.0,0.0,243194000.0,243194000.0,243194000.0,-12496000.0,0.0,0.063,910368000.0,501682000.0,241611000.0,0.522,1.496,15.874,15.892,6030655000.0,0.0,42.59,0.996,0.995,301992000.0,775267000.0,3875460000.0,3875460000.0,0.0,0.031,0.096,0.059,0.133,17814000.0,187072000.0,1.0,90640211.0,90533000,91711000.0,42.807,7192905000.0,0.0,142599000.0,1164053000.0,79.451,-301353000.0
32,ATO,MRT,2013-06-30,2013-06-30,2013-06-30,2021-08-04,23289000.0,7802798000.0,7804105250.0,682253000.0,7120545000.0,0.481,28.525,-817957000.0,31979000.0,31979000.0,2390332000.0,243625000.0,0.947,2.023,2597591000.0,141998000.0,2455593000.0,2597591000.0,0.0,238946000.0,0.0,0.034,1.4,485920000.0,724866000.0,0.193,724866000.0,485920000.0,355430000.0,2.7,2.65,2.7,2581444000.0,2477040500.0,2581444000.0,6340908500.0,13.0,8.748,-240271000.0,-2.655,1.0,1360999000.0,0.363,740814000.0,130490000.0,8907016000.0,8499812000.0,209101000.0,0.0,0.0,0.0,5221354000.0,720580000.0,4500774000.0,3717943500.0,4273000.0,281246000.0,-3783000.0,164742000.0,-127518000.0,-33185000.0,-540228000.0,0.0,577686000.0,0.0,243625000.0,243625000.0,243625000.0,-20749000.0,0.0,0.065,895828000.0,465171000.0,229876000.0,0.519,1.44,15.261,15.207,5841215000.0,0.0,41.06,0.991,0.991,350237000.0,800643000.0,3751331000.0,3751331000.0,0.0,0.031,0.098,0.057,0.13,19222000.0,183258000.0,1.0,90549038.0,90497000,91445000.0,41.453,7061984000.0,0.0,111805000.0,1197274000.0,78.036,-38327000.0
33,ATO,MRT,2013-03-31,2013-03-31,2013-03-31,2021-08-04,-3934000.0,7953730000.0,7690864500.0,1002420000.0,6951310000.0,0.451,28.095,-810852000.0,65547000.0,65547000.0,2132137000.0,235989000.0,1.082,2.127,2688512000.0,232998000.0,2455514000.0,2688512000.0,0.0,242169000.0,0.0,0.033,1.4,477286000.0,719455000.0,0.207,719455000.0,477286000.0,344628000.0,2.61,2.57,2.61,2543470000.0,2420410750.0,2543470000.0,6526989459.0,14.0,9.072,-208317000.0,-2.301,1.0,1337673000.0,0.386,740825000.0,132658000.0,8909104000.0,8245967250.0,197356000.0,0.0,0.0,0.0,5410260000.0,926766000.0,4483494000.0,3864192459.0,18507000.0,128223000.0,-3392000.0,299942000.0,-126897000.0,103048000.0,-687076000.0,0.0,602535000.0,0.0,235989000.0,235989000.0,235989000.0,-18573000.0,0.0,0.068,878960000.0,458713000.0,316411000.0,0.536,1.519,16.374,16.356,5710273000.0,0.0,42.69,1.114,1.114,485601000.0,793927000.0,3469810000.0,3469810000.0,0.0,0.031,0.097,0.058,0.138,19222000.0,179168000.0,1.0,90517509.0,90530000,91492000.0,38.328,7212905000.0,0.0,108639000.0,1168140000.0,79.674,75654000.0
34,ATO,MRT,2012-12-31,2012-12-31,2012-12-31,2021-08-04,-36081000.0,7964218000.0,7544613750.0,1164634000.0,6799584000.0,0.449,26.826,-768491000.0,124601000.0,124601000.0,2055614000.0,228675000.0,0.708,2.286,2787398000.0,831022000.0,1956376000.0,2787398000.0,0.0,245860000.0,0.0,0.04,1.395,471276000.0,717136000.0,0.212,717136000.0,471276000.0,335306000.0,2.53,2.5,2.53,2424005000.0,2374721250.0,2424005000.0,5632371096.0,12.0,7.854,-136425000.0,-1.51,1.0,1330709000.0,0.393,740836000.0,135970000.0,8241128000.0,7982123250.0,274126000.0,0.0,0.0,0.0,5540213000.0,1645051000.0,3895162000.0,3169245096.0,39441000.0,128223000.0,-3693000.0,182438000.0,-126271000.0,52461000.0,-645086000.0,0.0,632066000.0,0.0,228675000.0,228675000.0,228675000.0,-21515000.0,0.0,0.068,880948000.0,449761000.0,367312000.0,0.551,1.307,13.859,13.881,5595294000.0,0.0,35.12,0.936,0.937,500863000.0,709438000.0,3386323000.0,3386323000.0,0.0,0.03,0.096,0.059,0.139,19222000.0,179496000.0,1.0,90240464.0,90359000,91309000.0,37.476,7223382000.0,0.0,106631000.0,1066273000.0,79.941,-480417000.0
35,ATO,MRT,2012-09-30,2012-09-30,2012-09-30,2021-08-04,-47607000.0,7495675000.0,7462467250.0,827962000.0,6667713000.0,0.46,26.17,-732858000.0,64239000.0,64239000.0,2112423000.0,216717000.0,0.649,2.177,2527365000.0,571060000.0,1956305000.0,2527365000.0,0.0,246093000.0,0.0,0.039,1.39,456117000.0,702210000.0,0.204,702210000.0,456117000.0,314943000.0,2.39,2.37,2.39,2359243000.0,2335660500.0,2359243000.0,5619504436.0,12.0,8.003,-145941000.0,-1.619,1.0,1323739000.0,0.385,740847000.0,141174000.0,7942000000.0,7978537250.0,256415000.0,0.0,0.0,0.0,5136432000.0,1275954000.0,3860478000.0,3227299436.0,-67180000.0,128223000.0,-16148000.0,97107000.0,-125796000.0,-44837000.0,-609260000.0,0.0,586917000.0,0.0,216717000.0,216717000.0,216717000.0,-24521000.0,0.0,0.063,892143000.0,431596000.0,215229000.0,0.582,1.368,14.892,14.975,5475604000.0,0.0,35.79,0.939,0.939,234526000.0,660932000.0,3436162000.0,3436162000.0,0.0,0.029,0.093,0.057,0.133,19222000.0,181073000.0,1.0,90173217.0,90150000,91172000.0,38.116,6754828000.0,0.0,98226000.0,1015083000.0,74.929,-447992000.0
36,ATO,MRT,2012-06-30,2012-06-30,2012-06-30,2021-08-04,-67480000.0,7349835000.0,7409266250.0,775658000.0,6574177000.0,0.488,26.132,-730056000.0,27706000.0,27706000.0,2324005000.0,210711000.0,0.699,2.121,2419911000.0,463622000.0,1956289000.0,2419911000.0,0.0,245313000.0,0.0,0.039,1.38,468849000.0,714162000.0,0.198,714162000.0,468849000.0,323423000.0,2.32,2.31,2.32,2354925000.0,2309705000.0,2354925000.0,5490668618.0,12.0,7.688,-147968000.0,-1.642,1.0,1289973000.0,0.357,740174000.0,145426000.0,7891637000.0,7982685750.0,239329000.0,0.0,0.0,0.0,4994910000.0,1110229000.0,3884681000.0,3157368618.0,-89723000.0,0.0,-17254000.0,206104000.0,-125310000.0,63540000.0,-735351000.0,0.0,582088000.0,0.0,210711000.0,210711000.0,210711000.0,-26427000.0,0.0,0.058,847551000.0,442422000.0,178198000.0,0.595,1.341,14.984,15.116,5441886000.0,0.0,35.07,0.874,0.875,216753000.0,684907000.0,3613978000.0,3613978000.0,0.0,0.028,0.091,0.059,0.13,11586000.0,176069000.0,1.0,90030471.0,90118000,90993000.0,40.103,6609661000.0,0.0,112712000.0,1085654000.0,73.345,-334571000.0
37,ATO,MRT,2012-03-31,2012-03-31,2012-03-31,2021-08-04,-53094000.0,7368727000.0,7320175000.0,893841000.0,6474886000.0,0.53,26.224,-687425000.0,47040000.0,47040000.0,2617572000.0,179013000.0,0.807,2.121,2380340000.0,424127000.0,1956213000.0,2380340000.0,0.0,242390000.0,0.0,0.044,1.37,419816000.0,662206000.0,0.171,662206000.0,419816000.0,273454000.0,1.97,1.96,1.97,2360712000.0,2304929750.0,2360712000.0,5343054688.0,13.0,8.069,-182329000.0,-2.025,1.0,1263607000.0,0.326,740185000.0,146362000.0,7853728000.0,7933932000.0,221112000.0,0.0,0.0,0.0,5008015000.0,1108114000.0,3899901000.0,2831905688.0,-106206000.0,0.0,-17618000.0,205277000.0,-124851000.0,82887000.0,-694189000.0,0.0,505096000.0,0.0,179013000.0,179013000.0,179013000.0,-24217000.0,0.0,0.046,868008000.0,395599000.0,309864000.0,0.695,1.2,15.82,15.97,5334012000.0,0.0,31.46,0.73,0.73,350261000.0,685206000.0,3881179000.0,3881179000.0,0.0,0.024,0.078,0.053,0.108,11586000.0,181587000.0,1.0,90016074.0,90020000,90322000.0,43.115,6628542000.0,0.0,94441000.0,1062488000.0,73.634,-214273000.0
38,ATO,MRT,2011-12-31,2011-12-31,2011-12-31,2021-08-04,-65221000.0,7635632000.0,7226949250.0,1261241000.0,6374391000.0,0.586,25.126,-654197000.0,85160000.0,85160000.0,2945679000.0,202111000.0,1.069,2.367,2596309000.0,390116000.0,2206193000.0,2596309000.0,0.0,237727000.0,0.0,0.041,1.365,451301000.0,689028000.0,0.163,689028000.0,451301000.0,303707000.0,2.22,2.21,2.22,2267762000.0,2308246500.0,2267762000.0,5297169434.0,12.0,7.688,-132468000.0,-1.468,1.0,1291488000.0,0.305,740196000.0,147594000.0,8226784000.0,7766629250.0,325669000.0,0.0,0.0,0.0,5367870000.0,1179801000.0,4188069000.0,3013641434.0,-44732000.0,0.0,-17104000.0,186615000.0,-124526000.0,92867000.0,-659328000.0,0.0,521729000.0,0.0,202111000.0,202111000.0,202111000.0,-21239000.0,0.0,0.048,861426000.0,430062000.0,432332000.0,0.615,1.329,14.911,15.023,5246213000.0,0.0,33.35,0.711,0.71,489797000.0,607485000.0,4237167000.0,4237167000.0,0.0,0.028,0.088,0.058,0.107,11586000.0,180510000.0,1.0,90364061.0,90254000,90546000.0,46.947,6895436000.0,0.0,101596000.0,981559000.0,76.4,81440000.0
39,ATO,MRT,2011-09-30,2011-09-30,2011-09-30,2021-08-04,-48460000.0,7282871000.0,7123447000.0,1010953000.0,6271918000.0,0.602,25.004,-622965000.0,131419000.0,131419000.0,2985615000.0,207601000.0,1.165,2.229,2414947000.0,208830000.0,2206117000.0,2414947000.0,0.0,233155000.0,0.0,0.042,1.36,465183000.0,698338000.0,0.163,698338000.0,465183000.0,314420000.0,2.28,2.27,2.28,2255421000.0,2310019250.0,2255421000.0,5020869180.0,11.0,7.19,-40121000.0,-0.445,1.0,1300820000.0,0.303,740207000.0,150763000.0,7958594000.0,7534698250.0,289760000.0,0.0,0.0,0.0,5027450000.0,867598000.0,4159852000.0,2929758180.0,-533000.0,0.0,2497000.0,117641000.0,-124011000.0,44009000.0,-627386000.0,0.0,582844000.0,0.0,207601000.0,207601000.0,207601000.0,-18013000.0,0.0,0.048,853650000.0,447170000.0,291205000.0,0.596,1.299,14.112,14.232,5147918000.0,0.0,32.45,0.683,0.683,273303000.0,570495000.0,4286435000.0,4286435000.0,0.0,0.029,0.09,0.062,0.109,11586000.0,177767000.0,1.0,90285306.0,90201000,90652000.0,47.521,6542664000.0,0.0,106819000.0,960093000.0,72.534,143355000.0
40,ATO,MRT,2011-06-30,2011-06-30,2011-06-30,2021-08-04,5746000.0,6993470000.0,6993677000.0,989748000.0,6003722000.0,0.604,25.917,-570570000.0,117429000.0,117429000.0,2938514000.0,207177000.0,1.527,1.994,2208540000.0,2434000.0,2206106000.0,2208540000.0,0.0,228479000.0,0.0,0.041,1.36,464244000.0,692723000.0,0.164,692723000.0,464244000.0,312998000.0,2.28,2.26,2.28,2335824000.0,2290751000.0,2335824000.0,5009980142.0,11.0,7.232,80904000.0,0.898,1.0,1286497000.0,0.304,739677000.0,151246000.0,7696622000.0,7300398250.0,256768000.0,0.0,0.0,0.0,4657646000.0,648282000.0,4009364000.0,3003469142.0,-62954000.0,0.0,-98028000.0,32702000.0,-123413000.0,-140857000.0,-573571000.0,0.0,651474000.0,0.0,207177000.0,207177000.0,207177000.0,-22767000.0,0.0,0.049,845020000.0,441477000.0,312205000.0,0.596,1.286,14.497,14.583,4916051000.0,0.0,33.25,0.711,0.709,342092000.0,599506000.0,4225011000.0,4225011000.0,0.0,0.03,0.09,0.064,0.11,12655000.0,178938000.0,1.0,90329899.0,90127000,90127000.0,46.878,6253793000.0,0.0,105821000.0,967607000.0,69.389,341466000.0
41,ATO,MRT,2011-03-31,2011-03-31,2011-03-31,2021-08-04,14009000.0,6995824000.0,6891722000.0,984088000.0,6011736000.0,0.601,26.306,-556670000.0,153246000.0,153246000.0,2875343000.0,204589000.0,0.913,1.947,2159757000.0,352434000.0,1807323000.0,2159757000.0,0.0,223338000.0,0.0,0.04,1.355,463224000.0,686562000.0,0.166,686562000.0,463224000.0,310556000.0,2.26,2.24,2.26,2373979000.0,2285227500.0,2373979000.0,5368981865.0,12.0,7.82,124819000.0,1.383,1.0,1267358000.0,0.306,739834000.0,152668000.0,7184517000.0,7083140750.0,228051000.0,0.0,0.0,0.0,4621845000.0,1077984000.0,3543861000.0,3091127865.0,-77907000.0,0.0,-97230000.0,-8840000.0,-123804000.0,-202071000.0,-557325000.0,0.0,681489000.0,0.0,204589000.0,204589000.0,204589000.0,-22934000.0,0.0,0.049,827068000.0,440290000.0,423726000.0,0.6,1.302,15.109,15.088,4914650000.0,0.0,34.1,0.746,0.743,458813000.0,631044000.0,4142701000.0,4142701000.0,0.0,0.03,0.09,0.065,0.112,12655000.0,178704000.0,1.0,90648911.0,90246000,90533000.0,45.905,6255990000.0,0.0,105967000.0,944605000.0,69.322,-93896000.0
42,ATO,MRT,2010-12-31,2010-12-31,2010-12-31,2021-08-04,19601000.0,7221623000.0,6831063500.0,1263255000.0,5958368000.0,0.659,25.253,-550359000.0,129892000.0,129892000.0,3233459000.0,186506000.0,0.865,2.175,2407746000.0,600427000.0,1807319000.0,2407746000.0,0.0,219282000.0,0.0,0.043,1.35,446363000.0,665645000.0,0.148,665645000.0,446363000.0,291988000.0,2.03,2.01,2.03,2274853000.0,2276443500.0,2274853000.0,4984984357.0,11.0,7.489,126785000.0,1.407,1.0,1268011000.0,0.282,739991000.0,154375000.0,7299060000.0,7033856500.0,339105000.0,0.0,0.0,0.0,4946770000.0,1460426000.0,3486344000.0,2821154357.0,-44937000.0,0.0,-94534000.0,45430000.0,-124055000.0,-173159000.0,-548922000.0,0.0,677144000.0,0.0,186506000.0,186506000.0,186506000.0,-18885000.0,0.0,0.041,840533000.0,427478000.0,510085000.0,0.665,1.24,15.126,15.369,4859344000.0,0.0,31.2,0.627,0.624,564934000.0,529900000.0,4501470000.0,4501470000.0,0.0,0.027,0.082,0.063,0.099,12655000.0,184759000.0,1.0,90421614.0,90082000,90408000.0,49.971,6481632000.0,0.0,105482000.0,892090000.0,71.953,-197171000.0
43,ATO,MRT,2010-09-30,2010-09-30,2010-09-30,2021-08-04,-23372000.0,6763791000.0,6744513750.0,875192000.0,5888599000.0,0.691,23.716,-542636000.0,131952000.0,131952000.0,3346924000.0,205839000.0,0.751,2.105,2295782000.0,486231000.0,1809551000.0,2295782000.0,0.0,216960000.0,0.0,0.046,1.345,479230000.0,696190000.0,0.149,696190000.0,479230000.0,325042000.0,2.22,2.2,2.22,2178348000.0,2272249250.0,2178348000.0,4626321929.0,10.0,6.645,183840000.0,2.001,1.0,1314136000.0,0.282,740148000.0,154188000.0,7021394000.0,6990991250.0,319038000.0,0.0,0.0,0.0,4585443000.0,1166079000.0,3419364000.0,2637027929.0,20749000.0,0.0,-92875000.0,54137000.0,-124287000.0,-163025000.0,-542702000.0,0.0,726476000.0,0.0,205839000.0,205839000.0,205839000.0,-15988000.0,0.0,0.044,850894000.0,463242000.0,266208000.0,0.606,1.211,12.811,13.176,4793075000.0,0.0,29.25,0.566,0.576,273207000.0,486905000.0,4661060000.0,4661060000.0,0.0,0.031,0.091,0.069,0.103,12655000.0,187143000.0,1.0,90154801.0,91852000,92422000.0,50.745,6023643000.0,0.0,119203000.0,829128000.0,65.58,-290887000.0
44,ATO,MRT,2010-06-30,2010-06-30,2010-06-30,2021-08-04,-14566000.0,6585650000.0,6645336750.0,873973000.0,5711677000.0,0.684,24.973,-529517000.0,180383000.0,180383000.0,3227410000.0,188350000.0,0.867,1.846,2169677000.0,360131000.0,1809546000.0,2169677000.0,0.0,216658000.0,0.0,0.049,1.335,455653000.0,672311000.0,0.148,672311000.0,455653000.0,303493000.0,2.01,2.01,2.01,2313730000.0,2271852500.0,2313730000.0,4457152855.0,10.0,6.63,159686000.0,1.724,1.0,1317611000.0,0.29,739593000.0,152160000.0,6827592000.0,6990761750.0,263752000.0,0.0,0.0,0.0,4271920000.0,1007759000.0,3264161000.0,2518699855.0,54648000.0,0.0,15160000.0,6317000.0,-124464000.0,-102987000.0,-531568000.0,0.0,689203000.0,0.0,188350000.0,188350000.0,188350000.0,-8754000.0,0.0,0.041,870712000.0,446899000.0,254150000.0,0.664,1.089,13.372,13.453,4669043000.0,0.0,27.04,0.554,0.551,299835000.0,515742000.0,4545021000.0,4545021000.0,0.0,0.028,0.083,0.065,0.1,14494000.0,184287000.0,1.0,93147184.0,92648000,92648000.0,49.057,5846057000.0,0.0,115143000.0,755722000.0,63.1,-133786000.0
45,ATO,MRT,2010-03-31,2010-03-31,2010-03-31,2021-08-04,-21213000.0,6753190000.0,6522931750.0,1107359000.0,5645831000.0,0.7,25.28,-520793000.0,231153000.0,231153000.0,3234906000.0,193468000.0,1.148,1.887,2169606000.0,10131000.0,2159475000.0,2169606000.0,0.0,217551000.0,0.0,0.047,1.33,468019000.0,685570000.0,0.15,685570000.0,468019000.0,311615000.0,2.06,2.06,2.06,2338843000.0,2241300000.0,2338843000.0,4833042180.0,10.0,7.05,267276000.0,2.889,1.0,1329585000.0,0.291,739750000.0,156404000.0,6987380000.0,6973090500.0,208589000.0,0.0,0.0,0.0,4414347000.0,964513000.0,3449834000.0,2658558180.0,-250932000.0,0.0,23863000.0,-413779000.0,-123564000.0,-513480000.0,-525521000.0,0.0,788069000.0,0.0,193468000.0,193468000.0,193468000.0,-7679000.0,0.0,0.042,869245000.0,460340000.0,521913000.0,0.646,1.137,13.742,13.869,4590475000.0,0.0,28.57,0.582,0.579,546356000.0,550259000.0,4564491000.0,4564491000.0,0.0,0.03,0.086,0.067,0.103,14494000.0,179956000.0,1.0,93054189.0,92518000,92853000.0,49.336,6013440000.0,0.0,118147000.0,594269000.0,64.998,142846000.0
46,ATO,MRT,2009-12-31,2009-12-31,2009-12-31,2021-08-04,-12444000.0,6875424000.0,6506074500.0,1286578000.0,5588846000.0,0.683,24.504,-517566000.0,174829000.0,174829000.0,3110316000.0,208345000.0,1.088,2.045,2349313000.0,189843000.0,2159470000.0,2349313000.0,0.0,217921000.0,0.0,0.045,1.325,468412000.0,686333000.0,0.154,686333000.0,468412000.0,316057000.0,2.25,2.24,2.25,2258076000.0,2201212750.0,2258076000.0,4853314942.0,10.0,7.071,346108000.0,3.756,1.0,1335315000.0,0.3,739907000.0,152355000.0,7127599000.0,6913296250.0,399582000.0,0.0,0.0,0.0,4617348000.0,1182402000.0,3434946000.0,2722436942.0,105030000.0,0.0,27293000.0,-139410000.0,-122529000.0,-232708000.0,-525936000.0,0.0,863674000.0,0.0,208345000.0,208345000.0,208345000.0,-7679000.0,0.0,0.047,874582000.0,460733000.0,578805000.0,0.589,1.206,13.067,13.067,4523188000.0,0.0,29.4,0.612,0.609,597012000.0,467449000.0,4445631000.0,4445631000.0,0.0,0.032,0.095,0.068,0.105,14494000.0,178657000.0,1.0,92599896.0,92152000,92509000.0,48.242,6135517000.0,0.0,107712000.0,588423000.0,66.58,104176000.0
47,ATO,MRT,2009-09-30,2009-09-30,2009-09-30,2021-08-04,-20184000.0,6367083000.0,6491943250.0,828940000.0,5538143000.0,0.75,23.89,-509494000.0,111203000.0,111203000.0,3549433000.0,190978000.0,1.124,1.925,2242081000.0,72681000.0,2169400000.0,2242081000.0,0.0,217208000.0,0.0,0.047,1.32,440978000.0,658186000.0,0.135,658186000.0,440978000.0,288340000.0,2.08,2.07,2.08,2176761000.0,2156212750.0,2176761000.0,4644029430.0,11.0,7.056,409739000.0,4.497,1.0,1319678000.0,0.271,740064000.0,152638000.0,7020476000.0,6749775250.0,352728000.0,0.0,0.0,0.0,4190322000.0,737421000.0,3452901000.0,2600238430.0,64486000.0,0.0,27687000.0,-245711000.0,-121460000.0,-337546000.0,-517201000.0,0.0,919233000.0,0.0,190978000.0,190978000.0,190978000.0,-7679000.0,0.0,0.039,886379000.0,433299000.0,207421000.0,0.635,1.195,13.615,13.548,4439103000.0,0.0,28.18,0.534,0.527,232806000.0,405353000.0,4869111000.0,4869111000.0,0.0,0.029,0.089,0.065,0.091,14494000.0,180242000.0,1.0,92272478.0,91117000,91620000.0,53.438,5627019000.0,0.0,97362000.0,570940000.0,61.756,91519000.0
48,ATO,MRT,2009-06-30,2009-06-30,2009-06-30,2021-08-04,-39981000.0,6096030000.0,6496847250.0,796012000.0,5300018000.0,0.886,23.994,-501721000.0,125735000.0,125735000.0,4373203000.0,208512000.0,1.235,1.782,2169526000.0,131000.0,2169395000.0,2169526000.0,0.0,213540000.0,0.0,0.053,1.32,470068000.0,683608000.0,0.119,683608000.0,470068000.0,319914000.0,2.25,2.25,2.25,2191520000.0,2125145500.0,2191520000.0,4391184357.0,9.0,6.424,276425000.0,3.026,1.0,1385975000.0,0.241,738615000.0,150154000.0,6756907000.0,6710888250.0,317275000.0,0.0,0.0,0.0,3904510000.0,644299000.0,3260211000.0,2303903357.0,79234000.0,0.0,26331000.0,-92557000.0,-120376000.0,-184664000.0,-514248000.0,0.0,778146000.0,0.0,208512000.0,208512000.0,208512000.0,0.0,0.0,0.036,915907000.0,470068000.0,221968000.0,0.587,1.051,11.049,11.129,4339364000.0,0.0,25.04,0.4,0.397,241582000.0,451856000.0,5759178000.0,5759178000.0,0.0,0.032,0.098,0.07,0.082,14032000.0,189613000.0,1.0,92008920.0,91338000,91652000.0,63.053,5357415000.0,0.0,111402000.0,510901000.0,58.655,151713000.0
49,ATO,MRT,2009-03-31,2009-03-31,2009-03-31,2021-08-04,-70628000.0,6685761000.0,6569037250.0,1478555000.0,5207206000.0,1.007,23.991,-494881000.0,482085000.0,482085000.0,5244991000.0,199960000.0,1.15,2.069,2569366000.0,400225000.0,2169141000.0,2569366000.0,0.0,209715000.0,0.0,0.057,1.32,447475000.0,657190000.0,0.099,657190000.0,447475000.0,305362000.0,2.16,2.16,2.16,2178494000.0,2103617250.0,2178494000.0,4530052998.0,10.0,6.893,11482000.0,0.126,1.0,1372557000.0,0.207,738772000.0,142113000.0,6748203000.0,6672712500.0,327288000.0,0.0,0.0,0.0,4507267000.0,1286067000.0,3221200000.0,2118591998.0,342449000.0,0.0,25041000.0,434820000.0,-119303000.0,342496000.0,-506410000.0,0.0,506363000.0,0.0,199960000.0,199960000.0,199960000.0,0.0,0.0,0.03,925082000.0,447475000.0,472078000.0,0.611,0.973,10.595,10.704,4263192000.0,0.0,23.12,0.32,0.317,531749000.0,480355000.0,6617548000.0,6617548000.0,0.0,0.03,0.095,0.067,0.068,14032000.0,199371000.0,1.0,91634602.0,90803000,91101000.0,72.878,5946989000.0,0.0,105402000.0,466868000.0,65.493,192488000.0
50,ATO,MRT,2008-12-31,2008-12-31,2008-12-31,2021-08-04,-61849000.0,6818899000.0,6502845500.0,1683108000.0,5135791000.0,1.12,22.97,-485485000.0,69799000.0,69799000.0,5933227000.0,182491000.0,0.834,2.281,2481260000.0,761340000.0,1719920000.0,2481260000.0,0.0,205055000.0,0.0,0.055,1.315,435103000.0,640158000.0,0.088,640158000.0,435103000.0,295007000.0,2.0,2.0,2.0,2078076000.0,2090492000.0,2078076000.0,4584271685.0,11.0,7.161,-25274000.0,-0.279,1.0,1346900000.0,0.185,738929000.0,140096000.0,6473515000.0,6589753750.0,582743000.0,0.0,0.0,0.0,4740823000.0,2017916000.0,2722907000.0,2159869685.0,17925000.0,0.0,25571000.0,145975000.0,-118275000.0,53271000.0,-495557000.0,0.0,460211000.0,0.0,182491000.0,182491000.0,182491000.0,0.0,0.0,0.025,911797000.0,435103000.0,815095000.0,0.657,1.039,11.835,11.85,4194748000.0,0.0,23.7,0.297,0.295,833125000.0,381633000.0,7280127000.0,7280127000.0,0.0,0.028,0.087,0.066,0.06,14032000.0,195465000.0,1.0,91133742.0,90471000,90769000.0,80.469,6079970000.0,0.0,112516000.0,431324000.0,67.204,-334808000.0
51,ATO,MRT,2008-09-30,2008-09-30,2008-09-30,2021-08-04,-35947000.0,6386699000.0,6398061500.0,1285104000.0,5101595000.0,1.129,22.962,-472273000.0,46717000.0,46717000.0,5899979000.0,180331000.0,1.065,2.112,2471119000.0,351327000.0,2119792000.0,2471119000.0,0.0,200442000.0,0.0,0.049,1.31,430626000.0,631068000.0,0.087,631068000.0,430626000.0,292704000.0,2.0,1.99,2.0,2052492000.0,2079093750.0,2052492000.0,4537896636.0,11.0,7.191,-101340000.0,-1.134,1.0,1321326000.0,0.183,739086000.0,137922000.0,6864928000.0,6622756000.0,576617000.0,0.0,0.0,0.0,4334207000.0,1207087000.0,3127120000.0,2412504636.0,-14008000.0,0.0,25466000.0,189890000.0,-117288000.0,98068000.0,-483009000.0,0.0,370933000.0,0.0,180331000.0,180331000.0,180331000.0,0.0,0.0,0.025,890700000.0,430626000.0,395388000.0,0.655,1.175,13.378,13.31,4136859000.0,0.0,26.62,0.334,0.33,477151000.0,343601000.0,7221305000.0,7221305000.0,0.0,0.028,0.087,0.065,0.06,14032000.0,192755000.0,1.0,90627522.0,89385000,89941000.0,80.789,5647613000.0,0.0,112373000.0,441302000.0,63.183,78017000.0
52,ATO,MRT,2008-06-30,2008-06-30,2008-06-30,2021-08-04,693000.0,6384790000.0,6275186000.0,1396958000.0,4987832000.0,1.081,23.485,-442290000.0,108653000.0,108653000.0,5514662000.0,172835000.0,1.195,2.033,2234045000.0,114316000.0,2119729000.0,2234045000.0,0.0,197487000.0,0.0,0.047,1.3,405569000.0,603056000.0,0.089,603056000.0,405569000.0,265803000.0,1.91,1.89,1.91,2105407000.0,2057409250.0,2105407000.0,4445420186.0,11.0,7.371,-30484000.0,-0.34,1.0,1268042000.0,0.187,737221000.0,139766000.0,6604204000.0,6521415750.0,571532000.0,0.0,0.0,0.0,4279383000.0,1168757000.0,3110626000.0,2486498186.0,-303882000.0,0.0,25077000.0,-177236000.0,-116367000.0,-268526000.0,-447162000.0,0.0,411806000.0,0.0,172835000.0,172835000.0,172835000.0,0.0,0.0,0.025,862473000.0,405569000.0,582353000.0,0.681,1.181,14.387,14.435,4012888000.0,0.0,27.57,0.367,0.364,601164000.0,371486000.0,6782704000.0,6782704000.0,0.0,0.028,0.084,0.062,0.06,11934000.0,186342000.0,1.0,90188545.0,89648000,89648000.0,75.659,5647569000.0,0.0,92968000.0,450669000.0,62.997,228201000.0
53,ATO,MRT,2008-03-31,2008-03-31,2008-03-31,2021-08-04,-3978000.0,6420994000.0,6192940750.0,1492714000.0,4928280000.0,1.027,23.804,-418365000.0,169227000.0,169227000.0,5111875000.0,166063000.0,1.217,2.02,2128149000.0,8453000.0,2119696000.0,2128149000.0,0.0,196105000.0,0.0,0.051,1.29,395257000.0,591362000.0,0.093,591362000.0,395257000.0,254482000.0,1.83,1.81,1.83,2125993000.0,2028093000.0,2125993000.0,4572823100.0,12.0,7.733,95995000.0,1.075,1.0,1249836000.0,0.196,737380000.0,140775000.0,6416368000.0,6443011000.0,421980000.0,0.0,0.0,0.0,4295001000.0,1226168000.0,3068833000.0,2293920100.0,-36644000.0,0.0,25308000.0,-37423000.0,-115455000.0,-122820000.0,-428184000.0,0.0,514360000.0,0.0,166063000.0,166063000.0,166063000.0,0.0,0.0,0.026,854579000.0,395257000.0,809140000.0,0.705,1.079,13.814,13.934,3948866000.0,0.0,25.5,0.361,0.358,805940000.0,407464000.0,6361711000.0,6361711000.0,0.0,0.027,0.082,0.061,0.062,11934000.0,181888000.0,1.0,89957651.0,89314000,89990000.0,71.229,5683614000.0,0.0,88419000.0,420232000.0,63.636,266546000.0
54,ATO,MRT,2007-12-31,2007-12-31,2007-12-31,2021-08-04,-6193000.0,6399763000.0,6114966750.0,1520021000.0,4879742000.0,0.974,22.835,-399604000.0,51874000.0,51874000.0,4709180000.0,161034000.0,1.138,2.149,2330777000.0,205862000.0,2124915000.0,2330777000.0,0.0,198381000.0,0.0,0.046,1.285,393497000.0,591878000.0,0.099,591878000.0,393497000.0,250976000.0,1.79,1.77,1.79,2032483000.0,2002083000.0,2032483000.0,4736603130.0,12.0,8.003,43959000.0,0.494,1.0,1244128000.0,0.209,737536000.0,142521000.0,6605524000.0,6325311750.0,564426000.0,0.0,0.0,0.0,4367280000.0,1335606000.0,3031674000.0,2516583130.0,-42532000.0,0.0,24925000.0,9401000.0,-114581000.0,-75505000.0,-410590000.0,0.0,443563000.0,0.0,161034000.0,161034000.0,161034000.0,0.0,0.0,0.027,850631000.0,393497000.0,739807000.0,0.718,1.238,15.628,15.665,3888126000.0,0.0,28.04,0.423,0.419,776866000.0,325183000.0,5953308000.0,5953308000.0,0.0,0.026,0.08,0.062,0.066,11934000.0,184226000.0,1.0,89749755.0,89006000,89608000.0,66.887,5662227000.0,0.0,89942000.0,378425000.0,63.616,184415000.0
55,ATO,MRT,2007-09-30,2007-09-30,2007-09-30,2021-08-04,-16198000.0,5895197000.0,6069124750.0,1067175000.0,4828022000.0,0.972,22.601,-392435000.0,60725000.0,60725000.0,4648349000.0,168492000.0,1.163,1.999,2280745000.0,154430000.0,2126315000.0,2280745000.0,0.0,198863000.0,0.0,0.045,1.28,407820000.0,606683000.0,0.103,606683000.0,407820000.0,262584000.0,1.94,1.92,1.94,1965754000.0,1974076500.0,1965754000.0,4591573004.0,11.0,7.568,154660000.0,1.778,1.0,1250082000.0,0.212,737692000.0,145236000.0,6459567000.0,6197059500.0,515128000.0,0.0,0.0,0.0,3929443000.0,917958000.0,3011485000.0,2525014004.0,-15090000.0,0.0,216810000.0,-269210000.0,-111664000.0,-159314000.0,-402871000.0,0.0,547095000.0,0.0,168492000.0,168492000.0,168492000.0,0.0,0.0,0.029,842262000.0,407820000.0,355255000.0,0.66,1.285,14.986,14.598,3836836000.0,0.0,28.32,0.428,0.418,380133000.0,281127000.0,5898431000.0,5898431000.0,0.0,0.028,0.085,0.066,0.069,11934000.0,182866000.0,1.0,89160099.0,86975000,87745000.0,67.818,5157505000.0,0.0,94092000.0,370569000.0,59.299,149217000.0
56,ATO,MRT,2007-06-30,2007-06-30,2007-06-30,2021-08-04,-16373000.0,6055809000.0,6025212250.0,1334493000.0,4721316000.0,0.974,22.499,-365656000.0,363959000.0,363959000.0,4575450000.0,180465000.0,1.22,2.046,2430518000.0,303992000.0,2126526000.0,2430518000.0,0.0,197457000.0,0.0,0.042,1.275,444778000.0,642235000.0,0.109,642235000.0,444778000.0,296523000.0,2.11,2.08,2.11,1988142000.0,1894662500.0,1988142000.0,4634035424.0,10.0,7.215,275020000.0,3.112,1.0,1292371000.0,0.22,738065000.0,148255000.0,6290585000.0,6161259500.0,463896000.0,0.0,0.0,0.0,4067667000.0,1093718000.0,2973949000.0,2669515424.0,323534000.0,0.0,216378000.0,-52957000.0,-108834000.0,59337000.0,-376479000.0,0.0,640676000.0,0.0,180465000.0,180465000.0,180465000.0,0.0,0.0,0.031,847593000.0,444778000.0,428806000.0,0.604,1.343,14.792,14.246,3757476000.0,0.0,30.06,0.455,0.453,429119000.0,315587000.0,5867821000.0,5867821000.0,0.0,0.03,0.095,0.072,0.076,10234000.0,182996000.0,1.0,88806235.0,88366000,88366000.0,66.404,5317744000.0,0.0,116058000.0,367025000.0,60.179,240775000.0
57,ATO,MRT,2007-03-31,2007-03-31,2007-03-31,2021-08-04,-15144000.0,6109098000.0,5915379250.0,1429417000.0,4679681000.0,0.932,22.956,-384886000.0,217043000.0,217043000.0,4244057000.0,175680000.0,1.028,2.021,2181563000.0,303232000.0,1878331000.0,2181563000.0,0.0,195321000.0,0.0,0.041,1.275,438547000.0,633868000.0,0.115,633868000.0,438547000.0,288827000.0,2.04,2.01,2.04,2021953000.0,1813766000.0,2021953000.0,5012696248.0,11.0,7.908,290099000.0,3.294,1.0,1268855000.0,0.23,738217000.0,149720000.0,5945571000.0,6153732000.0,364478000.0,0.0,0.0,0.0,4087145000.0,1389830000.0,2697315000.0,2770689248.0,127381000.0,0.0,215561000.0,-265623000.0,-105982000.0,-156044000.0,-391560000.0,0.0,674985000.0,0.0,175680000.0,175680000.0,175680000.0,0.0,0.0,0.032,830308000.0,438547000.0,665212000.0,0.625,1.37,15.771,15.333,3711830000.0,0.0,31.28,0.503,0.5,721058000.0,357425000.0,5512912000.0,5512912000.0,0.0,0.03,0.097,0.071,0.08,10234000.0,178594000.0,1.0,88577022.0,88078000,88735000.0,62.591,5370881000.0,0.0,113147000.0,342328000.0,60.979,39587000.0
58,ATO,MRT,2006-12-31,2006-12-31,2006-12-31,2021-08-04,-29771000.0,6216395000.0,5887367500.0,1575638000.0,4640757000.0,0.929,23.215,-409845000.0,94406000.0,94406000.0,4225604000.0,157971000.0,0.968,2.237,2336413000.0,457680000.0,1878733000.0,2336413000.0,0.0,191331000.0,0.0,0.04,1.275,406091000.0,597422000.0,0.109,597422000.0,406091000.0,256141000.0,1.93,1.91,1.93,1920457000.0,1734850500.0,1920457000.0,5065498405.0,12.0,8.479,261942000.0,3.166,1.0,1245572000.0,0.228,738369000.0,149950000.0,6092515000.0,6239859250.0,520034000.0,0.0,0.0,0.0,4295938000.0,1627518000.0,2668420000.0,2610996405.0,44955000.0,0.0,214964000.0,-322874000.0,-103107000.0,-211017000.0,-415815000.0,0.0,671787000.0,0.0,157971000.0,157971000.0,157971000.0,0.0,0.0,0.029,839481000.0,406091000.0,762487000.0,0.661,1.36,16.528,16.534,3667915000.0,0.0,31.91,0.477,0.482,766632000.0,279299000.0,5471176000.0,5471176000.0,0.0,0.027,0.091,0.065,0.074,10234000.0,186644000.0,1.0,81823767.0,82726000,83350000.0,66.136,5478026000.0,0.0,98170000.0,324296000.0,66.219,-51880000.0
59,ATO,MRT,2006-09-30,2006-09-30,2006-09-30,2021-08-04,-43850000.0,5719547000.0,5988019250.0,1117545000.0,4602002000.0,1.027,20.415,-425324000.0,111462000.0,111462000.0,4935793000.0,147737000.0,0.999,2.47,2565964000.0,385602000.0,2180362000.0,2565964000.0,0.0,185596000.0,0.0,0.045,1.275,383497000.0,569093000.0,0.092,569093000.0,383497000.0,236890000.0,1.83,1.82,1.83,1648098000.0,1664140500.0,1648098000.0,4725702892.0,12.0,8.304,-113875000.0,-1.411,1.0,1216570000.0,0.198,738521000.0,146607000.0,6316367000.0,6308475750.0,461502000.0,0.0,0.0,0.0,4071449000.0,1119161000.0,2952288000.0,2329557892.0,35699000.0,0.0,23273000.0,234343000.0,-102275000.0,155341000.0,-431091000.0,0.0,311449000.0,0.0,147737000.0,147737000.0,147737000.0,0.0,0.0,0.024,833073000.0,383497000.0,345108000.0,0.697,1.413,15.768,15.601,3629156000.0,0.0,28.55,0.379,0.375,374629000.0,224299000.0,6152363000.0,6152363000.0,0.0,0.025,0.089,0.061,0.062,10234000.0,191993000.0,1.0,81595723.0,80731000,81390000.0,76.208,4981026000.0,0.0,89153000.0,306172000.0,61.699,-1616000.0
60,ATO,MRT,2006-06-30,2006-06-30,2006-06-30,2021-08-04,-35840000.0,5616477000.0,5971514250.0,1050171000.0,4566306000.0,1.035,20.591,-429023000.0,85025000.0,85025000.0,5027337000.0,124876000.0,1.035,2.374,2481170000.0,300418000.0,2180752000.0,2481170000.0,0.0,182408000.0,0.0,0.046,1.27,341791000.0,524199000.0,0.085,524199000.0,341791000.0,200812000.0,1.52,1.52,1.52,1664556000.0,1652721500.0,1664556000.0,4649247933.0,14.0,8.869,-206046000.0,-2.549,1.0,1154859000.0,0.187,737349000.0,140979000.0,6260475000.0,6232656500.0,437069000.0,0.0,0.0,0.0,3951921000.0,1014798000.0,2937123000.0,2264940933.0,3212000.0,-42000.0,22238000.0,293845000.0,-101489000.0,214594000.0,-434359000.0,0.0,222977000.0,0.0,124876000.0,124876000.0,124876000.0,0.0,0.0,0.02,813068000.0,341791000.0,306805000.0,0.836,1.361,18.138,18.362,3579083000.0,0.0,27.91,0.366,0.365,409087000.0,243956000.0,6182196000.0,6182196000.0,0.0,0.021,0.076,0.055,0.055,3901000.0,192850000.0,1.0,81151592.0,80840000,80840000.0,76.474,4879128000.0,0.0,75936000.0,283757000.0,60.355,35373000.0
61,ATO,MRT,2006-03-31,2006-03-31,2006-03-31,2021-08-04,-29575000.0,5997051000.0,5831881000.0,1491813000.0,4505238000.0,1.068,21.177,-408947000.0,62436000.0,62436000.0,5054197000.0,147507000.0,1.102,2.515,2446743000.0,265623000.0,2181120000.0,2446743000.0,0.0,179018000.0,0.0,0.048,1.26,377017000.0,556035000.0,0.089,556035000.0,377017000.0,238293000.0,1.8,1.8,1.8,1706291000.0,1640585000.0,1706291000.0,4666013114.0,12.0,8.392,-273705000.0,-3.397,1.0,1171633000.0,0.188,737495000.0,138724000.0,6290080000.0,6145292000.0,440946000.0,0.0,0.0,0.0,4290760000.0,1353783000.0,2936977000.0,2130698114.0,-198227000.0,-4164000.0,22781000.0,160577000.0,-100700000.0,82658000.0,-416127000.0,0.0,135242000.0,0.0,147507000.0,147507000.0,147507000.0,0.0,0.0,0.024,794616000.0,377017000.0,708134000.0,0.7,1.249,14.445,14.628,3511042000.0,0.0,26.33,0.342,0.341,793019000.0,287727000.0,6225830000.0,6225830000.0,0.0,0.025,0.09,0.061,0.061,3901000.0,191286000.0,1.0,80922830.0,80573000,81040000.0,77.269,5259556000.0,0.0,90786000.0,287841000.0,65.277,138030000.0
62,ATO,MRT,2005-12-31,2005-12-31,2005-12-31,2021-08-04,-26139000.0,6619002000.0,5685729250.0,2176281000.0,4442721000.0,1.034,20.404,-368447000.0,123527000.0,123527000.0,4734945000.0,147213000.0,1.062,3.042,2658842000.0,477345000.0,2181497000.0,2658842000.0,0.0,177268000.0,0.0,0.048,1.25,371762000.0,549030000.0,0.093,549030000.0,371762000.0,235457000.0,1.82,1.81,1.82,1637617000.0,1622079750.0,1637617000.0,4318954605.0,12.0,7.867,-244776000.0,-3.05,1.0,1142124000.0,0.194,737641000.0,136305000.0,6366981000.0,6035038750.0,583572000.0,0.0,0.0,0.0,4981385000.0,2049695000.0,2931690000.0,2108849605.0,24289000.0,-4164000.0,31801000.0,343515000.0,-99886000.0,275430000.0,-374812000.0,0.0,123671000.0,0.0,147213000.0,147213000.0,147213000.0,0.0,0.0,0.025,770362000.0,371762000.0,1170402000.0,0.687,1.288,14.325,14.374,3439934000.0,0.0,26.16,0.359,0.357,1229190000.0,224435000.0,5877069000.0,5877069000.0,0.0,0.026,0.091,0.062,0.063,3901000.0,181457000.0,1.0,80613517.0,80259000,80722000.0,73.226,5881361000.0,0.0,88244000.0,284196000.0,73.28,126586000.0
63,ATO,MRT,2005-09-30,2005-09-30,2005-09-30,2021-08-04,-3341000.0,5653527000.0,5382502750.0,1264430000.0,4389097000.0,0.922,20.411,-333183000.0,121072000.0,121072000.0,3844236000.0,135785000.0,1.136,2.528,2331177000.0,148073000.0,2183104000.0,2331177000.0,0.0,178005000.0,0.0,0.044,1.24,350676000.0,528681000.0,0.107,528681000.0,350676000.0,218018000.0,1.73,1.72,1.73,1602422000.0,1597445000.0,1602422000.0,4410598004.0,13.0,8.343,53761000.0,0.685,1.0,1117637000.0,0.225,737787000.0,132658000.0,6013090000.0,5942427500.0,450807000.0,0.0,0.0,0.0,4051105000.0,1112755000.0,2938350000.0,2270014004.0,-161816000.0,-1916696000.0,418767000.0,1427231000.0,-98978000.0,1703250000.0,-2252010000.0,0.0,386944000.0,0.0,135785000.0,135785000.0,135785000.0,0.0,0.0,0.027,766961000.0,350676000.0,461314000.0,0.717,1.417,16.718,16.329,3374367000.0,0.0,28.25,0.457,0.447,454313000.0,178837000.0,4961873000.0,4961873000.0,0.0,0.025,0.085,0.059,0.071,3901000.0,174696000.0,1.0,80354478.0,78508000,79012000.0,63.202,4915740000.0,0.0,82233000.0,292207000.0,62.615,151675000.0
64,ATO,MRT,2005-06-30,2005-06-30,2005-06-30,2021-08-04,-21287000.0,5057944000.0,4697277750.0,756454000.0,4301490000.0,0.948,20.28,-287628000.0,46297000.0,46297000.0,3444673000.0,146203000.0,1.31,2.13,2186881000.0,3242000.0,2183639000.0,2186881000.0,0.0,159539000.0,0.0,0.043,1.24,348127000.0,507666000.0,0.114,507666000.0,348127000.0,232892000.0,1.78,1.76,1.78,1616010000.0,1480204250.0,1616010000.0,4298840387.0,12.0,8.468,11254000.0,0.141,1.0,1008791000.0,0.227,709980000.0,115235000.0,5911017000.0,5164780250.0,334245000.0,0.0,0.0,0.0,3441934000.0,577531000.0,2864403000.0,2302252387.0,-103258000.0,-1916654000.0,658382000.0,1282412000.0,-93169000.0,1803855000.0,-2205995000.0,0.0,298882000.0,0.0,146203000.0,146203000.0,146203000.0,0.0,0.0,0.033,660664000.0,348127000.0,231881000.0,0.697,1.425,15.747,16.18,3304811000.0,0.0,28.8,0.517,0.515,299954000.0,220569000.0,4453464000.0,4453464000.0,0.0,0.031,0.099,0.067,0.078,0.0,152015000.0,1.0,79939319.0,79683000,80144000.0,55.89,4347964000.0,0.0,86689000.0,222699000.0,54.566,178923000.0
65,ATO,MRT,2005-03-31,2005-03-31,2005-03-31,2021-08-04,-17770000.0,5412444000.0,4102924750.0,1177766000.0,4234678000.0,0.997,20.591,-240764000.0,264116000.0,264116000.0,3197636000.0,146482000.0,1.406,2.316,2260704000.0,5887000.0,2254817000.0,2260704000.0,0.0,139359000.0,0.0,0.046,1.235,330782000.0,470141000.0,0.115,470141000.0,330782000.0,233225000.0,1.81,1.79,1.81,1632270000.0,1307913250.0,1632270000.0,4407102053.0,13.0,9.374,139460000.0,1.759,1.0,895009000.0,0.219,722044000.0,97557000.0,5849067000.0,4369320250.0,273811000.0,0.0,0.0,0.0,3780174000.0,837921000.0,2942253000.0,2142397053.0,132143000.0,-1912539000.0,660897000.0,1377831000.0,-84331000.0,1910627000.0,-2158708000.0,0.0,380224000.0,0.0,146482000.0,146482000.0,146482000.0,0.0,0.0,0.036,564227000.0,330782000.0,533232000.0,0.682,1.313,14.626,14.917,3251595000.0,0.0,27.0,0.523,0.523,527411000.0,240920000.0,4092645000.0,4092645000.0,0.0,0.036,0.112,0.076,0.081,0.0,117397000.0,1.0,79348039.0,79270000,79760000.0,51.629,4690400000.0,0.0,86743000.0,245836000.0,59.17,339845000.0
66,ATO,MRT,2004-12-31,2004-12-31,2004-12-31,2021-08-04,-31676000.0,5406096000.0,3455111750.0,1208233000.0,4197863000.0,1.02,20.438,-184096000.0,25162000.0,25162000.0,2799804000.0,116285000.0,1.244,2.513,2289867000.0,34694000.0,2255173000.0,2289867000.0,0.0,117171000.0,0.0,0.045,1.235,267513000.0,384684000.0,0.109,384684000.0,267513000.0,186869000.0,1.81,1.8,1.81,1539078000.0,1133058000.0,1539078000.0,2382859068.0,9.0,6.194,143039000.0,1.899,1.0,725241000.0,0.206,703038000.0,80644000.0,5996536000.0,3596339000.0,389625000.0,0.0,0.0,0.0,3867018000.0,971227000.0,2895791000.0,1717572068.0,-16548000.0,-1914489000.0,656169000.0,1220126000.0,-75513000.0,1757012000.0,-2100695000.0,0.0,327135000.0,0.0,116285000.0,116285000.0,116285000.0,0.0,0.0,0.033,457728000.0,267513000.0,653403000.0,0.682,1.116,14.77,15.11,3223143000.0,0.0,27.35,0.487,0.584,640760000.0,177108000.0,3525045000.0,3525045000.0,0.0,0.034,0.103,0.074,0.076,0.0,80911000.0,1.0,62799710.0,75306000,75725000.0,46.81,4703058000.0,0.0,70584000.0,200737000.0,62.453,237006000.0
67,ATO,MRT,2004-09-30,2004-09-30,2004-09-30,2021-08-04,-14529000.0,2912627000.0,2806824250.0,713195000.0,2199432000.0,1.04,20.982,-162366000.0,201932000.0,201932000.0,2357846000.0,86227000.0,1.659,1.57,867219000.0,5908000.0,861311000.0,867219000.0,0.0,96647000.0,0.0,0.049,1.23,203202000.0,299849000.0,0.103,299849000.0,203202000.0,137765000.0,1.6,1.58,1.6,1133459000.0,968126500.0,1133459000.0,2319226705.0,11.0,7.735,108368000.0,2.006,1.0,562191000.0,0.193,245528000.0,65437000.0,2902501000.0,2812703500.0,200134000.0,0.0,0.0,0.0,1779168000.0,429885000.0,1349283000.0,1576937705.0,186249000.0,-1957000.0,270452000.0,-123308000.0,-66736000.0,80408000.0,-164893000.0,0.0,270734000.0,0.0,86227000.0,86227000.0,86227000.0,0.0,0.0,0.03,358989000.0,203202000.0,185295000.0,0.769,1.391,18.288,15.744,1722521000.0,0.0,25.19,0.54,0.466,211810000.0,142030000.0,2920037000.0,2920037000.0,0.0,0.031,0.089,0.072,0.07,0.0,57379000.0,1.0,62601735.0,54021000,54416000.0,54.054,2667099000.0,0.0,51538000.0,241257000.0,49.372,283310000.0
68,ATO,MRT,2004-06-30,2004-06-30,2004-06-30,2021-08-04,-3416000.0,2680532000.0,2735041250.0,479465000.0,2201067000.0,1.047,17.749,-147706000.0,126895000.0,126895000.0,2291582000.0,90175000.0,1.148,1.892,869184000.0,5918000.0,863266000.0,869184000.0,0.0,91607000.0,0.0,0.048,1.22,210417000.0,302024000.0,0.105,302024000.0,210417000.0,144930000.0,1.67,1.67,1.67,926846000.0,899141000.0,926846000.0,2097113328.0,10.0,6.944,143715000.0,2.752,1.0,572449000.0,0.2,275844000.0,65487000.0,2729177000.0,2803853500.0,90141000.0,0.0,0.0,0.0,1753686000.0,417800000.0,1335886000.0,1339379328.0,108410000.0,-1957000.0,35077000.0,-5611000.0,-63013000.0,-33547000.0,-149464000.0,0.0,291421000.0,0.0,90175000.0,90175000.0,90175000.0,0.0,0.0,0.031,362032000.0,210417000.0,201123000.0,0.731,1.445,14.853,15.329,1684746000.0,0.0,25.6,0.468,0.467,243719000.0,167535000.0,2864031000.0,2864031000.0,0.0,0.033,0.1,0.075,0.073,0.0,56889000.0,1.0,52319505.0,52220000,52617000.0,54.845,2404688000.0,0.0,54755000.0,227899000.0,46.049,61665000.0
69,ATO,MRT,2004-03-31,2004-03-31,2004-03-31,2021-08-04,49000.0,2821192000.0,2659493250.0,640489000.0,2180703000.0,1.055,17.991,-146207000.0,114983000.0,114983000.0,2246422000.0,85209000.0,1.173,2.024,872717000.0,8093000.0,864624000.0,872717000.0,0.0,91531000.0,0.0,0.048,1.215,201512000.0,293043000.0,0.104,293043000.0,201512000.0,135994000.0,1.57,1.56,1.57,932849000.0,874292750.0,932849000.0,2341800064.0,12.0,7.991,10059000.0,0.194,1.0,560021000.0,0.2,275873000.0,65518000.0,2757142000.0,2764919750.0,74570000.0,0.0,0.0,0.0,1888343000.0,545911000.0,1342432000.0,1325749064.0,50641000.0,-1950000.0,130057000.0,-30368000.0,-60739000.0,38950000.0,-144575000.0,0.0,156266000.0,0.0,85209000.0,85209000.0,85209000.0,0.0,0.0,0.03,358509000.0,201512000.0,365996000.0,0.774,1.421,15.559,16.287,1661336000.0,0.0,25.57,0.472,0.472,396879000.0,178769000.0,2806443000.0,2806443000.0,0.0,0.032,0.097,0.073,0.072,0.0,57267000.0,1.0,51847832.0,51850000,52240000.0,54.126,2545319000.0,0.0,50785000.0,234355000.0,49.09,94578000.0
70,ATO,MRT,2003-12-31,2003-12-31,2003-12-31,2021-08-04,-834000.0,2812946000.0,2596814750.0,731930000.0,2081016000.0,1.11,17.08,-170318000.0,43644000.0,43644000.0,2326237000.0,75436000.0,1.057,2.199,1059695000.0,198990000.0,860705000.0,1059695000.0,0.0,89280000.0,0.0,0.05,1.205,190258000.0,279538000.0,0.097,279538000.0,190258000.0,124742000.0,1.52,1.51,1.52,879352000.0,818012750.0,879352000.0,2210556243.0,12.0,7.908,-95950000.0,-1.864,1.0,556863000.0,0.193,274840000.0,65516000.0,2861994000.0,2690138250.0,192568000.0,0.0,0.0,0.0,1933594000.0,692163000.0,1241431000.0,1252284243.0,2472000.0,0.0,126642000.0,29080000.0,-58493000.0,97229000.0,-169125000.0,0.0,74368000.0,0.0,75436000.0,75436000.0,75436000.0,0.0,0.0,0.026,358832000.0,198031000.0,372430000.0,0.793,1.424,16.601,15.987,1538224000.0,0.0,24.3,0.434,0.434,407045000.0,136336000.0,2883100000.0,2883100000.0,0.0,0.029,0.092,0.071,0.066,0.0,57324000.0,1.0,51534331.0,51483000,51861000.0,56.001,2538106000.0,0.0,49306000.0,243079000.0,49.3,39767000.0
71,ATO,MRT,2003-09-30,2003-09-30,2003-09-30,2021-08-04,-1459000.0,2625495000.0,2518094250.0,457997000.0,2167498000.0,1.112,18.513,-159439000.0,33586000.0,33586000.0,2264940000.0,71688000.0,1.037,2.062,990440000.0,127940000.0,862500000.0,990440000.0,0.0,87001000.0,0.0,0.05,1.2,182258000.0,269259000.0,0.096,269259000.0,182258000.0,118598000.0,1.55,1.54,1.55,857517000.0,764876500.0,857517000.0,2085116314.0,11.0,7.744,-109988000.0,-2.375,1.0,534976000.0,0.191,273499000.0,63660000.0,2867101000.0,2602684250.0,168765000.0,0.0,0.0,0.0,1767978000.0,441749000.0,1326229000.0,1227642314.0,-32308000.0,-74650000.0,124949000.0,81968000.0,-55291000.0,151626000.0,-233385000.0,0.0,49451000.0,0.0,71688000.0,71688000.0,71688000.0,0.0,0.0,0.026,344945000.0,190031000.0,179852000.0,0.774,1.432,17.125,15.445,1624394000.0,0.0,23.94,0.438,0.396,216783000.0,122539000.0,2799916000.0,2799916000.0,0.0,0.028,0.094,0.07,0.065,0.0,55045000.0,1.0,51279963.0,46319000,46496000.0,60.449,2351996000.0,0.0,46910000.0,223350000.0,50.778,16248000.0
72,ATO,MRT,2003-06-30,2003-06-30,2003-06-30,2021-08-04,-40861000.0,2378340000.0,2357066750.0,382964000.0,1995376000.0,1.358,18.52,-157232000.0,17321000.0,17321000.0,2668128000.0,68515000.0,1.002,1.874,874795000.0,10447000.0,864348000.0,874795000.0,0.0,85867000.0,39221000.0,0.048,1.2,176052000.0,261919000.0,0.082,261919000.0,176052000.0,113503000.0,1.52,1.51,1.52,827453000.0,693806000.0,827453000.0,1972813532.0,11.0,7.532,-44211000.0,-0.99,1.0,533257000.0,0.167,280269000.0,62549000.0,2573442000.0,2412605250.0,84974000.0,0.0,0.0,0.0,1550887000.0,382103000.0,1168784000.0,1132906532.0,11482000.0,-74650000.0,121013000.0,61478000.0,-52148000.0,130343000.0,-231882000.0,0.0,113021000.0,0.0,68515000.0,68515000.0,68515000.0,0.0,0.0,0.021,320406000.0,212851000.0,203588000.0,0.789,1.369,16.535,16.316,1494445000.0,0.0,24.8,0.354,0.346,251418000.0,140373000.0,3201385000.0,3201385000.0,0.0,0.029,0.099,0.073,0.055,0.0,50617000.0,1.0,45681715.0,44679000,44879000.0,71.653,2098071000.0,0.0,44988000.0,198988000.0,46.959,861000.0
73,ATO,MRT,2003-03-31,2003-03-31,2003-03-31,2021-08-04,-42179000.0,2570478000.0,2242724750.0,658796000.0,1911682000.0,1.282,15.621,-153173000.0,63178000.0,63178000.0,2362689000.0,71970000.0,0.981,2.632,903085000.0,38857000.0,864228000.0,903085000.0,0.0,83037000.0,39807000.0,0.056,1.2,180306000.0,263343000.0,0.092,263343000.0,180306000.0,119976000.0,1.61,1.61,1.61,707729000.0,643537000.0,707729000.0,1953502121.0,11.0,7.418,75159000.0,1.659,1.0,512026000.0,0.178,280476000.0,60330000.0,2458016000.0,2323153750.0,35419000.0,0.0,0.0,0.0,1862749000.0,671893000.0,1190856000.0,964531121.0,61229000.0,-74650000.0,21866000.0,89470000.0,-50616000.0,60720000.0,-227823000.0,0.0,228332000.0,0.0,71970000.0,71970000.0,71970000.0,0.0,0.0,0.025,307180000.0,204846000.0,474740000.0,0.745,1.363,13.402,13.205,1477133000.0,0.0,21.26,0.336,0.335,510029000.0,154299000.0,2874715000.0,2874715000.0,0.0,0.032,0.112,0.078,0.063,0.0,46662000.0,1.0,45368350.0,45306000,45493000.0,63.451,2290002000.0,0.0,48006000.0,201326000.0,50.545,-13097000.0
74,ATO,MRT,2002-12-31,2002-12-31,2002-12-31,2021-08-04,-41429000.0,2498064000.0,2090205750.0,587500000.0,1910564000.0,0.986,15.581,-149194000.0,40926000.0,40926000.0,1601113000.0,64816000.0,0.843,2.746,1029897000.0,214655000.0,815242000.0,1029897000.0,0.0,82189000.0,40020000.0,0.051,1.195,161911000.0,244100000.0,0.118,244100000.0,161911000.0,103250000.0,1.55,1.55,1.55,666807000.0,624324500.0,666807000.0,1754398640.0,11.0,7.187,78185000.0,1.827,1.0,458941000.0,0.223,278034000.0,58661000.0,2512178000.0,2259365000.0,113977000.0,0.0,0.0,0.0,1831257000.0,696823000.0,1134434000.0,973183640.0,26453000.0,-74650000.0,19681000.0,52353000.0,-49116000.0,22918000.0,-223844000.0,0.0,227379000.0,0.0,64816000.0,64816000.0,64816000.0,0.0,0.0,0.031,289867000.0,169074000.0,310831000.0,0.771,1.459,15.015,15.045,1460511000.0,0.0,23.32,0.472,0.484,372529000.0,119393000.0,2060054000.0,2060054000.0,0.0,0.031,0.104,0.072,0.079,0.0,38985000.0,1.0,41731717.0,42796000,42919000.0,48.137,2220030000.0,0.0,38434000.0,174089000.0,51.875,-109323000.0
75,ATO,MRT,2002-09-30,2002-09-30,2002-09-30,2021-08-04,-41380000.0,1981385000.0,1996576250.0,331155000.0,1650230000.0,0.827,13.923,-142488000.0,58183000.0,58183000.0,1219824000.0,59656000.0,0.713,2.456,838234000.0,167771000.0,670463000.0,838234000.0,0.0,81469000.0,0.0,0.056,1.195,154010000.0,235479000.0,0.143,235479000.0,154010000.0,94836000.0,1.45,1.45,1.45,573235000.0,606978250.0,573235000.0,1616956818.0,10.0,6.867,154907000.0,3.763,1.0,431140000.0,0.261,190380000.0,59174000.0,2106785000.0,2208017750.0,91783000.0,0.0,0.0,0.0,1408150000.0,464271000.0,943879000.0,892674818.0,32728000.0,-15747000.0,18321000.0,-76107000.0,-48646000.0,-106432000.0,-158235000.0,0.0,297395000.0,0.0,59656000.0,59656000.0,59656000.0,0.0,0.0,0.036,277130000.0,154010000.0,136773000.0,0.824,1.557,14.964,14.828,1300320000.0,0.0,21.5,0.541,0.536,136227000.0,106142000.0,1650964000.0,1650964000.0,0.0,0.03,0.098,0.07,0.093,0.0,36221000.0,1.0,41519759.0,41171000,41250000.0,40.1,1791005000.0,0.0,35180000.0,134540000.0,43.502,-133116000.0
76,ATO,MRT,2002-06-30,2002-06-30,2002-06-30,2021-08-04,-1251000.0,1920972000.0,2010275000.0,272180000.0,1648792000.0,0.625,15.179,-142814000.0,17379000.0,17379000.0,857203000.0,57709000.0,0.775,2.067,741661000.0,65905000.0,675756000.0,741661000.0,0.0,80724000.0,31312000.0,0.051,1.185,151891000.0,232615000.0,0.185,232615000.0,151891000.0,91871000.0,1.36,1.36,1.36,626377000.0,609635500.0,626377000.0,1680184221.0,11.0,7.223,96329000.0,2.334,1.0,398738000.0,0.317,78457000.0,60020000.0,2215636000.0,2251494750.0,60509000.0,0.0,0.0,0.0,1294595000.0,351161000.0,943434000.0,967949221.0,-417480000.0,-383631000.0,17548000.0,-99537000.0,-48189000.0,-130178000.0,-526445000.0,0.0,239143000.0,0.0,57709000.0,57709000.0,57709000.0,0.0,0.0,0.046,277194000.0,121544000.0,144452000.0,0.871,1.545,16.773,17.235,1384589000.0,0.0,23.44,0.771,0.77,158924000.0,124006000.0,1255941000.0,1255941000.0,0.0,0.029,0.095,0.067,0.121,0.0,36921000.0,1.0,41294762.0,41265000,41370000.0,30.436,1842515000.0,0.0,34162000.0,178853000.0,44.651,-78981000.0
77,ATO,MRT,2002-03-31,2002-03-31,2002-03-31,2021-08-04,-1159000.0,1960402000.0,1998233250.0,333891000.0,1626511000.0,0.63,15.372,-139799000.0,29724000.0,29724000.0,872217000.0,51055000.0,0.849,2.107,741959000.0,62974000.0,678985000.0,741959000.0,0.0,76491000.0,31760000.0,0.05,1.175,136713000.0,213204000.0,0.169,213204000.0,136713000.0,81284000.0,1.15,1.15,1.15,630879000.0,603192250.0,630879000.0,1815712598.0,13.0,8.516,81019000.0,1.974,1.0,386184000.0,0.307,76651000.0,55429000.0,2202861000.0,2181286500.0,61326000.0,0.0,0.0,0.0,1329523000.0,393125000.0,936398000.0,969420598.0,-4510000.0,-370502000.0,16631000.0,316085000.0,-47743000.0,284973000.0,-510301000.0,0.0,220818000.0,0.0,51055000.0,51055000.0,51055000.0,0.0,0.0,0.041,264364000.0,121820000.0,163112000.0,1.022,1.537,18.988,20.522,1368804000.0,0.0,23.6,0.77,0.77,226259000.0,132945000.0,1258401000.0,1258401000.0,0.0,0.026,0.085,0.063,0.109,0.0,35785000.0,1.0,41077144.0,41040000,41135000.0,30.663,1883751000.0,0.0,30229000.0,178570000.0,45.9,-59234000.0
78,ATO,MRT,2001-12-31,2001-12-31,2001-12-31,2021-08-04,-783000.0,2123546000.0,1871164250.0,491175000.0,1632371000.0,0.831,14.629,-128221000.0,60314000.0,60314000.0,1179408000.0,53751000.0,0.838,2.555,906606000.0,227549000.0,679057000.0,906606000.0,0.0,72357000.0,30065000.0,0.055,1.17,136722000.0,209079000.0,0.135,209079000.0,136722000.0,85965000.0,1.28,1.27,1.28,597422000.0,591828000.0,597422000.0,1700293896.0,12.0,8.132,26008000.0,0.637,1.0,374625000.0,0.241,76715000.0,50757000.0,2306789000.0,2014756000.0,114951000.0,0.0,0.0,0.0,1526124000.0,586334000.0,939790000.0,867881896.0,7226000.0,-370502000.0,15386000.0,383233000.0,-46899000.0,351720000.0,-498723000.0,0.0,154229000.0,0.0,53751000.0,53751000.0,53751000.0,0.0,0.0,0.035,249214000.0,125411000.0,204191000.0,0.914,1.453,16.146,16.602,1355497000.0,0.0,21.25,0.558,0.558,233602000.0,103693000.0,1554033000.0,1554033000.0,0.0,0.029,0.091,0.068,0.088,0.0,38468000.0,1.0,40841501.0,40837000,40922000.0,38.055,2046831000.0,0.0,32214000.0,154106000.0,50.122,-95159000.0
79,ATO,MRT,2001-09-30,2001-09-30,2001-09-30,2021-08-04,-1420000.0,2036180000.0,1740281250.0,424251000.0,1611929000.0,0.991,15.302,-119946000.0,81929000.0,81929000.0,1350273000.0,56090000.0,0.83,2.487,914341000.0,221942000.0,692399000.0,914341000.0,0.0,67664000.0,32351000.0,0.054,1.16,136469000.0,204133000.0,0.118,204133000.0,136469000.0,89458000.0,1.47,1.47,1.47,583864000.0,579077250.0,583864000.0,1294826842.0,9.0,6.343,-36951000.0,-0.968,1.0,375208000.0,0.217,76870000.0,47011000.0,2280693000.0,1844783000.0,95596000.0,0.0,0.0,0.0,1452316000.0,511029000.0,941287000.0,878111842.0,7884000.0,-348130000.0,156448000.0,280629000.0,-44112000.0,392965000.0,-468076000.0,0.0,82995000.0,0.0,56090000.0,56090000.0,56090000.0,0.0,0.0,0.033,244927000.0,130281000.0,84471000.0,0.789,1.504,15.655,14.694,1335398000.0,0.0,21.6,0.509,0.478,124046000.0,95132000.0,1725481000.0,1725481000.0,0.0,0.032,0.097,0.074,0.079,0.0,37655000.0,1.0,40653326.0,38156000,38247000.0,45.222,1959310000.0,0.0,33368000.0,150554000.0,51.35,-86778000.0
80,ATO,MRT,2001-06-30,2001-06-30,2001-06-30,2021-08-04,44000.0,1872805000.0,1568425750.0,679140000.0,1193665000.0,0.919,16.094,-97194000.0,424483000.0,424483000.0,1073748000.0,60063000.0,1.915,2.118,841198000.0,140681000.0,700517000.0,841198000.0,0.0,63542000.0,22689000.0,0.047,1.15,138478000.0,202020000.0,0.14,202020000.0,138478000.0,95768000.0,1.59,1.59,1.59,600604000.0,531227750.0,600604000.0,1405171768.0,10.0,6.956,-14897000.0,-0.399,1.0,367550000.0,0.255,0.0,42710000.0,1934803000.0,1671036250.0,62817000.0,0.0,0.0,0.0,1272201000.0,354717000.0,917484000.0,989821768.0,416335000.0,26221000.0,156443000.0,289946000.0,-41378000.0,405011000.0,-70973000.0,0.0,82297000.0,0.0,60063000.0,60063000.0,60063000.0,0.0,0.0,0.042,239556000.0,127994000.0,77903000.0,0.723,1.648,16.48,15.384,1001728000.0,0.0,24.46,0.687,0.633,117928000.0,114486000.0,1441298000.0,1441298000.0,0.0,0.038,0.113,0.083,0.096,0.0,35238000.0,1.0,40466957.0,37318000,37422000.0,38.622,1872805000.0,0.0,35705000.0,160546000.0,50.185,324423000.0
81,ATO,MRT,2001-03-31,2001-03-31,2001-03-31,2021-08-04,-16000.0,1452126000.0,1419531750.0,290517000.0,1161609000.0,1.007,15.082,-79475000.0,7623000.0,7623000.0,1063099000.0,59067000.0,0.878,1.48,422973000.0,68643000.0,354330000.0,422973000.0,0.0,62551000.0,15884000.0,0.048,1.14,137110000.0,199661000.0,0.14,199661000.0,137110000.0,93468000.0,1.58,1.57,1.58,585422000.0,481261500.0,585422000.0,1440327591.0,11.0,7.214,-22645000.0,-0.583,1.0,366301000.0,0.256,0.0,43642000.0,1536739000.0,1565429500.0,31741000.0,0.0,0.0,0.0,866704000.0,330737000.0,535967000.0,925414591.0,-15371000.0,-18908000.0,155612000.0,-90784000.0,-38646000.0,26182000.0,-98383000.0,0.0,56830000.0,0.0,59067000.0,59067000.0,59067000.0,0.0,0.0,0.041,246684000.0,119617000.0,136847000.0,0.722,1.581,15.667,15.063,987743000.0,0.0,23.8,0.647,0.646,247753000.0,129633000.0,1429400000.0,1429400000.0,0.0,0.042,0.123,0.088,0.096,0.0,34768000.0,1.0,38882966.0,38815000,38919000.0,36.826,1452126000.0,0.0,34401000.0,182882000.0,37.411,-40220000.0
82,ATO,MRT,2000-12-31,2000-12-31,2000-12-31,2021-08-04,-2891000.0,1600014000.0,1375670500.0,453219000.0,1146795000.0,0.777,16.654,-77584000.0,5559000.0,5559000.0,722380000.0,44566000.0,0.929,1.928,520472000.0,163231000.0,357241000.0,520472000.0,0.0,63136000.0,12926000.0,0.046,1.13,114555000.0,177691000.0,0.166,177691000.0,114555000.0,69703000.0,1.38,1.38,1.38,546419000.0,437950000.0,546419000.0,1403504183.0,12.0,7.899,-1023000.0,-0.031,1.0,346104000.0,0.324,0.0,44852000.0,1626897000.0,1549287250.0,83453000.0,0.0,0.0,0.0,1053595000.0,488030000.0,565565000.0,780072183.0,-19610000.0,-18908000.0,153924000.0,-117248000.0,-36355000.0,321000.0,-96492000.0,0.0,76561000.0,0.0,44566000.0,44566000.0,44566000.0,0.0,0.0,0.042,244375000.0,101729000.0,259314000.0,0.819,1.428,17.504,17.667,982082000.0,0.0,24.38,0.73,0.749,357760000.0,96841000.0,1068484000.0,1068484000.0,0.0,0.032,0.102,0.074,0.107,0.0,30420000.0,1.0,31996398.0,32810000,32908000.0,32.566,1600014000.0,0.0,25137000.0,155240000.0,48.766,-34811000.0
83,ATO,MRT,2000-09-30,2000-09-30,2000-09-30,2021-08-04,2265000.0,1348758000.0,1314200750.0,200606000.0,1148152000.0,0.647,12.475,-74600000.0,7379000.0,7379000.0,524446000.0,35918000.0,0.524,2.437,630811000.0,267613000.0,363198000.0,630811000.0,0.0,63855000.0,9923000.0,0.054,1.12,100060000.0,163915000.0,0.193,163915000.0,100060000.0,56237000.0,1.14,1.14,1.14,392466000.0,398734000.0,392466000.0,1195813817.0,12.0,7.295,-20404000.0,-0.649,1.0,325706000.0,0.383,3988000.0,43823000.0,1585706000.0,1536216250.0,70678000.0,0.0,0.0,0.0,956292000.0,382496000.0,573796000.0,655610817.0,-1206000.0,-25533000.0,13550000.0,67176000.0,-35995000.0,44731000.0,-100133000.0,0.0,54196000.0,0.0,35918000.0,35918000.0,35918000.0,0.0,0.0,0.042,240390000.0,85316000.0,73031000.0,0.982,1.67,18.253,18.088,982346000.0,0.0,20.62,0.771,0.763,77264000.0,83154000.0,850152000.0,850152000.0,0.0,0.027,0.09,0.065,0.118,0.0,28638000.0,1.0,31794899.0,31461000,31594000.0,27.022,1344770000.0,0.0,20319000.0,142463000.0,42.744,-181890000.0
84,ATO,MRT,2000-06-30,2000-06-30,2000-06-30,2021-08-04,1946000.0,1277229000.0,1284645500.0,133194000.0,1144035000.0,0.623,12.777,-87145000.0,8148000.0,8148000.0,489448000.0,18365000.0,0.437,2.187,548351000.0,179570000.0,368781000.0,548351000.0,0.0,63559000.0,8471000.0,0.064,1.12,70442000.0,134001000.0,0.168,134001000.0,70442000.0,27899000.0,0.56,0.56,0.56,400739000.0,395033250.0,400739000.0,1044541450.0,15.0,7.795,8219000.0,0.262,1.0,310522000.0,0.388,0.0,42543000.0,1512376000.0,1514492750.0,39085000.0,0.0,0.0,0.0,876490000.0,305056000.0,571434000.0,553778450.0,-6293000.0,-32000000.0,14458000.0,38516000.0,-35486000.0,17488000.0,-119145000.0,0.0,95364000.0,0.0,18365000.0,18365000.0,18365000.0,0.0,0.0,0.023,254129000.0,56393000.0,65998000.0,2.0,1.382,30.154,31.286,1000474000.0,0.0,17.52,0.692,0.687,83657000.0,95801000.0,799970000.0,799970000.0,0.0,0.014,0.046,0.047,0.088,0.0,32082000.0,1.0,31608359.0,31363000,31510000.0,25.507,1277229000.0,0.0,9534000.0,141016000.0,40.724,-171862000.0
85,ATO,MRT,2000-03-31,2000-03-31,2000-03-31,2021-08-04,2753000.0,1276681000.0,1259839250.0,171703000.0,1104978000.0,0.601,13.155,-93298000.0,22994000.0,22994000.0,453330000.0,17466000.0,0.582,2.097,513757000.0,141214000.0,372543000.0,513757000.0,0.0,62464000.0,7894000.0,0.068,1.12,69530000.0,131994000.0,0.174,131994000.0,69530000.0,27462000.0,0.52,0.54,0.52,412176000.0,395193000.0,412176000.0,1129049681.0,16.0,8.554,30463000.0,0.972,1.0,303868000.0,0.401,0.0,42068000.0,1472170000.0,1496563250.0,27212000.0,0.0,0.0,0.0,864505000.0,295274000.0,569231000.0,516498681.0,8385000.0,0.0,16918000.0,-4026000.0,-34970000.0,-22078000.0,-93298000.0,0.0,123761000.0,0.0,17466000.0,17466000.0,17466000.0,0.0,0.0,0.023,245699000.0,58169000.0,83963000.0,2.154,1.253,29.572,31.5,967389000.0,0.0,16.38,0.682,0.678,119116000.0,109212000.0,757198000.0,757198000.0,0.0,0.014,0.044,0.046,0.092,0.0,31751000.0,1.0,31532276.0,31332000,31544000.0,24.167,1276681000.0,0.0,9996000.0,146420000.0,40.747,-123571000.0
86,ATO,MRT,1999-12-31,1999-12-31,1999-12-31,2021-08-04,2362000.0,1354135000.0,1246084750.0,254443000.0,1099692000.0,0.565,12.517,-105259000.0,25169000.0,25169000.0,406291000.0,16688000.0,0.649,2.476,637720000.0,264905000.0,372815000.0,637720000.0,0.0,59774000.0,8369000.0,0.055,1.12,65053000.0,124827000.0,0.177,124827000.0,65053000.0,25846000.0,0.53,0.54,0.53,389555000.0,394631750.0,389555000.0,1195152842.0,18.0,9.574,-36711000.0,-1.18,1.0,298136000.0,0.423,0.0,39207000.0,1574613000.0,1493090750.0,62838000.0,0.0,0.0,0.0,964580000.0,392073000.0,572507000.0,640102842.0,10449000.0,0.0,20236000.0,61339000.0,-34415000.0,47160000.0,-105259000.0,0.0,68548000.0,0.0,16688000.0,16688000.0,16688000.0,0.0,0.0,0.024,245444000.0,52692000.0,95040000.0,2.113,1.643,38.357,38.566,964758000.0,0.0,20.44,0.909,0.903,163653000.0,88630000.0,704427000.0,704427000.0,0.0,0.013,0.042,0.044,0.092,0.0,31589000.0,1.0,31316186.0,31122000,31339000.0,22.634,1354135000.0,0.0,9158000.0,122473000.0,43.511,-137630000.0
87,ATO,MRT,1999-09-30,1999-09-30,1999-09-30,2021-08-04,917000.0,1230537000.0,1219064250.0,135153000.0,1095384000.0,0.566,12.356,-109596000.0,8585000.0,8585000.0,390402000.0,17744000.0,0.471,2.258,563635000.0,186152000.0,377483000.0,563635000.0,0.0,56874000.0,9657000.0,0.046,1.12,64362000.0,121236000.0,0.176,121236000.0,64362000.0,27299000.0,0.58,0.58,0.58,377663000.0,393452000.0,377663000.0,1244875725.0,19.0,10.268,-24898000.0,-0.815,1.0,299794000.0,0.434,0.0,37063000.0,1498812000.0,1472276750.0,52862000.0,0.0,0.0,0.0,852874000.0,286775000.0,566099000.0,749481725.0,3850000.0,0.0,21726000.0,40904000.0,-33882000.0,28748000.0,-109596000.0,0.0,84698000.0,0.0,17744000.0,17744000.0,17744000.0,0.0,0.0,0.026,245555000.0,54239000.0,64167000.0,1.931,1.985,42.239,41.586,965782000.0,0.0,24.12,1.086,1.068,70564000.0,83231000.0,690196000.0,690196000.0,0.0,0.015,0.045,0.044,0.093,0.0,31475000.0,1.0,31073040.0,30566000,30819000.0,22.581,1230537000.0,0.0,9555000.0,113458000.0,40.258,-151622000.0
88,ATO,MRT,1999-06-30,1999-06-30,1999-06-30,2021-08-04,0.0,1178004000.0,1196777500.0,105471000.0,1072533000.0,0.592,13.175,-130782000.0,14441000.0,14441000.0,400382000.0,34949000.0,0.453,1.935,509835000.0,128446000.0,381389000.0,509835000.0,0.0,52882000.0,10289000.0,0.044,1.11,89217000.0,142099000.0,0.201,142099000.0,89217000.0,53146000.0,1.14,1.13,1.14,401378000.0,391825750.0,401378000.0,1274894375.0,14.0,8.972,-31156000.0,-1.023,1.0,307877000.0,0.435,0.0,36071000.0,1440658000.0,1456405500.0,34157000.0,0.0,0.0,0.0,776626000.0,232740000.0,543886000.0,771720375.0,6153000.0,15997000.0,21464000.0,33199000.0,-33351000.0,21312000.0,-114785000.0,0.0,99626000.0,0.0,34949000.0,34949000.0,34949000.0,0.0,0.0,0.049,228092000.0,79785000.0,50251000.0,0.974,1.923,22.081,21.93,948960000.0,0.0,25.0,1.09,1.075,54359000.0,112922000.0,708259000.0,708259000.0,0.0,0.029,0.089,0.061,0.126,0.0,28168000.0,1.0,30868815.0,30464000,30710000.0,23.249,1178004000.0,0.0,18197000.0,99264000.0,38.669,-127269000.0
89,ATO,MRT,1999-03-31,1999-03-31,1999-03-31,2021-08-04,0.0,1221663000.0,1181486000.0,157206000.0,1064457000.0,0.623,13.463,-135636000.0,14609000.0,14609000.0,424113000.0,41920000.0,0.59,1.98,517783000.0,131143000.0,386640000.0,517783000.0,0.0,51171000.0,10805000.0,0.046,1.1,98097000.0,149268000.0,0.203,149268000.0,98097000.0,63924000.0,1.37,1.35,1.37,409931000.0,386079750.0,409931000.0,1299193521.0,13.0,8.704,-60707000.0,-1.994,1.0,311867000.0,0.424,0.0,34173000.0,1458280000.0,1406674500.0,39203000.0,0.0,0.0,0.0,811732000.0,266557000.0,545175000.0,737532521.0,4584000.0,15997000.0,20848000.0,61280000.0,-32834000.0,49294000.0,-119639000.0,0.0,74929000.0,0.0,41920000.0,41920000.0,41920000.0,0.0,0.0,0.057,224612000.0,87255000.0,71693000.0,0.803,1.799,17.594,17.562,941545000.0,0.0,24.06,1.002,0.995,100387000.0,126716000.0,735980000.0,735980000.0,0.0,0.035,0.109,0.07,0.133,0.0,28597000.0,1.0,30653887.0,30449000,30698000.0,24.171,1221663000.0,0.0,22004000.0,102578000.0,40.122,-109351000.0
90,ATO,MRT,1998-12-31,1998-12-31,1998-12-31,2021-08-04,0.0,1246053000.0,1163113750.0,201098000.0,1044955000.0,0.656,12.712,-131447000.0,14720000.0,14720000.0,439661000.0,50523000.0,0.636,2.238,576381000.0,185955000.0,390426000.0,576381000.0,0.0,49247000.0,11470000.0,0.034,1.09,114343000.0,163590000.0,0.214,163590000.0,114343000.0,79000000.0,1.68,1.66,1.68,384836000.0,378615750.0,384836000.0,1502146224.0,13.0,9.182,-44825000.0,-1.481,1.0,323443000.0,0.424,0.0,35343000.0,1491357000.0,1348286250.0,64561000.0,0.0,0.0,0.0,861217000.0,316357000.0,544860000.0,984150224.0,5669000.0,15997000.0,21615000.0,45218000.0,-32336000.0,34497000.0,-115450000.0,0.0,86622000.0,0.0,50523000.0,50523000.0,50523000.0,0.0,0.0,0.066,219828000.0,103615000.0,80786000.0,0.649,2.557,19.479,19.196,924204000.0,0.0,32.25,1.29,1.279,118309000.0,106509000.0,763104000.0,763104000.0,0.0,0.043,0.133,0.085,0.15,0.0,28940000.0,1.0,30516286.0,30273000,30516000.0,25.207,1246053000.0,0.0,28477000.0,95176000.0,41.161,-115259000.0
91,ATO,MRT,1998-09-30,1998-09-30,1998-09-30,2021-08-04,0.0,1141390000.0,1153098000.0,107380000.0,1034010000.0,0.736,12.446,-134811000.0,4735000.0,4735000.0,516372000.0,55265000.0,0.479,2.075,522731000.0,124183000.0,398548000.0,522731000.0,0.0,47555000.0,12029000.0,0.038,1.08,122650000.0,170205000.0,0.201,170205000.0,122650000.0,87071000.0,1.85,1.84,1.85,371158000.0,368627250.0,371158000.0,1332328270.0,11.0,7.828,-43160000.0,-1.447,1.0,331836000.0,0.391,0.0,35579000.0,1435327000.0,1292492500.0,64128000.0,0.0,0.0,0.0,770232000.0,224059000.0,546173000.0,863980270.0,-1281000.0,15997000.0,20467000.0,37249000.0,-31834000.0,25882000.0,-118814000.0,0.0,91651000.0,0.0,55265000.0,55265000.0,55265000.0,0.0,0.0,0.065,218957000.0,112879000.0,44742000.0,0.584,2.328,15.633,15.438,917860000.0,0.0,28.56,1.019,1.004,34887000.0,99369000.0,848208000.0,848208000.0,0.0,0.048,0.15,0.095,0.145,0.0,29788000.0,1.0,30251410.0,29822000,30031000.0,28.442,1141390000.0,0.0,31806000.0,92949000.0,38.273,-116679000.0
92,ATO,MRT,1998-06-30,1998-06-30,1998-06-30,2021-08-04,0.0,1116838000.0,1139828250.0,98478000.0,1018360000.0,0.738,12.724,-115424000.0,8288000.0,8288000.0,511524000.0,37272000.0,0.287,1.952,476636000.0,226777000.0,249859000.0,476636000.0,0.0,41212000.0,12961000.0,0.035,1.07,94240000.0,135452000.0,0.161,135452000.0,94240000.0,60015000.0,1.24,1.23,1.24,378394000.0,357652750.0,378394000.0,1364134946.0,14.0,10.071,-45669000.0,-1.536,1.0,329529000.0,0.392,0.0,34225000.0,1241734000.0,1247299250.0,44766000.0,0.0,0.0,0.0,738444000.0,343452000.0,394992000.0,917656946.0,-1296000.0,0.0,18186000.0,54191000.0,-28004000.0,44373000.0,-115424000.0,0.0,69755000.0,0.0,37272000.0,37272000.0,37272000.0,0.0,0.0,0.044,242025000.0,87504000.0,40936000.0,0.863,2.425,24.621,24.597,888280000.0,0.0,30.5,1.091,1.078,40229000.0,111324000.0,841053000.0,841053000.0,0.0,0.033,0.104,0.076,0.112,0.0,31332000.0,1.0,30087113.0,29739000,29948000.0,28.281,1116838000.0,0.0,22743000.0,106870000.0,37.555,-244974000.0
93,ATO,MRT,1998-03-31,1998-03-31,1998-03-31,2021-08-04,0.0,1148174000.0,,160798000.0,987376000.0,,12.78,-120250000.0,10025000.0,10025000.0,515746000.0,32577000.0,0.435,2.021,456503000.0,204351000.0,252152000.0,456503000.0,0.0,40689000.0,13581000.0,0.035,1.05,87121000.0,127810000.0,0.151,127810000.0,87121000.0,52245000.0,1.09,1.08,1.09,380075000.0,,380075000.0,1408011041.0,16.0,11.016,-18166000.0,-0.611,1.0,331709000.0,0.391,0.0,34876000.0,1224727000.0,,36199000.0,0.0,0.0,0.0,768099000.0,369925000.0,398174000.0,885899041.0,-9520000.0,0.0,15259000.0,20841000.0,-27454000.0,8646000.0,-120250000.0,0.0,102084000.0,0.0,32577000.0,32577000.0,32577000.0,0.0,0.0,0.038,249612000.0,82097000.0,73463000.0,0.963,2.331,27.194,27.174,876069000.0,0.0,29.62,1.045,1.039,110442000.0,117630000.0,847455000.0,847455000.0,0.0,,,,0.103,0.0,31415000.0,1.0,29908813.0,29740000,29965000.0,28.495,1148174000.0,0.0,19668000.0,114818000.0,38.607,-209127000.0
94,ATO,MRT,1997-12-31,1997-12-31,1997-12-31,2021-08-04,0.0,1205990000.0,,246501000.0,959489000.0,,11.664,-119473000.0,9051000.0,9051000.0,589556000.0,25805000.0,0.536,2.497,531163000.0,275336000.0,255827000.0,531163000.0,0.0,40366000.0,14702000.0,0.034,1.03,75741000.0,116107000.0,0.126,116107000.0,75741000.0,41538000.0,0.87,0.87,0.87,344882000.0,,344882000.0,,,,-54079000.0,-1.829,1.0,331986000.0,0.36,0.0,34203000.0,1268182000.0,,59334000.0,0.0,0.0,0.0,861108000.0,459920000.0,401188000.0,904741593.0,-6428000.0,0.0,11657000.0,62924000.0,-26930000.0,47651000.0,-119473000.0,0.0,65394000.0,0.0,25805000.0,25805000.0,25805000.0,0.0,0.0,0.028,261242000.0,70744000.0,110970000.0,1.184,2.623,35.061,34.77,860746000.0,0.0,30.25,0.982,0.971,172770000.0,88170000.0,921542000.0,921542000.0,0.0,,,,0.082,0.0,32171000.0,1.0,29908813.0,29569000,29749000.0,31.166,1205990000.0,0.0,15733000.0,98761000.0,40.786,-213419000.0
95,ATO,MRT,1997-09-30,1997-09-30,1997-09-30,2021-08-04,0.0,1088311000.0,,143705000.0,944606000.0,,11.128,-121123000.0,6016000.0,6016000.0,577181000.0,23838000.0,0.459,2.326,485482000.0,182501000.0,302981000.0,485482000.0,0.0,39970000.0,15098000.0,0.041,1.01,71731000.0,111701000.0,0.123,111701000.0,71731000.0,38136000.0,0.81,0.81,0.81,327260000.0,,327260000.0,,,,-52374000.0,-1.781,1.0,329654000.0,0.364,0.0,33595000.0,1254554000.0,,60455000.0,0.0,0.0,0.0,761051000.0,313223000.0,447828000.0,,-5118000.0,0.0,9518000.0,64153000.0,-26415000.0,47256000.0,-121123000.0,0.0,68749000.0,0.0,23838000.0,23838000.0,23838000.0,0.0,0.0,0.026,263045000.0,66609000.0,62626000.0,1.247,,,30.716,849127000.0,0.0,24.88,,0.807,71217000.0,75938000.0,906835000.0,906835000.0,0.0,,,,0.079,0.0,32131000.0,1.0,,29409000,29422000.0,30.835,1088311000.0,0.0,14298000.0,88244000.0,37.006,-169518000.0
96,ATO,MRT,1997-06-30,1997-06-30,1997-06-30,2021-08-04,,,,,,,,,,,,,,,,,,,,,,0.041,0.99,,,,,,,,,,,,,,,,,,1.0,,,,,,,,,,,,,,,,,,,,,,,,,,,,,,,,,,,,,,,,24.0,,,,,,,,,,,,,,1.0,,29464000,,,,,,,,
97,ATO,MRT,1997-03-31,1997-03-31,1997-03-31,2021-08-04,,,,,,,,,,,,,,,,,,,,,,0.039,0.98,,,,,,,,,,,,,,,,,,1.0,,,,,,,,,,,,,,,,,,,,,,,,,,,,,,,,,,,,,,,,25.38,,,,,,,,,,,,,,1.0,,29379000,,,,,,,,
98,ATO,MRT,1996-12-31,1996-12-31,1996-12-31,2021-08-04,,,,,,,,,,,,,,,,,,,,,,0.041,0.97,,,,,,,,,,,,,,,,,,1.0,,,,,,,,,,,,,,,,,,,,,,,,,,,,,,,,,,,,,,,,23.88,,,,,,,,,,,,,,1.0,,29243000,,,,,,,,
99,ATO,MRT,1996-09-30,1996-09-30,1996-09-30,2021-08-04,,,,,,,,-111881000.0,,,562279000.0,41151000.0,,,,,,,,41666000.0,,0.041,0.96,96144000.0,137810000.0,0.155,137810000.0,96144000.0,64467000.0,1.42,1.42,1.42,,,,,,,-20148000.0,-0.695,1.0,324412000.0,0.366,,31677000.0,,,,,,,,,,,1838000.0,0.0,8523000.0,41941000.0,-28478000.0,21986000.0,-111881000.0,0.0,91733000.0,0.0,41151000.0,41151000.0,41151000.0,0.0,0.0,0.046,231835000.0,92577000.0,,0.676,,,16.465,,0.0,23.38,,0.764,,,886691000.0,886691000.0,0.0,,,,0.108,0.0,30254000.0,1.0,,28978000,28994000.0,30.599,,,23316000.0,,,
