None,ticker,dimension,calendardate,datekey,reportperiod,lastupdated,accoci,assets,assetsavg,assetsc,assetsnc,assetturnover,bvps,capex,cashneq,cashnequsd,cor,consolinc,currentratio,de,debt,debtc,debtnc,debtusd,deferredrev,depamor,deposits,divyield,dps,ebit,ebitda,ebitdamargin,ebitdausd,ebitusd,ebt,eps,epsdil,epsusd,equity,equityavg,equityusd,ev,evebit,evebitda,fcf,fcfps,fxusd,gp,grossmargin,intangibles,intexp,invcap,invcapavg,inventory,investments,investmentsc,investmentsnc,liabilities,liabilitiesc,liabilitiesnc,marketcap,ncf,ncfbus,ncfcommon,ncfdebt,ncfdiv,ncff,ncfi,ncfinv,ncfo,ncfx,netinc,netinccmn,netinccmnusd,netincdis,netincnci,netmargin,opex,opinc,payables,payoutratio,pb,pe,pe1,ppnenet,prefdivis,price,ps,ps1,receivables,retearn,revenue,revenueusd,rnd,roa,roe,roic,ros,sbcomp,sgna,sharefactor,sharesbas,shareswa,shareswadil,sps,tangibles,taxassets,taxexp,taxliabilities,tbvps,workingcapital
0,TECH,MRY,2021-12-31,2021-06-30,2021-06-30,2021-08-25,-57291000.0,2262957000.0,2117140250.0,510606000.0,1752351000.0,0.44,40.338,-44301000.0,199091000.0,199091000.0,298182000.0,139585000.0,3.353,0.443,420554000.0,24102000.0,396452000.0,420554000.0,18995000.0,87747000.0,0.0,0.003,1.28,162952000.0,250699000.0,0.269,250699000.0,162952000.0,149000000.0,3.62,3.47,3.62,1562971000.0,1515906250.0,1562971000.0,17420393492.0,107.0,69.487,307863000.0,7.945,1.0,632850000.0,0.68,1459035000.0,13952000.0,873101000.0,867028000.0,116748000.0,32463000.0,32463000.0,0.0,691723000.0,152284000.0,539439000.0,17313868492.0,52466000.0,-225908000.0,21914000.0,-15500000.0,-49622000.0,-62551000.0,-243516000.0,26693000.0,352164000.0,6369000.0,140410000.0,140410000.0,140410000.0,0.0,-825000.0,0.151,395554000.0,237296000.0,33384000.0,0.354,11.078,123.309,124.381,281741000.0,0.0,450.26,18.596,18.739,145385000.0,1085461000.0,931032000.0,931032000.0,70603000.0,0.066,0.093,0.188,0.175,48982000.0,324951000.0,1.0,38453046.0,38747000.0,40483000.0,24.028,803922000.0,0.0,8590000.0,98461000.0,20.748,358322000.0
1,TECH,MRY,2020-12-31,2020-06-30,2020-06-30,2021-08-25,-97199000.0,2027589000.0,1987513500.0,520920000.0,1506669000.0,0.372,36.156,-51744000.0,146625000.0,146625000.0,255497000.0,229296000.0,4.884,0.468,433526000.0,22035000.0,411491000.0,433526000.0,13049000.0,82737000.0,0.0,0.005,1.28,295674000.0,378411000.0,0.512,378411000.0,295674000.0,276477000.0,6.0,5.82,6.0,1381192000.0,1292508000.0,1381192000.0,10436216987.0,35.0,27.579,153473000.0,4.018,1.0,483194000.0,0.654,1244853000.0,19197000.0,962969000.0,979518250.0,103152000.0,124268000.0,124268000.0,0.0,646397000.0,106668000.0,539729000.0,10093549987.0,45739000.0,1906000.0,20871000.0,-148500000.0,-48902000.0,-183802000.0,27095000.0,76933000.0,205217000.0,-2771000.0,229296000.0,229296000.0,229296000.0,0.0,0.0,0.31,325775000.0,157419000.0,29028000.0,0.213,7.308,44.02,44.012,248294000.0,0.0,264.07,13.664,13.656,122534000.0,1057470000.0,738691000.0,738691000.0,65192000.0,0.115,0.177,0.302,0.4,32367000.0,260583000.0,1.0,38223009.0,38201000.0,39401000.0,19.337,782736000.0,0.0,47181000.0,103466000.0,20.49,414252000.0
2,TECH,MRY,2019-12-31,2019-06-30,2019-06-30,2021-08-25,-83521000.0,1884410000.0,1868514500.0,412607000.0,1471803000.0,0.382,30.851,-25411000.0,100886000.0,100886000.0,240515000.0,96072000.0,4.046,0.617,505160000.0,12500000.0,492660000.0,505160000.0,9084000.0,78171000.0,0.0,0.006,1.28,133720000.0,211891000.0,0.297,211891000.0,133720000.0,112015000.0,2.54,2.47,2.54,1165589000.0,1129437250.0,1165589000.0,8322794273.0,62.0,39.279,156208000.0,4.135,1.0,473491000.0,0.663,1312096000.0,21705000.0,874603000.0,899365500.0,91050000.0,65147000.0,65147000.0,0.0,718821000.0,101985000.0,616836000.0,7896090273.0,-21104000.0,-289492000.0,22545000.0,166500000.0,-48364000.0,134384000.0,-336799000.0,-21896000.0,181619000.0,-308000.0,96072000.0,96072000.0,96072000.0,0.0,0.0,0.135,326772000.0,146719000.0,19610000.0,0.504,6.774,82.189,82.083,154039000.0,0.0,208.49,11.059,11.032,137466000.0,931934000.0,714006000.0,714006000.0,62413000.0,0.051,0.085,0.149,0.187,32280000.0,264359000.0,1.0,37872753.0,37781000.0,38892000.0,18.899,572314000.0,0.0,15943000.0,95518000.0,15.148,310622000.0
3,TECH,MRY,2018-12-31,2018-06-30,2018-06-30,2021-08-25,-44814000.0,1593202000.0,1573453000.0,398366000.0,1194836000.0,0.409,28.793,-20934000.0,121990000.0,121990000.0,210850000.0,126150000.0,5.01,0.476,339000000.0,0.0,339000000.0,339000000.0,8109000.0,64463000.0,0.0,0.009,1.28,136140000.0,200603000.0,0.312,200603000.0,136140000.0,125952000.0,3.36,3.31,3.36,1079061000.0,1023745500.0,1079061000.0,5864945327.0,43.0,29.237,149433000.0,3.987,1.0,432143000.0,0.672,1044222000.0,10188000.0,686480000.0,697183750.0,85648000.0,59764000.0,59764000.0,0.0,514141000.0,79510000.0,434631000.0,5559053327.0,30378000.0,-46277000.0,19170000.0,-4500000.0,-47973000.0,-99188000.0,-38712000.0,27819000.0,170367000.0,-2089000.0,126150000.0,126150000.0,126150000.0,0.0,0.0,0.196,295965000.0,136178000.0,18452000.0,0.381,5.152,44.067,44.033,145348000.0,0.0,147.95,8.646,8.623,120296000.0,876931000.0,642993000.0,642993000.0,55329000.0,0.08,0.123,0.195,0.212,28240000.0,240636000.0,1.0,37573865.0,37476000.0,38055000.0,17.157,548980000.0,0.0,-198000.0,95171000.0,14.649,318856000.0
4,TECH,MRY,2017-12-31,2017-06-30,2017-06-30,2021-08-25,-48935000.0,1558219000.0,1532288250.0,348025000.0,1210194000.0,0.367,25.45,-15179000.0,91612000.0,91612000.0,188462000.0,76086000.0,2.568,0.641,343771000.0,0.0,343771000.0,343771000.0,5968000.0,60036000.0,0.0,0.011,1.28,119322000.0,179358000.0,0.319,179358000.0,119322000.0,111961000.0,2.04,2.03,2.04,949627000.0,910873500.0,949627000.0,4685061132.0,39.0,26.121,128542000.0,3.445,1.0,374541000.0,0.665,1031068000.0,7361000.0,643788000.0,634099500.0,60151000.0,66102000.0,66102000.0,0.0,608592000.0,135522000.0,473070000.0,4386686132.0,27375000.0,-293785000.0,5257000.0,252000000.0,-47325000.0,189113000.0,-305954000.0,3010000.0,143721000.0,495000.0,76086000.0,76086000.0,76086000.0,0.0,0.0,0.135,253957000.0,120584000.0,85256000.0,0.627,4.619,57.654,57.598,135124000.0,0.0,117.5,7.792,7.787,116830000.0,799027000.0,563003000.0,563003000.0,53514000.0,0.05,0.084,0.188,0.212,14631000.0,200443000.0,1.0,37333499.0,37313000.0,37500000.0,15.089,527151000.0,0.0,35875000.0,123074000.0,14.128,212503000.0
5,TECH,MRY,2016-12-31,2016-06-30,2016-06-30,2021-08-25,-70405000.0,1129581000.0,1128319500.0,253891000.0,875690000.0,0.442,23.64,-16898000.0,64237000.0,64237000.0,162364000.0,104476000.0,4.689,0.285,95259000.0,3759000.0,91500000.0,95259000.0,4717000.0,42764000.0,0.0,0.011,1.28,149229000.0,191993000.0,0.385,191993000.0,149229000.0,147481000.0,2.81,2.8,2.81,879280000.0,856633000.0,879280000.0,4292477402.0,29.0,22.357,127259000.0,3.421,1.0,336659000.0,0.675,741406000.0,1748000.0,365050000.0,424621500.0,57102000.0,31598000.0,31598000.0,0.0,250301000.0,54147000.0,196154000.0,4196574402.0,9705000.0,-91423000.0,5458000.0,18500000.0,-47607000.0,-23370000.0,-107570000.0,776000.0,144157000.0,-3512000.0,104476000.0,104476000.0,104476000.0,0.0,0.0,0.209,186066000.0,150593000.0,59153000.0,0.456,4.773,40.168,40.132,132362000.0,0.0,112.77,8.41,8.405,93393000.0,770553000.0,499023000.0,499023000.0,45187000.0,0.093,0.122,0.351,0.299,9430000.0,140879000.0,1.0,37213571.0,37194000.0,37326000.0,13.417,388175000.0,0.0,43005000.0,64616000.0,10.436,199744000.0
6,TECH,MRY,2015-12-31,2015-06-30,2015-06-30,2021-08-25,-30593000.0,1063360000.0,1076230750.0,248283000.0,815077000.0,0.42,22.831,-19905000.0,54532000.0,54532000.0,144969000.0,107735000.0,6.243,0.256,77024000.0,4024000.0,73000000.0,77024000.0,3380000.0,37226000.0,0.0,0.013,1.27,155706000.0,192932000.0,0.427,192932000.0,155706000.0,154162000.0,2.9,2.89,2.9,846935000.0,820274000.0,846935000.0,3707014358.0,24.0,19.214,119454000.0,3.22,1.0,307277000.0,0.679,683477000.0,1544000.0,362607000.0,402323500.0,49577000.0,56389000.0,56389000.0,0.0,216425000.0,39768000.0,176657000.0,3658446358.0,-264036000.0,-420102000.0,9731000.0,68036000.0,-47107000.0,31275000.0,-426492000.0,13466000.0,139359000.0,-8178000.0,107735000.0,107735000.0,107735000.0,0.0,0.0,0.238,160254000.0,147023000.0,52467000.0,0.438,4.32,33.958,33.955,129749000.0,0.0,98.47,8.09,8.077,70034000.0,713851000.0,452246000.0,452246000.0,40853000.0,0.1,0.131,0.387,0.344,5957000.0,119401000.0,1.0,37152903.0,37096000.0,37231000.0,12.191,379883000.0,11511000.0,46427000.0,63401000.0,10.241,208515000.0
7,TECH,MRY,2014-12-31,2014-06-30,2014-06-30,2021-08-25,-5388000.0,862491000.0,818628000.0,469413000.0,393078000.0,0.437,21.558,-13821000.0,318568000.0,318568000.0,106352000.0,110948000.0,17.787,0.085,12946000.0,5949000.0,6997000.0,12946000.0,0.0,19175000.0,0.0,0.013,1.23,161392000.0,180567000.0,0.505,180567000.0,161392000.0,161392000.0,3.01,3.0,3.01,795265000.0,761899250.0,795265000.0,3301025539.0,20.0,18.281,122941000.0,3.333,1.0,251411000.0,0.703,260249000.0,0.0,270229000.0,395411500.0,38847000.0,58807000.0,44786000.0,14021000.0,67226000.0,26391000.0,40835000.0,3424628539.0,154782000.0,-119180000.0,8326000.0,0.0,-45394000.0,-36806000.0,49688000.0,182664000.0,136762000.0,5138000.0,110948000.0,110948000.0,110948000.0,0.0,0.0,0.31,91661000.0,159750000.0,9652000.0,0.409,4.306,30.867,30.754,117120000.0,0.0,92.57,9.572,9.545,55001000.0,653279000.0,357763000.0,357763000.0,30945000.0,0.136,0.146,0.408,0.451,3261000.0,60716000.0,1.0,36995015.0,36890000.0,37005000.0,9.698,602242000.0,9623000.0,50444000.0,34334000.0,16.325,443022000.0
8,TECH,MRY,2013-12-31,2013-06-30,2013-06-30,2021-08-25,14553000.0,778098000.0,743896750.0,409516000.0,368582000.0,0.417,20.022,-22454000.0,163786000.0,163786000.0,79465000.0,112561000.0,12.764,0.055,0.0,0.0,0.0,0.0,0.0,12321000.0,0.0,0.017,1.18,160662000.0,172983000.0,0.557,172983000.0,160662000.0,160662000.0,3.06,3.05,3.06,737541000.0,708055000.0,737541000.0,2393782898.0,15.0,13.838,101108000.0,2.745,1.0,231110000.0,0.744,124888000.0,0.0,457340000.0,440543000.0,34877000.0,302058000.0,169151000.0,132907000.0,40557000.0,32084000.0,8473000.0,2544495898.0,47111000.0,0.0,-1289000.0,0.0,-43463000.0,-44677000.0,-31204000.0,-9102000.0,123562000.0,-570000.0,112561000.0,112561000.0,112561000.0,0.0,0.0,0.362,72641000.0,158469000.0,6236000.0,0.386,3.45,22.605,22.575,108756000.0,0.0,69.08,8.193,8.193,40175000.0,587725000.0,310575000.0,310575000.0,29257000.0,0.151,0.159,0.365,0.517,1789000.0,43384000.0,1.0,36834046.0,36836000.0,36900000.0,8.431,653210000.0,0.0,48101000.0,20693000.0,17.733,377432000.0
9,TECH,MRY,2012-12-31,2012-06-30,2012-06-30,2021-08-25,21775000.0,719324000.0,664010500.0,346507000.0,372817000.0,0.474,18.258,-6017000.0,116675000.0,116675000.0,78756000.0,112331000.0,9.693,0.067,0.0,0.0,0.0,0.0,0.0,12467000.0,0.0,0.015,1.11,162195000.0,174662000.0,0.555,174662000.0,162195000.0,162195000.0,3.04,3.04,3.04,674442000.0,626449750.0,674442000.0,2637206455.0,16.0,15.099,120729000.0,3.268,1.0,235804000.0,0.75,132158000.0,0.0,434741000.0,410171250.0,38277000.0,297333000.0,152311000.0,145022000.0,44882000.0,35750000.0,9132000.0,2732486455.0,39062000.0,0.0,-23658000.0,0.0,-41018000.0,-64625000.0,-21668000.0,-15285000.0,126746000.0,-1391000.0,112331000.0,112331000.0,112331000.0,0.0,0.0,0.357,69595000.0,166209000.0,6291000.0,0.365,4.051,24.325,24.408,93788000.0,0.0,74.2,8.687,8.713,37741000.0,520448000.0,314560000.0,314560000.0,27912000.0,0.169,0.179,0.395,0.516,1590000.0,41683000.0,1.0,36825963.0,36939000.0,37006000.0,8.516,587166000.0,0.0,49864000.0,26617000.0,15.896,310757000.0
10,TECH,MRY,2011-12-31,2011-06-30,2011-06-30,2021-08-25,-16291000.0,617670000.0,573930250.0,230417000.0,387253000.0,0.505,15.799,-3630000.0,77613000.0,77613000.0,65025000.0,112302000.0,12.669,0.054,0.0,0.0,0.0,0.0,0.0,8700000.0,0.0,0.013,1.07,164981000.0,173681000.0,0.599,173681000.0,164981000.0,164981000.0,3.03,3.02,3.03,586122000.0,554475000.0,586122000.0,2936641069.0,18.0,16.908,123564000.0,3.331,1.0,224937000.0,0.776,138915000.0,0.0,382954000.0,381225750.0,44906000.0,214821000.0,63200000.0,151621000.0,31548000.0,18188000.0,13360000.0,3095269069.0,-16526000.0,-131766000.0,2556000.0,0.0,-39691000.0,-36288000.0,-114185000.0,22154000.0,127194000.0,6753000.0,112302000.0,112302000.0,112302000.0,0.0,0.0,0.387,61882000.0,163055000.0,5207000.0,0.353,5.281,27.562,27.515,95398000.0,0.0,83.37,10.675,10.666,37860000.0,472730000.0,289962000.0,289962000.0,25985000.0,0.196,0.203,0.433,0.569,291000.0,35897000.0,1.0,37126893.0,37098000.0,37172000.0,7.816,478755000.0,5797000.0,52679000.0,18869000.0,12.905,212229000.0
11,TECH,MRY,2010-12-31,2010-06-30,2010-06-30,2021-08-25,-21234000.0,518816000.0,507496750.0,201040000.0,317776000.0,0.53,13.469,-4644000.0,94139000.0,94139000.0,54898000.0,109776000.0,11.809,0.034,0.0,0.0,0.0,0.0,0.0,8130000.0,0.0,0.018,1.03,156446000.0,164576000.0,0.612,164576000.0,156446000.0,156446000.0,2.95,2.94,2.95,501792000.0,490872000.0,501792000.0,2033831314.0,13.0,12.358,106616000.0,2.862,1.0,214149000.0,0.796,27112000.0,0.0,380541000.0,320229250.0,13737000.0,236402000.0,44672000.0,191730000.0,17024000.0,17024000.0,0.0,2142067314.0,-66801000.0,50000.0,-12319000.0,0.0,-38388000.0,-50511000.0,-114615000.0,-110021000.0,111260000.0,-12935000.0,109776000.0,109776000.0,109776000.0,0.0,0.0,0.408,57821000.0,156328000.0,9607000.0,0.349,4.269,19.513,19.475,97400000.0,0.0,57.45,7.962,7.955,32382000.0,400119000.0,269047000.0,269047000.0,25121000.0,0.216,0.224,0.489,0.581,939000.0,32700000.0,1.0,37285767.0,37255000.0,37347000.0,7.222,491704000.0,16145000.0,46670000.0,3636000.0,13.198,184016000.0
12,TECH,MRY,2009-12-31,2009-06-30,2009-06-30,2021-08-25,-7477000.0,472005000.0,463751500.0,255467000.0,216538000.0,0.569,12.076,-6556000.0,160940000.0,160940000.0,55923000.0,105242000.0,16.457,0.034,0.0,0.0,0.0,0.0,0.0,7766000.0,0.0,0.012,0.75,155363000.0,163129000.0,0.618,163129000.0,155363000.0,155363000.0,2.78,2.78,2.78,456482000.0,448068750.0,456482000.0,2242652724.0,14.0,13.748,104765000.0,2.771,1.0,208033000.0,0.788,28072000.0,0.0,267470000.0,275530000.0,11269000.0,125929000.0,41947000.0,83982000.0,15523000.0,15523000.0,0.0,2376473724.0,-6052000.0,1340000.0,-91357000.0,0.0,-28194000.0,-119444000.0,21278000.0,26494000.0,111321000.0,-19207000.0,105242000.0,105242000.0,105242000.0,0.0,0.0,0.399,57253000.0,150780000.0,7467000.0,0.27,5.206,22.581,22.953,100133000.0,0.0,63.81,9.003,9.138,31153000.0,345641000.0,263956000.0,263956000.0,23564000.0,0.227,0.235,0.564,0.589,1371000.0,33689000.0,1.0,37242967.0,37802000.0,37900000.0,6.983,443933000.0,12946000.0,50121000.0,4046000.0,11.744,239944000.0
13,TECH,MRY,2008-12-31,2008-06-30,2008-06-30,2021-08-25,12128000.0,507369000.0,491187000.0,258433000.0,248936000.0,0.524,12.446,-16365000.0,166992000.0,166992000.0,52889000.0,103558000.0,12.769,0.042,0.0,0.0,0.0,0.0,0.0,7259000.0,0.0,0.0,0.0,153831000.0,161090000.0,0.626,161090000.0,153831000.0,153831000.0,2.65,2.64,2.65,487130000.0,472422250.0,487130000.0,2827624347.0,18.0,17.553,98952000.0,2.528,1.0,204531000.0,0.795,29032000.0,0.0,291106000.0,287156000.0,9515000.0,151486000.0,39353000.0,112133000.0,20239000.0,20239000.0,0.0,2990473347.0,31507000.0,-1723000.0,-57115000.0,0.0,0.0,-56591000.0,-27510000.0,-8614000.0,115317000.0,291000.0,103558000.0,103558000.0,103558000.0,0.0,0.0,0.402,60244000.0,144287000.0,6111000.0,0.0,6.139,28.877,29.204,101722000.0,0.0,77.39,11.617,11.767,33332000.0,359208000.0,257420000.0,257420000.0,22394000.0,0.211,0.219,0.536,0.598,1203000.0,36715000.0,1.0,38641599.0,39139000.0,39247000.0,6.577,478337000.0,13488000.0,50273000.0,5544000.0,12.221,238194000.0
14,TECH,MRY,2007-12-31,2007-06-30,2007-06-30,2021-08-25,12924000.0,454844000.0,417216000.0,212838000.0,242006000.0,0.536,11.106,-8076000.0,135485000.0,135485000.0,46667000.0,85111000.0,12.379,0.039,0.0,0.0,0.0,0.0,0.0,6994000.0,0.0,0.0,0.0,130014000.0,137008000.0,0.613,137008000.0,130014000.0,128931000.0,2.16,2.15,2.16,437651000.0,399073250.0,437651000.0,2140622858.0,16.0,15.624,82427000.0,2.092,1.0,176815000.0,0.791,30167000.0,1083000.0,271999000.0,258427750.0,8757000.0,144887000.0,29289000.0,115598000.0,17193000.0,17193000.0,0.0,2256898858.0,45851000.0,-7900000.0,1518000.0,-13427000.0,0.0,-11375000.0,-39917000.0,-23816000.0,90503000.0,6640000.0,85111000.0,85111000.0,85111000.0,0.0,0.0,0.381,52661000.0,124154000.0,6934000.0,0.0,5.157,26.517,26.486,91535000.0,0.0,57.21,10.099,10.088,30966000.0,314339000.0,223482000.0,223482000.0,20082000.0,0.204,0.213,0.503,0.582,1042000.0,30965000.0,1.0,39449377.0,39406000.0,39513000.0,5.671,424677000.0,11808000.0,43820000.0,4246000.0,10.777,195645000.0
15,TECH,MRY,2006-12-31,2006-06-30,2006-06-30,2021-08-25,5685000.0,370512000.0,335308000.0,149822000.0,220690000.0,0.604,8.716,-4603000.0,89634000.0,89634000.0,45718000.0,73351000.0,8.339,0.089,13427000.0,1229000.0,12198000.0,13427000.0,0.0,6955000.0,0.0,0.0,0.0,112127000.0,119082000.0,0.588,119082000.0,112127000.0,111163000.0,1.88,1.85,1.88,340348000.0,308224000.0,340348000.0,1934964793.0,17.0,16.249,80986000.0,2.074,1.0,156899000.0,0.774,32021000.0,964000.0,244318000.0,222351250.0,9024000.0,114067000.0,19212000.0,94855000.0,30164000.0,17966000.0,12198000.0,2004841793.0,9290000.0,-29337000.0,-14723000.0,-1189000.0,0.0,-7923000.0,-70717000.0,-36777000.0,85589000.0,2341000.0,73351000.0,73351000.0,73351000.0,0.0,0.0,0.362,48396000.0,108503000.0,5460000.0,0.0,5.891,27.332,27.085,88772000.0,0.0,50.92,9.895,9.813,25078000.0,229228000.0,202617000.0,202617000.0,18825000.0,0.219,0.238,0.504,0.553,-6361000.0,27604000.0,1.0,39372384.0,39049000.0,39594000.0,5.189,338491000.0,10759000.0,37812000.0,6129000.0,8.668,131856000.0
16,TECH,MRY,2005-12-31,2005-06-30,2005-06-30,2021-08-25,3630000.0,295263000.0,318839750.0,134981000.0,160282000.0,0.56,6.637,-11410000.0,80344000.0,80344000.0,36813000.0,66132000.0,9.63,0.102,14616000.0,1238000.0,13378000.0,14616000.0,0.0,6108000.0,0.0,0.0,0.0,100709000.0,106817000.0,0.598,106817000.0,100709000.0,99887000.0,1.64,1.62,1.64,267869000.0,289843750.0,267869000.0,1720339436.0,17.0,16.105,63023000.0,1.562,1.0,141839000.0,0.794,14138000.0,822000.0,201381000.0,236144250.0,7758000.0,66757000.0,16790000.0,49967000.0,27394000.0,14016000.0,13378000.0,1765173436.0,29143000.0,0.0,-95922000.0,-1241000.0,0.0,-97163000.0,53275000.0,65146000.0,74433000.0,-1402000.0,66132000.0,66132000.0,66132000.0,0.0,0.0,0.37,44076000.0,97763000.0,4075000.0,0.0,6.59,26.692,27.994,89036000.0,0.0,45.91,9.881,10.371,23722000.0,185049000.0,178652000.0,178652000.0,18379000.0,0.207,0.228,0.426,0.564,0.0,24476000.0,1.0,38448561.0,40359000.0,40920000.0,4.427,281125000.0,11991000.0,33755000.0,3808000.0,6.966,120965000.0
17,TECH,MRY,2004-12-31,2004-06-30,2004-06-30,2021-08-25,5325000.0,325460000.0,302286250.0,128065000.0,197395000.0,0.533,7.246,-3710000.0,51201000.0,51201000.0,34887000.0,52928000.0,9.515,0.094,15857000.0,1281000.0,14576000.0,15857000.0,0.0,6040000.0,0.0,0.0,0.0,83219000.0,89259000.0,0.554,89259000.0,83219000.0,82541000.0,1.29,1.27,1.29,297425000.0,274496000.0,297425000.0,1750233611.0,21.0,19.608,61843000.0,1.507,1.0,126370000.0,0.784,15359000.0,678000.0,261298000.0,241187500.0,7457000.0,133876000.0,42534000.0,91342000.0,28035000.0,13459000.0,14576000.0,1785791611.0,11830000.0,0.0,4088000.0,-1229000.0,0.0,2859000.0,-59507000.0,-55797000.0,65553000.0,2925000.0,52928000.0,52928000.0,52928000.0,0.0,0.0,0.328,44097000.0,82273000.0,3847000.0,0.0,6.004,33.74,33.682,82851000.0,0.0,43.45,11.074,11.06,21099000.0,222728000.0,161257000.0,161257000.0,20773000.0,0.175,0.193,0.345,0.516,0.0,21725000.0,1.0,41099922.0,41046000.0,41697000.0,3.929,310101000.0,12663000.0,29613000.0,4915000.0,7.555,114606000.0
18,TECH,MRY,2003-12-31,2003-06-30,2003-06-30,2021-08-25,3120000.0,263277000.0,254507186.0,149515000.0,113762000.0,0.57,5.738,-15194000.0,39371000.0,39371000.0,35396000.0,45396000.0,13.834,0.113,17086000.0,1234000.0,15852000.0,17086000.0,0.0,6353000.0,0.0,0.0,0.0,70529000.0,76882000.0,0.53,76882000.0,70529000.0,69555000.0,1.1,1.08,1.1,236617000.0,224286417.0,236617000.0,1227627570.0,17.0,15.968,40044000.0,0.971,1.0,109615000.0,0.756,16958000.0,974000.0,213226000.0,208360343.0,6332000.0,84582000.0,80184000.0,4398000.0,26660000.0,10808000.0,15852000.0,1237079597.0,12979000.0,0.0,-20070000.0,-964000.0,0.0,-22183000.0,-21709000.0,-6515000.0,55238000.0,1633000.0,45396000.0,45396000.0,45396000.0,0.0,0.0,0.313,41897000.0,67718000.0,4821000.0,0.0,5.228,27.251,27.591,83691000.0,0.0,30.35,8.531,8.631,18387000.0,169809000.0,145011000.0,145011000.0,20581000.0,0.178,0.202,0.338,0.486,0.0,19377000.0,1.0,40760448.0,41237000.0,42031000.0,3.517,246319000.0,12952000.0,24159000.0,2972000.0,5.973,138707000.0
19,TECH,MRY,2002-12-31,2002-06-30,2002-06-30,2021-08-25,147910.0,238246959.0,232132483.0,129077749.0,109169210.0,0.564,4.975,-24275000.0,26392480.0,26392480.0,32508000.0,27130000.0,8.823,0.154,18050289.0,949637.0,17100652.0,18050289.0,0.0,12688000.0,0.0,0.0,0.0,39056000.0,51744000.0,0.395,51744000.0,39056000.0,37736000.0,0.65,0.64,0.65,206516783.0,198270674.0,206516783.0,1165287374.0,30.0,22.52,3392000.0,0.082,1.0,98392000.0,0.752,18897000.0,1320000.0,196378244.0,187463746.0,6077035.0,70671341.0,70671341.0,0.0,31730176.0,14629524.0,17100652.0,1173154390.0,5124000.0,0.0,-413000.0,-885000.0,0.0,-1298000.0,-22402000.0,2132000.0,27667000.0,1157000.0,27130000.0,27130000.0,27130000.0,0.0,0.0,0.207,63318000.0,35074000.0,10806382.0,0.0,5.681,43.242,43.415,70312602.0,0.0,28.22,8.962,8.948,16913002.0,147369149.0,130900000.0,130900000.0,17470000.0,0.117,0.137,0.208,0.298,0.0,19799000.0,1.0,41571736.0,41508000.0,42523000.0,3.154,219349959.0,15007421.0,10606000.0,0.0,5.285,114448225.0
20,TECH,MRY,2001-12-31,2001-06-30,2001-06-30,2021-08-25,-1346378.0,215525113.0,199650609.0,124191509.0,91333604.0,0.578,4.287,-6814953.0,21267791.0,21267791.0,28424906.0,34045376.0,7.815,0.213,18935049.0,884760.0,18050289.0,18935049.0,0.0,12737448.0,0.0,0.0,0.0,49189652.0,61927100.0,0.537,61927100.0,49189652.0,47808376.0,0.82,0.8,0.82,177660268.0,161833989.0,177660268.0,1346964169.0,27.0,21.751,39556758.0,0.955,1.0,86931656.0,0.754,27446246.0,1381276.0,169854569.0,154555320.0,5437594.0,75804077.0,75804077.0,0.0,37864845.0,15891556.0,21973289.0,1346442175.0,3911683.0,0.0,-348876.0,-824315.0,0.0,-1173191.0,-40650847.0,-33335894.0,46371711.0,-635990.0,34045376.0,34045376.0,34045376.0,0.0,0.0,0.295,40772666.0,46158990.0,13555261.0,0.0,7.579,39.548,39.634,49193972.0,0.0,32.5,11.672,11.675,15894048.0,121209686.0,115356562.0,115356562.0,14522233.0,0.171,0.21,0.318,0.426,0.0,17361179.0,1.0,41428990.0,41438670.0,42668236.0,2.784,188078867.0,6848000.0,13763000.0,3071982.0,4.539,108299953.0
21,TECH,MRY,2000-12-31,2000-06-30,2000-06-30,2021-08-25,-462116.0,180409581.0,162297928.0,86301205.0,94108376.0,0.64,3.474,-32368862.0,17356108.0,17356108.0,26750650.0,26582797.0,6.87,0.278,19759364.0,824315.0,18935049.0,19759364.0,0.0,12651350.0,0.0,0.0,0.0,40853069.0,53504419.0,0.515,53504419.0,40853069.0,39411797.0,0.65,0.63,0.65,141145378.0,119803747.0,141145378.0,2670396222.0,65.0,49.91,6370541.0,0.157,1.0,77087505.0,0.742,36335500.0,1441272.0,133916183.0,111410175.0,4651615.0,42468183.0,42468183.0,0.0,39264203.0,12561154.0,26703049.0,2668600870.0,4586640.0,0.0,6470910.0,19759364.0,0.0,26230274.0,-60044549.0,-26123527.0,38739403.0,-338488.0,26582797.0,26582797.0,26582797.0,0.0,0.0,0.256,37742690.0,39344815.0,16506143.0,0.0,18.907,100.388,100.0,46266177.0,0.0,65.0,25.7,25.431,14056481.0,88336230.0,103838155.0,103838155.0,11198309.0,0.164,0.222,0.367,0.393,0.0,17315131.0,1.0,41055398.0,40625482.0,42206042.0,2.556,144074081.0,9668314.0,12829000.0,0.0,3.546,73740051.0
22,TECH,MRY,1999-12-31,1999-06-30,1999-06-30,2021-08-25,52600.0,123800519.0,118205820.0,50850448.0,72950071.0,0.769,2.407,-9564033.0,12769468.0,12769468.0,27323211.0,16656010.0,3.777,0.278,0.0,0.0,0.0,0.0,0.0,11890384.0,0.0,0.0,0.0,26054010.0,37944394.0,0.417,37944394.0,26054010.0,26054010.0,0.41,0.4,0.41,96838387.0,90294368.0,96838387.0,501453465.0,19.0,13.215,18857826.0,0.469,1.0,63577486.0,0.699,45564750.0,0.0,52003669.0,44069126.0,5715065.0,16344656.0,16344656.0,0.0,26962132.0,13462632.0,13499500.0,512712116.0,-13344139.0,-24989542.0,-2805317.0,0.0,0.0,-2805317.0,-38637122.0,-1022721.0,28421859.0,-323559.0,16656010.0,16656010.0,16656010.0,0.0,0.0,0.183,38445661.0,25131825.0,19458731.0,0.0,5.295,30.782,30.951,15065234.0,0.0,12.69,5.64,5.617,13520409.0,62058879.0,90900697.0,90900697.0,12004798.0,0.141,0.184,0.591,0.287,0.0,16862217.0,1.0,40402846.0,40234734.0,41373350.0,2.259,78235769.0,5238000.0,9398000.0,3226451.0,1.944,37387816.0
23,TECH,MRY,1998-12-31,1998-06-30,1998-06-30,2021-08-25,479503.0,72785228.0,63353469.0,57231358.0,15553870.0,1.062,1.684,-2546332.0,26113607.0,26113607.0,20009641.0,15182961.0,7.841,0.14,0.0,0.0,0.0,0.0,0.0,2302686.0,0.0,0.0,0.0,22410961.0,24713647.0,0.367,24713647.0,22410961.0,22410961.0,0.4,0.385,0.4,63830767.0,55955906.0,63830767.0,350619535.0,16.0,14.187,18329137.0,0.484,1.0,47281797.0,0.703,293854.0,0.0,39078406.0,39569036.0,3810600.0,15321935.0,15321935.0,0.0,8954461.0,7299361.0,1655100.0,362759126.0,17515240.0,0.0,639831.0,0.0,0.0,639831.0,-4061500.0,831955.0,20875469.0,61440.0,15182961.0,15182961.0,15182961.0,0.0,0.0,0.226,26077020.0,21204777.0,3108811.0,0.0,5.683,23.893,23.825,11515723.0,0.0,9.53,5.391,5.368,10001893.0,49446319.0,67291438.0,67291438.0,10637804.0,0.24,0.271,0.566,0.333,0.0,15367759.0,1.0,38064966.0,37905936.0,39215260.0,1.775,72491374.0,3381000.0,7228000.0,2185122.0,1.912,49931997.0
24,TECH,MRY,1997-12-31,1997-06-30,1997-06-30,2021-08-25,430072.0,53921710.0,,39797358.0,14124352.0,,1.271,-4243156.0,8598367.0,8598367.0,19094827.0,10881662.0,8.125,0.121,0.0,0.0,0.0,0.0,0.0,2321963.0,0.0,0.0,0.0,16017019.0,18338982.0,0.301,18338982.0,16017019.0,15987662.0,0.29,0.28,0.29,48081044.0,,48081044.0,,,,8233392.0,0.218,1.0,41828923.0,0.687,365311.0,29357.0,40059666.0,,4087161.0,16153890.0,16153890.0,0.0,5840666.0,4898366.0,942300.0,,1176283.0,0.0,-2642359.0,0.0,0.0,-2642359.0,-8819595.0,-4326439.0,12476548.0,161689.0,10881662.0,10881662.0,10881662.0,0.0,0.0,0.179,26522664.0,15306259.0,2108235.0,0.0,,,26.078,11252741.0,0.0,7.562,,4.695,9114447.0,34903146.0,60923750.0,60923750.0,11701822.0,,,,0.263,151000.0,14585334.0,1.0,,37821216.0,38925064.0,1.611,53556399.0,3025000.0,5106000.0,1000096.0,1.416,34898992.0
25,TECH,MRY,1996-12-31,1996-06-30,1996-06-30,2021-08-25,,,,,,,,-6376922.0,,,18998931.0,8637870.0,,,,,,,,1872176.0,,0.0,0.0,12594112.0,14466288.0,0.265,14466288.0,12594112.0,12591870.0,0.23,0.22,0.23,,,,,,,3382627.0,0.09,1.0,35590123.0,0.652,,2242.0,,,,,,,,,,,2104591.0,0.0,-107081.0,0.0,0.0,-107081.0,-7576643.0,-1199721.0,9759549.0,28766.0,8637870.0,8637870.0,8637870.0,0.0,0.0,0.158,23599244.0,11990879.0,,0.0,,,31.793,,0.0,7.312,,5.056,,,54589054.0,54589054.0,10413264.0,,,,0.231,883000.0,12950472.0,1.0,,37745612.0,38885700.0,1.446,,,3954000.0,,,
0,TECH,MRQ,2021-06-30,2021-06-30,2021-06-30,2021-08-25,-57291000.0,2262957000.0,,510606000.0,1752351000.0,,40.17,-11316000.0,199091000.0,199091000.0,83084000.0,14644000.0,3.353,0.443,420554000.0,24102000.0,396452000.0,420554000.0,18995000.0,24672000.0,0.0,0.003,0.32,21381000.0,46053000.0,0.178,46053000.0,21381000.0,7429000.0,0.38,0.36,0.38,1562971000.0,,1562971000.0,17420393492.0,107.0,69.487,110704000.0,2.845,1.0,175944000.0,0.679,1459035000.0,13952000.0,873101000.0,,116748000.0,32463000.0,32463000.0,0.0,691723000.0,152284000.0,539439000.0,17313868492.0,12955000.0,-215587000.0,10100000.0,125875000.0,-12448000.0,117688000.0,-226903000.0,0.0,122020000.0,150000.0,14960000.0,14960000.0,14960000.0,0.0,-316000.0,0.058,107362000.0,68582000.0,33384000.0,0.842,11.078,123.309,124.381,281741000.0,0.0,450.26,18.596,18.739,145385000.0,1085461000.0,259028000.0,259028000.0,20721000.0,,,,,9808000.0,86641000.0,1.0,38453046.0,38909000.0,41017000.0,6.657,803922000.0,0.0,-7531000.0,98461000.0,20.662,358322000.0
1,TECH,MRQ,2021-03-31,2021-03-31,2021-03-31,2021-08-25,-64023000.0,2084642000.0,,566606000.0,1518036000.0,,39.619,-10602000.0,186136000.0,186136000.0,75278000.0,45402000.0,4.117,0.349,292661000.0,22914000.0,269747000.0,292661000.0,18714000.0,21103000.0,0.0,0.003,0.32,45734000.0,66837000.0,0.274,66837000.0,45734000.0,45734000.0,1.18,1.12,1.18,1539453000.0,,1539453000.0,14958031670.0,67.0,48.825,64264000.0,1.654,1.0,168274000.0,0.691,1235638000.0,0.0,817889000.0,,109990000.0,90108000.0,90108000.0,0.0,536700000.0,137640000.0,399060000.0,14818438670.0,20610000.0,-556000.0,-20523000.0,-16125000.0,-12446000.0,-55227000.0,129000.0,10731000.0,74866000.0,842000.0,45782000.0,45782000.0,45782000.0,0.0,-380000.0,0.188,99648000.0,68626000.0,30912000.0,0.271,9.626,80.406,79.735,270805000.0,0.0,381.93,17.478,17.504,157790000.0,1088788000.0,243552000.0,243552000.0,17052000.0,,,,,10643000.0,82596000.0,1.0,38798834.0,38856000.0,40676000.0,6.268,849004000.0,0.0,-48000.0,101963000.0,21.85,428966000.0
2,TECH,MRQ,2020-12-31,2020-12-31,2020-12-31,2021-08-25,-64238000.0,2067866000.0,,541933000.0,1525933000.0,,39.335,-11445000.0,165526000.0,165526000.0,73353000.0,46144000.0,4.61,0.353,305119000.0,22412000.0,282707000.0,305119000.0,13217000.0,20884000.0,0.0,0.004,0.32,56498000.0,77382000.0,0.345,77382000.0,56498000.0,56498000.0,1.2,1.15,1.2,1521916000.0,,1521916000.0,12490009438.0,56.0,40.624,77824000.0,2.011,1.0,150900000.0,0.673,1250838000.0,0.0,839053000.0,,106590000.0,117426000.0,117426000.0,0.0,537012000.0,117568000.0,419444000.0,12260385438.0,-3878000.0,-9765000.0,16919000.0,-92125000.0,-12392000.0,-90079000.0,-8604000.0,13162000.0,89269000.0,5536000.0,46274000.0,46274000.0,46274000.0,0.0,-130000.0,0.206,99905000.0,50995000.0,29235000.0,0.267,8.056,70.081,69.638,263756000.0,0.0,317.55,15.345,15.378,128243000.0,1104762000.0,224253000.0,224253000.0,16789000.0,,,,,15578000.0,83116000.0,1.0,38609307.0,38691000.0,40257000.0,5.796,817028000.0,0.0,10224000.0,109000000.0,21.117,424365000.0
3,TECH,MRQ,2020-09-30,2020-09-30,2020-09-30,2021-08-25,-83142000.0,2053096000.0,,541893000.0,1511203000.0,,37.349,-10938000.0,169404000.0,169404000.0,66468000.0,33395000.0,5.14,0.426,399028000.0,22195000.0,376833000.0,399028000.0,13285000.0,21088000.0,0.0,0.005,0.32,39339000.0,60427000.0,0.296,60427000.0,39339000.0,39339000.0,0.87,0.83,0.87,1439285000.0,,1439285000.0,9836984408.0,31.0,24.534,55071000.0,1.429,1.0,137731000.0,0.674,1239227000.0,0.0,938069000.0,,106003000.0,117986000.0,117986000.0,0.0,613811000.0,105424000.0,508387000.0,9550083408.0,22779000.0,0.0,15418000.0,-33125000.0,-12336000.0,-34933000.0,-8138000.0,2800000.0,66009000.0,-159000.0,33395000.0,33395000.0,33395000.0,0.0,0.0,0.164,88639000.0,49092000.0,32978000.0,0.368,6.635,38.463,38.171,261695000.0,0.0,247.73,12.572,12.567,122635000.0,1073362000.0,204199000.0,204199000.0,16041000.0,,,,,12953000.0,72598000.0,1.0,38550371.0,38536000.0,40025000.0,5.299,813869000.0,0.0,5944000.0,103531000.0,21.12,436469000.0
4,TECH,MRQ,2020-06-30,2020-06-30,2020-06-30,2021-08-25,-97199000.0,2027589000.0,,520920000.0,1506669000.0,,36.06,-17373000.0,146625000.0,146625000.0,62520000.0,58845000.0,4.884,0.468,433526000.0,22035000.0,411491000.0,433526000.0,13049000.0,20991000.0,0.0,0.005,0.32,80722000.0,101713000.0,0.578,101713000.0,80722000.0,61525000.0,1.54,1.49,1.54,1381192000.0,,1381192000.0,10436216987.0,35.0,27.579,27418000.0,0.716,1.0,113314000.0,0.644,1244853000.0,19197000.0,962969000.0,,103152000.0,124268000.0,124268000.0,0.0,646397000.0,106668000.0,539729000.0,10093549987.0,-9591000.0,1906000.0,32493000.0,-63125000.0,-12258000.0,-44720000.0,-10473000.0,4994000.0,44791000.0,811000.0,58845000.0,58845000.0,58845000.0,0.0,0.0,0.335,74004000.0,39310000.0,29028000.0,0.208,7.308,44.02,44.012,248294000.0,0.0,264.07,13.664,13.656,122534000.0,1057470000.0,175834000.0,175834000.0,16779000.0,,,,,6017000.0,57225000.0,1.0,38223009.0,38303000.0,39542000.0,4.591,782736000.0,0.0,2680000.0,103466000.0,20.435,414252000.0
5,TECH,MRQ,2020-03-31,2020-03-31,2020-03-31,2021-08-25,-103458000.0,1999022000.0,,491928000.0,1507094000.0,,33.712,-9282000.0,156216000.0,156216000.0,64617000.0,36432000.0,4.686,0.548,498883000.0,22044000.0,476839000.0,498883000.0,13556000.0,21108000.0,0.0,0.007,0.32,46821000.0,67929000.0,0.349,67929000.0,46821000.0,46821000.0,0.95,0.92,0.95,1291268000.0,,1291268000.0,7625993097.0,29.0,22.356,40187000.0,1.049,1.0,130063000.0,0.668,1256164000.0,0.0,980540000.0,,99673000.0,104872000.0,104872000.0,0.0,707754000.0,104985000.0,602769000.0,7272243097.0,45924000.0,0.0,-38869000.0,36875000.0,-12279000.0,-17786000.0,19358000.0,28640000.0,49469000.0,-5117000.0,36432000.0,36432000.0,36432000.0,0.0,0.0,0.187,82272000.0,47791000.0,25885000.0,0.337,5.632,38.907,38.777,238763000.0,0.0,189.62,9.638,9.626,117452000.0,1012713000.0,194680000.0,194680000.0,15954000.0,,,,,7855000.0,66318000.0,1.0,38351667.0,38303000.0,39435000.0,5.083,742858000.0,0.0,10389000.0,106556000.0,19.394,386943000.0
6,TECH,MRQ,2019-12-31,2019-12-31,2019-12-31,2021-08-25,-78352000.0,1998415000.0,,465074000.0,1533341000.0,,34.673,-14564000.0,110293000.0,110293000.0,63531000.0,119622000.0,4.431,0.51,464043000.0,21898000.0,442145000.0,464043000.0,11893000.0,20553000.0,0.0,0.006,0.32,150326000.0,170879000.0,0.924,170879000.0,150326000.0,150326000.0,3.13,3.02,3.13,1323348000.0,,1323348000.0,8834300510.0,34.0,25.803,55854000.0,1.463,1.0,121403000.0,0.656,1283953000.0,0.0,963259000.0,,95351000.0,133657000.0,133657000.0,0.0,675067000.0,104953000.0,570114000.0,8366005510.0,10401000.0,0.0,18295000.0,-103125000.0,-12196000.0,-97027000.0,33295000.0,47859000.0,70418000.0,3715000.0,119622000.0,119622000.0,119622000.0,0.0,0.0,0.647,84411000.0,36992000.0,28963000.0,0.102,6.322,42.873,42.873,240137000.0,0.0,219.51,11.234,11.25,111753000.0,1038783000.0,184934000.0,184934000.0,16381000.0,,,,,10129000.0,68030000.0,1.0,38112184.0,38167000.0,39550000.0,4.845,714462000.0,0.0,30704000.0,117430000.0,18.719,360121000.0
7,TECH,MRQ,2019-09-30,2019-09-30,2019-09-30,2021-08-25,-91627000.0,1925028000.0,,391945000.0,1533083000.0,,30.875,-10525000.0,99891000.0,99891000.0,64829000.0,14398000.0,4.44,0.639,568186000.0,21760000.0,546426000.0,568186000.0,9108000.0,20085000.0,0.0,0.007,0.32,17806000.0,37891000.0,0.207,37891000.0,17806000.0,17806000.0,0.38,0.37,0.38,1174224000.0,,1174224000.0,7852159828.0,59.0,36.84,30014000.0,0.789,1.0,118414000.0,0.646,1293750000.0,0.0,1011305000.0,,90855000.0,58520000.0,58520000.0,0.0,750804000.0,88268000.0,662536000.0,7447885828.0,-995000.0,0.0,8952000.0,-19125000.0,-12169000.0,-24269000.0,-15085000.0,-4560000.0,40539000.0,-2180000.0,14398000.0,14398000.0,14398000.0,0.0,0.0,0.079,85087000.0,33327000.0,22276000.0,0.842,6.343,80.026,79.865,233745000.0,0.0,195.67,10.143,10.135,122724000.0,931358000.0,183243000.0,183243000.0,16077000.0,,,,,8366000.0,69010000.0,1.0,38063504.0,38032000.0,39253000.0,4.818,631278000.0,0.0,3408000.0,95063000.0,16.599,303677000.0
8,TECH,MRQ,2019-06-30,2019-06-30,2019-06-30,2021-08-25,-83521000.0,1884410000.0,,412607000.0,1471803000.0,,30.763,-11692000.0,100886000.0,100886000.0,63405000.0,16460000.0,4.046,0.617,505160000.0,12500000.0,492660000.0,505160000.0,9084000.0,19919000.0,0.0,0.006,0.32,44491000.0,64410000.0,0.336,64410000.0,44491000.0,22786000.0,0.43,0.42,0.43,1165589000.0,,1165589000.0,8322794273.0,62.0,39.279,44254000.0,1.168,1.0,128260000.0,0.669,1312096000.0,21705000.0,874603000.0,,91050000.0,65147000.0,65147000.0,0.0,718821000.0,101985000.0,616836000.0,7896090273.0,5325000.0,-17206000.0,10921000.0,-17125000.0,-12127000.0,-19897000.0,-30316000.0,-1418000.0,55946000.0,-407000.0,16460000.0,16460000.0,16460000.0,0.0,0.0,0.086,84996000.0,43264000.0,19610000.0,0.744,6.774,82.189,82.083,154039000.0,0.0,208.49,11.059,11.032,137466000.0,931934000.0,191665000.0,191665000.0,16259000.0,,,,,8129000.0,68737000.0,1.0,37872753.0,37889000.0,39129000.0,5.059,572314000.0,0.0,6326000.0,95518000.0,15.105,310622000.0
9,TECH,MRQ,2019-03-31,2019-03-31,2019-03-31,2021-08-25,-79633000.0,1872618000.0,,423433000.0,1449185000.0,,30.347,-4925000.0,95561000.0,95561000.0,60251000.0,44654000.0,4.319,0.634,522265000.0,12500000.0,509765000.0,522265000.0,10112000.0,19322000.0,0.0,0.006,0.32,49877000.0,69199000.0,0.374,69199000.0,49877000.0,49877000.0,1.18,1.15,1.18,1146266000.0,,1146266000.0,7957922300.0,51.0,34.436,34737000.0,0.92,1.0,124610000.0,0.674,1298750000.0,0.0,902525000.0,,93839000.0,83229000.0,83229000.0,0.0,726352000.0,98047000.0,628305000.0,7498439300.0,9675000.0,1000.0,8168000.0,-23125000.0,-12086000.0,-27043000.0,-4736000.0,188000.0,39662000.0,1791000.0,44654000.0,44654000.0,44654000.0,0.0,0.0,0.242,80520000.0,44090000.0,14898000.0,0.271,6.542,61.81,61.854,145319000.0,0.0,198.55,10.672,10.674,133927000.0,927773000.0,184861000.0,184861000.0,15552000.0,,,,,5725000.0,64968000.0,1.0,37766000.0,37772000.0,38861000.0,4.894,573868000.0,0.0,5223000.0,102162000.0,15.193,325386000.0
10,TECH,MRQ,2018-12-31,2018-12-31,2018-12-31,2021-08-25,-83011000.0,1844832000.0,,379934000.0,1464898000.0,,29.032,-4604000.0,85886000.0,85886000.0,61492000.0,17556000.0,4.345,0.683,545369000.0,12500000.0,532869000.0,545369000.0,8396000.0,19878000.0,0.0,0.009,0.32,21767000.0,41645000.0,0.239,41645000.0,21767000.0,21767000.0,0.46,0.45,0.46,1096425000.0,,1096425000.0,5932260511.0,45.0,29.202,41959000.0,1.111,1.0,113018000.0,0.648,1314628000.0,0.0,902255000.0,,90905000.0,70647000.0,70647000.0,0.0,748407000.0,87432000.0,660975000.0,5465461511.0,-8788000.0,-58000.0,-12997000.0,-13121000.0,-12085000.0,-41207000.0,-13634000.0,-8972000.0,46563000.0,-510000.0,17556000.0,17556000.0,17556000.0,0.0,0.0,0.101,79415000.0,33603000.0,16013000.0,0.696,4.985,56.697,56.531,145262000.0,0.0,144.72,8.017,8.017,113283000.0,895205000.0,174510000.0,174510000.0,15812000.0,,,,,6861000.0,63603000.0,1.0,37765765.0,37766000.0,38748000.0,4.621,530204000.0,0.0,4211000.0,109097000.0,14.039,292502000.0
11,TECH,MRQ,2018-09-30,2018-09-30,2018-09-30,2021-08-25,-70632000.0,1872198000.0,,383112000.0,1489086000.0,,29.431,-4190000.0,94674000.0,94674000.0,55367000.0,17403000.0,4.591,0.687,561473000.0,12500000.0,548973000.0,561473000.0,8762000.0,19052000.0,0.0,0.006,0.32,17586000.0,36638000.0,0.225,36638000.0,17586000.0,17586000.0,0.46,0.45,0.46,1109469000.0,,1109469000.0,7918355440.0,61.0,39.821,35258000.0,0.935,1.0,107603000.0,0.66,1337476000.0,0.0,918079000.0,,90918000.0,69047000.0,69047000.0,0.0,762729000.0,83442000.0,679287000.0,7701345440.0,-27316000.0,-272229000.0,16453000.0,219871000.0,-12066000.0,222531000.0,-288113000.0,-11694000.0,39448000.0,-1182000.0,17403000.0,17403000.0,17403000.0,0.0,0.0,0.107,81840000.0,25763000.0,18259000.0,0.696,6.941,60.313,60.032,146511000.0,0.0,204.11,11.645,11.634,114753000.0,905139000.0,162970000.0,162970000.0,14789000.0,,,,,11565000.0,67051000.0,1.0,37731348.0,37697000.0,38813000.0,4.323,534722000.0,0.0,183000.0,119075000.0,14.185,299670000.0
12,TECH,MRQ,2018-06-30,2018-06-30,2018-06-30,2021-08-25,-44814000.0,1593202000.0,,398366000.0,1194836000.0,,28.734,-5818000.0,121990000.0,121990000.0,58073000.0,41701000.0,5.01,0.476,339000000.0,0.0,339000000.0,339000000.0,8109000.0,17152000.0,0.0,0.009,0.32,66458000.0,83610000.0,0.464,83610000.0,66458000.0,56270000.0,1.11,1.09,1.11,1079061000.0,,1079061000.0,5864945327.0,43.0,29.237,59021000.0,1.572,1.0,122181000.0,0.678,1044222000.0,10188000.0,686480000.0,,85648000.0,59764000.0,59764000.0,0.0,514141000.0,79510000.0,434631000.0,5559053327.0,35382000.0,18789000.0,5446000.0,-53500000.0,-12032000.0,-62832000.0,37968000.0,24317000.0,64839000.0,-4593000.0,41701000.0,41701000.0,41701000.0,0.0,0.0,0.231,79266000.0,42915000.0,18452000.0,0.288,5.152,44.067,44.033,145348000.0,0.0,147.95,8.646,8.623,120296000.0,876931000.0,180254000.0,180254000.0,13979000.0,,,,,14653000.0,65287000.0,1.0,37573865.0,37554000.0,38421000.0,4.8,548980000.0,0.0,14569000.0,95171000.0,14.618,318856000.0
13,TECH,MRQ,2018-03-31,2018-03-31,2018-03-31,2021-08-25,-15862000.0,1617808000.0,,393504000.0,1224304000.0,,28.219,-3508000.0,86608000.0,86608000.0,53712000.0,19738000.0,5.551,0.529,392500000.0,0.0,392500000.0,392500000.0,7841000.0,16273000.0,0.0,0.008,0.32,24982000.0,41255000.0,0.252,41255000.0,24982000.0,24982000.0,0.53,0.52,0.53,1058292000.0,,1058292000.0,5901116621.0,51.0,33.349,18142000.0,0.484,1.0,110261000.0,0.672,1054461000.0,0.0,798350000.0,,88586000.0,89826000.0,89826000.0,0.0,559516000.0,70889000.0,488627000.0,5660074621.0,-34850000.0,-54422000.0,7025000.0,30000000.0,-11995000.0,-952000.0,-57930000.0,0.0,21650000.0,2382000.0,19738000.0,19738000.0,19738000.0,0.0,0.0,0.12,67177000.0,43084000.0,18030000.0,0.604,5.348,50.51,50.515,142779000.0,0.0,151.04,9.139,9.146,109759000.0,847310000.0,163973000.0,163973000.0,13892000.0,,,,,4748000.0,53285000.0,1.0,37474011.0,37503000.0,38142000.0,4.372,563347000.0,0.0,5244000.0,93399000.0,15.021,322615000.0
14,TECH,MRQ,2017-12-31,2017-12-31,2017-12-31,2021-08-25,-56817000.0,1555422000.0,,346086000.0,1209336000.0,,26.645,-6335000.0,121458000.0,121458000.0,52319000.0,48847000.0,3.099,0.559,362500000.0,0.0,362500000.0,362500000.0,6016000.0,15615000.0,0.0,0.01,0.32,21731000.0,37346000.0,0.242,37346000.0,21731000.0,21731000.0,1.3,1.29,1.3,997819000.0,,997819000.0,5118261160.0,42.0,27.988,32847000.0,0.877,1.0,101834000.0,0.661,1027461000.0,0.0,657324000.0,,68280000.0,40927000.0,40927000.0,0.0,557603000.0,111679000.0,445924000.0,4853225160.0,48994000.0,-10000.0,2893000.0,25000000.0,-11988000.0,15550000.0,-6345000.0,0.0,39182000.0,607000.0,48847000.0,48847000.0,48847000.0,0.0,0.0,0.317,77686000.0,24148000.0,64618000.0,0.246,4.864,42.391,42.475,138461000.0,0.0,129.55,8.097,8.094,98498000.0,839564000.0,154153000.0,154153000.0,13911000.0,,,,,5044000.0,63775000.0,1.0,37462178.0,37449000.0,37926000.0,4.116,527961000.0,0.0,-27116000.0,74103000.0,14.098,234407000.0
15,TECH,MRQ,2017-09-30,2017-09-30,2017-09-30,2021-08-25,-49759000.0,1527380000.0,,307158000.0,1220222000.0,,25.68,-5273000.0,72464000.0,72464000.0,46745000.0,15863000.0,2.87,0.591,337500000.0,0.0,337500000.0,337500000.0,5374000.0,15423000.0,0.0,0.011,0.32,22967000.0,38390000.0,0.265,38390000.0,22967000.0,22967000.0,0.42,0.42,0.42,959810000.0,,959810000.0,4771272002.0,42.0,27.06,39423000.0,1.055,1.0,97868000.0,0.677,1038804000.0,0.0,646581000.0,,66532000.0,50261000.0,50261000.0,0.0,567570000.0,107031000.0,460539000.0,4519113002.0,-19148000.0,-10634000.0,3806000.0,-6000000.0,-11958000.0,-50954000.0,-12405000.0,3502000.0,44696000.0,-485000.0,15863000.0,15863000.0,15863000.0,0.0,0.0,0.11,71837000.0,26031000.0,55982000.0,0.762,4.708,61.815,61.995,136846000.0,0.0,120.89,7.832,7.83,107325000.0,802434000.0,144613000.0,144613000.0,13548000.0,,,,,3795000.0,58289000.0,1.0,37382025.0,37376000.0,37705000.0,3.869,488576000.0,0.0,7104000.0,120284000.0,13.072,200127000.0
16,TECH,MRQ,2017-06-30,2017-06-30,2017-06-30,2021-08-25,-48935000.0,1558219000.0,,348025000.0,1210194000.0,,25.43,-5868000.0,91612000.0,91612000.0,54206000.0,27610000.0,2.568,0.641,343771000.0,0.0,343771000.0,343771000.0,5968000.0,14748000.0,0.0,0.011,0.32,45209000.0,59957000.0,0.383,59957000.0,45209000.0,37848000.0,0.74,0.74,0.74,949627000.0,,949627000.0,4685061132.0,39.0,26.121,44980000.0,1.205,1.0,102372000.0,0.654,1031068000.0,7361000.0,643788000.0,,60151000.0,66102000.0,66102000.0,0.0,608592000.0,135522000.0,473070000.0,4386686132.0,31772000.0,-39844000.0,1627000.0,0.0,-11511000.0,-16645000.0,-4701000.0,41011000.0,50848000.0,2270000.0,27610000.0,27610000.0,27610000.0,0.0,0.0,0.176,62326000.0,40046000.0,85256000.0,0.432,4.619,57.654,57.598,135124000.0,0.0,117.5,7.792,7.787,116830000.0,799027000.0,156578000.0,156578000.0,13697000.0,,,,,3412000.0,48629000.0,1.0,37333499.0,37343000.0,37542000.0,4.193,527151000.0,0.0,10238000.0,123074000.0,14.116,212503000.0
17,TECH,MRQ,2017-03-31,2017-03-31,2017-03-31,2021-08-25,-65294000.0,1533431000.0,,306042000.0,1227389000.0,,24.328,-4016000.0,59840000.0,59840000.0,47355000.0,22167000.0,2.152,0.689,358215000.0,14578000.0,343637000.0,358215000.0,6072000.0,16038000.0,0.0,0.013,0.32,31141000.0,47179000.0,0.328,47179000.0,31141000.0,31141000.0,0.59,0.59,0.59,907925000.0,,907925000.0,4081063385.0,36.0,24.066,21004000.0,0.563,1.0,96682000.0,0.671,1052431000.0,0.0,637175000.0,,63767000.0,53780000.0,53780000.0,0.0,625506000.0,142200000.0,483306000.0,3792745385.0,904000.0,1988000.0,1525000.0,90000.0,-11943000.0,-24520000.0,4000.0,2032000.0,25020000.0,400000.0,22167000.0,22167000.0,22167000.0,0.0,0.0,0.154,63180000.0,33502000.0,79314000.0,0.542,4.177,51.182,51.08,132146000.0,0.0,101.65,7.008,7.01,118335000.0,778836000.0,144037000.0,144037000.0,13771000.0,,,,,3974000.0,49409000.0,1.0,37311809.0,37320000.0,37494000.0,3.86,481000000.0,0.0,8974000.0,133992000.0,12.889,163842000.0
18,TECH,MRQ,2016-12-31,2016-12-31,2016-12-31,2021-08-25,-67220000.0,1520025000.0,,294106000.0,1225919000.0,,23.871,-2853000.0,58936000.0,58936000.0,43664000.0,7467000.0,2.444,0.707,347254000.0,3595000.0,343659000.0,347254000.0,4852000.0,15606000.0,0.0,0.012,0.32,15188000.0,30794000.0,0.234,30794000.0,15188000.0,15188000.0,0.2,0.2,0.2,890573000.0,,890573000.0,4114194487.0,33.0,23.413,38777000.0,1.039,1.0,88143000.0,0.669,1051273000.0,0.0,636744000.0,,66089000.0,56559000.0,56559000.0,0.0,629452000.0,120326000.0,509126000.0,3836550487.0,-10653000.0,-2736000.0,79000.0,-77000.0,-11939000.0,-11885000.0,-38786000.0,-33197000.0,41630000.0,-1612000.0,7467000.0,7467000.0,7467000.0,0.0,0.0,0.057,70262000.0,17881000.0,76408000.0,1.6,4.308,46.658,46.529,131952000.0,0.0,102.83,7.265,7.264,104368000.0,769005000.0,131807000.0,131807000.0,13281000.0,,,,,4055000.0,56981000.0,1.0,37309642.0,37308000.0,37478000.0,3.533,468752000.0,0.0,7721000.0,133239000.0,12.564,173780000.0
19,TECH,MRQ,2016-09-30,2016-09-30,2016-09-30,2021-08-25,-63925000.0,1517478000.0,,310151000.0,1207327000.0,,24.017,-2442000.0,69589000.0,69589000.0,43236000.0,18843000.0,2.898,0.695,347233000.0,3733000.0,343500000.0,347233000.0,4484000.0,13644000.0,0.0,0.012,0.32,27785000.0,41429000.0,0.317,41429000.0,27785000.0,27785000.0,0.51,0.5,0.51,895369000.0,,895369000.0,4114969368.0,28.0,21.557,23781000.0,0.638,1.0,87345000.0,0.669,1069415000.0,0.0,618691000.0,,70519000.0,52381000.0,52381000.0,0.0,622109000.0,107016000.0,515093000.0,4083947368.0,5352000.0,-253193000.0,2026000.0,251987000.0,-11932000.0,242163000.0,-262471000.0,-6836000.0,26223000.0,-563000.0,18843000.0,18843000.0,18843000.0,0.0,0.0,0.144,58189000.0,29156000.0,64078000.0,0.627,4.561,40.591,40.406,133805000.0,0.0,109.5,7.896,7.893,109813000.0,774734000.0,130581000.0,130581000.0,12765000.0,,,,,3190000.0,45424000.0,1.0,37296323.0,37281000.0,37473000.0,3.503,448063000.0,0.0,8942000.0,140158000.0,12.019,203135000.0
20,TECH,MRQ,2016-06-30,2016-06-30,2016-06-30,2021-08-25,-70405000.0,1129581000.0,,253891000.0,875690000.0,,23.623,-3054000.0,64237000.0,64237000.0,45070000.0,25626000.0,4.689,0.285,95259000.0,3759000.0,91500000.0,95259000.0,4717000.0,10661000.0,0.0,0.011,0.32,39518000.0,50179000.0,0.372,50179000.0,39518000.0,37770000.0,0.69,0.69,0.69,879280000.0,,879280000.0,4292477402.0,29.0,22.357,33594000.0,0.903,1.0,89692000.0,0.666,741406000.0,1748000.0,365050000.0,,57102000.0,31598000.0,31598000.0,0.0,250301000.0,54147000.0,196154000.0,4196574402.0,-1476000.0,-535000.0,3535000.0,-24000000.0,-11909000.0,-32334000.0,-3618000.0,-4000.0,36648000.0,-2172000.0,25626000.0,25626000.0,25626000.0,0.0,0.0,0.19,49680000.0,40012000.0,59153000.0,0.464,4.773,40.168,40.132,132362000.0,0.0,112.77,8.41,8.405,93393000.0,770553000.0,134762000.0,134762000.0,11643000.0,,,,,2754000.0,38037000.0,1.0,37213571.0,37221000.0,37383000.0,3.621,388175000.0,0.0,12144000.0,64616000.0,10.429,199744000.0
21,TECH,MRQ,2016-03-31,2016-03-31,2016-03-31,2021-08-25,-76480000.0,1121924000.0,,236739000.0,885185000.0,,22.932,-2836000.0,65713000.0,65713000.0,40984000.0,30291000.0,5.078,0.315,161616000.0,3808000.0,157808000.0,161616000.0,5218000.0,10828000.0,0.0,0.014,0.32,42490000.0,53318000.0,0.407,53318000.0,42490000.0,42490000.0,0.81,0.81,0.81,852962000.0,,852962000.0,3619452686.0,24.0,18.94,34301000.0,0.922,1.0,89989000.0,0.687,750044000.0,0.0,421167000.0,,57066000.0,18874000.0,18874000.0,0.0,268962000.0,46616000.0,222346000.0,3515326686.0,3261000.0,-8000000.0,748000.0,-8500000.0,-11902000.0,-19535000.0,-13986000.0,-3150000.0,37137000.0,-355000.0,30291000.0,30291000.0,30291000.0,0.0,0.0,0.231,46462000.0,43527000.0,13516000.0,0.395,4.121,33.423,33.518,133666000.0,0.0,94.52,7.294,7.295,88221000.0,756926000.0,130973000.0,130973000.0,11245000.0,,,,,2317000.0,35217000.0,1.0,37191353.0,37196000.0,37299000.0,3.521,371880000.0,0.0,12199000.0,65326000.0,9.998,190123000.0
22,TECH,MRQ,2015-12-31,2015-12-31,2015-12-31,2021-08-25,-51527000.0,1133453000.0,,258383000.0,875070000.0,,23.027,-4887000.0,62452000.0,62452000.0,39320000.0,25851000.0,7.212,0.324,166578000.0,3789000.0,162789000.0,166578000.0,3139000.0,10590000.0,0.0,0.014,0.32,35374000.0,45964000.0,0.38,45964000.0,35374000.0,35374000.0,0.7,0.69,0.7,856343000.0,,856343000.0,3466615770.0,24.0,18.657,33652000.0,0.905,1.0,81587000.0,0.675,739442000.0,0.0,462308000.0,,58675000.0,51471000.0,51471000.0,0.0,277110000.0,35829000.0,241281000.0,3347221770.0,13610000.0,82000.0,47000.0,-1500000.0,-11902000.0,-13366000.0,-4805000.0,0.0,38539000.0,-6758000.0,25851000.0,25851000.0,25851000.0,0.0,0.0,0.214,45562000.0,36025000.0,10426000.0,0.457,3.909,33.75,33.835,134043000.0,0.0,90.0,7.197,7.196,67330000.0,738538000.0,120907000.0,120907000.0,10977000.0,,,,,2321000.0,34585000.0,1.0,37191353.0,37189000.0,37301000.0,3.251,394011000.0,11513000.0,9523000.0,76124000.0,10.595,222554000.0
23,TECH,MRQ,2015-09-30,2015-09-30,2015-09-30,2021-08-25,-53615000.0,1128320000.0,,240997000.0,887323000.0,,22.544,-6121000.0,48842000.0,48842000.0,36990000.0,22707000.0,5.351,0.347,168236000.0,3868000.0,164368000.0,168236000.0,3839000.0,10685000.0,0.0,0.014,0.32,31846000.0,42531000.0,0.378,42531000.0,31846000.0,31846000.0,0.61,0.61,0.61,837947000.0,,837947000.0,3458968631.0,23.0,17.987,25712000.0,0.692,1.0,75391000.0,0.671,752713000.0,0.0,449961000.0,,58967000.0,38423000.0,38423000.0,0.0,290373000.0,45040000.0,245333000.0,3436476631.0,-5690000.0,-82970000.0,1128000.0,52500000.0,-11894000.0,41865000.0,-85161000.0,3930000.0,31833000.0,5773000.0,22707000.0,22707000.0,22707000.0,0.0,0.0,0.202,44362000.0,31029000.0,13177000.0,0.525,4.101,32.257,32.329,132852000.0,0.0,92.46,7.534,7.534,71887000.0,724586000.0,112381000.0,112381000.0,11322000.0,,,,,2038000.0,33040000.0,1.0,37167171.0,37169000.0,37315000.0,3.024,375607000.0,16677000.0,9139000.0,86263000.0,10.105,195957000.0
24,TECH,MRQ,2015-06-30,2015-06-30,2015-06-30,2021-08-25,-30593000.0,1063360000.0,,248283000.0,815077000.0,,22.798,-6934000.0,54532000.0,54532000.0,38575000.0,26329000.0,6.243,0.256,77024000.0,4024000.0,73000000.0,77024000.0,3380000.0,9499000.0,0.0,0.013,0.32,39786000.0,49285000.0,0.419,49285000.0,39786000.0,38242000.0,0.7,0.7,0.7,846935000.0,,846935000.0,3707014358.0,24.0,19.214,30205000.0,0.813,1.0,79088000.0,0.672,683477000.0,1544000.0,362607000.0,,49577000.0,56389000.0,56389000.0,0.0,216425000.0,39768000.0,176657000.0,3658446358.0,-51915000.0,-106000.0,-1000.0,-74011000.0,-11889000.0,-85678000.0,-5521000.0,1470000.0,37139000.0,2145000.0,26329000.0,26329000.0,26329000.0,0.0,0.0,0.224,41287000.0,37801000.0,52467000.0,0.457,4.32,33.958,33.955,129749000.0,0.0,98.47,8.09,8.077,70034000.0,713851000.0,117663000.0,117663000.0,10813000.0,,,,,1232000.0,30474000.0,1.0,37152903.0,37150000.0,37294000.0,3.167,379883000.0,11511000.0,11913000.0,63401000.0,10.226,208515000.0
25,TECH,MRQ,2015-03-31,2015-03-31,2015-03-31,2021-08-25,-41622000.0,1104305000.0,,294738000.0,809567000.0,,22.082,-4924000.0,106447000.0,106447000.0,34778000.0,24290000.0,7.653,0.347,155015000.0,3004000.0,152011000.0,155015000.0,3491000.0,9273000.0,0.0,0.013,0.32,38759000.0,48032000.0,0.421,48032000.0,38759000.0,38759000.0,0.65,0.65,0.65,820066000.0,,820066000.0,3788251248.0,24.0,20.107,25852000.0,0.696,1.0,79380000.0,0.695,683144000.0,0.0,431216000.0,,51045000.0,53503000.0,53503000.0,0.0,284239000.0,38513000.0,245726000.0,3724199248.0,13479000.0,-340000.0,2702000.0,-1953000.0,-11883000.0,-11000000.0,-3148000.0,2116000.0,30776000.0,-3149000.0,24290000.0,24290000.0,24290000.0,0.0,0.0,0.213,39954000.0,39426000.0,48510000.0,0.492,4.541,34.41,34.229,124485000.0,0.0,100.29,8.72,8.72,66827000.0,699466000.0,114158000.0,114158000.0,10865000.0,,,,,1288000.0,29089000.0,1.0,37134303.0,37138000.0,37269000.0,3.074,421161000.0,11729000.0,14469000.0,58590000.0,11.34,256225000.0
26,TECH,MRQ,2014-12-31,2014-12-31,2014-12-31,2021-08-25,-24477000.0,1118998000.0,,273530000.0,845468000.0,,22.13,-3142000.0,92968000.0,92968000.0,36205000.0,33209000.0,6.177,0.363,157020000.0,5983000.0,151037000.0,157020000.0,2811000.0,9895000.0,0.0,0.014,0.32,42563000.0,52458000.0,0.469,52458000.0,42563000.0,42563000.0,0.9,0.89,0.9,820682000.0,,820682000.0,3452564235.0,21.0,18.042,32584000.0,0.879,1.0,75743000.0,0.677,714906000.0,0.0,423864000.0,,52815000.0,51055000.0,46970000.0,4085000.0,298316000.0,44280000.0,254036000.0,3425857235.0,-5271000.0,-59927000.0,5166000.0,32000000.0,-11863000.0,25483000.0,-63069000.0,0.0,35726000.0,-3411000.0,33209000.0,33209000.0,33209000.0,0.0,0.0,0.297,41163000.0,34580000.0,48127000.0,0.356,4.174,29.64,29.427,124776000.0,0.0,92.4,8.386,8.388,58387000.0,687060000.0,111948000.0,111948000.0,10026000.0,,,,,2075000.0,31137000.0,1.0,37076377.0,37085000.0,37211000.0,3.019,404092000.0,17272000.0,9354000.0,70104000.0,10.896,229250000.0
27,TECH,MRQ,2014-09-30,2014-09-30,2014-09-30,2021-08-25,-22979000.0,1018260000.0,,268111000.0,750149000.0,,21.44,-4905000.0,98239000.0,98239000.0,35411000.0,23907000.0,6.601,0.283,124946000.0,5949000.0,118997000.0,124946000.0,2545000.0,8559000.0,0.0,0.013,0.31,34598000.0,43157000.0,0.398,43157000.0,34598000.0,34598000.0,0.65,0.64,0.65,793413000.0,,793413000.0,3156401841.0,20.0,17.538,30813000.0,0.833,1.0,73066000.0,0.674,612742000.0,0.0,391607000.0,,52195000.0,46148000.0,32573000.0,13575000.0,224847000.0,40618000.0,184229000.0,3462023841.0,-220329000.0,-359729000.0,1864000.0,112000000.0,-11472000.0,102470000.0,-354754000.0,9880000.0,35718000.0,-3763000.0,23907000.0,23907000.0,23907000.0,0.0,0.0,0.22,37850000.0,35216000.0,13571000.0,0.477,4.363,32.227,32.038,122006000.0,0.0,93.55,9.097,9.097,61537000.0,665714000.0,108477000.0,108477000.0,9149000.0,,,,,1362000.0,28701000.0,1.0,37007203.0,37007000.0,37148000.0,2.931,405518000.0,19148000.0,10691000.0,66499000.0,10.958,227493000.0
28,TECH,MRQ,2014-06-30,2014-06-30,2014-06-30,2021-08-25,-5388000.0,862491000.0,,469413000.0,393078000.0,,21.537,-2102000.0,318568000.0,318568000.0,28930000.0,26824000.0,17.787,0.085,12946000.0,5949000.0,6997000.0,12946000.0,0.0,5311000.0,0.0,0.013,0.31,39451000.0,44762000.0,0.484,44762000.0,39451000.0,39451000.0,0.73,0.73,0.73,795265000.0,,795265000.0,3301025539.0,20.0,18.281,35819000.0,0.97,1.0,63593000.0,0.687,260249000.0,0.0,270229000.0,,38847000.0,58807000.0,44786000.0,14021000.0,67226000.0,26391000.0,40835000.0,3424628539.0,194965000.0,-16031000.0,3198000.0,0.0,-11469000.0,-8009000.0,163685000.0,181818000.0,37921000.0,1368000.0,26824000.0,26824000.0,26824000.0,0.0,0.0,0.29,24747000.0,38846000.0,9652000.0,0.425,4.306,30.867,30.754,117120000.0,0.0,92.57,9.572,9.545,55001000.0,653279000.0,92523000.0,92523000.0,7644000.0,,,,,626000.0,17103000.0,1.0,36995015.0,36926000.0,37035000.0,2.506,602242000.0,9623000.0,12627000.0,34334000.0,16.309,443022000.0
29,TECH,MRQ,2014-03-31,2014-03-31,2014-03-31,2021-08-25,-3909000.0,830566000.0,,319531000.0,511035000.0,,21.052,-4261000.0,123603000.0,123603000.0,27444000.0,31641000.0,13.115,0.069,0.0,0.0,0.0,0.0,0.0,4918000.0,0.0,0.014,0.31,46069000.0,50987000.0,0.534,50987000.0,46069000.0,46069000.0,0.86,0.85,0.86,777041000.0,,777041000.0,3051817674.0,19.0,16.991,30673000.0,0.831,1.0,68111000.0,0.713,240764000.0,0.0,441835000.0,,38386000.0,247885000.0,96528000.0,151357000.0,53525000.0,24364000.0,29161000.0,3150219674.0,25201000.0,0.0,1568000.0,0.0,-11440000.0,-9912000.0,-81000.0,4185000.0,34934000.0,260000.0,31641000.0,31641000.0,31641000.0,0.0,0.0,0.331,22342000.0,45769000.0,8418000.0,0.36,4.054,27.993,27.899,116649000.0,0.0,85.37,9.139,9.141,50458000.0,637923000.0,95555000.0,95555000.0,7676000.0,,,,,740000.0,14666000.0,1.0,36900781.0,36911000.0,37053000.0,2.589,589802000.0,8509000.0,14428000.0,34839000.0,15.979,295167000.0
30,TECH,MRQ,2013-12-31,2013-12-31,2013-12-31,2021-08-25,-9953000.0,802165000.0,,279141000.0,523024000.0,,20.295,-3647000.0,98402000.0,98402000.0,25424000.0,25055000.0,12.626,0.072,0.0,0.0,0.0,0.0,0.0,4856000.0,0.0,0.013,0.31,36218000.0,41074000.0,0.489,41074000.0,36218000.0,36218000.0,0.68,0.68,0.68,748528000.0,,748528000.0,3406227487.0,21.0,19.344,27675000.0,0.75,1.0,58593000.0,0.697,242907000.0,0.0,438747000.0,,39992000.0,251044000.0,88454000.0,162590000.0,53637000.0,22109000.0,31528000.0,3490083487.0,14546000.0,-185000.0,2415000.0,0.0,-11434000.0,-8983000.0,-8783000.0,-5119000.0,31322000.0,990000.0,25055000.0,25055000.0,25055000.0,0.0,0.0,0.298,22849000.0,35744000.0,7163000.0,0.456,4.663,30.612,30.539,115159000.0,0.0,94.67,10.571,10.576,40435000.0,617722000.0,84017000.0,84017000.0,7923000.0,,,,,1326000.0,14926000.0,1.0,36865781.0,36882000.0,37015000.0,2.278,559258000.0,9878000.0,11163000.0,33346000.0,15.163,257032000.0
31,TECH,MRQ,2013-09-30,2013-09-30,2013-09-30,2021-08-25,-14321000.0,779290000.0,,280636000.0,498654000.0,,19.726,-3811000.0,83856000.0,83856000.0,24554000.0,27428000.0,13.841,0.072,0.0,0.0,0.0,0.0,0.0,4090000.0,0.0,0.015,0.3,39654000.0,43744000.0,0.511,43744000.0,39654000.0,39654000.0,0.74,0.74,0.74,726763000.0,,726763000.0,2786020217.0,17.0,15.862,28774000.0,0.781,1.0,61114000.0,0.713,244323000.0,0.0,430835000.0,,39957000.0,239320000.0,100843000.0,138477000.0,52527000.0,20276000.0,32251000.0,2949806217.0,-79930000.0,-102964000.0,1145000.0,0.0,-11051000.0,-9902000.0,-105133000.0,1780000.0,32585000.0,2520000.0,27428000.0,27428000.0,27428000.0,0.0,0.0,0.32,21723000.0,39391000.0,6656000.0,0.405,4.059,25.803,25.743,113362000.0,0.0,80.06,9.183,9.182,44168000.0,604102000.0,85668000.0,85668000.0,7702000.0,,,,,569000.0,14021000.0,1.0,36844944.0,36842000.0,36928000.0,2.325,534967000.0,9527000.0,12226000.0,35220000.0,14.521,260360000.0
32,TECH,MRQ,2013-06-30,2013-06-30,2013-06-30,2021-08-25,14553000.0,778098000.0,,409516000.0,368582000.0,,20.021,-5346000.0,163786000.0,163786000.0,20358000.0,28411000.0,12.764,0.055,0.0,0.0,0.0,0.0,0.0,3042000.0,0.0,0.017,0.3,40764000.0,43806000.0,0.551,43806000.0,40764000.0,40764000.0,0.78,0.77,0.78,737541000.0,,737541000.0,2393782898.0,15.0,13.838,24641000.0,0.669,1.0,59117000.0,0.744,124888000.0,0.0,457340000.0,,34877000.0,302058000.0,169151000.0,132907000.0,40557000.0,32084000.0,8473000.0,2544495898.0,13073000.0,0.0,-1540000.0,0.0,-11050000.0,-12584000.0,-4759000.0,-357000.0,29987000.0,429000.0,28411000.0,28411000.0,28411000.0,0.0,0.0,0.357,19301000.0,39816000.0,6236000.0,0.385,3.45,22.605,22.575,108756000.0,0.0,69.08,8.193,8.193,40175000.0,587725000.0,79475000.0,79475000.0,7183000.0,,,,,415000.0,12118000.0,1.0,36834046.0,36839000.0,36897000.0,2.157,653210000.0,0.0,12353000.0,20693000.0,17.731,377432000.0
33,TECH,MRQ,2013-03-31,2013-03-31,2013-03-31,2021-08-25,12837000.0,760290000.0,,390157000.0,370133000.0,,19.53,-6373000.0,150713000.0,150713000.0,19845000.0,33118000.0,12.012,0.057,0.0,0.0,0.0,0.0,0.0,3001000.0,0.0,0.017,0.3,44466000.0,47467000.0,0.586,47467000.0,44466000.0,44466000.0,0.9,0.9,0.9,719509000.0,,719509000.0,2356467176.0,15.0,13.629,26652000.0,0.723,1.0,61147000.0,0.755,126090000.0,0.0,451006000.0,,35675000.0,297927000.0,162162000.0,135765000.0,40781000.0,32481000.0,8300000.0,2499753176.0,7427000.0,0.0,0.0,0.0,-11053000.0,-11048000.0,-11525000.0,-4984000.0,33025000.0,-3025000.0,33118000.0,33118000.0,33118000.0,0.0,0.0,0.409,17201000.0,43946000.0,6189000.0,0.333,3.474,22.441,22.393,105202000.0,0.0,67.85,8.069,8.069,39874000.0,572186000.0,80992000.0,80992000.0,7219000.0,,,,,350000.0,9982000.0,1.0,36842346.0,36842000.0,36908000.0,2.198,634200000.0,0.0,11348000.0,22544000.0,17.214,357676000.0
34,TECH,MRQ,2012-12-31,2012-12-31,2012-12-31,2021-08-25,10250000.0,724570000.0,,359731000.0,364839000.0,,18.857,-8220000.0,143286000.0,143286000.0,19820000.0,25364000.0,16.914,0.043,0.0,0.0,0.0,0.0,0.0,3173000.0,0.0,0.017,0.3,37446000.0,40619000.0,0.541,40619000.0,37446000.0,37446000.0,0.69,0.69,0.69,694565000.0,,694565000.0,2386077516.0,15.0,13.898,23067000.0,0.626,1.0,55263000.0,0.736,132104000.0,0.0,427912000.0,,37600000.0,271378000.0,142809000.0,128569000.0,30005000.0,21268000.0,8737000.0,2516882516.0,12481000.0,0.0,688000.0,0.0,-11048000.0,-10297000.0,-9000000.0,-443000.0,31287000.0,491000.0,25364000.0,25364000.0,25364000.0,0.0,0.0,0.338,18359000.0,36904000.0,6466000.0,0.435,3.624,22.875,22.856,101133000.0,0.0,68.34,8.056,8.057,34325000.0,550120000.0,75083000.0,75083000.0,7403000.0,,,,,722000.0,10956000.0,1.0,36828834.0,36834000.0,36900000.0,2.038,592466000.0,0.0,12082000.0,15235000.0,16.085,338463000.0
35,TECH,MRQ,2012-09-30,2012-09-30,2012-09-30,2021-08-25,12141000.0,712629000.0,,350143000.0,362486000.0,,18.481,-2515000.0,130805000.0,130805000.0,19442000.0,25668000.0,15.289,0.047,0.0,0.0,0.0,0.0,0.0,3105000.0,0.0,0.016,0.28,37986000.0,41091000.0,0.548,41091000.0,37986000.0,37986000.0,0.7,0.7,0.7,680605000.0,,680605000.0,2532791318.0,16.0,14.715,26748000.0,0.726,1.0,55583000.0,0.741,133009000.0,0.0,425914000.0,,38397000.0,273975000.0,142262000.0,131713000.0,32024000.0,22901000.0,9123000.0,2649466318.0,14130000.0,0.0,-437000.0,0.0,-10312000.0,-10748000.0,-5920000.0,-3318000.0,29263000.0,1535000.0,25668000.0,25668000.0,25668000.0,0.0,0.0,0.342,17780000.0,37803000.0,6541000.0,0.4,3.893,23.982,23.98,94920000.0,0.0,71.94,8.492,8.492,36910000.0,535805000.0,75025000.0,75025000.0,7452000.0,,,,,302000.0,10328000.0,1.0,36828834.0,36828000.0,36895000.0,2.037,579620000.0,0.0,12318000.0,17846000.0,15.739,327242000.0
36,TECH,MRQ,2012-06-30,2012-06-30,2012-06-30,2021-08-25,21775000.0,719324000.0,,346507000.0,372817000.0,,18.312,-1133000.0,116675000.0,116675000.0,19817000.0,27241000.0,9.693,0.067,0.0,0.0,0.0,0.0,0.0,3101000.0,0.0,0.015,0.28,40617000.0,43718000.0,0.556,43718000.0,40617000.0,40617000.0,0.74,0.74,0.74,674442000.0,,674442000.0,2637206455.0,16.0,15.099,36280000.0,0.985,1.0,58864000.0,0.748,132158000.0,0.0,434741000.0,,38277000.0,297333000.0,152311000.0,145022000.0,44882000.0,35750000.0,9132000.0,2732486455.0,21395000.0,-42000.0,-2135000.0,0.0,-10311000.0,-12446000.0,-2534000.0,-1482000.0,37413000.0,-1038000.0,27241000.0,27241000.0,27241000.0,0.0,0.0,0.346,17646000.0,41218000.0,6291000.0,0.378,4.051,24.325,24.408,93788000.0,0.0,74.2,8.687,8.713,37741000.0,520448000.0,78681000.0,78681000.0,7286000.0,,,,,252000.0,10360000.0,1.0,36825963.0,36831000.0,36895000.0,2.136,587166000.0,0.0,13376000.0,26617000.0,15.942,310757000.0
37,TECH,MRQ,2012-03-31,2012-03-31,2012-03-31,2021-08-25,6877000.0,684034000.0,,306272000.0,377762000.0,,17.483,-1587000.0,95280000.0,95280000.0,20238000.0,31756000.0,9.969,0.061,0.0,0.0,0.0,0.0,0.0,3052000.0,0.0,0.016,0.28,43205000.0,46257000.0,0.553,46257000.0,43205000.0,43205000.0,0.86,0.86,0.86,644497000.0,,644497000.0,2503067741.0,15.0,14.168,32876000.0,0.892,1.0,63383000.0,0.758,134876000.0,0.0,423157000.0,,40497000.0,270976000.0,124325000.0,146651000.0,39537000.0,30721000.0,8816000.0,2584061741.0,14286000.0,0.0,-2913000.0,0.0,-10320000.0,-13195000.0,-7856000.0,-5780000.0,34463000.0,874000.0,31756000.0,31756000.0,31756000.0,0.0,0.0,0.38,17021000.0,46362000.0,6451000.0,0.326,4.009,22.783,22.834,94614000.0,0.0,70.1,8.232,8.232,40926000.0,505834000.0,83621000.0,83621000.0,7122000.0,,,,,203000.0,9899000.0,1.0,36862507.0,36864000.0,36930000.0,2.268,549158000.0,3816000.0,11449000.0,17557000.0,14.897,275551000.0
38,TECH,MRQ,2011-12-31,2011-12-31,2011-12-31,2021-08-25,-20904000.0,624248000.0,,227216000.0,397032000.0,,16.164,-2201000.0,80994000.0,80994000.0,19492000.0,25813000.0,16.088,0.045,0.0,0.0,0.0,0.0,0.0,3179000.0,0.0,0.016,0.28,37873000.0,41052000.0,0.55,41052000.0,37873000.0,37873000.0,0.7,0.7,0.7,597506000.0,,597506000.0,2446429847.0,15.0,13.768,18237000.0,0.493,1.0,55170000.0,0.739,133919000.0,0.0,395212000.0,,40978000.0,224048000.0,56758000.0,167290000.0,26742000.0,14123000.0,12619000.0,2525664847.0,1759000.0,42000.0,-7073000.0,0.0,-10361000.0,-17428000.0,-829000.0,1330000.0,20438000.0,-422000.0,25813000.0,25813000.0,25813000.0,0.0,0.0,0.346,17488000.0,37682000.0,5914000.0,0.4,4.227,22.405,22.38,94604000.0,0.0,68.26,8.239,8.231,34545000.0,487524000.0,74662000.0,74662000.0,6837000.0,,,,,852000.0,10651000.0,1.0,37000657.0,36966000.0,37028000.0,2.02,490329000.0,12921000.0,12060000.0,13586000.0,13.264,213093000.0
39,TECH,MRQ,2011-09-30,2011-09-30,2011-09-30,2021-08-25,-20220000.0,628436000.0,,219010000.0,409426000.0,,15.888,-1096000.0,79235000.0,79235000.0,19209000.0,27521000.0,8.348,0.066,0.0,0.0,0.0,0.0,0.0,3135000.0,0.0,0.016,0.27,40500000.0,43635000.0,0.562,43635000.0,40500000.0,40500000.0,0.74,0.74,0.74,589354000.0,,589354000.0,2444307772.0,15.0,13.86,33336000.0,0.899,1.0,58387000.0,0.752,135390000.0,0.0,387575000.0,,42116000.0,222504000.0,54120000.0,168384000.0,39082000.0,26236000.0,12846000.0,2521920772.0,1622000.0,0.0,-11537000.0,0.0,-10026000.0,-21556000.0,-10449000.0,-9353000.0,34432000.0,-805000.0,27521000.0,27521000.0,27521000.0,0.0,0.0,0.355,17440000.0,40947000.0,5734000.0,0.365,4.279,22.229,22.153,94352000.0,0.0,68.01,8.417,8.42,35639000.0,479551000.0,77596000.0,77596000.0,6667000.0,,,,,283000.0,10773000.0,1.0,37081617.0,37095000.0,37170000.0,2.092,493046000.0,6730000.0,12979000.0,16804000.0,13.291,192774000.0
40,TECH,MRQ,2011-06-30,2011-06-30,2011-06-30,2021-08-25,-16291000.0,617670000.0,,230417000.0,387253000.0,,15.781,-1273000.0,77613000.0,77613000.0,18407000.0,28331000.0,12.669,0.054,0.0,0.0,0.0,0.0,0.0,2758000.0,0.0,0.013,0.27,42971000.0,45729000.0,0.586,45729000.0,42971000.0,42971000.0,0.77,0.76,0.77,586122000.0,,586122000.0,2936641069.0,18.0,16.908,33399000.0,0.899,1.0,59631000.0,0.764,138915000.0,0.0,382954000.0,,44906000.0,214821000.0,63200000.0,151621000.0,31548000.0,18188000.0,13360000.0,3095269069.0,-81015000.0,-131766000.0,1361000.0,0.0,-10029000.0,-8240000.0,-108981000.0,24194000.0,34672000.0,1534000.0,28331000.0,28331000.0,28331000.0,0.0,0.0,0.363,17028000.0,42603000.0,5207000.0,0.351,5.281,27.562,27.515,95398000.0,0.0,83.37,10.675,10.666,37860000.0,472730000.0,78038000.0,78038000.0,6466000.0,,,,,-227000.0,10562000.0,1.0,37126893.0,37140000.0,37229000.0,2.101,478755000.0,5797000.0,14640000.0,18869000.0,12.891,212229000.0
41,TECH,MRQ,2011-03-31,2011-03-31,2011-03-31,2021-08-25,-15843000.0,582819000.0,,276726000.0,306093000.0,,15.256,-592000.0,158628000.0,158628000.0,15941000.0,31064000.0,16.729,0.029,0.0,0.0,0.0,0.0,0.0,1884000.0,0.0,0.015,0.27,45384000.0,47268000.0,0.62,47268000.0,45384000.0,45384000.0,0.84,0.84,0.84,566277000.0,,566277000.0,2521491606.0,16.0,14.954,31794000.0,0.857,1.0,60330000.0,0.791,26601000.0,0.0,381048000.0,,13619000.0,238878000.0,55270000.0,183608000.0,16542000.0,16542000.0,0.0,2657366606.0,22753000.0,0.0,0.0,0.0,-10022000.0,-10016000.0,-2628000.0,-1229000.0,32386000.0,3011000.0,31064000.0,31064000.0,31064000.0,0.0,0.0,0.407,15592000.0,44738000.0,7539000.0,0.321,4.693,24.187,24.104,94145000.0,0.0,71.59,9.537,9.537,37514000.0,454428000.0,76271000.0,76271000.0,6297000.0,,,,,81000.0,9295000.0,1.0,37119243.0,37119000.0,37194000.0,2.055,556218000.0,11376000.0,14320000.0,4096000.0,14.985,260184000.0
42,TECH,MRQ,2010-12-31,2010-12-31,2010-12-31,2021-08-25,-19050000.0,555608000.0,,253560000.0,302048000.0,,14.61,-713000.0,135875000.0,135875000.0,15327000.0,26534000.0,18.546,0.025,0.0,0.0,0.0,0.0,0.0,2050000.0,0.0,0.016,0.27,37673000.0,39723000.0,0.587,39723000.0,37673000.0,37673000.0,0.72,0.71,0.72,541936000.0,,541936000.0,2320276221.0,15.0,14.08,28720000.0,0.774,1.0,52381000.0,0.774,26771000.0,0.0,379290000.0,,13736000.0,237665000.0,58987000.0,178678000.0,13672000.0,13672000.0,0.0,2435288221.0,20863000.0,0.0,2562000.0,0.0,-10011000.0,-7119000.0,-211000.0,502000.0,29433000.0,-1240000.0,26534000.0,26534000.0,26534000.0,0.0,0.0,0.392,15030000.0,37351000.0,6361000.0,0.375,4.494,21.902,21.89,95096000.0,0.0,65.67,8.932,8.934,30214000.0,433387000.0,67708000.0,67708000.0,6603000.0,,,,,384000.0,8427000.0,1.0,37083725.0,37093000.0,37156000.0,1.825,528837000.0,14853000.0,11139000.0,4224000.0,14.257,239888000.0
43,TECH,MRQ,2010-09-30,2010-09-30,2010-09-30,2021-08-25,-17291000.0,539624000.0,,233199000.0,306425000.0,,14.135,-1052000.0,115012000.0,115012000.0,15350000.0,26373000.0,14.521,0.031,0.0,0.0,0.0,0.0,0.0,2008000.0,0.0,0.017,0.26,38953000.0,40961000.0,0.603,40961000.0,38953000.0,38953000.0,0.71,0.71,0.71,523565000.0,,523565000.0,2192573231.0,14.0,13.384,29651000.0,0.801,1.0,52595000.0,0.774,26942000.0,0.0,381611000.0,,13818000.0,239370000.0,57622000.0,181748000.0,16059000.0,16059000.0,0.0,2286712231.0,20873000.0,0.0,-1367000.0,0.0,-9629000.0,-10913000.0,-2365000.0,-1313000.0,30703000.0,3448000.0,26373000.0,26373000.0,26373000.0,0.0,0.0,0.388,14232000.0,38363000.0,8192000.0,0.366,4.368,20.907,20.997,96322000.0,0.0,61.73,8.455,8.454,32608000.0,416863000.0,67945000.0,67945000.0,6619000.0,,,,,53000.0,7613000.0,1.0,37043775.0,37040000.0,37107000.0,1.834,512682000.0,14012000.0,12580000.0,4138000.0,13.841,217140000.0
44,TECH,MRQ,2010-06-30,2010-06-30,2010-06-30,2021-08-25,-21234000.0,518816000.0,,201040000.0,317776000.0,,13.478,-1123000.0,94139000.0,94139000.0,14269000.0,25895000.0,11.809,0.034,0.0,0.0,0.0,0.0,0.0,2063000.0,0.0,0.018,0.26,38601000.0,40664000.0,0.61,40664000.0,38601000.0,38601000.0,0.7,0.69,0.7,501792000.0,,501792000.0,2033831314.0,13.0,12.358,30657000.0,0.823,1.0,52445000.0,0.786,27112000.0,0.0,380541000.0,,13737000.0,236402000.0,44672000.0,191730000.0,17024000.0,17024000.0,0.0,2142067314.0,-14097000.0,0.0,-13353000.0,0.0,-9693000.0,-23027000.0,-21031000.0,-19908000.0,31780000.0,-1819000.0,25895000.0,25895000.0,25895000.0,0.0,0.0,0.388,13520000.0,38925000.0,9607000.0,0.371,4.269,19.513,19.475,97400000.0,0.0,57.45,7.962,7.955,32382000.0,400119000.0,66714000.0,66714000.0,6251000.0,,,,,156000.0,7989000.0,1.0,37285767.0,37231000.0,37317000.0,1.792,491704000.0,16145000.0,12706000.0,3636000.0,13.207,184016000.0
45,TECH,MRQ,2010-03-31,2010-03-31,2010-03-31,2021-08-25,-19779000.0,521892000.0,,219322000.0,302570000.0,,13.465,-1366000.0,108236000.0,108236000.0,14399000.0,32388000.0,11.106,0.039,0.0,0.0,0.0,0.0,0.0,2002000.0,0.0,0.016,0.26,41439000.0,43441000.0,0.618,43441000.0,41439000.0,41439000.0,0.87,0.87,0.87,502144000.0,,502144000.0,2176658792.0,14.0,13.321,21852000.0,0.586,1.0,55879000.0,0.795,27352000.0,0.0,366556000.0,,13451000.0,220150000.0,44922000.0,175228000.0,19748000.0,19748000.0,0.0,2372209792.0,-87315000.0,0.0,1007000.0,0.0,-9699000.0,-8566000.0,-92586000.0,-91220000.0,23218000.0,-9381000.0,32388000.0,32388000.0,32388000.0,0.0,0.0,0.461,14231000.0,41648000.0,11572000.0,0.299,4.724,22.541,22.871,97745000.0,0.0,63.58,8.987,8.983,35922000.0,399429000.0,70278000.0,70278000.0,6325000.0,,,,,-45000.0,7666000.0,1.0,37310629.0,37292000.0,37380000.0,1.885,494540000.0,17320000.0,9051000.0,4121000.0,13.261,199574000.0
46,TECH,MRQ,2009-12-31,2009-12-31,2009-12-31,2021-08-25,-9475000.0,502233000.0,,300959000.0,201274000.0,,13.115,-1592000.0,195551000.0,195551000.0,13329000.0,24721000.0,21.989,0.028,0.0,0.0,0.0,0.0,0.0,2060000.0,0.0,0.015,0.26,36699000.0,38759000.0,0.592,38759000.0,36699000.0,36699000.0,0.66,0.66,0.66,488546000.0,,488546000.0,2378871884.0,15.0,14.566,26641000.0,0.715,1.0,52192000.0,0.797,27592000.0,0.0,265403000.0,,12988000.0,124346000.0,53928000.0,70418000.0,13687000.0,13687000.0,0.0,2553628884.0,20794000.0,50000.0,612000.0,0.0,-9685000.0,-9032000.0,581000.0,2123000.0,28233000.0,1012000.0,24721000.0,24721000.0,24721000.0,0.0,0.0,0.377,15638000.0,36554000.0,7212000.0,0.394,5.227,24.264,24.662,98910000.0,0.0,68.56,9.674,9.676,27801000.0,378139000.0,65521000.0,65521000.0,6391000.0,,,,,736000.0,9007000.0,1.0,37246629.0,37252000.0,37353000.0,1.759,474641000.0,13422000.0,11978000.0,3354000.0,12.741,287272000.0
47,TECH,MRQ,2009-09-30,2009-09-30,2009-09-30,2021-08-25,-10548000.0,487046000.0,,281884000.0,205162000.0,,12.646,-563000.0,174757000.0,174757000.0,12901000.0,26772000.0,17.574,0.034,0.0,0.0,0.0,0.0,0.0,2005000.0,0.0,0.016,0.25,39707000.0,41712000.0,0.627,41712000.0,39707000.0,39707000.0,0.72,0.72,0.72,471006000.0,,471006000.0,2169083990.0,14.0,13.559,27466000.0,0.737,1.0,53633000.0,0.806,27832000.0,0.0,268417000.0,,12468000.0,126911000.0,52518000.0,74393000.0,16040000.0,16040000.0,0.0,2330023990.0,13817000.0,0.0,-585000.0,0.0,-9311000.0,-9886000.0,-1579000.0,-1016000.0,28029000.0,-2747000.0,26772000.0,26772000.0,26772000.0,0.0,0.0,0.402,14432000.0,39201000.0,7990000.0,0.347,4.947,22.53,22.667,98806000.0,0.0,62.56,8.922,8.922,31725000.0,363102000.0,66534000.0,66534000.0,6154000.0,,,,,92000.0,8038000.0,1.0,37244629.0,37245000.0,37339000.0,1.786,459214000.0,12850000.0,12935000.0,4504000.0,12.33,265844000.0
48,TECH,MRQ,2009-06-30,2009-06-30,2009-06-30,2021-08-25,-7477000.0,472005000.0,,255467000.0,216538000.0,,11.58,-3352000.0,160940000.0,160940000.0,15294000.0,21361000.0,16.457,0.034,0.0,0.0,0.0,0.0,0.0,1965000.0,0.0,0.012,0.25,37518000.0,39483000.0,0.641,39483000.0,37518000.0,37518000.0,0.53,0.53,0.53,456482000.0,,456482000.0,2242652724.0,14.0,13.748,26938000.0,0.683,1.0,46329000.0,0.752,28072000.0,0.0,267470000.0,,11269000.0,125929000.0,41947000.0,83982000.0,15523000.0,15523000.0,0.0,2376473724.0,27119000.0,0.0,-1913000.0,0.0,-9311000.0,-11197000.0,-5293000.0,-1941000.0,30290000.0,13319000.0,21361000.0,21361000.0,21361000.0,0.0,0.0,0.347,12952000.0,33377000.0,7467000.0,0.472,5.206,22.581,22.953,100133000.0,0.0,63.81,9.003,9.138,31153000.0,345641000.0,61623000.0,61623000.0,4694000.0,,,,,148000.0,8978000.0,1.0,37242967.0,39419000.0,39529000.0,1.563,443933000.0,12946000.0,16157000.0,4046000.0,11.262,239944000.0
49,TECH,MRQ,2009-03-31,2009-03-31,2009-03-31,2021-08-25,-22550000.0,441803000.0,,222675000.0,219128000.0,,11.447,-1087000.0,133821000.0,133821000.0,14399000.0,32388000.0,14.931,0.035,0.0,0.0,0.0,0.0,0.0,1926000.0,0.0,0.009,0.25,41439000.0,43365000.0,0.617,43365000.0,41439000.0,41439000.0,0.87,0.87,0.87,426889000.0,,426889000.0,1931452317.0,13.0,11.956,26639000.0,0.714,1.0,55879000.0,0.795,28312000.0,0.0,264756000.0,,10749000.0,122679000.0,33296000.0,89383000.0,14914000.0,14914000.0,0.0,2051047317.0,14226000.0,0.0,-10306000.0,0.0,-9376000.0,-19674000.0,7907000.0,8994000.0,27726000.0,-1733000.0,32388000.0,32388000.0,32388000.0,0.0,0.0,0.461,14231000.0,41648000.0,7211000.0,0.287,4.805,19.065,19.539,97428000.0,0.0,54.71,7.868,7.827,34612000.0,331336000.0,70278000.0,70278000.0,6325000.0,,,,,55000.0,7666000.0,1.0,37489441.0,37293000.0,37379000.0,1.884,413491000.0,12489000.0,9051000.0,3373000.0,11.088,207761000.0
50,TECH,MRQ,2008-12-31,2008-12-31,2008-12-31,2021-08-25,-21070000.0,433530000.0,,193123000.0,240407000.0,,11.722,-1375000.0,119595000.0,119595000.0,13144000.0,22900000.0,14.815,0.031,0.0,0.0,0.0,0.0,0.0,1954000.0,0.0,0.004,0.25,33458000.0,35412000.0,0.565,35412000.0,33458000.0,33458000.0,0.64,0.64,0.64,420494000.0,,420494000.0,2291157411.0,15.0,14.241,25155000.0,0.701,1.0,49587000.0,0.79,28552000.0,0.0,272347000.0,,9877000.0,132723000.0,24366000.0,108357000.0,13036000.0,13036000.0,0.0,2453228411.0,-42476000.0,0.0,-65352000.0,0.0,-9507000.0,-74853000.0,24223000.0,25598000.0,26530000.0,-18376000.0,22900000.0,22900000.0,22900000.0,0.0,0.0,0.365,15080000.0,34507000.0,6216000.0,0.391,5.834,23.856,24.165,98352000.0,0.0,64.52,9.499,8.961,26567000.0,323614000.0,62731000.0,62731000.0,6635000.0,,,,,1132000.0,8205000.0,1.0,38022759.0,35872000.0,35945000.0,1.749,404978000.0,16248000.0,10558000.0,2744000.0,11.29,180087000.0
51,TECH,MRQ,2008-09-30,2008-09-30,2008-09-30,2021-08-25,-541000.0,507668000.0,,249388000.0,258280000.0,,12.645,-742000.0,162071000.0,162071000.0,13086000.0,28593000.0,12.95,0.039,0.0,0.0,0.0,0.0,0.0,1921000.0,0.0,0.0,0.0,42948000.0,44869000.0,0.647,44869000.0,42948000.0,42948000.0,0.74,0.74,0.74,488410000.0,,488410000.0,2621136910.0,16.0,15.463,26033000.0,0.674,1.0,56238000.0,0.811,28792000.0,0.0,297547000.0,,9699000.0,158528000.0,34108000.0,124420000.0,19258000.0,19258000.0,0.0,2788128910.0,-4921000.0,1340000.0,-13786000.0,0.0,0.0,-13720000.0,-5559000.0,-6157000.0,26775000.0,-12417000.0,28593000.0,28593000.0,28593000.0,0.0,0.0,0.412,14990000.0,41248000.0,9680000.0,0.0,5.709,25.561,25.665,100100000.0,0.0,72.12,10.374,10.365,33968000.0,372194000.0,69324000.0,69324000.0,5910000.0,,,,,36000.0,8840000.0,1.0,38659580.0,38624000.0,38747000.0,1.795,478876000.0,12799000.0,14355000.0,5493000.0,12.398,230130000.0
52,TECH,MRQ,2008-06-30,2008-06-30,2008-06-30,2021-08-25,12128000.0,507369000.0,,258433000.0,248936000.0,,11.436,-9451000.0,166992000.0,166992000.0,12057000.0,23702000.0,12.769,0.042,0.0,0.0,0.0,0.0,0.0,2005000.0,0.0,0.0,0.0,35892000.0,37897000.0,0.649,37897000.0,35892000.0,35892000.0,0.55,0.54,0.55,487130000.0,,487130000.0,2827624347.0,18.0,17.553,23796000.0,0.559,1.0,46297000.0,0.793,29032000.0,0.0,291106000.0,,9515000.0,151486000.0,39353000.0,112133000.0,20239000.0,20239000.0,0.0,2990473347.0,4143000.0,0.0,-10444000.0,0.0,0.0,-10329000.0,-19338000.0,-9687000.0,33247000.0,563000.0,23702000.0,23702000.0,23702000.0,0.0,0.0,0.406,16355000.0,29942000.0,6111000.0,0.0,6.139,28.877,29.204,101722000.0,0.0,77.39,11.617,11.767,33332000.0,359208000.0,58354000.0,58354000.0,4829000.0,,,,,-51000.0,11111000.0,1.0,38641599.0,42598000.0,42733000.0,1.37,478337000.0,13488000.0,12190000.0,5544000.0,11.229,238194000.0
53,TECH,MRQ,2008-03-31,2008-03-31,2008-03-31,2021-08-25,11417000.0,488110000.0,,259361000.0,228749000.0,,12.499,-1167000.0,162849000.0,162849000.0,14316000.0,27641000.0,12.864,0.043,0.0,0.0,0.0,0.0,0.0,1871000.0,0.0,0.0,0.0,40841000.0,42712000.0,0.629,42712000.0,40841000.0,40841000.0,0.74,0.74,0.74,467948000.0,,467948000.0,2480085861.0,18.0,17.5,28242000.0,0.754,1.0,53550000.0,0.789,29314000.0,0.0,275785000.0,,10003000.0,143096000.0,42947000.0,100149000.0,20162000.0,20162000.0,0.0,2628742861.0,14192000.0,-300000.0,-28155000.0,0.0,0.0,-28146000.0,12641000.0,14218000.0,29409000.0,288000.0,27641000.0,27641000.0,27641000.0,0.0,0.0,0.407,13110000.0,40440000.0,7929000.0,0.0,5.618,29.648,29.034,94069000.0,0.0,67.36,11.287,10.829,34205000.0,341362000.0,67866000.0,67866000.0,5809000.0,,,,,68000.0,7061000.0,1.0,39025280.0,37440000.0,37515000.0,1.813,458796000.0,12602000.0,13200000.0,6256000.0,12.254,239199000.0
54,TECH,MRQ,2007-12-31,2007-12-31,2007-12-31,2021-08-25,12896000.0,488213000.0,,237917000.0,250296000.0,,12.648,-2517000.0,148657000.0,148657000.0,14412000.0,29143000.0,11.981,0.042,0.0,0.0,0.0,0.0,0.0,1691000.0,0.0,0.0,0.0,42345000.0,44036000.0,0.601,44036000.0,42345000.0,42345000.0,0.78,0.78,0.78,468355000.0,,468355000.0,2465005757.0,18.0,17.146,27507000.0,0.743,1.0,58801000.0,0.803,29597000.0,0.0,290101000.0,,9409000.0,160898000.0,40139000.0,120759000.0,19858000.0,19858000.0,0.0,2609750757.0,3912000.0,-1423000.0,-19341000.0,0.0,0.0,-19269000.0,-4285000.0,-90000.0,30024000.0,-2558000.0,29143000.0,29143000.0,29143000.0,0.0,0.0,0.398,17220000.0,41581000.0,9823000.0,0.0,5.572,28.8,28.226,94478000.0,0.0,66.05,11.126,10.427,30738000.0,340426000.0,73213000.0,73213000.0,6575000.0,,,,,1344000.0,10453000.0,1.0,39511745.0,37029000.0,37153000.0,1.977,458616000.0,12651000.0,13202000.0,4941000.0,12.385,218059000.0
55,TECH,MRQ,2007-09-30,2007-09-30,2007-09-30,2021-08-25,15546000.0,481056000.0,,231209000.0,249847000.0,,11.807,-3230000.0,144745000.0,144745000.0,12104000.0,23072000.0,15.622,0.032,0.0,0.0,0.0,0.0,0.0,1692000.0,0.0,0.0,0.0,34753000.0,36445000.0,0.629,36445000.0,34753000.0,34753000.0,0.58,0.58,0.58,466256000.0,,466256000.0,2357131545.0,17.0,16.622,19407000.0,0.491,1.0,45883000.0,0.791,29879000.0,0.0,291632000.0,,9281000.0,158009000.0,36249000.0,121760000.0,14800000.0,14800000.0,0.0,2492616545.0,9260000.0,0.0,825000.0,0.0,0.0,1153000.0,-16528000.0,-13055000.0,22637000.0,1998000.0,23072000.0,23072000.0,23072000.0,0.0,0.0,0.398,13559000.0,32324000.0,7379000.0,0.0,5.346,28.149,28.161,93385000.0,0.0,63.08,10.879,10.872,32035000.0,337411000.0,57987000.0,57987000.0,5181000.0,,,,,-158000.0,8090000.0,1.0,39515164.0,39489000.0,39587000.0,1.468,451177000.0,12003000.0,11681000.0,4024000.0,11.425,216409000.0
56,TECH,MRQ,2007-06-30,2007-06-30,2007-06-30,2021-08-25,12924000.0,454844000.0,,212838000.0,242006000.0,,11.014,-3783000.0,135485000.0,135485000.0,7666000.0,8810000.0,12.379,0.039,0.0,0.0,0.0,0.0,0.0,1842000.0,0.0,0.0,0.0,16688000.0,18530000.0,0.548,18530000.0,16688000.0,15605000.0,0.22,0.21,0.22,437651000.0,,437651000.0,2140622858.0,16.0,15.624,23546000.0,0.593,1.0,26165000.0,0.773,30167000.0,1083000.0,271999000.0,,8757000.0,144887000.0,29289000.0,115598000.0,17193000.0,17193000.0,0.0,2256898858.0,19209000.0,0.0,1101000.0,0.0,0.0,1306000.0,-11258000.0,-7350000.0,27329000.0,1832000.0,8810000.0,8810000.0,8810000.0,0.0,0.0,0.26,7497000.0,18668000.0,6934000.0,0.0,5.157,26.517,26.486,91535000.0,0.0,57.21,10.099,10.088,30966000.0,314339000.0,33831000.0,33831000.0,3500000.0,,,,,-96000.0,3236000.0,1.0,39449377.0,39736000.0,39864000.0,0.851,424677000.0,11808000.0,6795000.0,4246000.0,10.687,195645000.0
57,TECH,MRQ,2007-03-31,2007-03-31,2007-03-31,2021-08-25,11177000.0,427173000.0,,192392000.0,234781000.0,,10.549,-486000.0,116276000.0,116276000.0,14146000.0,29590000.0,12.246,0.038,0.0,0.0,0.0,0.0,0.0,1766000.0,0.0,0.0,0.0,42992000.0,44758000.0,0.644,44758000.0,42992000.0,42992000.0,0.76,0.76,0.76,411463000.0,,411463000.0,2148342672.0,17.0,15.736,23196000.0,0.595,1.0,55376000.0,0.797,30571000.0,0.0,264616000.0,,9574000.0,138174000.0,27822000.0,110352000.0,15710000.0,15710000.0,0.0,2250900672.0,13718000.0,-7900000.0,1109000.0,0.0,0.0,1330000.0,-11716000.0,-3330000.0,23682000.0,422000.0,29590000.0,29590000.0,29590000.0,0.0,0.0,0.426,15116000.0,40260000.0,5848000.0,0.0,5.47,25.735,25.491,89172000.0,0.0,57.1,9.907,9.802,30829000.0,294516000.0,69522000.0,69522000.0,5839000.0,,,,,17000.0,8994000.0,1.0,39420327.0,39004000.0,39104000.0,1.782,396602000.0,11336000.0,13402000.0,5407000.0,10.168,176682000.0
58,TECH,MRQ,2006-12-31,2006-12-31,2006-12-31,2021-08-25,10657000.0,397642000.0,,167223000.0,230419000.0,,9.758,-1908000.0,102558000.0,102558000.0,13618000.0,27080000.0,13.752,0.032,0.0,0.0,0.0,0.0,0.0,1721000.0,0.0,0.0,0.0,40354000.0,42075000.0,0.621,42075000.0,40354000.0,40622000.0,0.68,0.68,0.68,385482000.0,,385482000.0,2098750562.0,17.0,16.104,18197000.0,0.461,1.0,54160000.0,0.799,31215000.0,-268000.0,251709000.0,,9210000.0,128015000.0,23751000.0,104264000.0,12160000.0,12160000.0,0.0,2183442562.0,4731000.0,0.0,384000.0,-13135000.0,0.0,-12667000.0,-6123000.0,-4215000.0,20105000.0,3416000.0,27080000.0,27080000.0,27080000.0,0.0,0.0,0.4,17723000.0,36437000.0,5660000.0,0.0,5.664,26.703,26.531,90045000.0,0.0,55.45,10.021,10.054,24278000.0,270623000.0,67778000.0,67778000.0,5888000.0,,,,,980000.0,11668000.0,1.0,39376782.0,39505000.0,39615000.0,1.716,366427000.0,11318000.0,13542000.0,2409000.0,9.275,155063000.0
59,TECH,MRQ,2006-09-30,2006-09-30,2006-09-30,2021-08-25,7067000.0,389205000.0,,162483000.0,226722000.0,,9.185,-1899000.0,97827000.0,97827000.0,11237000.0,19631000.0,5.907,0.076,13135000.0,13135000.0,0.0,13135000.0,0.0,1665000.0,0.0,0.0,0.0,29980000.0,31645000.0,0.604,31645000.0,29980000.0,29712000.0,0.5,0.5,0.5,361697000.0,,361697000.0,1926694487.0,17.0,15.627,17488000.0,0.444,1.0,41114000.0,0.785,31618000.0,268000.0,245387000.0,,8982000.0,123605000.0,22704000.0,100901000.0,27508000.0,27508000.0,0.0,2002901487.0,8193000.0,0.0,-1076000.0,-292000.0,0.0,-1344000.0,-10820000.0,-8921000.0,19387000.0,970000.0,19631000.0,19631000.0,19631000.0,0.0,0.0,0.375,12325000.0,28789000.0,5814000.0,0.0,5.538,26.361,26.216,89418000.0,0.0,50.86,9.664,9.663,25684000.0,251960000.0,52351000.0,52351000.0,4855000.0,,,,,141000.0,7067000.0,1.0,39380682.0,39379000.0,39469000.0,1.329,357587000.0,10856000.0,10081000.0,5650000.0,9.081,134975000.0
60,TECH,MRQ,2006-06-30,2006-06-30,2006-06-30,2021-08-25,5685000.0,370512000.0,,149822000.0,220690000.0,,8.953,-1818000.0,89634000.0,89634000.0,11748000.0,11164000.0,8.339,0.089,13427000.0,1229000.0,12198000.0,13427000.0,0.0,1787000.0,0.0,0.0,0.0,16255000.0,18042000.0,0.48,18042000.0,16255000.0,16374000.0,0.3,0.28,0.3,340348000.0,,340348000.0,1934964793.0,17.0,16.249,28320000.0,0.745,1.0,25812000.0,0.687,32021000.0,-119000.0,244318000.0,,9024000.0,114067000.0,19212000.0,94855000.0,30164000.0,17966000.0,12198000.0,2004841793.0,6038000.0,-9750000.0,173000.0,-292000.0,0.0,-957000.0,-27153000.0,-15585000.0,30138000.0,4010000.0,11164000.0,11164000.0,11164000.0,0.0,0.0,0.297,8992000.0,16820000.0,5460000.0,0.0,5.891,27.332,27.085,88772000.0,0.0,50.92,9.895,9.813,25078000.0,229228000.0,37560000.0,37560000.0,3757000.0,,,,,-7877000.0,4478000.0,1.0,39372384.0,38017000.0,39882000.0,0.988,338491000.0,10759000.0,5210000.0,6129000.0,8.904,131856000.0
61,TECH,MRQ,2006-03-31,2006-03-31,2006-03-31,2021-08-25,1530000.0,342122000.0,,143100000.0,199022000.0,,8.027,-1157000.0,83596000.0,83596000.0,12019000.0,23893000.0,10.79,0.081,13719000.0,1229000.0,12490000.0,13719000.0,0.0,1718000.0,0.0,0.0,0.0,36847000.0,38565000.0,0.641,38565000.0,36847000.0,36847000.0,0.61,0.6,0.61,316370000.0,,316370000.0,2310561680.0,20.0,19.088,15129000.0,0.384,1.0,48178000.0,0.8,32521000.0,0.0,226462000.0,,9605000.0,88987000.0,16166000.0,72821000.0,25752000.0,13262000.0,12490000.0,2365271680.0,14868000.0,0.0,4857000.0,-299000.0,0.0,11644000.0,-13619000.0,-12462000.0,16286000.0,557000.0,23893000.0,23893000.0,23893000.0,0.0,0.0,0.397,12801000.0,35377000.0,5131000.0,0.0,7.476,31.767,32.685,88203000.0,0.0,60.14,12.245,12.271,26935000.0,212930000.0,60197000.0,60197000.0,5169000.0,,,,,140000.0,7229000.0,1.0,39329426.0,39413000.0,39528000.0,1.527,309601000.0,10932000.0,12954000.0,2922000.0,7.855,129838000.0
62,TECH,MRQ,2005-12-31,2005-12-31,2005-12-31,2021-08-25,1091000.0,310113000.0,,131170000.0,178943000.0,,7.085,-876000.0,68728000.0,68728000.0,10855000.0,21293000.0,9.495,0.094,14018000.0,1221000.0,12797000.0,14018000.0,0.0,1727000.0,0.0,0.0,0.0,33312000.0,35039000.0,0.613,35039000.0,33312000.0,32452000.0,0.53,0.54,0.53,283501000.0,,283501000.0,2117875735.0,19.0,18.353,21044000.0,0.526,1.0,46296000.0,0.81,33013000.0,860000.0,208575000.0,,9950000.0,76561000.0,24532000.0,52029000.0,26612000.0,13815000.0,12797000.0,2180075735.0,-7788000.0,0.0,-25493000.0,-298000.0,0.0,-25519000.0,-2801000.0,-1925000.0,21920000.0,-1388000.0,21293000.0,21293000.0,21293000.0,0.0,0.0,0.373,14940000.0,31356000.0,5974000.0,0.0,7.69,30.744,32.046,88265000.0,0.0,56.08,11.61,11.95,21608000.0,192583000.0,57151000.0,57151000.0,5182000.0,,,,,1106000.0,9443000.0,1.0,38874389.0,40012000.0,39297000.0,1.428,277100000.0,10726000.0,11159000.0,3122000.0,6.925,117355000.0
63,TECH,MRQ,2005-09-30,2005-09-30,2005-09-30,2021-08-25,2665000.0,318485000.0,,134434000.0,184051000.0,,7.552,-752000.0,76516000.0,76516000.0,11096000.0,17001000.0,10.56,0.088,14316000.0,1238000.0,13078000.0,14316000.0,0.0,1723000.0,0.0,0.0,0.0,25713000.0,27436000.0,0.575,27436000.0,25713000.0,25490000.0,0.44,0.43,0.44,292677000.0,,292677000.0,2150616165.0,21.0,19.42,16493000.0,0.426,1.0,36613000.0,0.767,33505000.0,223000.0,210050000.0,,9982000.0,75152000.0,18725000.0,56427000.0,25808000.0,12730000.0,13078000.0,2216344165.0,-3828000.0,-19587000.0,5740000.0,-300000.0,0.0,6909000.0,-27144000.0,-6805000.0,17245000.0,-838000.0,17001000.0,17001000.0,17001000.0,0.0,0.0,0.356,11663000.0,24950000.0,6418000.0,0.0,7.573,32.148,32.747,88640000.0,0.0,56.98,11.952,11.908,23112000.0,202050000.0,47709000.0,47709000.0,4717000.0,,,,,270000.0,6454000.0,1.0,38896879.0,38754000.0,39669000.0,1.231,284980000.0,10090000.0,8489000.0,2530000.0,7.354,121704000.0
64,TECH,MRQ,2005-06-30,2005-06-30,2005-06-30,2021-08-25,3630000.0,295263000.0,,134981000.0,160282000.0,,6.004,-1181000.0,80344000.0,80344000.0,2917000.0,12270000.0,9.63,0.102,14616000.0,1238000.0,13378000.0,14616000.0,0.0,1557000.0,0.0,0.0,0.0,18452000.0,20009000.0,0.712,20009000.0,18452000.0,18336000.0,0.26,0.26,0.26,267869000.0,,267869000.0,1720339436.0,17.0,16.105,18377000.0,0.412,1.0,25184000.0,0.896,14138000.0,116000.0,201381000.0,,7758000.0,66757000.0,16790000.0,49967000.0,27394000.0,14016000.0,13378000.0,1765173436.0,20592000.0,0.0,5233000.0,-302000.0,0.0,4931000.0,-691000.0,455000.0,19558000.0,-3206000.0,12270000.0,12270000.0,12270000.0,0.0,0.0,0.437,7213000.0,17971000.0,4075000.0,0.0,6.59,26.692,27.994,89036000.0,0.0,45.91,9.881,10.371,23722000.0,185049000.0,28101000.0,28101000.0,4327000.0,,,,,0.0,3141000.0,1.0,38448561.0,44613000.0,44787000.0,0.63,281125000.0,11991000.0,6066000.0,3808000.0,6.301,120965000.0
65,TECH,MRQ,2005-03-31,2005-03-31,2005-03-31,2021-08-25,7015000.0,277988000.0,,110274000.0,167714000.0,,6.283,-9228000.0,59752000.0,59752000.0,12105000.0,20347000.0,6.099,0.129,14918000.0,1257000.0,13661000.0,14918000.0,0.0,1507000.0,0.0,0.0,0.0,31407000.0,32914000.0,0.6,32914000.0,31407000.0,31162000.0,0.52,0.52,0.52,246247000.0,,246247000.0,1605806648.0,17.0,16.291,11742000.0,0.3,1.0,42708000.0,0.779,14443000.0,245000.0,200631000.0,,8229000.0,69020000.0,12674000.0,56346000.0,31741000.0,18080000.0,13661000.0,1660203648.0,-9874000.0,0.0,-103396000.0,-311000.0,0.0,-103707000.0,73771000.0,83495000.0,20970000.0,-908000.0,20347000.0,20347000.0,20347000.0,0.0,0.0,0.371,12154000.0,30554000.0,5971000.0,0.0,6.742,28.032,26.609,89148000.0,0.0,40.18,9.187,8.715,23023000.0,166518000.0,54813000.0,54813000.0,4761000.0,,,,,0.0,6901000.0,1.0,41319155.0,39193000.0,39433000.0,1.399,263545000.0,12301000.0,10815000.0,6281000.0,6.724,92194000.0
66,TECH,MRQ,2004-12-31,2004-12-31,2004-12-31,2021-08-25,8149000.0,359487000.0,,150571000.0,208916000.0,,9.114,-538000.0,69626000.0,69626000.0,12904000.0,19323000.0,11.395,0.082,15229000.0,1271000.0,13958000.0,15229000.0,0.0,1525000.0,0.0,0.0,0.0,28858000.0,30383000.0,0.554,30383000.0,28858000.0,28642000.0,0.52,0.5,0.52,332315000.0,,332315000.0,1560407175.0,17.0,16.376,14804000.0,0.406,1.0,41915000.0,0.765,14748000.0,216000.0,277128000.0,,8079000.0,152457000.0,47104000.0,105353000.0,27172000.0,13214000.0,13958000.0,1607104175.0,7386000.0,0.0,1708000.0,-314000.0,0.0,1394000.0,-12122000.0,-11584000.0,15342000.0,2772000.0,19323000.0,19323000.0,19323000.0,0.0,0.0,0.352,14082000.0,27833000.0,4614000.0,0.0,4.836,28.039,27.014,79119000.0,0.0,38.9,9.245,8.159,18801000.0,251809000.0,54819000.0,54819000.0,4603000.0,,,,,0.0,8800000.0,1.0,41313732.0,36461000.0,37784000.0,1.503,344739000.0,12461000.0,9319000.0,4406000.0,9.455,137357000.0
67,TECH,MRQ,2004-09-30,2004-09-30,2004-09-30,2021-08-25,5432000.0,342621000.0,,139959000.0,202662000.0,,7.601,-463000.0,62240000.0,62240000.0,8887000.0,14192000.0,9.069,0.095,15543000.0,1299000.0,14244000.0,15543000.0,0.0,1519000.0,0.0,0.0,0.0,21992000.0,23511000.0,0.575,23511000.0,21992000.0,21747000.0,0.34,0.34,0.34,312944000.0,,312944000.0,1536487733.0,18.0,16.748,18100000.0,0.44,1.0,32032000.0,0.783,15054000.0,245000.0,265437000.0,,7874000.0,142232000.0,44276000.0,97956000.0,29677000.0,15433000.0,14244000.0,1571831733.0,11039000.0,0.0,533000.0,-314000.0,0.0,219000.0,-7683000.0,-7220000.0,18563000.0,-60000.0,14192000.0,14192000.0,14192000.0,0.0,0.0,0.347,10627000.0,21405000.0,6263000.0,0.0,5.023,28.816,28.924,79753000.0,0.0,38.18,9.574,9.574,18715000.0,236875000.0,40919000.0,40919000.0,4688000.0,,,,,0.0,5634000.0,1.0,41168982.0,41169000.0,41676000.0,0.994,327567000.0,12517000.0,7555000.0,4960000.0,7.957,124526000.0
68,TECH,MRQ,2004-06-30,2004-06-30,2004-06-30,2021-08-25,5325000.0,325460000.0,,128065000.0,197395000.0,,7.201,-258000.0,51201000.0,51201000.0,7921000.0,5363000.0,9.515,0.094,15857000.0,1281000.0,14576000.0,15857000.0,0.0,1499000.0,0.0,0.0,0.0,10266000.0,11765000.0,0.39,11765000.0,10266000.0,10204000.0,0.13,0.12,0.13,297425000.0,,297425000.0,1750233611.0,21.0,19.608,17237000.0,0.417,1.0,22235000.0,0.737,15359000.0,62000.0,261298000.0,,7457000.0,133876000.0,42534000.0,91342000.0,28035000.0,13459000.0,14576000.0,1785791611.0,-525000.0,0.0,1077000.0,-311000.0,0.0,766000.0,-18378000.0,-21520000.0,17495000.0,-408000.0,5363000.0,5363000.0,5363000.0,0.0,0.0,0.178,10940000.0,11295000.0,3847000.0,0.0,6.004,33.74,33.682,82851000.0,0.0,43.45,11.074,11.06,21099000.0,222728000.0,30156000.0,30156000.0,6835000.0,,,,,0.0,3422000.0,1.0,41099922.0,41301000.0,42519000.0,0.73,310101000.0,12663000.0,4841000.0,4915000.0,7.508,114606000.0
69,TECH,MRQ,2004-03-31,2004-03-31,2004-03-31,2021-08-25,6298000.0,312603000.0,,199308000.0,113295000.0,,7.009,-767000.0,51726000.0,51726000.0,9138000.0,18439000.0,13.938,0.103,16168000.0,1268000.0,14900000.0,16168000.0,0.0,1533000.0,0.0,0.0,0.0,28097000.0,29630000.0,0.618,29630000.0,28097000.0,27904000.0,0.45,0.45,0.45,283403000.0,,283403000.0,1644109273.0,20.0,18.729,14027000.0,0.347,1.0,38797000.0,0.809,15759000.0,193000.0,246986000.0,,7295000.0,111871000.0,111871000.0,0.0,29200000.0,14300000.0,14900000.0,1675603273.0,3754000.0,0.0,1755000.0,-310000.0,0.0,1445000.0,-13372000.0,-9605000.0,14794000.0,887000.0,18439000.0,18439000.0,18439000.0,0.0,0.0,0.385,11315000.0,27482000.0,4544000.0,0.0,5.912,31.378,31.377,81354000.0,0.0,40.79,10.651,10.484,20562000.0,209362000.0,47935000.0,47935000.0,4631000.0,,,,,0.0,6379000.0,1.0,41078776.0,40435000.0,40913000.0,1.185,296844000.0,12790000.0,9465000.0,5268000.0,7.341,185008000.0
70,TECH,MRQ,2003-12-31,2003-12-31,2003-12-31,2021-08-25,5346000.0,293781000.0,,181894000.0,111887000.0,,6.412,-1373000.0,47972000.0,47972000.0,9165000.0,16554000.0,14.468,0.104,16478000.0,1259000.0,15219000.0,16478000.0,0.0,1514000.0,0.0,0.0,0.0,25324000.0,26838000.0,0.594,26838000.0,25324000.0,25076000.0,0.4,0.4,0.4,265990000.0,,265990000.0,1525512356.0,20.0,18.406,16563000.0,0.399,1.0,36008000.0,0.797,16159000.0,248000.0,233556000.0,,7144000.0,102347000.0,102347000.0,0.0,27791000.0,12572000.0,15219000.0,1552748356.0,3952000.0,0.0,253000.0,-306000.0,0.0,-53000.0,-16141000.0,-14768000.0,17936000.0,2210000.0,16554000.0,16554000.0,16554000.0,0.0,0.0,0.366,11396000.0,24612000.0,5260000.0,0.0,5.838,31.318,31.533,81707000.0,0.0,37.84,10.221,10.333,16950000.0,194751000.0,45173000.0,45173000.0,4344000.0,,,,,0.0,6841000.0,1.0,41034576.0,41483000.0,41756000.0,1.089,277622000.0,12897000.0,8522000.0,4072000.0,6.692,169322000.0
71,TECH,MRQ,2003-09-30,2003-09-30,2003-09-30,2021-08-25,3182000.0,277301000.0,,164145000.0,113156000.0,,6.131,-1312000.0,44020000.0,44020000.0,8663000.0,12572000.0,15.49,0.104,16784000.0,1246000.0,15538000.0,16784000.0,0.0,1494000.0,0.0,0.0,0.0,19532000.0,21026000.0,0.553,21026000.0,19532000.0,19357000.0,0.31,0.3,0.31,251166000.0,,251166000.0,1281981401.0,17.0,16.001,14016000.0,0.342,1.0,29330000.0,0.772,16558000.0,175000.0,222910000.0,,6603000.0,87868000.0,87868000.0,0.0,26135000.0,10597000.0,15538000.0,1304266641.0,4649000.0,0.0,1003000.0,-302000.0,0.0,701000.0,-11616000.0,-9904000.0,15328000.0,236000.0,12572000.0,12572000.0,12572000.0,0.0,0.0,0.331,10446000.0,18884000.0,4447000.0,0.0,5.193,27.445,27.405,81389000.0,0.0,31.79,8.786,8.772,17902000.0,182381000.0,37993000.0,37993000.0,4963000.0,,,,,0.0,5083000.0,1.0,41027576.0,40965000.0,41600000.0,0.927,260743000.0,12944000.0,6785000.0,2815000.0,6.365,153548000.0
72,TECH,MRQ,2003-06-30,2003-06-30,2003-06-30,2021-08-25,3120000.0,263277000.0,,149515000.0,113762000.0,,5.65,-680486.0,39371000.0,39371000.0,9346000.0,5835000.0,13.834,0.113,17086000.0,1234000.0,15852000.0,17086000.0,0.0,1583525.0,0.0,0.0,0.0,8705000.0,10288525.0,0.392,10288525.0,8705000.0,8245000.0,0.14,0.13,0.14,236617000.0,,236617000.0,1227627570.0,17.0,15.968,15402186.0,0.368,1.0,16867000.0,0.643,16958000.0,460000.0,213226000.0,,6332000.0,84582000.0,80184000.0,4398000.0,26660000.0,10808000.0,15852000.0,1237079597.0,12535478.0,0.0,-1120411.0,-297686.0,0.0,-2567097.0,-2130558.0,-1450072.0,16082672.0,1150461.0,5835000.0,5835000.0,5835000.0,0.0,0.0,0.223,9145000.0,7722000.0,4821000.0,0.0,5.228,27.251,27.591,83691000.0,0.0,30.35,8.531,8.631,18387000.0,169809000.0,26213000.0,26213000.0,5086000.0,,,,,0.0,3319000.0,1.0,40760448.0,41876000.0,43120000.0,0.626,246319000.0,12952000.0,2410000.0,2972000.0,5.882,138707000.0
73,TECH,MRQ,2003-03-31,2003-03-31,2003-03-31,2021-08-25,1908828.0,252205257.0,,136480103.0,115725154.0,,5.42,-1748328.0,26836002.0,26836002.0,8946000.0,14619000.0,10.165,0.133,17383975.0,1220415.0,16163560.0,17383975.0,0.0,1635934.0,0.0,0.0,0.0,23095000.0,24730934.0,0.581,24730934.0,23095000.0,22928000.0,0.35,0.35,0.35,222615858.0,,222615858.0,850968369.0,17.0,14.65,11301112.0,0.275,1.0,33595000.0,0.79,17442562.0,167000.0,211884829.0,,6558346.0,76775269.0,76775269.0,0.0,29589399.0,13425839.0,16163560.0,862204278.0,-1985494.0,0.0,-14596327.0,-201612.0,0.0,-14797939.0,316119.0,2064447.0,13049440.0,-553114.0,14619000.0,14619000.0,14619000.0,0.0,0.0,0.344,10938000.0,22657000.0,6473045.0,0.0,3.873,25.38,25.317,81543402.0,0.0,20.76,5.983,5.917,18733954.0,159211735.0,42541000.0,42541000.0,5082000.0,,,,,0.0,5456000.0,1.0,41531998.0,41072000.0,41750000.0,1.036,234762695.0,12928000.0,8309000.0,3586653.0,5.716,123054264.0
74,TECH,MRQ,2002-12-31,2002-12-31,2002-12-31,2021-08-25,2362301.0,253333733.0,,136304899.0,117028834.0,,5.542,-5964202.0,28821496.0,28821496.0,8413745.0,14497086.0,11.443,0.125,17585587.0,1387725.0,16197862.0,17585587.0,0.0,1575905.0,0.0,0.0,0.0,22499396.0,24075301.0,0.577,24075301.0,22499396.0,22475086.0,0.36,0.35,0.36,225224119.0,,225224119.0,1168731107.0,25.0,20.936,219142.0,0.005,1.0,33295019.0,0.798,17927375.0,24310.0,212258697.0,,6537120.0,78911716.0,78911716.0,0.0,28109614.0,11911752.0,16197862.0,1183790750.0,-4059859.0,0.0,1432825.0,-236125.0,0.0,1196700.0,-12080688.0,-6116486.0,6183344.0,640785.0,14497086.0,14497086.0,14497086.0,0.0,0.0,0.348,11395183.0,21899836.0,7909877.0,0.0,5.256,37.29,37.104,80955464.0,0.0,28.57,8.498,8.334,14866138.0,161428083.0,41708764.0,41708764.0,5579903.0,,,,,0.0,5501093.0,1.0,41434748.0,40636586.0,40968482.0,1.026,235406358.0,13155000.0,7978000.0,1261790.0,5.793,124393147.0
75,TECH,MRQ,2002-09-30,2002-09-30,2002-09-30,2021-08-25,1660991.0,249212756.0,,135710656.0,113502100.0,,5.142,-6800984.0,32881355.0,32881355.0,8690255.0,10444914.0,6.9,0.172,17821712.0,966726.0,16854986.0,17821712.0,0.0,1557636.0,0.0,0.0,0.0,16229604.0,17787240.0,0.515,17787240.0,16229604.0,15906914.0,0.25,0.25,0.25,212688691.0,,212688691.0,1346768040.0,32.0,25.029,13121560.0,0.317,1.0,25857981.0,0.748,18412187.0,322690.0,196071847.0,,6175913.0,72723114.0,72723114.0,0.0,36524065.0,19669079.0,16854986.0,1355110231.0,6488875.0,0.0,-5786087.0,-228577.0,0.0,-6014664.0,-7813873.0,-1012889.0,19922544.0,394868.0,10444914.0,10444914.0,10444914.0,0.0,0.0,0.302,10418817.0,15439164.0,10230679.0,0.0,6.371,46.487,46.843,76057517.0,0.0,32.79,9.993,10.002,16714755.0,151951647.0,34548236.0,34548236.0,4833097.0,,,,,0.0,5100907.0,1.0,41326936.0,41363414.0,42285518.0,0.835,230800569.0,13149000.0,5462000.0,6901637.0,5.58,116041577.0
76,TECH,MRQ,2002-06-30,2002-06-30,2002-06-30,2021-08-25,147910.0,238246959.0,,129077749.0,109169210.0,,4.926,-10332821.0,26392480.0,26392480.0,6690828.0,-5589745.0,8.823,0.154,18050289.0,949637.0,17100652.0,18050289.0,0.0,3248337.0,0.0,0.0,0.0,-11754244.0,-8505907.0,-0.336,-8505907.0,-11754244.0,-12276745.0,-0.14,-0.14,-0.14,206516783.0,,206516783.0,1165287374.0,30.0,22.52,-13793743.0,-0.329,1.0,18624204.0,0.736,18897000.0,522501.0,196378244.0,,6077035.0,70671341.0,70671341.0,0.0,31730176.0,14629524.0,17100652.0,1173154390.0,249985.0,0.0,-256863.0,-224741.0,0.0,-481604.0,3090312.0,8649030.0,-3460922.0,1102199.0,-5589745.0,-5589745.0,-5589745.0,0.0,0.0,-0.221,32208350.0,-13584146.0,10806382.0,0.0,5.681,43.242,43.415,70312602.0,0.0,28.22,8.962,8.948,16913002.0,147369149.0,25315032.0,25315032.0,2372483.0,,,,,0.0,5241305.0,1.0,41571736.0,41924823.0,43497691.0,0.604,219349959.0,15007421.0,-6687000.0,0.0,5.232,114448225.0
77,TECH,MRQ,2002-03-31,2002-03-31,2002-03-31,2021-08-25,-1258463.0,238710213.0,,138646703.0,100063510.0,,4.98,-7767571.0,26141806.0,26141806.0,8756163.0,12393538.0,9.421,0.161,18274790.0,932850.0,17341940.0,18274790.0,0.0,3170497.0,0.0,0.0,0.0,19295812.0,22466309.0,0.595,22466309.0,19295812.0,19117538.0,0.3,0.3,0.3,205671374.0,,205671374.0,1132854614.0,19.0,15.793,3746878.0,0.091,1.0,28980355.0,0.768,21034311.0,178274.0,195092737.0,,5947388.0,82321107.0,82321107.0,0.0,33038839.0,14716149.0,18322690.0,1144435828.0,-3941708.0,0.0,172956.0,-227510.0,0.0,-54554.0,-15026133.0,-5225459.0,11514449.0,-375470.0,12393538.0,12393538.0,12393538.0,0.0,0.0,0.328,10475916.0,18504439.0,9838408.0,0.0,5.564,29.097,29.021,63046639.0,0.0,27.57,9.106,9.06,17149923.0,147933312.0,37736518.0,37736518.0,5285180.0,,,,,0.0,4705923.0,1.0,41510186.0,41299365.0,41993621.0,0.914,217675902.0,7608000.0,6724000.0,2451844.0,5.271,123930554.0
78,TECH,MRQ,2001-12-31,2001-12-31,2001-12-31,2021-08-25,-913398.0,228039651.0,,134169018.0,93870633.0,,4.705,-3881621.0,30083514.0,30083514.0,9513067.0,11901426.0,9.698,0.171,18502300.0,916713.0,17585587.0,18502300.0,0.0,3141146.0,0.0,0.0,0.0,18919946.0,22061092.0,0.58,22061092.0,18919946.0,18639426.0,0.29,0.28,0.29,194657571.0,,194657571.0,1526499932.0,28.0,22.415,6087045.0,0.147,1.0,28492717.0,0.75,23171623.0,280520.0,179451821.0,,5980324.0,77095648.0,77095648.0,0.0,33382080.0,13834993.0,19547087.0,1529259744.0,8601308.0,0.0,140677.0,-220094.0,0.0,-79417.0,-1141591.0,2740030.0,9968666.0,-146350.0,11901426.0,11901426.0,11901426.0,0.0,0.0,0.313,9970771.0,18521946.0,10970267.0,0.0,7.856,40.767,40.944,53377051.0,0.0,36.85,12.512,12.473,14595065.0,137359401.0,38005784.0,38005784.0,5822603.0,,,,,0.0,5315855.0,1.0,41499586.0,41372433.0,42069300.0,0.919,204868028.0,7305000.0,6738000.0,2012041.0,4.952,120334025.0
79,TECH,MRQ,2001-09-30,2001-09-30,2001-09-30,2021-08-25,-724691.0,223533108.0,,130061328.0,93471780.0,,4.495,-2292987.0,21482206.0,21482206.0,7547942.0,8424781.0,7.867,0.2,18722394.0,900682.0,17821712.0,18722394.0,0.0,3128020.0,0.0,0.0,0.0,12594486.0,15722506.0,0.527,15722506.0,12594486.0,12255781.0,0.2,0.2,0.2,186236966.0,,186236966.0,1217354996.0,24.0,19.356,7351820.0,0.177,1.0,22294724.0,0.747,25308934.0,338705.0,178932182.0,,5889265.0,79835678.0,79835678.0,0.0,37296142.0,16532180.0,20763962.0,1219687738.0,214415.0,0.0,-469770.0,-212655.0,0.0,-682425.0,-9324588.0,-4031601.0,9644807.0,576621.0,8424781.0,8424781.0,8424781.0,0.0,0.0,0.282,10662963.0,11631761.0,11210711.0,0.0,6.549,34.881,35.036,50531264.0,0.0,29.43,10.382,10.38,16409604.0,129121555.0,29842666.0,29842666.0,3989734.0,,,,,0.0,4535917.0,1.0,41443688.0,41435379.0,42531388.0,0.72,198224174.0,7124000.0,3831000.0,5341132.0,4.784,113529148.0
80,TECH,MRQ,2001-06-30,2001-06-30,2001-06-30,2021-08-25,-1346378.0,215525113.0,,124191509.0,91333604.0,,4.303,-3470193.0,21267791.0,21267791.0,4456514.0,6612048.0,7.815,0.213,18935049.0,884760.0,18050289.0,18935049.0,0.0,3303018.0,0.0,0.0,0.0,8180081.0,11483099.0,0.572,11483099.0,8180081.0,7796048.0,0.16,0.15,0.16,177660268.0,,177660268.0,1346964169.0,27.0,21.751,9658959.0,0.234,1.0,15635195.0,0.778,27446246.0,384033.0,169854569.0,,5437594.0,75804077.0,75804077.0,0.0,37864845.0,15891556.0,21973289.0,1346442175.0,2645876.0,0.0,55900.0,-208860.0,0.0,-152960.0,-10204989.0,-6734796.0,13129152.0,-125327.0,6612048.0,6612048.0,6612048.0,0.0,0.0,0.329,7723169.0,7912026.0,13555261.0,0.0,7.579,39.548,39.634,49193972.0,0.0,32.5,11.672,11.675,15894048.0,121209686.0,20091709.0,20091709.0,1781169.0,,,,,0.0,3464681.0,1.0,41428990.0,41289531.0,43077052.0,0.487,188078867.0,6848000.0,1184000.0,3071982.0,4.555,108299953.0
81,TECH,MRQ,2001-03-31,2001-03-31,2001-03-31,2021-08-25,-1335130.0,201768434.0,,113791885.0,87976549.0,,3.968,-597528.0,18621915.0,18621915.0,8392165.0,10573912.0,8.254,0.224,19143909.0,869120.0,18274789.0,19143909.0,0.0,3160163.0,0.0,0.0,0.0,15673631.0,18833794.0,0.549,18833794.0,15673631.0,15349912.0,0.25,0.25,0.25,164823660.0,,164823660.0,1085793203.0,23.0,18.337,8375122.0,0.202,1.0,25893111.0,0.755,29668560.0,323719.0,158835883.0,,5089922.0,69069281.0,69069281.0,0.0,36944774.0,13785985.0,23158789.0,1083292053.0,1766679.0,0.0,-737914.0,-212477.0,0.0,-950391.0,-5736204.0,-5138676.0,8972650.0,-519376.0,10573912.0,10573912.0,10573912.0,0.0,0.0,0.308,11106075.0,14787036.0,14098095.0,0.0,6.572,36.889,36.292,46817974.0,0.0,26.13,9.465,9.484,15143807.0,111814382.0,34285276.0,34285276.0,4442057.0,,,,,0.0,4526706.0,1.0,41457790.0,41542783.0,42523220.0,0.825,172099874.0,6571000.0,4776000.0,1488165.0,4.143,100005900.0
82,TECH,MRQ,2000-12-31,2000-12-31,2000-12-31,2021-08-25,-616027.0,195075526.0,,104383664.0,90691862.0,,3.759,-1620290.0,16855236.0,16855236.0,8772038.0,9356366.0,7.103,0.25,19356386.0,854086.0,18502300.0,19356386.0,0.0,3153617.0,0.0,0.0,0.0,13699265.0,16852882.0,0.507,16852882.0,13699265.0,13379366.0,0.23,0.225,0.23,156031165.0,,156031165.0,1493248556.0,34.0,26.407,10298318.0,0.248,1.0,24485976.0,0.736,31890873.0,319899.0,150989742.0,,4854846.0,63930605.0,63930605.0,0.0,39044361.0,14696061.0,24348300.0,1494944541.0,-4402293.0,0.0,-125952.0,-205158.0,0.0,-331110.0,-16220950.0,-14435660.0,11918608.0,231159.0,9356366.0,9356366.0,9356366.0,0.0,0.0,0.281,11977873.0,12508103.0,15373900.0,0.0,9.581,51.627,50.789,47176209.0,0.0,36.06,13.54,13.557,15382233.0,102413334.0,33258014.0,33258014.0,5030298.0,,,,,0.0,4895266.0,1.0,41457142.0,41507450.0,42312692.0,0.801,163184653.0,6623000.0,4023000.0,2309989.0,3.931,89687603.0
83,TECH,MRQ,2000-09-30,2000-09-30,2000-09-30,2021-08-25,-799772.0,186233363.0,,93929107.0,92304256.0,,3.593,-1126942.0,21257529.0,21257529.0,6804189.0,7503050.0,7.904,0.251,19561544.0,839150.0,18722394.0,19561544.0,0.0,3120650.0,0.0,0.0,0.0,11636675.0,14757325.0,0.532,14757325.0,11636675.0,11283050.0,0.18,0.175,0.18,148820862.0,,148820862.0,2322782408.0,52.0,40.579,11224359.0,0.271,1.0,20917374.0,0.755,34113186.0,353625.0,138541085.0,,4538498.0,49494945.0,49494945.0,0.0,37412501.0,11883107.0,25529394.0,2320379152.0,3901421.0,0.0,459090.0,-197820.0,0.0,261270.0,-8488704.0,-7026762.0,12351301.0,-222446.0,7503050.0,7503050.0,7503050.0,0.0,0.0,0.271,9965549.0,10951825.0,15568262.0,0.0,15.592,79.363,78.873,46480227.0,0.0,56.0,21.698,21.688,15545123.0,95830726.0,27721563.0,27721563.0,3268709.0,,,,,0.0,4474526.0,1.0,41435342.0,41414916.0,42759980.0,0.669,152120177.0,6469000.0,3780000.0,271636.0,3.673,82046000.0
84,TECH,MRQ,2000-06-30,2000-06-30,2000-06-30,2021-08-25,-462116.0,180409581.0,,86301205.0,94108376.0,,3.697,-4746883.0,17356108.0,17356108.0,5686688.0,1932725.0,6.87,0.278,19759364.0,824315.0,18935049.0,19759364.0,0.0,3362064.0,0.0,0.0,0.0,5408520.0,8770584.0,0.457,8770584.0,5408520.0,5009725.0,0.06,0.05,0.06,141145378.0,,141145378.0,2670396222.0,65.0,49.91,7080621.0,0.185,1.0,13500349.0,0.704,36335500.0,398795.0,133916183.0,,4651615.0,42468183.0,42468183.0,0.0,39264203.0,12561154.0,26703049.0,2668600870.0,-802193.0,0.0,2740196.0,-194289.0,0.0,2545907.0,-14590289.0,-11844406.0,11827504.0,-585315.0,1932725.0,1932725.0,1932725.0,0.0,0.0,0.101,7174892.0,6325457.0,16506143.0,0.0,18.907,100.388,100.0,46266177.0,0.0,65.0,25.7,25.431,14056481.0,88336230.0,19187037.0,19187037.0,477984.0,,,,,0.0,4134598.0,1.0,41055398.0,38177887.0,40693427.0,0.503,144074081.0,9668314.0,3077000.0,0.0,3.774,73740051.0
85,TECH,MRQ,2000-03-31,2000-03-31,2000-03-31,2021-08-25,142837.0,165592703.0,,71365901.0,94226802.0,,3.016,-2970279.0,18158301.0,18158301.0,7492795.0,10164512.0,5.615,0.324,19953653.0,809744.0,19143909.0,19953653.0,0.0,3145364.0,0.0,0.0,0.0,13022355.0,16167719.0,0.535,16167719.0,13022355.0,12683512.0,0.24,0.24,0.24,125028178.0,,125028178.0,1399512810.0,42.0,30.787,6801187.0,0.164,1.0,22748094.0,0.752,38642812.0,338843.0,116034627.0,,4336805.0,30623777.0,30623777.0,0.0,40564525.0,12710616.0,27853909.0,1398059646.0,-536831.0,0.0,3001086.0,-194643.0,0.0,2806443.0,-13075498.0,-10002059.0,9771466.0,-39242.0,10164512.0,10164512.0,10164512.0,0.0,0.0,0.336,10630714.0,12117380.0,17590027.0,0.0,11.182,60.146,62.162,44589048.0,0.0,34.5,14.118,14.441,14936769.0,79815273.0,30240889.0,30240889.0,3857116.0,,,,,-562000.0,4551285.0,1.0,40523468.0,41451853.0,42530371.0,0.73,126949891.0,6317264.0,2519000.0,0.0,3.063,58655285.0
86,TECH,MRQ,1999-12-31,1999-12-31,1999-12-31,2021-08-25,320485.0,153224849.0,,59291874.0,93932975.0,,2.576,-298302.0,18695132.0,18695132.0,6574397.0,9637321.0,4.076,0.397,20148296.0,791910.0,19356386.0,20148296.0,0.0,3079936.0,0.0,0.0,0.0,14464857.0,17544793.0,0.589,17544793.0,14464857.0,14128321.0,0.23,0.225,0.23,109668202.0,,109668202.0,1116798686.0,35.0,25.421,6968267.0,0.164,1.0,23214779.0,0.779,40950125.0,336536.0,99179627.0,,4179961.0,20621718.0,20621718.0,0.0,43556647.0,14548261.0,29008386.0,1110559760.0,4594452.0,0.0,510202.0,-191310.0,0.0,318892.0,-2863364.0,-2565062.0,7266569.0,-127645.0,9637321.0,9637321.0,9637321.0,0.0,0.0,0.324,10033678.0,13181101.0,18688859.0,0.0,10.127,53.574,55.06,42367013.0,0.0,27.53,11.621,12.264,13116493.0,72358944.0,29789176.0,29789176.0,3672314.0,,,,,409000.0,4224050.0,1.0,40339984.0,42570784.0,43952934.0,0.7,112274724.0,5853000.0,4491000.0,2621027.0,2.637,44743613.0
87,TECH,MRQ,1999-09-30,1999-09-30,1999-09-30,2021-08-25,508779.0,149964578.0,,53636530.0,96328048.0,,2.565,-24353398.0,14100680.0,14100680.0,6996770.0,4848239.0,3.263,0.451,20339606.0,778062.0,19561544.0,20339606.0,0.0,3063986.0,0.0,0.0,0.0,7957337.0,11021323.0,0.448,11021323.0,7957337.0,7590239.0,0.12,0.115,0.12,103373231.0,,103373231.0,619951497.0,22.0,15.239,-14479534.0,-0.359,1.0,17624283.0,0.716,43257437.0,367098.0,96510264.0,,5066575.0,18056656.0,18056656.0,0.0,46591347.0,16435803.0,30155544.0,632720965.0,1331212.0,0.0,219426.0,20339606.0,0.0,20559032.0,-29515398.0,-1712000.0,9873864.0,413714.0,4848239.0,4848239.0,4848239.0,0.0,0.0,0.197,9903406.0,7720877.0,19624212.0,0.0,6.121,35.191,35.659,42853198.0,0.0,15.69,6.718,6.714,13616147.0,66794881.0,24621053.0,24621053.0,3190895.0,,,,,153000.0,4405198.0,1.0,40326384.0,40301404.0,41647436.0,0.611,106707141.0,5585000.0,2742000.0,4872408.0,2.648,37200727.0
88,TECH,MRQ,1999-06-30,1999-06-30,1999-06-30,2021-08-25,52600.0,123800519.0,,50850448.0,72950071.0,,2.448,-6442924.0,12769468.0,12769468.0,6965776.0,-1405830.0,3.777,0.278,0.0,0.0,0.0,0.0,0.0,3060345.0,0.0,0.0,0.0,-2335804.0,724541.0,0.05,724541.0,-2335804.0,-1247830.0,-0.035,-0.03,-0.035,96838387.0,,96838387.0,501453465.0,19.0,13.215,4677007.0,0.118,1.0,7410123.0,0.515,45564750.0,-1087974.0,52003669.0,,5715065.0,16344656.0,16344656.0,0.0,26962132.0,13462632.0,13499500.0,512712116.0,2769555.0,1.0,-1719306.0,0.0,0.0,-1719306.0,-6364338.0,-1848777.0,11119931.0,-266732.0,-1405830.0,-1405830.0,-1405830.0,0.0,0.0,-0.098,9717985.0,-2307862.0,19458731.0,0.0,5.295,30.782,30.951,15065234.0,0.0,12.69,5.64,5.617,13520409.0,62058879.0,14375899.0,14375899.0,3684536.0,,,,,-413000.0,3376741.0,1.0,40402846.0,39550716.0,39261962.0,0.363,78235769.0,5238000.0,158000.0,3226451.0,1.978,37387816.0
89,TECH,MRQ,1999-03-31,1999-03-31,1999-03-31,2021-08-25,248048.0,120450713.0,,48994666.0,71456047.0,,2.301,-1595814.0,11258651.0,11258651.0,6382933.0,7649538.0,3.961,0.285,0.0,0.0,0.0,0.0,0.0,2958518.0,0.0,0.0,0.0,11683321.0,14641839.0,0.547,14641839.0,11683321.0,11326538.0,0.185,0.18,0.185,93735825.0,,93735825.0,566500517.0,17.0,13.476,4678240.0,0.115,1.0,20393973.0,0.762,47959411.0,356783.0,48863163.0,,7189577.0,14495879.0,14495879.0,0.0,26714888.0,12369488.0,14345400.0,580151692.0,-2392524.0,-12324.0,236778.0,0.0,0.0,236778.0,-8841494.0,-2395168.0,6274054.0,-61862.0,7649538.0,7649538.0,7649538.0,0.0,0.0,0.286,9132075.0,11261898.0,20796969.0,0.0,6.189,26.864,26.018,13469818.0,0.0,14.44,7.512,7.616,13643737.0,58928276.0,26776906.0,26776906.0,2468439.0,,,,,234000.0,4356323.0,1.0,40176710.0,40733728.0,42462950.0,0.657,72491302.0,4554000.0,3677000.0,1907060.0,1.78,36625178.0
90,TECH,MRQ,1998-12-31,1998-12-31,1998-12-31,2021-08-25,451202.0,114630768.0,,49040320.0,65590448.0,,2.165,-483053.0,13651175.0,13651175.0,7359625.0,6887458.0,3.871,0.321,0.0,0.0,0.0,0.0,0.0,2941641.0,0.0,0.0,0.0,11351649.0,14293290.0,0.503,14293290.0,11351649.0,10620458.0,0.17,0.165,0.17,86770368.0,,86770368.0,412886835.0,15.0,11.745,4797616.0,0.12,1.0,21053075.0,0.741,50341749.0,731191.0,37968744.0,,8614812.0,12100711.0,12100711.0,0.0,27860400.0,12669100.0,15191300.0,423512584.0,3025426.0,-9999.0,-524681.0,0.0,0.0,-524681.0,-1595621.0,-1102569.0,5280669.0,-134941.0,6887458.0,6887458.0,6887458.0,0.0,0.0,0.242,10017719.0,11035356.0,22138520.0,0.0,4.881,22.913,21.784,12454899.0,0.0,10.565,5.705,5.705,12281320.0,54483713.0,28412700.0,28412700.0,3099698.0,,,,,44000.0,4698058.0,1.0,40086378.0,40086378.0,,0.709,64289019.0,4172000.0,3733000.0,2518020.0,1.604,36371220.0
91,TECH,MRQ,1998-09-30,1998-09-30,1998-09-30,2021-08-25,619890.0,113941280.0,,46086638.0,67854642.0,,2.08,-1042242.0,10625749.0,10625749.0,6614877.0,3524844.0,3.505,0.359,0.0,0.0,0.0,0.0,0.0,2929880.0,0.0,0.0,0.0,5354844.0,8284724.0,0.388,8284724.0,5354844.0,5354844.0,0.09,0.085,0.09,83832890.0,,83832890.0,267426383.0,13.0,,4704963.0,0.117,1.0,14720315.0,0.69,52726412.0,0.0,37440929.0,,9209031.0,10998142.0,10998142.0,0.0,30108390.0,13148190.0,16960200.0,294798728.0,-16746596.0,-24967220.0,-798108.0,0.0,0.0,-798108.0,-21835669.0,4323793.0,5747205.0,139976.0,3524844.0,3524844.0,3524844.0,0.0,0.0,0.165,9577882.0,5142433.0,23802986.0,0.0,3.517,20.022,18.288,12526629.0,0.0,7.315,4.809,4.809,12989870.0,51557595.0,21335192.0,21335192.0,2752125.0,,,,,135000.0,4431095.0,1.0,40300578.0,40300578.0,,0.529,61214868.0,3767000.0,1830000.0,3283348.0,1.519,32938448.0
92,TECH,MRQ,1998-06-30,1998-06-30,1998-06-30,2021-08-25,479503.0,72785228.0,,57231358.0,15553870.0,,1.684,-348948.0,26113607.0,26113607.0,-2594.0,3534267.0,7.841,0.14,0.0,0.0,0.0,0.0,0.0,602873.0,0.0,0.0,0.0,4214267.0,4817140.0,6.853,4817140.0,4214267.0,4214267.0,0.11,0.105,0.11,63830767.0,,63830767.0,350619535.0,16.0,14.187,6944901.0,0.183,1.0,705526.0,1.004,293854.0,0.0,39078406.0,,3810600.0,15321935.0,15321935.0,0.0,8954461.0,7299361.0,1655100.0,362759126.0,13974016.0,0.0,266343.0,0.0,0.0,266343.0,6463518.0,9009589.0,7293849.0,-49694.0,3534267.0,3534267.0,3534267.0,0.0,0.0,5.028,-2973304.0,3678830.0,3108811.0,0.0,5.683,23.893,23.825,11515723.0,0.0,9.53,5.391,5.368,10001893.0,49446319.0,702932.0,702932.0,1938972.0,,,,,-127000.0,2200253.0,1.0,38064966.0,37905936.0,,0.019,72491374.0,3381000.0,680000.0,2185122.0,1.912,49931997.0
93,TECH,MRQ,1998-03-31,1998-03-31,1998-03-31,2021-08-25,501640.0,66921701.0,,52563803.0,14357898.0,,1.547,-795231.0,12139591.0,12139591.0,7169105.0,4537003.0,7.908,0.138,0.0,0.0,0.0,0.0,0.0,578573.0,0.0,0.0,0.0,7180003.0,7758576.0,0.326,7758576.0,7180003.0,7180003.0,0.115,0.105,0.115,58797624.0,,58797624.0,358367954.0,,,3859748.0,0.102,1.0,16619950.0,0.699,303515.0,0.0,47831418.0,,3886927.0,24331524.0,24331524.0,0.0,8124077.0,6647177.0,1476900.0,368268121.0,2239424.0,0.0,285692.0,0.0,0.0,285692.0,-2781981.0,-1836750.0,4654979.0,80734.0,4537003.0,4537003.0,4537003.0,0.0,0.0,0.191,9667611.0,6952339.0,3236568.0,0.0,6.263,,,11806483.0,0.0,9.69,,,10237674.0,44581134.0,23789055.0,23789055.0,3004721.0,,,,,83000.0,4268228.0,1.0,38004966.0,38004966.0,,0.626,66618186.0,3208000.0,2643000.0,1395586.0,1.753,45916626.0
94,TECH,MRQ,1997-12-31,1997-12-31,1997-12-31,2021-08-25,419566.0,61651257.0,,47171843.0,14479414.0,,1.442,,9900167.0,9900167.0,4885856.0,3127984.0,8.485,0.125,0.0,0.0,0.0,0.0,0.0,,0.0,0.0,0.0,4497984.0,,,,4497984.0,4497984.0,0.085,0.08,0.085,54793200.0,,54793200.0,,,,,,1.0,10587001.0,0.684,313177.0,0.0,45878556.0,,4013868.0,22494774.0,22494774.0,0.0,6858057.0,5559357.0,1298700.0,337294073.0,,,,,,,,,,,3127984.0,3127984.0,3127984.0,0.0,0.0,0.202,6375516.0,4211485.0,2755359.0,0.0,6.156,29.07,30.085,11580624.0,0.0,8.875,4.639,4.639,8766316.0,40792964.0,15472857.0,15472857.0,2515658.0,,,,,,3850195.0,1.0,38004966.0,38004966.0,,0.407,61338080.0,3289000.0,1370000.0,1084174.0,1.614,41612486.0
95,TECH,MRQ,1997-06-30,1997-06-30,1997-06-30,2021-08-25,430072.0,53921710.0,,39797358.0,14124352.0,,1.271,,8598367.0,8598367.0,4172099.0,468638.0,8.125,0.121,0.0,0.0,0.0,0.0,0.0,,0.0,0.0,0.0,757995.0,,,,757995.0,728638.0,0.015,0.015,0.015,48081044.0,,48081044.0,,,,,,1.0,8043179.0,0.658,365311.0,29357.0,40059666.0,,4087161.0,16153890.0,16153890.0,0.0,5840666.0,4898366.0,942300.0,,,,,,,,,,,,468638.0,468638.0,468638.0,0.0,0.0,0.038,7151554.0,891625.0,2108235.0,0.0,,,26.078,11252741.0,0.0,7.562,,4.695,9114447.0,34903146.0,12215278.0,12215278.0,3995065.0,,,,,,2982777.0,1.0,,37821216.0,,0.323,53556399.0,3025000.0,260000.0,1000096.0,1.416,34898992.0
96,TECH,MRQ,1997-03-31,1997-03-31,1997-03-31,2021-08-25,,,,,,,,,,,5490966.0,4022658.0,,,,,,,,,,0.0,0.0,6037658.0,,,,6037658.0,6037658.0,0.105,0.1,0.105,,,,,,,,,1.0,12207506.0,0.69,,0.0,,,,,,,,,,,,,,,,,,,,,4022658.0,4022658.0,4022658.0,0.0,0.0,0.227,6483871.0,5723635.0,,0.0,,,,,0.0,5.782,,,,,17698472.0,17698472.0,2725251.0,,,,,,3748958.0,1.0,,,,,,,2015000.0,,,
0,TECH,MRT,2021-06-30,2021-06-30,2021-06-30,2021-08-25,-57291000.0,2262957000.0,2117140250.0,510606000.0,1752351000.0,0.44,40.338,-44301000.0,199091000.0,199091000.0,298182000.0,139585000.0,3.353,0.443,420554000.0,24102000.0,396452000.0,420554000.0,18995000.0,87747000.0,0.0,0.003,1.28,162952000.0,250699000.0,0.269,250699000.0,162952000.0,149000000.0,3.62,3.47,3.62,1562971000.0,1515906250.0,1562971000.0,17420393492.0,107.0,69.487,307863000.0,7.945,1.0,632850000.0,0.68,1459035000.0,13952000.0,873101000.0,867028000.0,116748000.0,32463000.0,32463000.0,0.0,691723000.0,152284000.0,539439000.0,17313868492.0,52466000.0,-225908000.0,21914000.0,-15500000.0,-49622000.0,-62551000.0,-243516000.0,26693000.0,352164000.0,6369000.0,140410000.0,140410000.0,140410000.0,0.0,-825000.0,0.151,395554000.0,237296000.0,33384000.0,0.354,11.078,123.309,124.381,281741000.0,0.0,450.26,18.596,18.739,145385000.0,1085461000.0,931032000.0,931032000.0,70603000.0,0.066,0.093,0.188,0.175,48982000.0,324951000.0,1.0,38453046.0,38747000.0,40483000.0,24.028,803922000.0,0.0,8590000.0,98461000.0,20.748,358322000.0
1,TECH,MRT,2021-03-31,2021-03-31,2021-03-31,2021-08-25,-64023000.0,2084642000.0,2058298250.0,566606000.0,1518036000.0,0.412,39.619,-50358000.0,186136000.0,186136000.0,277619000.0,183786000.0,4.117,0.349,292661000.0,22914000.0,269747000.0,292661000.0,18714000.0,84066000.0,0.0,0.003,1.28,222293000.0,306359000.0,0.361,306359000.0,222293000.0,203096000.0,4.79,4.59,4.79,1539453000.0,1470461500.0,1539453000.0,14958031670.0,67.0,48.825,224577000.0,5.78,1.0,570219000.0,0.673,1235638000.0,19197000.0,817889000.0,889495000.0,109990000.0,90108000.0,90108000.0,0.0,536700000.0,137640000.0,399060000.0,14818438670.0,29920000.0,-8415000.0,44307000.0,-204500000.0,-49432000.0,-224959000.0,-27086000.0,31687000.0,274935000.0,7030000.0,184296000.0,184296000.0,184296000.0,0.0,-510000.0,0.217,362196000.0,208023000.0,30912000.0,0.267,9.626,80.406,79.735,270805000.0,0.0,381.93,17.478,17.504,157790000.0,1088788000.0,847838000.0,847838000.0,66661000.0,0.09,0.125,0.25,0.262,45191000.0,295535000.0,1.0,38798834.0,38856000.0,40676000.0,21.82,849004000.0,0.0,18800000.0,101963000.0,21.85,428966000.0
2,TECH,MRT,2020-12-31,2020-12-31,2020-12-31,2021-08-25,-64238000.0,2067866000.0,2036893250.0,541933000.0,1525933000.0,0.392,39.335,-49038000.0,165526000.0,165526000.0,266958000.0,174816000.0,4.61,0.353,305119000.0,22412000.0,282707000.0,305119000.0,13217000.0,84071000.0,0.0,0.004,1.28,223380000.0,307451000.0,0.385,307451000.0,223380000.0,204183000.0,4.56,4.39,4.56,1521916000.0,1408415250.0,1521916000.0,12490009438.0,56.0,40.624,200500000.0,5.182,1.0,532008000.0,0.666,1250838000.0,19197000.0,839053000.0,930157750.0,106590000.0,117426000.0,117426000.0,0.0,537012000.0,117568000.0,419444000.0,12260385438.0,55234000.0,-7859000.0,25961000.0,-151500000.0,-49265000.0,-187518000.0,-7857000.0,49596000.0,249538000.0,1071000.0,174946000.0,174946000.0,174946000.0,0.0,-130000.0,0.219,344820000.0,187188000.0,29235000.0,0.281,8.056,70.081,69.638,263756000.0,0.0,317.55,15.345,15.378,128243000.0,1104762000.0,798966000.0,798966000.0,65563000.0,0.086,0.124,0.24,0.28,42403000.0,279257000.0,1.0,38609307.0,38691000.0,40257000.0,20.65,817028000.0,0.0,29237000.0,109000000.0,21.117,424365000.0
3,TECH,MRT,2020-09-30,2020-09-30,2020-09-30,2021-08-25,-83142000.0,2053096000.0,2019530500.0,541893000.0,1511203000.0,0.376,37.349,-52157000.0,169404000.0,169404000.0,257136000.0,248294000.0,5.14,0.426,399028000.0,22195000.0,376833000.0,399028000.0,13285000.0,83740000.0,0.0,0.005,1.28,317208000.0,400948000.0,0.528,400948000.0,317208000.0,298011000.0,6.49,6.26,6.49,1439285000.0,1358773250.0,1439285000.0,9836984408.0,31.0,24.534,178530000.0,4.633,1.0,502511000.0,0.662,1239227000.0,19197000.0,938069000.0,961209250.0,106003000.0,117986000.0,117986000.0,0.0,613811000.0,105424000.0,508387000.0,9550083408.0,69513000.0,1906000.0,27337000.0,-162500000.0,-49069000.0,-194466000.0,34042000.0,84293000.0,230687000.0,-750000.0,248294000.0,248294000.0,248294000.0,0.0,0.0,0.327,329326000.0,173185000.0,32978000.0,0.197,6.635,38.463,38.171,261695000.0,0.0,247.73,12.572,12.567,122635000.0,1073362000.0,759647000.0,759647000.0,65155000.0,0.123,0.183,0.33,0.418,36954000.0,264171000.0,1.0,38550371.0,38536000.0,40025000.0,19.713,813869000.0,0.0,49717000.0,103531000.0,21.12,436469000.0
4,TECH,MRT,2020-06-30,2020-06-30,2020-06-30,2021-08-25,-97199000.0,2027589000.0,1987513500.0,520920000.0,1506669000.0,0.372,36.156,-51744000.0,146625000.0,146625000.0,255497000.0,229296000.0,4.884,0.468,433526000.0,22035000.0,411491000.0,433526000.0,13049000.0,82737000.0,0.0,0.005,1.28,295674000.0,378411000.0,0.512,378411000.0,295674000.0,276477000.0,6.0,5.82,6.0,1381192000.0,1292508000.0,1381192000.0,10436216987.0,35.0,27.579,153473000.0,4.018,1.0,483194000.0,0.654,1244853000.0,19197000.0,962969000.0,979518250.0,103152000.0,124268000.0,124268000.0,0.0,646397000.0,106668000.0,539729000.0,10093549987.0,45739000.0,1906000.0,20871000.0,-148500000.0,-48902000.0,-183802000.0,27095000.0,76933000.0,205217000.0,-2771000.0,229296000.0,229296000.0,229296000.0,0.0,0.0,0.31,325775000.0,157419000.0,29028000.0,0.213,7.308,44.02,44.012,248294000.0,0.0,264.07,13.664,13.656,122534000.0,1057470000.0,738691000.0,738691000.0,65192000.0,0.115,0.177,0.302,0.4,32367000.0,260583000.0,1.0,38223009.0,38201000.0,39401000.0,19.337,782736000.0,0.0,47181000.0,103466000.0,20.49,414252000.0
5,TECH,MRT,2020-03-31,2020-03-31,2020-03-31,2021-08-25,-103458000.0,1999022000.0,1951718750.0,491928000.0,1507094000.0,0.387,33.712,-46063000.0,156216000.0,156216000.0,256382000.0,186912000.0,4.686,0.548,498883000.0,22044000.0,476839000.0,498883000.0,13556000.0,81665000.0,0.0,0.007,1.28,259444000.0,341109000.0,0.452,341109000.0,259444000.0,237739000.0,4.89,4.73,4.89,1291268000.0,1238607250.0,1291268000.0,7625993097.0,29.0,22.356,170309000.0,4.446,1.0,498140000.0,0.66,1256164000.0,21705000.0,980540000.0,957426750.0,99673000.0,104872000.0,104872000.0,0.0,707754000.0,104985000.0,602769000.0,7272243097.0,60655000.0,-17206000.0,-701000.0,-102500000.0,-48771000.0,-158979000.0,7252000.0,70521000.0,216372000.0,-3989000.0,186912000.0,186912000.0,186912000.0,0.0,0.0,0.248,336766000.0,161374000.0,25885000.0,0.262,5.632,38.907,38.777,238763000.0,0.0,189.62,9.638,9.626,117452000.0,1012713000.0,754522000.0,754522000.0,64671000.0,0.096,0.151,0.271,0.344,34479000.0,272095000.0,1.0,38351667.0,38303000.0,39435000.0,19.699,742858000.0,0.0,50827000.0,106556000.0,19.394,386943000.0
6,TECH,MRT,2019-12-31,2019-12-31,2019-12-31,2021-08-25,-78352000.0,1998415000.0,1920117750.0,465074000.0,1533341000.0,0.388,34.673,-41706000.0,110293000.0,110293000.0,252016000.0,195134000.0,4.431,0.51,464043000.0,21898000.0,442145000.0,464043000.0,11893000.0,79879000.0,0.0,0.006,1.28,262500000.0,342379000.0,0.46,342379000.0,262500000.0,240795000.0,5.12,4.96,5.12,1323348000.0,1202356750.0,1323348000.0,8834300510.0,34.0,25.803,164859000.0,4.319,1.0,492687000.0,0.662,1283953000.0,21705000.0,963259000.0,937923000.0,95351000.0,133657000.0,133657000.0,0.0,675067000.0,104953000.0,570114000.0,8366005510.0,24406000.0,-17205000.0,46336000.0,-162500000.0,-48578000.0,-168236000.0,-16842000.0,42069000.0,206565000.0,2919000.0,195134000.0,195134000.0,195134000.0,0.0,0.0,0.262,335014000.0,157673000.0,28963000.0,0.25,6.322,42.873,42.873,240137000.0,0.0,219.51,11.234,11.25,111753000.0,1038783000.0,744703000.0,744703000.0,64269000.0,0.102,0.162,0.28,0.352,32349000.0,270745000.0,1.0,38112184.0,38167000.0,39550000.0,19.512,714462000.0,0.0,45661000.0,117430000.0,18.719,360121000.0
7,TECH,MRT,2019-09-30,2019-09-30,2019-09-30,2021-08-25,-91627000.0,1925028000.0,1881722000.0,391945000.0,1533083000.0,0.39,30.875,-31746000.0,99891000.0,99891000.0,249977000.0,93068000.0,4.44,0.639,568186000.0,21760000.0,546426000.0,568186000.0,9108000.0,79204000.0,0.0,0.007,1.28,133941000.0,213145000.0,0.29,213145000.0,133941000.0,112236000.0,2.45,2.39,2.45,1174224000.0,1145626000.0,1174224000.0,7852159828.0,59.0,36.84,150964000.0,3.969,1.0,484302000.0,0.66,1293750000.0,21705000.0,1011305000.0,922672000.0,90855000.0,58520000.0,58520000.0,0.0,750804000.0,88268000.0,662536000.0,7447885828.0,5217000.0,-17263000.0,15044000.0,-72496000.0,-48467000.0,-112416000.0,-63771000.0,-14762000.0,182710000.0,-1306000.0,93068000.0,93068000.0,93068000.0,0.0,0.0,0.127,330018000.0,154284000.0,22276000.0,0.522,6.343,80.026,79.865,233745000.0,0.0,195.67,10.143,10.135,122724000.0,931358000.0,734279000.0,734279000.0,63700000.0,0.049,0.081,0.145,0.182,29081000.0,266318000.0,1.0,38063504.0,38032000.0,39253000.0,19.307,631278000.0,0.0,19168000.0,95063000.0,16.599,303677000.0
8,TECH,MRT,2019-06-30,2019-06-30,2019-06-30,2021-08-25,-83521000.0,1884410000.0,1868514500.0,412607000.0,1471803000.0,0.382,30.851,-25411000.0,100886000.0,100886000.0,240515000.0,96072000.0,4.046,0.617,505160000.0,12500000.0,492660000.0,505160000.0,9084000.0,78171000.0,0.0,0.006,1.28,133720000.0,211891000.0,0.297,211891000.0,133720000.0,112015000.0,2.54,2.47,2.54,1165589000.0,1129437250.0,1165589000.0,8322794273.0,62.0,39.279,156208000.0,4.135,1.0,473491000.0,0.663,1312096000.0,21705000.0,874603000.0,899365500.0,91050000.0,65147000.0,65147000.0,0.0,718821000.0,101985000.0,616836000.0,7896090273.0,-21104000.0,-289492000.0,22545000.0,166500000.0,-48364000.0,134384000.0,-336799000.0,-21896000.0,181619000.0,-308000.0,96072000.0,96072000.0,96072000.0,0.0,0.0,0.135,326772000.0,146719000.0,19610000.0,0.504,6.774,82.189,82.083,154039000.0,0.0,208.49,11.059,11.032,137466000.0,931934000.0,714006000.0,714006000.0,62413000.0,0.051,0.085,0.149,0.187,32280000.0,264359000.0,1.0,37872753.0,37781000.0,38892000.0,18.899,572314000.0,0.0,15943000.0,95518000.0,15.148,310622000.0
9,TECH,MRT,2019-03-31,2019-03-31,2019-03-31,2021-08-25,-79633000.0,1872618000.0,1795712500.0,423433000.0,1449185000.0,0.391,30.347,-19537000.0,95561000.0,95561000.0,235183000.0,121314000.0,4.319,0.634,522265000.0,12500000.0,509765000.0,522265000.0,10112000.0,75404000.0,0.0,0.006,1.28,155688000.0,231092000.0,0.329,231092000.0,155688000.0,145500000.0,3.21,3.14,3.21,1146266000.0,1107805250.0,1146266000.0,7957922300.0,51.0,34.436,170975000.0,4.527,1.0,467412000.0,0.665,1298750000.0,10188000.0,902525000.0,852334750.0,93839000.0,83229000.0,83229000.0,0.0,726352000.0,98047000.0,628305000.0,7498439300.0,8953000.0,-253497000.0,17070000.0,130125000.0,-48269000.0,91449000.0,-268515000.0,3839000.0,190512000.0,-4494000.0,121314000.0,121314000.0,121314000.0,0.0,0.0,0.173,321041000.0,146371000.0,14898000.0,0.399,6.542,61.81,61.854,145319000.0,0.0,198.55,10.672,10.674,133927000.0,927773000.0,702595000.0,702595000.0,60132000.0,0.068,0.11,0.183,0.222,38804000.0,260909000.0,1.0,37766000.0,37772000.0,38861000.0,18.601,573868000.0,0.0,24186000.0,102162000.0,15.193,325386000.0
10,TECH,MRT,2018-12-31,2018-12-31,2018-12-31,2021-08-25,-83011000.0,1844832000.0,1732010000.0,379934000.0,1464898000.0,0.394,29.032,-18120000.0,85886000.0,85886000.0,228644000.0,96398000.0,4.345,0.683,545369000.0,12500000.0,532869000.0,545369000.0,8396000.0,72355000.0,0.0,0.009,1.28,130793000.0,203148000.0,0.298,203148000.0,130793000.0,120605000.0,2.56,2.51,2.56,1096425000.0,1085811750.0,1096425000.0,5932260511.0,45.0,29.202,154380000.0,4.088,1.0,453063000.0,0.665,1314628000.0,10188000.0,902255000.0,826291000.0,90905000.0,70647000.0,70647000.0,0.0,748407000.0,87432000.0,660975000.0,5465461511.0,-35572000.0,-307920000.0,15927000.0,183250000.0,-48178000.0,117540000.0,-321709000.0,3651000.0,172500000.0,-3903000.0,96398000.0,96398000.0,96398000.0,0.0,0.0,0.141,307698000.0,145365000.0,16013000.0,0.5,4.985,56.697,56.531,145262000.0,0.0,144.72,8.017,8.017,113283000.0,895205000.0,681707000.0,681707000.0,58472000.0,0.056,0.089,0.158,0.192,37827000.0,249226000.0,1.0,37765765.0,37766000.0,38748000.0,18.051,530204000.0,0.0,24207000.0,109097000.0,14.039,292502000.0
11,TECH,MRT,2018-09-30,2018-09-30,2018-09-30,2021-08-25,-70632000.0,1872198000.0,1659657500.0,383112000.0,1489086000.0,0.398,29.431,-19851000.0,94674000.0,94674000.0,219471000.0,127689000.0,4.591,0.687,561473000.0,12500000.0,548973000.0,561473000.0,8762000.0,68092000.0,0.0,0.006,1.28,130757000.0,198849000.0,0.301,198849000.0,130757000.0,120569000.0,3.4,3.35,3.4,1109469000.0,1061160250.0,1109469000.0,7918355440.0,61.0,39.821,145268000.0,3.854,1.0,441879000.0,0.668,1337476000.0,10188000.0,918079000.0,765058250.0,90918000.0,69047000.0,69047000.0,0.0,762729000.0,83442000.0,679287000.0,7701345440.0,22210000.0,-307872000.0,31817000.0,221371000.0,-48081000.0,174297000.0,-314420000.0,12623000.0,165119000.0,-2786000.0,127689000.0,127689000.0,127689000.0,0.0,0.0,0.193,305969000.0,135910000.0,18259000.0,0.376,6.941,60.313,60.032,146511000.0,0.0,204.11,11.645,11.634,114753000.0,905139000.0,661350000.0,661350000.0,56571000.0,0.077,0.12,0.171,0.198,36010000.0,249398000.0,1.0,37731348.0,37697000.0,38813000.0,17.544,534722000.0,0.0,-7120000.0,119075000.0,14.185,299670000.0
12,TECH,MRT,2018-06-30,2018-06-30,2018-06-30,2021-08-25,-44814000.0,1593202000.0,1573453000.0,398366000.0,1194836000.0,0.409,28.793,-20934000.0,121990000.0,121990000.0,210850000.0,126150000.0,5.01,0.476,339000000.0,0.0,339000000.0,339000000.0,8109000.0,64463000.0,0.0,0.009,1.28,136140000.0,200603000.0,0.312,200603000.0,136140000.0,125952000.0,3.36,3.31,3.36,1079061000.0,1023745500.0,1079061000.0,5864945327.0,43.0,29.237,149433000.0,3.987,1.0,432143000.0,0.672,1044222000.0,10188000.0,686480000.0,697183750.0,85648000.0,59764000.0,59764000.0,0.0,514141000.0,79510000.0,434631000.0,5559053327.0,30378000.0,-46277000.0,19170000.0,-4500000.0,-47973000.0,-99188000.0,-38712000.0,27819000.0,170367000.0,-2089000.0,126150000.0,126150000.0,126150000.0,0.0,0.0,0.196,295965000.0,136178000.0,18452000.0,0.381,5.152,44.067,44.033,145348000.0,0.0,147.95,8.646,8.623,120296000.0,876931000.0,642993000.0,642993000.0,55329000.0,0.08,0.123,0.195,0.212,28240000.0,240636000.0,1.0,37573865.0,37476000.0,38055000.0,17.157,548980000.0,0.0,-198000.0,95171000.0,14.649,318856000.0
13,TECH,MRT,2018-03-31,2018-03-31,2018-03-31,2021-08-25,-15862000.0,1617808000.0,1564707250.0,393504000.0,1224304000.0,0.396,28.219,-20984000.0,86608000.0,86608000.0,206982000.0,112058000.0,5.551,0.529,392500000.0,0.0,392500000.0,392500000.0,7841000.0,62059000.0,0.0,0.008,1.28,114889000.0,176948000.0,0.286,176948000.0,114889000.0,107528000.0,2.99,2.97,2.99,1058292000.0,991387000.0,1058292000.0,5901116621.0,51.0,33.349,135392000.0,3.61,1.0,412335000.0,0.666,1054461000.0,7361000.0,798350000.0,686510750.0,88586000.0,89826000.0,89826000.0,0.0,559516000.0,70889000.0,488627000.0,5660074621.0,26768000.0,-104910000.0,15351000.0,49000000.0,-47452000.0,-53001000.0,-81381000.0,44513000.0,156376000.0,4774000.0,112058000.0,112058000.0,112058000.0,0.0,0.0,0.181,279026000.0,133309000.0,18030000.0,0.428,5.348,50.51,50.515,142779000.0,0.0,151.04,9.139,9.146,109759000.0,847310000.0,619317000.0,619317000.0,55048000.0,0.072,0.113,0.167,0.186,16999000.0,223978000.0,1.0,37474011.0,37503000.0,38142000.0,16.514,563347000.0,0.0,-4530000.0,93399000.0,15.021,322615000.0
14,TECH,MRT,2017-12-31,2017-12-31,2017-12-31,2021-08-25,-56817000.0,1555422000.0,1543613000.0,346086000.0,1209336000.0,0.388,26.645,-21492000.0,121458000.0,121458000.0,200625000.0,114487000.0,3.099,0.559,362500000.0,0.0,362500000.0,362500000.0,6016000.0,61824000.0,0.0,0.01,1.28,121048000.0,182872000.0,0.305,182872000.0,121048000.0,113687000.0,3.05,3.04,3.05,997819000.0,953795250.0,997819000.0,5118261160.0,42.0,27.988,138254000.0,3.692,1.0,398756000.0,0.665,1027461000.0,7361000.0,657324000.0,646217000.0,68280000.0,40927000.0,40927000.0,0.0,557603000.0,111679000.0,445924000.0,4853225160.0,62522000.0,-48500000.0,9851000.0,19090000.0,-47400000.0,-76569000.0,-23447000.0,46545000.0,159746000.0,2792000.0,114487000.0,114487000.0,114487000.0,0.0,0.0,0.191,275029000.0,123727000.0,64618000.0,0.42,4.864,42.391,42.475,138461000.0,0.0,129.55,8.097,8.094,98498000.0,839564000.0,599381000.0,599381000.0,54927000.0,0.074,0.12,0.187,0.202,16225000.0,220102000.0,1.0,37462178.0,37449000.0,37926000.0,16.005,527961000.0,0.0,-800000.0,74103000.0,14.098,234407000.0
15,TECH,MRT,2017-09-30,2017-09-30,2017-09-30,2021-08-25,-49759000.0,1527380000.0,1534763750.0,307158000.0,1220222000.0,0.376,25.68,-18010000.0,72464000.0,72464000.0,191970000.0,73107000.0,2.87,0.591,337500000.0,0.0,337500000.0,337500000.0,5374000.0,61815000.0,0.0,0.011,1.28,114505000.0,176320000.0,0.306,176320000.0,114505000.0,107144000.0,1.95,1.95,1.95,959810000.0,926983750.0,959810000.0,4771272002.0,42.0,27.06,144184000.0,3.858,1.0,385065000.0,0.667,1038804000.0,7361000.0,646581000.0,641072000.0,66532000.0,50261000.0,50261000.0,0.0,567570000.0,107031000.0,460539000.0,4519113002.0,2875000.0,-51226000.0,7037000.0,-5987000.0,-47351000.0,-104004000.0,-55888000.0,13348000.0,162194000.0,573000.0,73107000.0,73107000.0,73107000.0,0.0,0.0,0.127,267605000.0,117460000.0,55982000.0,0.656,4.708,61.815,61.995,136846000.0,0.0,120.89,7.832,7.83,107325000.0,802434000.0,577035000.0,577035000.0,54297000.0,0.048,0.079,0.179,0.198,15236000.0,213308000.0,1.0,37382025.0,37376000.0,37705000.0,15.439,488576000.0,0.0,34037000.0,120284000.0,13.072,200127000.0
16,TECH,MRT,2017-06-30,2017-06-30,2017-06-30,2021-08-25,-48935000.0,1558219000.0,1532288250.0,348025000.0,1210194000.0,0.367,25.45,-15179000.0,91612000.0,91612000.0,188462000.0,76086000.0,2.568,0.641,343771000.0,0.0,343771000.0,343771000.0,5968000.0,60036000.0,0.0,0.011,1.28,119322000.0,179358000.0,0.319,179358000.0,119322000.0,111961000.0,2.04,2.03,2.04,949627000.0,910873500.0,949627000.0,4685061132.0,39.0,26.121,128542000.0,3.445,1.0,374541000.0,0.665,1031068000.0,7361000.0,643788000.0,634099500.0,60151000.0,66102000.0,66102000.0,0.0,608592000.0,135522000.0,473070000.0,4386686132.0,27375000.0,-293785000.0,5257000.0,252000000.0,-47325000.0,189113000.0,-305954000.0,3010000.0,143721000.0,495000.0,76086000.0,76086000.0,76086000.0,0.0,0.0,0.135,253957000.0,120584000.0,85256000.0,0.627,4.619,57.654,57.598,135124000.0,0.0,117.5,7.792,7.787,116830000.0,799027000.0,563003000.0,563003000.0,53514000.0,0.05,0.084,0.188,0.212,14631000.0,200443000.0,1.0,37333499.0,37313000.0,37500000.0,15.089,527151000.0,0.0,35875000.0,123074000.0,14.128,212503000.0
17,TECH,MRT,2017-03-31,2017-03-31,2017-03-31,2021-08-25,-65294000.0,1533431000.0,1425128750.0,306042000.0,1227389000.0,0.38,24.328,-12365000.0,59840000.0,59840000.0,179325000.0,74103000.0,2.152,0.689,358215000.0,14578000.0,343637000.0,358215000.0,6072000.0,55949000.0,0.0,0.013,1.28,113632000.0,169581000.0,0.313,169581000.0,113632000.0,111884000.0,1.99,1.98,1.99,907925000.0,893286750.0,907925000.0,4081063385.0,36.0,24.066,117156000.0,3.139,1.0,361862000.0,0.669,1052431000.0,1748000.0,637175000.0,564415000.0,63767000.0,53780000.0,53780000.0,0.0,625506000.0,142200000.0,483306000.0,3792745385.0,-5873000.0,-254476000.0,7165000.0,228000000.0,-47723000.0,173424000.0,-304871000.0,-38005000.0,129521000.0,-3947000.0,74103000.0,74103000.0,74103000.0,0.0,0.0,0.137,241311000.0,120551000.0,79314000.0,0.643,4.177,51.182,51.08,132146000.0,0.0,101.65,7.008,7.01,118335000.0,778836000.0,541187000.0,541187000.0,51460000.0,0.052,0.083,0.201,0.21,13973000.0,189851000.0,1.0,37311809.0,37320000.0,37494000.0,14.501,481000000.0,0.0,37781000.0,133992000.0,12.889,163842000.0
18,TECH,MRT,2016-12-31,2016-12-31,2016-12-31,2021-08-25,-67220000.0,1520025000.0,1322252000.0,294106000.0,1225919000.0,0.399,23.871,-11185000.0,58936000.0,58936000.0,172954000.0,82227000.0,2.444,0.707,347254000.0,3595000.0,343659000.0,347254000.0,4852000.0,50739000.0,0.0,0.012,1.28,124981000.0,175720000.0,0.333,175720000.0,124981000.0,123233000.0,2.21,2.2,2.21,890573000.0,879546000.0,890573000.0,4114194487.0,33.0,23.413,130453000.0,3.497,1.0,355169000.0,0.673,1051273000.0,1748000.0,636744000.0,510413000.0,66089000.0,56559000.0,56559000.0,0.0,629452000.0,120326000.0,509126000.0,3836550487.0,-3516000.0,-264464000.0,6388000.0,219410000.0,-47682000.0,178409000.0,-318861000.0,-43187000.0,141638000.0,-4702000.0,82227000.0,82227000.0,82227000.0,0.0,0.0,0.156,224593000.0,130576000.0,76408000.0,0.579,4.308,46.658,46.529,131952000.0,0.0,102.83,7.265,7.264,104368000.0,769005000.0,528123000.0,528123000.0,48934000.0,0.062,0.093,0.245,0.237,12316000.0,175659000.0,1.0,37309642.0,37308000.0,37478000.0,14.156,468752000.0,0.0,41006000.0,133239000.0,12.564,173780000.0
19,TECH,MRT,2016-09-30,2016-09-30,2016-09-30,2021-08-25,-63925000.0,1517478000.0,1225609000.0,310151000.0,1207327000.0,0.422,24.017,-13219000.0,69589000.0,69589000.0,168610000.0,100611000.0,2.898,0.695,347233000.0,3733000.0,343500000.0,347233000.0,4484000.0,45723000.0,0.0,0.012,1.28,145167000.0,190890000.0,0.369,190890000.0,145167000.0,143419000.0,2.71,2.69,2.71,895369000.0,870988500.0,895369000.0,4114969368.0,28.0,21.557,125328000.0,3.362,1.0,348613000.0,0.674,1069415000.0,1748000.0,618691000.0,466804000.0,70519000.0,52381000.0,52381000.0,0.0,622109000.0,107016000.0,515093000.0,4083947368.0,20747000.0,-261646000.0,6356000.0,217987000.0,-47645000.0,176928000.0,-284880000.0,-9990000.0,138547000.0,-9848000.0,100611000.0,100611000.0,100611000.0,0.0,0.0,0.195,199893000.0,148720000.0,64078000.0,0.472,4.561,40.591,40.406,133805000.0,0.0,109.5,7.896,7.893,109813000.0,774734000.0,517223000.0,517223000.0,46630000.0,0.082,0.116,0.311,0.281,10582000.0,153263000.0,1.0,37296323.0,37281000.0,37473000.0,13.874,448063000.0,0.0,42808000.0,140158000.0,12.019,203135000.0
20,TECH,MRT,2016-06-30,2016-06-30,2016-06-30,2021-08-25,-70405000.0,1129581000.0,1128319500.0,253891000.0,875690000.0,0.442,23.64,-16898000.0,64237000.0,64237000.0,162364000.0,104476000.0,4.689,0.285,95259000.0,3759000.0,91500000.0,95259000.0,4717000.0,42764000.0,0.0,0.011,1.28,149229000.0,191993000.0,0.385,191993000.0,149229000.0,147481000.0,2.81,2.8,2.81,879280000.0,856633000.0,879280000.0,4292477402.0,29.0,22.357,127259000.0,3.421,1.0,336659000.0,0.675,741406000.0,1748000.0,365050000.0,424621500.0,57102000.0,31598000.0,31598000.0,0.0,250301000.0,54147000.0,196154000.0,4196574402.0,9705000.0,-91423000.0,5458000.0,18500000.0,-47607000.0,-23370000.0,-107570000.0,776000.0,144157000.0,-3512000.0,104476000.0,104476000.0,104476000.0,0.0,0.0,0.209,186066000.0,150593000.0,59153000.0,0.456,4.773,40.168,40.132,132362000.0,0.0,112.77,8.41,8.405,93393000.0,770553000.0,499023000.0,499023000.0,45187000.0,0.093,0.122,0.351,0.299,9430000.0,140879000.0,1.0,37213571.0,37194000.0,37326000.0,13.417,388175000.0,0.0,43005000.0,64616000.0,10.436,199744000.0
21,TECH,MRT,2016-03-31,2016-03-31,2016-03-31,2021-08-25,-76480000.0,1121924000.0,1111764250.0,236739000.0,885185000.0,0.433,22.932,-20778000.0,65713000.0,65713000.0,155869000.0,105178000.0,5.078,0.315,161616000.0,3808000.0,157808000.0,161616000.0,5218000.0,41602000.0,0.0,0.014,1.28,149496000.0,191098000.0,0.397,191098000.0,149496000.0,147952000.0,2.82,2.81,2.82,852962000.0,848546750.0,852962000.0,3619452686.0,24.0,18.94,123870000.0,3.33,1.0,326055000.0,0.677,750044000.0,1544000.0,421167000.0,424010750.0,57066000.0,18874000.0,18874000.0,0.0,268962000.0,46616000.0,222346000.0,3515326686.0,-40734000.0,-90994000.0,1922000.0,-31511000.0,-47587000.0,-76714000.0,-109473000.0,2250000.0,144648000.0,805000.0,105178000.0,105178000.0,105178000.0,0.0,0.0,0.218,177673000.0,148382000.0,13516000.0,0.454,4.121,33.423,33.518,133666000.0,0.0,94.52,7.294,7.295,88221000.0,756926000.0,481924000.0,481924000.0,44357000.0,0.095,0.124,0.353,0.31,7908000.0,133316000.0,1.0,37191353.0,37196000.0,37299000.0,12.956,371880000.0,0.0,42774000.0,65326000.0,9.998,190123000.0
22,TECH,MRT,2015-12-31,2015-12-31,2015-12-31,2021-08-25,-51527000.0,1133453000.0,1107359500.0,258383000.0,875070000.0,0.42,23.027,-22866000.0,62452000.0,62452000.0,149663000.0,99177000.0,7.212,0.324,166578000.0,3789000.0,162789000.0,166578000.0,3139000.0,40047000.0,0.0,0.014,1.28,145765000.0,185812000.0,0.4,185812000.0,145765000.0,144221000.0,2.66,2.65,2.66,856343000.0,840322750.0,856343000.0,3466615770.0,24.0,18.657,115421000.0,3.104,1.0,315446000.0,0.678,739442000.0,1544000.0,462308000.0,426523000.0,58675000.0,51471000.0,51471000.0,0.0,277110000.0,35829000.0,241281000.0,3347221770.0,-30516000.0,-83334000.0,3876000.0,-24964000.0,-47568000.0,-68179000.0,-98635000.0,7516000.0,138287000.0,-1989000.0,99177000.0,99177000.0,99177000.0,0.0,0.0,0.213,171165000.0,144281000.0,10426000.0,0.481,3.909,33.75,33.835,134043000.0,0.0,90.0,7.197,7.196,67330000.0,738538000.0,465109000.0,465109000.0,43977000.0,0.09,0.118,0.342,0.313,6879000.0,127188000.0,1.0,37191353.0,37189000.0,37301000.0,12.507,394011000.0,11513000.0,45044000.0,76124000.0,10.595,222554000.0
23,TECH,MRT,2015-09-30,2015-09-30,2015-09-30,2021-08-25,-53615000.0,1128320000.0,1103745750.0,240997000.0,887323000.0,0.413,22.544,-21121000.0,48842000.0,48842000.0,146548000.0,106535000.0,5.351,0.347,168236000.0,3868000.0,164368000.0,168236000.0,3839000.0,39352000.0,0.0,0.014,1.28,152954000.0,192306000.0,0.422,192306000.0,152954000.0,151410000.0,2.86,2.85,2.86,837947000.0,831407500.0,837947000.0,3458968631.0,23.0,17.987,114353000.0,3.077,1.0,309602000.0,0.679,752713000.0,1544000.0,449961000.0,416912000.0,58967000.0,38423000.0,38423000.0,0.0,290373000.0,45040000.0,245333000.0,3436476631.0,-49397000.0,-143343000.0,8995000.0,8536000.0,-47529000.0,-29330000.0,-156899000.0,7516000.0,135474000.0,1358000.0,106535000.0,106535000.0,106535000.0,0.0,0.0,0.234,166766000.0,142836000.0,13177000.0,0.448,4.101,32.257,32.329,132852000.0,0.0,92.46,7.534,7.534,71887000.0,724586000.0,456150000.0,456150000.0,43026000.0,0.097,0.128,0.367,0.335,6633000.0,123740000.0,1.0,37167171.0,37169000.0,37315000.0,12.272,375607000.0,16677000.0,44875000.0,86263000.0,10.105,195957000.0
24,TECH,MRT,2015-06-30,2015-06-30,2015-06-30,2021-08-25,-30593000.0,1063360000.0,1076230750.0,248283000.0,815077000.0,0.42,22.831,-19905000.0,54532000.0,54532000.0,144969000.0,107735000.0,6.243,0.256,77024000.0,4024000.0,73000000.0,77024000.0,3380000.0,37226000.0,0.0,0.013,1.27,155706000.0,192932000.0,0.427,192932000.0,155706000.0,154162000.0,2.9,2.89,2.9,846935000.0,820274000.0,846935000.0,3707014358.0,24.0,19.214,119454000.0,3.22,1.0,307277000.0,0.679,683477000.0,1544000.0,362607000.0,402323500.0,49577000.0,56389000.0,56389000.0,0.0,216425000.0,39768000.0,176657000.0,3658446358.0,-264036000.0,-420102000.0,9731000.0,68036000.0,-47107000.0,31275000.0,-426492000.0,13466000.0,139359000.0,-8178000.0,107735000.0,107735000.0,107735000.0,0.0,0.0,0.238,160254000.0,147023000.0,52467000.0,0.438,4.32,33.958,33.955,129749000.0,0.0,98.47,8.09,8.077,70034000.0,713851000.0,452246000.0,452246000.0,40853000.0,0.1,0.131,0.387,0.344,5957000.0,119401000.0,1.0,37152903.0,37096000.0,37231000.0,12.191,379883000.0,11511000.0,46427000.0,63401000.0,10.241,208515000.0
25,TECH,MRT,2015-03-31,2015-03-31,2015-03-31,2021-08-25,-41622000.0,1104305000.0,1026013500.0,294738000.0,809567000.0,0.416,22.082,-15073000.0,106447000.0,106447000.0,135324000.0,108230000.0,7.653,0.347,155015000.0,3004000.0,152011000.0,155015000.0,3491000.0,33038000.0,0.0,0.013,1.26,155371000.0,188409000.0,0.441,188409000.0,155371000.0,155371000.0,2.93,2.91,2.93,820066000.0,807356500.0,820066000.0,3788251248.0,24.0,20.107,125068000.0,3.368,1.0,291782000.0,0.683,683144000.0,0.0,431216000.0,379229000.0,51045000.0,53503000.0,53503000.0,0.0,284239000.0,38513000.0,245726000.0,3724199248.0,-17156000.0,-436027000.0,12930000.0,142047000.0,-46687000.0,108944000.0,-257286000.0,193814000.0,140141000.0,-8955000.0,108230000.0,108230000.0,108230000.0,0.0,0.0,0.253,143714000.0,148068000.0,48510000.0,0.43,4.541,34.41,34.229,124485000.0,0.0,100.29,8.72,8.72,66827000.0,699466000.0,427106000.0,427106000.0,37684000.0,0.105,0.134,0.41,0.364,5351000.0,106030000.0,1.0,37134303.0,37138000.0,37269000.0,11.501,421161000.0,11729000.0,47141000.0,58590000.0,11.34,256225000.0
26,TECH,MRT,2014-12-31,2014-12-31,2014-12-31,2021-08-25,-24477000.0,1118998000.0,957578750.0,273530000.0,845468000.0,0.427,22.13,-14410000.0,92968000.0,92968000.0,127990000.0,115581000.0,6.177,0.363,157020000.0,5983000.0,151037000.0,157020000.0,2811000.0,28683000.0,0.0,0.014,1.25,162681000.0,191364000.0,0.468,191364000.0,162681000.0,162681000.0,3.14,3.11,3.14,820682000.0,796600250.0,820682000.0,3452564235.0,21.0,18.042,129889000.0,3.502,1.0,280513000.0,0.687,714906000.0,0.0,423864000.0,381883750.0,52815000.0,51055000.0,46970000.0,4085000.0,298316000.0,44280000.0,254036000.0,3425857235.0,-5434000.0,-435687000.0,11796000.0,144000000.0,-46244000.0,110032000.0,-254219000.0,195883000.0,144299000.0,-5546000.0,115581000.0,115581000.0,115581000.0,0.0,0.0,0.283,126102000.0,154411000.0,48127000.0,0.398,4.174,29.64,29.427,124776000.0,0.0,92.4,8.386,8.388,58387000.0,687060000.0,408503000.0,408503000.0,34495000.0,0.121,0.145,0.426,0.398,4803000.0,91607000.0,1.0,37076377.0,37085000.0,37211000.0,11.015,404092000.0,17272000.0,47100000.0,70104000.0,10.896,229250000.0
27,TECH,MRT,2014-09-30,2014-09-30,2014-09-30,2021-08-25,-22979000.0,1018260000.0,878370500.0,268111000.0,750149000.0,0.433,21.44,-14915000.0,98239000.0,98239000.0,117209000.0,107427000.0,6.601,0.283,124946000.0,5949000.0,118997000.0,124946000.0,2545000.0,23644000.0,0.0,0.013,1.24,156336000.0,179980000.0,0.473,179980000.0,156336000.0,156336000.0,2.92,2.9,2.92,793413000.0,778561750.0,793413000.0,3156401841.0,20.0,17.538,124980000.0,3.377,1.0,263363000.0,0.692,612742000.0,0.0,391607000.0,385604500.0,52195000.0,46148000.0,32573000.0,13575000.0,224847000.0,40618000.0,184229000.0,3462023841.0,14383000.0,-375945000.0,9045000.0,112000000.0,-45815000.0,75566000.0,-199933000.0,190764000.0,139895000.0,-1145000.0,107427000.0,107427000.0,107427000.0,0.0,0.0,0.282,107788000.0,155575000.0,13571000.0,0.425,4.363,32.227,32.038,122006000.0,0.0,93.55,9.097,9.097,61537000.0,665714000.0,380572000.0,380572000.0,32392000.0,0.122,0.138,0.405,0.411,4054000.0,75396000.0,1.0,37007203.0,37007000.0,37148000.0,10.284,405518000.0,19148000.0,48909000.0,66499000.0,10.958,227493000.0
28,TECH,MRT,2014-06-30,2014-06-30,2014-06-30,2021-08-25,-5388000.0,862491000.0,818628000.0,469413000.0,393078000.0,0.437,21.558,-13821000.0,318568000.0,318568000.0,106352000.0,110948000.0,17.787,0.085,12946000.0,5949000.0,6997000.0,12946000.0,0.0,19175000.0,0.0,0.013,1.23,161392000.0,180567000.0,0.505,180567000.0,161392000.0,161392000.0,3.01,3.0,3.01,795265000.0,761899250.0,795265000.0,3301025539.0,20.0,18.281,122941000.0,3.333,1.0,251411000.0,0.703,260249000.0,0.0,270229000.0,395411500.0,38847000.0,58807000.0,44786000.0,14021000.0,67226000.0,26391000.0,40835000.0,3424628539.0,154782000.0,-119180000.0,8326000.0,0.0,-45394000.0,-36806000.0,49688000.0,182664000.0,136762000.0,5138000.0,110948000.0,110948000.0,110948000.0,0.0,0.0,0.31,91661000.0,159750000.0,9652000.0,0.409,4.306,30.867,30.754,117120000.0,0.0,92.57,9.572,9.545,55001000.0,653279000.0,357763000.0,357763000.0,30945000.0,0.136,0.146,0.408,0.451,3261000.0,60716000.0,1.0,36995015.0,36890000.0,37005000.0,9.698,602242000.0,9623000.0,50444000.0,34334000.0,16.325,443022000.0
29,TECH,MRT,2014-03-31,2014-03-31,2014-03-31,2021-08-25,-3909000.0,830566000.0,797529750.0,319531000.0,511035000.0,0.432,21.052,-17065000.0,123603000.0,123603000.0,97780000.0,112535000.0,13.115,0.069,0.0,0.0,0.0,0.0,0.0,16906000.0,0.0,0.014,1.22,162705000.0,179611000.0,0.521,179611000.0,162705000.0,162705000.0,3.06,3.04,3.06,777041000.0,747468250.0,777041000.0,3051817674.0,19.0,16.991,111763000.0,3.028,1.0,246935000.0,0.716,240764000.0,0.0,441835000.0,442189250.0,38386000.0,247885000.0,96528000.0,151357000.0,53525000.0,24364000.0,29161000.0,3150219674.0,-27110000.0,-103149000.0,3588000.0,0.0,-44975000.0,-41381000.0,-118756000.0,489000.0,128828000.0,4199000.0,112535000.0,112535000.0,112535000.0,0.0,0.0,0.326,86215000.0,160720000.0,8418000.0,0.399,4.054,27.993,27.899,116649000.0,0.0,85.37,9.139,9.141,50458000.0,637923000.0,344715000.0,344715000.0,30484000.0,0.141,0.151,0.368,0.472,3050000.0,55731000.0,1.0,36900781.0,36911000.0,37053000.0,9.339,589802000.0,8509000.0,50170000.0,34839000.0,15.979,295167000.0
30,TECH,MRT,2013-12-31,2013-12-31,2013-12-31,2021-08-25,-9953000.0,802165000.0,779960750.0,279141000.0,523024000.0,0.423,20.295,-19177000.0,98402000.0,98402000.0,90181000.0,114012000.0,12.626,0.072,0.0,0.0,0.0,0.0,0.0,14989000.0,0.0,0.013,1.21,161102000.0,176091000.0,0.533,176091000.0,161102000.0,161102000.0,3.1,3.09,3.1,748528000.0,733085250.0,748528000.0,3406227487.0,21.0,19.344,107742000.0,2.921,1.0,239971000.0,0.727,242907000.0,0.0,438747000.0,444482000.0,39992000.0,251044000.0,88454000.0,162590000.0,53637000.0,22109000.0,31528000.0,3490083487.0,-44884000.0,-103149000.0,2020000.0,0.0,-44588000.0,-42517000.0,-130200000.0,-8680000.0,126919000.0,914000.0,114012000.0,114012000.0,114012000.0,0.0,0.0,0.345,81074000.0,158897000.0,7163000.0,0.39,4.663,30.612,30.539,115159000.0,0.0,94.67,10.571,10.576,40435000.0,617722000.0,330152000.0,330152000.0,30027000.0,0.146,0.156,0.362,0.488,2660000.0,51047000.0,1.0,36865781.0,36882000.0,37015000.0,8.952,559258000.0,9878000.0,47090000.0,33346000.0,15.163,257032000.0
31,TECH,MRT,2013-09-30,2013-09-30,2013-09-30,2021-08-25,-14321000.0,779290000.0,760562000.0,280636000.0,498654000.0,0.422,19.726,-23750000.0,83856000.0,83856000.0,84577000.0,114321000.0,13.841,0.072,0.0,0.0,0.0,0.0,0.0,13306000.0,0.0,0.015,1.2,162330000.0,175636000.0,0.547,175636000.0,162330000.0,162330000.0,3.11,3.1,3.11,726763000.0,719594500.0,726763000.0,2786020217.0,17.0,15.862,103134000.0,2.799,1.0,236641000.0,0.737,244323000.0,0.0,430835000.0,441773250.0,39957000.0,239320000.0,100843000.0,138477000.0,52527000.0,20276000.0,32251000.0,2949806217.0,-46949000.0,-102964000.0,293000.0,0.0,-44202000.0,-43831000.0,-130417000.0,-4004000.0,126884000.0,415000.0,114321000.0,114321000.0,114321000.0,0.0,0.0,0.356,76584000.0,160057000.0,6656000.0,0.386,4.059,25.803,25.743,113362000.0,0.0,80.06,9.183,9.182,44168000.0,604102000.0,321218000.0,321218000.0,29507000.0,0.15,0.159,0.367,0.505,2056000.0,47077000.0,1.0,36844944.0,36842000.0,36928000.0,8.719,534967000.0,9527000.0,48009000.0,35220000.0,14.521,260360000.0
32,TECH,MRT,2013-06-30,2013-06-30,2013-06-30,2021-08-25,14553000.0,778098000.0,743896750.0,409516000.0,368582000.0,0.417,20.022,-22454000.0,163786000.0,163786000.0,79465000.0,112561000.0,12.764,0.055,0.0,0.0,0.0,0.0,0.0,12321000.0,0.0,0.017,1.18,160662000.0,172983000.0,0.557,172983000.0,160662000.0,160662000.0,3.06,3.05,3.06,737541000.0,708055000.0,737541000.0,2393782898.0,15.0,13.838,101108000.0,2.745,1.0,231110000.0,0.744,124888000.0,0.0,457340000.0,440543000.0,34877000.0,302058000.0,169151000.0,132907000.0,40557000.0,32084000.0,8473000.0,2544495898.0,47111000.0,0.0,-1289000.0,0.0,-43463000.0,-44677000.0,-31204000.0,-9102000.0,123562000.0,-570000.0,112561000.0,112561000.0,112561000.0,0.0,0.0,0.362,72641000.0,158469000.0,6236000.0,0.386,3.45,22.605,22.575,108756000.0,0.0,69.08,8.193,8.193,40175000.0,587725000.0,310575000.0,310575000.0,29257000.0,0.151,0.159,0.365,0.517,1789000.0,43384000.0,1.0,36834046.0,36836000.0,36900000.0,8.431,653210000.0,0.0,48101000.0,20693000.0,17.733,377432000.0
33,TECH,MRT,2013-03-31,2013-03-31,2013-03-31,2021-08-25,12837000.0,760290000.0,729203250.0,390157000.0,370133000.0,0.425,19.53,-18241000.0,150713000.0,150713000.0,78924000.0,111391000.0,12.012,0.057,0.0,0.0,0.0,0.0,0.0,12380000.0,0.0,0.017,1.16,160515000.0,172895000.0,0.558,172895000.0,160515000.0,160515000.0,3.03,3.03,3.03,719509000.0,692280250.0,719509000.0,2356467176.0,15.0,13.629,112747000.0,3.06,1.0,230857000.0,0.745,126090000.0,0.0,451006000.0,434893250.0,35675000.0,297927000.0,162162000.0,135765000.0,40781000.0,32481000.0,8300000.0,2499753176.0,55433000.0,-42000.0,-1884000.0,0.0,-42724000.0,-44539000.0,-28979000.0,-10227000.0,130988000.0,-2037000.0,111391000.0,111391000.0,111391000.0,0.0,0.0,0.36,70986000.0,159871000.0,6189000.0,0.383,3.474,22.441,22.393,105202000.0,0.0,67.85,8.069,8.069,39874000.0,572186000.0,309781000.0,309781000.0,29360000.0,0.153,0.161,0.369,0.518,1626000.0,41626000.0,1.0,36842346.0,36842000.0,36908000.0,8.408,634200000.0,0.0,49124000.0,22544000.0,17.214,357676000.0
34,TECH,MRT,2012-12-31,2012-12-31,2012-12-31,2021-08-25,10250000.0,724570000.0,710139250.0,359731000.0,364839000.0,0.44,18.857,-13455000.0,143286000.0,143286000.0,79317000.0,110029000.0,16.914,0.043,0.0,0.0,0.0,0.0,0.0,12431000.0,0.0,0.017,1.14,159254000.0,171685000.0,0.55,171685000.0,159254000.0,159254000.0,2.99,2.99,2.99,694565000.0,673527250.0,694565000.0,2386077516.0,15.0,13.898,118971000.0,3.23,1.0,233093000.0,0.746,132104000.0,0.0,427912000.0,427931000.0,37600000.0,271378000.0,142809000.0,128569000.0,30005000.0,21268000.0,8737000.0,2516882516.0,62292000.0,-42000.0,-4797000.0,0.0,-41991000.0,-46686000.0,-25310000.0,-11023000.0,132426000.0,1862000.0,110029000.0,110029000.0,110029000.0,0.0,0.0,0.352,70806000.0,162287000.0,6466000.0,0.381,3.624,22.875,22.856,101133000.0,0.0,68.34,8.056,8.057,34325000.0,550120000.0,312410000.0,312410000.0,29263000.0,0.155,0.163,0.372,0.51,1479000.0,41543000.0,1.0,36828834.0,36834000.0,36900000.0,8.482,592466000.0,0.0,49225000.0,15235000.0,16.085,338463000.0
35,TECH,MRT,2012-09-30,2012-09-30,2012-09-30,2021-08-25,12141000.0,712629000.0,685058750.0,350143000.0,362486000.0,0.455,18.481,-7436000.0,130805000.0,130805000.0,78989000.0,110478000.0,15.289,0.047,0.0,0.0,0.0,0.0,0.0,12437000.0,0.0,0.016,1.12,159681000.0,172118000.0,0.552,172118000.0,159681000.0,159681000.0,3.0,3.0,3.0,680605000.0,649262500.0,680605000.0,2532791318.0,16.0,14.715,114141000.0,3.099,1.0,233000000.0,0.747,133009000.0,0.0,425914000.0,419756000.0,38397000.0,273975000.0,142262000.0,131713000.0,32024000.0,22901000.0,9123000.0,2649466318.0,51570000.0,0.0,-12558000.0,0.0,-41304000.0,-53817000.0,-17139000.0,-9250000.0,121577000.0,949000.0,110478000.0,110478000.0,110478000.0,0.0,0.0,0.354,69935000.0,163065000.0,6541000.0,0.373,3.893,23.982,23.98,94920000.0,0.0,71.94,8.492,8.492,36910000.0,535805000.0,311989000.0,311989000.0,28697000.0,0.161,0.17,0.38,0.512,1609000.0,41238000.0,1.0,36828834.0,36828000.0,36895000.0,8.472,579620000.0,0.0,49203000.0,17846000.0,15.739,327242000.0
36,TECH,MRT,2012-06-30,2012-06-30,2012-06-30,2021-08-25,21775000.0,719324000.0,664010500.0,346507000.0,372817000.0,0.474,18.258,-6017000.0,116675000.0,116675000.0,78756000.0,112331000.0,9.693,0.067,0.0,0.0,0.0,0.0,0.0,12467000.0,0.0,0.015,1.11,162195000.0,174662000.0,0.555,174662000.0,162195000.0,162195000.0,3.04,3.04,3.04,674442000.0,626449750.0,674442000.0,2637206455.0,16.0,15.099,120729000.0,3.268,1.0,235804000.0,0.75,132158000.0,0.0,434741000.0,410171250.0,38277000.0,297333000.0,152311000.0,145022000.0,44882000.0,35750000.0,9132000.0,2732486455.0,39062000.0,0.0,-23658000.0,0.0,-41018000.0,-64625000.0,-21668000.0,-15285000.0,126746000.0,-1391000.0,112331000.0,112331000.0,112331000.0,0.0,0.0,0.357,69595000.0,166209000.0,6291000.0,0.365,4.051,24.325,24.408,93788000.0,0.0,74.2,8.687,8.713,37741000.0,520448000.0,314560000.0,314560000.0,27912000.0,0.169,0.179,0.395,0.516,1590000.0,41683000.0,1.0,36825963.0,36939000.0,37006000.0,8.516,587166000.0,0.0,49864000.0,26617000.0,15.896,310757000.0
37,TECH,MRT,2012-03-31,2012-03-31,2012-03-31,2021-08-25,6877000.0,684034000.0,638597000.0,306272000.0,377762000.0,0.492,17.483,-6157000.0,95280000.0,95280000.0,77346000.0,113421000.0,9.969,0.061,0.0,0.0,0.0,0.0,0.0,12124000.0,0.0,0.016,1.1,164549000.0,176673000.0,0.563,176673000.0,164549000.0,164549000.0,3.07,3.06,3.07,644497000.0,604369750.0,644497000.0,2503067741.0,15.0,14.168,117848000.0,3.197,1.0,236571000.0,0.754,134876000.0,0.0,423157000.0,397224500.0,40497000.0,270976000.0,124325000.0,146651000.0,39537000.0,30721000.0,8816000.0,2584061741.0,-63348000.0,-131724000.0,-20162000.0,0.0,-40736000.0,-60419000.0,-128115000.0,10391000.0,124005000.0,1181000.0,113421000.0,113421000.0,113421000.0,0.0,0.0,0.361,68977000.0,167594000.0,6451000.0,0.358,4.009,22.783,22.834,94614000.0,0.0,70.1,8.232,8.232,40926000.0,505834000.0,313917000.0,313917000.0,27092000.0,0.178,0.188,0.414,0.524,1111000.0,41885000.0,1.0,36862507.0,36864000.0,36930000.0,8.516,549158000.0,3816000.0,51128000.0,17557000.0,14.897,275551000.0
38,TECH,MRT,2011-12-31,2011-12-31,2011-12-31,2021-08-25,-20904000.0,624248000.0,613293250.0,227216000.0,397032000.0,0.5,16.164,-5162000.0,80994000.0,80994000.0,73049000.0,112729000.0,16.088,0.045,0.0,0.0,0.0,0.0,0.0,10956000.0,0.0,0.016,1.09,166728000.0,177684000.0,0.58,177684000.0,166728000.0,166728000.0,3.05,3.04,3.05,597506000.0,584814750.0,597506000.0,2446429847.0,15.0,13.768,116766000.0,3.159,1.0,233518000.0,0.762,133919000.0,0.0,395212000.0,386697250.0,40978000.0,224048000.0,56758000.0,167290000.0,26742000.0,14123000.0,12619000.0,2525664847.0,-54881000.0,-131724000.0,-17249000.0,0.0,-40438000.0,-57240000.0,-122887000.0,14942000.0,121928000.0,3318000.0,112729000.0,112729000.0,112729000.0,0.0,0.0,0.368,67548000.0,165970000.0,5914000.0,0.357,4.227,22.405,22.38,94604000.0,0.0,68.26,8.239,8.231,34545000.0,487524000.0,306567000.0,306567000.0,26267000.0,0.184,0.193,0.431,0.544,989000.0,41281000.0,1.0,37000657.0,36966000.0,37028000.0,8.293,490329000.0,12921000.0,53999000.0,13586000.0,13.264,213093000.0
39,TECH,MRT,2011-09-30,2011-09-30,2011-09-30,2021-08-25,-20220000.0,628436000.0,596133250.0,219010000.0,409426000.0,0.503,15.888,-3674000.0,79235000.0,79235000.0,68884000.0,113450000.0,8.348,0.066,0.0,0.0,0.0,0.0,0.0,9827000.0,0.0,0.016,1.08,166528000.0,176355000.0,0.589,176355000.0,166528000.0,166528000.0,3.07,3.05,3.07,589354000.0,570922250.0,589354000.0,2444307772.0,15.0,13.86,127249000.0,3.43,1.0,230729000.0,0.77,135390000.0,0.0,387575000.0,382716750.0,42116000.0,222504000.0,54120000.0,168384000.0,39082000.0,26236000.0,12846000.0,2521920772.0,-35777000.0,-131766000.0,-7614000.0,0.0,-40088000.0,-46931000.0,-122269000.0,14114000.0,130923000.0,2500000.0,113450000.0,113450000.0,113450000.0,0.0,0.0,0.379,65090000.0,165639000.0,5734000.0,0.352,4.279,22.229,22.153,94352000.0,0.0,68.01,8.417,8.42,35639000.0,479551000.0,299613000.0,299613000.0,26033000.0,0.19,0.199,0.435,0.556,521000.0,39057000.0,1.0,37081617.0,37095000.0,37170000.0,8.077,493046000.0,6730000.0,53078000.0,16804000.0,13.291,192774000.0
40,TECH,MRT,2011-06-30,2011-06-30,2011-06-30,2021-08-25,-16291000.0,617670000.0,573930250.0,230417000.0,387253000.0,0.505,15.799,-3630000.0,77613000.0,77613000.0,65025000.0,112302000.0,12.669,0.054,0.0,0.0,0.0,0.0,0.0,8700000.0,0.0,0.013,1.07,164981000.0,173681000.0,0.599,173681000.0,164981000.0,164981000.0,3.03,3.02,3.03,586122000.0,554475000.0,586122000.0,2936641069.0,18.0,16.908,123564000.0,3.331,1.0,224937000.0,0.776,138915000.0,0.0,382954000.0,381225750.0,44906000.0,214821000.0,63200000.0,151621000.0,31548000.0,18188000.0,13360000.0,3095269069.0,-16526000.0,-131766000.0,2556000.0,0.0,-39691000.0,-36288000.0,-114185000.0,22154000.0,127194000.0,6753000.0,112302000.0,112302000.0,112302000.0,0.0,0.0,0.387,61882000.0,163055000.0,5207000.0,0.353,5.281,27.562,27.515,95398000.0,0.0,83.37,10.675,10.666,37860000.0,472730000.0,289962000.0,289962000.0,25985000.0,0.196,0.203,0.433,0.569,291000.0,35897000.0,1.0,37126893.0,37098000.0,37172000.0,7.816,478755000.0,5797000.0,52679000.0,18869000.0,12.905,212229000.0
41,TECH,MRT,2011-03-31,2011-03-31,2011-03-31,2021-08-25,-15843000.0,582819000.0,549216750.0,276726000.0,306093000.0,0.507,15.256,-3480000.0,158628000.0,158628000.0,60887000.0,109866000.0,16.729,0.029,0.0,0.0,0.0,0.0,0.0,8005000.0,0.0,0.015,1.06,160611000.0,168616000.0,0.605,168616000.0,160611000.0,160611000.0,2.97,2.95,2.97,566277000.0,533392500.0,566277000.0,2521491606.0,16.0,14.954,120822000.0,3.255,1.0,217751000.0,0.781,26601000.0,0.0,381048000.0,380622500.0,13619000.0,238878000.0,55270000.0,183608000.0,16542000.0,16542000.0,0.0,2657366606.0,50392000.0,0.0,-12158000.0,0.0,-39355000.0,-51075000.0,-26235000.0,-21948000.0,124302000.0,3400000.0,109866000.0,109866000.0,109866000.0,0.0,0.0,0.394,58374000.0,159377000.0,7539000.0,0.357,4.693,24.187,24.104,94145000.0,0.0,71.59,9.537,9.537,37514000.0,454428000.0,278638000.0,278638000.0,25770000.0,0.2,0.206,0.422,0.576,674000.0,33324000.0,1.0,37119243.0,37119000.0,37194000.0,7.507,556218000.0,11376000.0,50745000.0,4096000.0,14.985,260184000.0
42,TECH,MRT,2010-12-31,2010-12-31,2010-12-31,2021-08-25,-19050000.0,555608000.0,533985000.0,253560000.0,302048000.0,0.511,14.61,-4254000.0,135875000.0,135875000.0,59345000.0,111190000.0,18.546,0.025,0.0,0.0,0.0,0.0,0.0,8123000.0,0.0,0.016,1.05,156666000.0,164789000.0,0.604,164789000.0,156666000.0,156666000.0,3.0,2.98,3.0,541936000.0,517359250.0,541936000.0,2320276221.0,15.0,14.08,110880000.0,2.989,1.0,213300000.0,0.782,26771000.0,0.0,379290000.0,376999500.0,13736000.0,237665000.0,58987000.0,178678000.0,13672000.0,13672000.0,0.0,2435288221.0,-59676000.0,0.0,-11151000.0,0.0,-39032000.0,-49625000.0,-116193000.0,-111939000.0,115134000.0,-8992000.0,111190000.0,111190000.0,111190000.0,0.0,0.0,0.408,57013000.0,156287000.0,6361000.0,0.35,4.494,21.902,21.89,95096000.0,0.0,65.67,8.932,8.934,30214000.0,433387000.0,272645000.0,272645000.0,25798000.0,0.208,0.215,0.416,0.575,548000.0,31695000.0,1.0,37083725.0,37093000.0,37156000.0,7.35,528837000.0,14853000.0,45476000.0,4224000.0,14.257,239888000.0
43,TECH,MRT,2010-09-30,2010-09-30,2010-09-30,2021-08-25,-17291000.0,539624000.0,520641250.0,233199000.0,306425000.0,0.519,14.135,-5133000.0,115012000.0,115012000.0,57347000.0,109377000.0,14.521,0.031,0.0,0.0,0.0,0.0,0.0,8133000.0,0.0,0.017,1.04,155692000.0,163825000.0,0.606,163825000.0,155692000.0,155692000.0,2.94,2.93,2.94,523565000.0,504011750.0,523565000.0,2192573231.0,14.0,13.384,108801000.0,2.937,1.0,213111000.0,0.788,26942000.0,0.0,381611000.0,348527750.0,13818000.0,239370000.0,57622000.0,181748000.0,16059000.0,16059000.0,0.0,2286712231.0,-59745000.0,50000.0,-13101000.0,0.0,-38706000.0,-51538000.0,-115401000.0,-110318000.0,113934000.0,-6740000.0,109377000.0,109377000.0,109377000.0,0.0,0.0,0.404,57621000.0,155490000.0,8192000.0,0.354,4.368,20.907,20.997,96322000.0,0.0,61.73,8.455,8.454,32608000.0,416863000.0,270458000.0,270458000.0,25586000.0,0.21,0.217,0.447,0.576,900000.0,32275000.0,1.0,37043775.0,37040000.0,37107000.0,7.302,512682000.0,14012000.0,46315000.0,4138000.0,13.841,217140000.0
44,TECH,MRT,2010-06-30,2010-06-30,2010-06-30,2021-08-25,-21234000.0,518816000.0,507496750.0,201040000.0,317776000.0,0.53,13.469,-4644000.0,94139000.0,94139000.0,54898000.0,109776000.0,11.809,0.034,0.0,0.0,0.0,0.0,0.0,8130000.0,0.0,0.018,1.03,156446000.0,164576000.0,0.612,164576000.0,156446000.0,156446000.0,2.95,2.94,2.95,501792000.0,490872000.0,501792000.0,2033831314.0,13.0,12.358,106616000.0,2.862,1.0,214149000.0,0.796,27112000.0,0.0,380541000.0,320229250.0,13737000.0,236402000.0,44672000.0,191730000.0,17024000.0,17024000.0,0.0,2142067314.0,-66801000.0,50000.0,-12319000.0,0.0,-38388000.0,-50511000.0,-114615000.0,-110021000.0,111260000.0,-12935000.0,109776000.0,109776000.0,109776000.0,0.0,0.0,0.408,57821000.0,156328000.0,9607000.0,0.349,4.269,19.513,19.475,97400000.0,0.0,57.45,7.962,7.955,32382000.0,400119000.0,269047000.0,269047000.0,25121000.0,0.216,0.224,0.489,0.581,939000.0,32700000.0,1.0,37285767.0,37255000.0,37347000.0,7.222,491704000.0,16145000.0,46670000.0,3636000.0,13.198,184016000.0
45,TECH,MRT,2010-03-31,2010-03-31,2010-03-31,2021-08-25,-19779000.0,521892000.0,495794000.0,219322000.0,302570000.0,0.532,13.465,-6873000.0,108236000.0,108236000.0,55923000.0,105242000.0,11.106,0.039,0.0,0.0,0.0,0.0,0.0,8032000.0,0.0,0.016,1.02,155363000.0,163395000.0,0.619,163395000.0,155363000.0,155363000.0,2.78,2.78,2.78,502144000.0,479544500.0,502144000.0,2176658792.0,14.0,13.321,102897000.0,2.759,1.0,208033000.0,0.788,27352000.0,0.0,366556000.0,291961500.0,13451000.0,220150000.0,44922000.0,175228000.0,19748000.0,19748000.0,0.0,2372209792.0,-25585000.0,50000.0,-879000.0,0.0,-38006000.0,-38681000.0,-98877000.0,-92054000.0,109770000.0,2203000.0,105242000.0,105242000.0,105242000.0,0.0,0.0,0.399,57253000.0,150780000.0,11572000.0,0.367,4.724,22.541,22.871,97745000.0,0.0,63.58,8.987,8.983,35922000.0,399429000.0,263956000.0,263956000.0,23564000.0,0.212,0.219,0.532,0.589,931000.0,33689000.0,1.0,37310629.0,37292000.0,37380000.0,7.078,494540000.0,17320000.0,50121000.0,4121000.0,13.261,199574000.0
46,TECH,MRT,2009-12-31,2009-12-31,2009-12-31,2021-08-25,-9475000.0,502233000.0,475771750.0,300959000.0,201274000.0,0.555,13.115,-6594000.0,195551000.0,195551000.0,55923000.0,105242000.0,21.989,0.028,0.0,0.0,0.0,0.0,0.0,7956000.0,0.0,0.015,1.01,155363000.0,163319000.0,0.619,163319000.0,155363000.0,155363000.0,2.78,2.78,2.78,488546000.0,460730750.0,488546000.0,2378871884.0,15.0,14.566,107684000.0,2.891,1.0,208033000.0,0.788,27592000.0,0.0,265403000.0,266511500.0,12988000.0,124346000.0,53928000.0,70418000.0,13687000.0,13687000.0,0.0,2553628884.0,75956000.0,50000.0,-12192000.0,0.0,-37683000.0,-49789000.0,1616000.0,8160000.0,114278000.0,9851000.0,105242000.0,105242000.0,105242000.0,0.0,0.0,0.399,57253000.0,150780000.0,7212000.0,0.363,5.227,24.264,24.662,98910000.0,0.0,68.56,9.674,9.676,27801000.0,378139000.0,263956000.0,263956000.0,23564000.0,0.221,0.228,0.583,0.589,1031000.0,33689000.0,1.0,37246629.0,37252000.0,37353000.0,7.086,474641000.0,13422000.0,50121000.0,3354000.0,12.741,287272000.0
47,TECH,MRT,2009-09-30,2009-09-30,2009-09-30,2021-08-25,-10548000.0,487046000.0,458596000.0,281884000.0,205162000.0,0.569,12.646,-6377000.0,174757000.0,174757000.0,55738000.0,103421000.0,17.574,0.034,0.0,0.0,0.0,0.0,0.0,7850000.0,0.0,0.016,1.0,152122000.0,159972000.0,0.613,159972000.0,152122000.0,152122000.0,2.76,2.76,2.76,471006000.0,443717750.0,471006000.0,2169083990.0,14.0,13.559,106198000.0,2.851,1.0,205428000.0,0.787,27832000.0,0.0,268417000.0,268247500.0,12468000.0,126911000.0,52518000.0,74393000.0,16040000.0,16040000.0,0.0,2330023990.0,12686000.0,0.0,-78156000.0,0.0,-37505000.0,-115610000.0,25258000.0,31635000.0,112575000.0,-9537000.0,103421000.0,103421000.0,103421000.0,0.0,0.0,0.396,56695000.0,148733000.0,7990000.0,0.362,4.947,22.53,22.667,98806000.0,0.0,62.56,8.922,8.922,31725000.0,363102000.0,261166000.0,261166000.0,23808000.0,0.226,0.233,0.567,0.582,1427000.0,32887000.0,1.0,37244629.0,37245000.0,37339000.0,7.012,459214000.0,12850000.0,48701000.0,4504000.0,12.33,265844000.0
48,TECH,MRT,2009-06-30,2009-06-30,2009-06-30,2021-08-25,-7477000.0,472005000.0,463751500.0,255467000.0,216538000.0,0.569,12.076,-6556000.0,160940000.0,160940000.0,55923000.0,105242000.0,16.457,0.034,0.0,0.0,0.0,0.0,0.0,7766000.0,0.0,0.012,0.75,155363000.0,163129000.0,0.618,163129000.0,155363000.0,155363000.0,2.78,2.78,2.78,456482000.0,448068750.0,456482000.0,2242652724.0,14.0,13.748,104765000.0,2.771,1.0,208033000.0,0.788,28072000.0,0.0,267470000.0,275530000.0,11269000.0,125929000.0,41947000.0,83982000.0,15523000.0,15523000.0,0.0,2376473724.0,-6052000.0,1340000.0,-91357000.0,0.0,-28194000.0,-119444000.0,21278000.0,26494000.0,111321000.0,-19207000.0,105242000.0,105242000.0,105242000.0,0.0,0.0,0.399,57253000.0,150780000.0,7467000.0,0.27,5.206,22.581,22.953,100133000.0,0.0,63.81,9.003,9.138,31153000.0,345641000.0,263956000.0,263956000.0,23564000.0,0.227,0.235,0.564,0.589,1371000.0,33689000.0,1.0,37242967.0,37802000.0,37900000.0,6.983,443933000.0,12946000.0,50121000.0,4046000.0,11.744,239944000.0
49,TECH,MRT,2009-03-31,2009-03-31,2009-03-31,2021-08-25,-22550000.0,441803000.0,472592500.0,222675000.0,219128000.0,0.552,11.447,-12655000.0,133821000.0,133821000.0,52686000.0,107583000.0,14.931,0.035,0.0,0.0,0.0,0.0,0.0,7806000.0,0.0,0.009,0.5,153737000.0,161543000.0,0.62,161543000.0,153737000.0,153737000.0,2.8,2.79,2.8,426889000.0,455730750.0,426889000.0,1931452317.0,13.0,11.956,101623000.0,2.725,1.0,208001000.0,0.798,28312000.0,0.0,264756000.0,281439000.0,10749000.0,122679000.0,33296000.0,89383000.0,14914000.0,14914000.0,0.0,2051047317.0,-29028000.0,1340000.0,-99888000.0,0.0,-18883000.0,-118576000.0,7233000.0,18748000.0,114278000.0,-31963000.0,107583000.0,107583000.0,107583000.0,0.0,0.0,0.413,60656000.0,147345000.0,7211000.0,0.179,4.805,19.065,19.539,97428000.0,0.0,54.71,7.868,7.827,34612000.0,331336000.0,260687000.0,260687000.0,23699000.0,0.228,0.236,0.546,0.59,1172000.0,35822000.0,1.0,37489441.0,37293000.0,37379000.0,6.99,413491000.0,12489000.0,46154000.0,3373000.0,11.088,207761000.0
50,TECH,MRT,2008-12-31,2008-12-31,2008-12-31,2021-08-25,-21070000.0,433530000.0,484169250.0,193123000.0,240407000.0,0.533,11.722,-12735000.0,119595000.0,119595000.0,52603000.0,102836000.0,14.815,0.031,0.0,0.0,0.0,0.0,0.0,7751000.0,0.0,0.004,0.25,153139000.0,160890000.0,0.623,160890000.0,153139000.0,153139000.0,2.67,2.66,2.67,420494000.0,465995500.0,420494000.0,2291157411.0,15.0,14.241,103226000.0,2.878,1.0,205672000.0,0.796,28552000.0,0.0,272347000.0,284196250.0,9877000.0,132723000.0,24366000.0,108357000.0,13036000.0,13036000.0,0.0,2453228411.0,-29062000.0,1040000.0,-117737000.0,0.0,-9507000.0,-127048000.0,11967000.0,23972000.0,115961000.0,-29942000.0,102836000.0,102836000.0,102836000.0,0.0,0.0,0.398,59535000.0,146137000.0,6216000.0,0.094,5.834,23.856,24.165,98352000.0,0.0,64.52,9.499,8.961,26567000.0,323614000.0,258275000.0,258275000.0,23183000.0,0.212,0.221,0.539,0.593,1185000.0,35217000.0,1.0,38022759.0,35872000.0,35945000.0,7.2,404978000.0,16248000.0,50303000.0,2744000.0,11.29,180087000.0
51,TECH,MRT,2008-09-30,2008-09-30,2008-09-30,2021-08-25,-541000.0,507668000.0,497840000.0,249388000.0,258280000.0,0.54,12.645,-13877000.0,162071000.0,162071000.0,53871000.0,109079000.0,12.95,0.039,0.0,0.0,0.0,0.0,0.0,7488000.0,0.0,0.0,0.0,162026000.0,169514000.0,0.631,169514000.0,162026000.0,162026000.0,2.81,2.8,2.81,488410000.0,477960750.0,488410000.0,2621136910.0,16.0,15.463,105578000.0,2.733,1.0,214886000.0,0.8,28792000.0,0.0,297547000.0,288634750.0,9699000.0,158528000.0,34108000.0,124420000.0,19258000.0,19258000.0,0.0,2788128910.0,17326000.0,-383000.0,-71726000.0,0.0,0.0,-71464000.0,-16541000.0,-1716000.0,119455000.0,-14124000.0,109079000.0,109079000.0,109079000.0,0.0,0.0,0.406,61675000.0,153211000.0,9680000.0,0.0,5.709,25.561,25.665,100100000.0,0.0,72.12,10.374,10.365,33968000.0,372194000.0,268757000.0,268757000.0,23123000.0,0.219,0.228,0.561,0.603,1397000.0,37465000.0,1.0,38659580.0,38624000.0,38747000.0,6.958,478876000.0,12799000.0,52947000.0,5493000.0,12.398,230130000.0
52,TECH,MRT,2008-06-30,2008-06-30,2008-06-30,2021-08-25,12128000.0,507369000.0,491187000.0,258433000.0,248936000.0,0.524,12.446,-16365000.0,166992000.0,166992000.0,52889000.0,103558000.0,12.769,0.042,0.0,0.0,0.0,0.0,0.0,7259000.0,0.0,0.0,0.0,153831000.0,161090000.0,0.626,161090000.0,153831000.0,153831000.0,2.65,2.64,2.65,487130000.0,472422250.0,487130000.0,2827624347.0,18.0,17.553,98952000.0,2.528,1.0,204531000.0,0.795,29032000.0,0.0,291106000.0,287156000.0,9515000.0,151486000.0,39353000.0,112133000.0,20239000.0,20239000.0,0.0,2990473347.0,31507000.0,-1723000.0,-57115000.0,0.0,0.0,-56591000.0,-27510000.0,-8614000.0,115317000.0,291000.0,103558000.0,103558000.0,103558000.0,0.0,0.0,0.402,60244000.0,144287000.0,6111000.0,0.0,6.139,28.877,29.204,101722000.0,0.0,77.39,11.617,11.767,33332000.0,359208000.0,257420000.0,257420000.0,22394000.0,0.211,0.219,0.536,0.598,1203000.0,36715000.0,1.0,38641599.0,39139000.0,39247000.0,6.577,478337000.0,13488000.0,50273000.0,5544000.0,12.221,238194000.0
53,TECH,MRT,2008-03-31,2008-03-31,2008-03-31,2021-08-25,11417000.0,488110000.0,478055750.0,259361000.0,228749000.0,0.487,12.499,-10697000.0,162849000.0,162849000.0,48498000.0,88666000.0,12.864,0.043,0.0,0.0,0.0,0.0,0.0,7096000.0,0.0,0.0,0.0,134627000.0,141723000.0,0.609,141723000.0,134627000.0,133544000.0,2.32,2.31,2.32,467948000.0,460052500.0,467948000.0,2480085861.0,18.0,17.5,98702000.0,2.636,1.0,184399000.0,0.792,29314000.0,1083000.0,275785000.0,282379250.0,10003000.0,143096000.0,42947000.0,100149000.0,20162000.0,20162000.0,0.0,2628742861.0,46573000.0,-1723000.0,-45570000.0,0.0,0.0,-44956000.0,-19430000.0,-6277000.0,109399000.0,1560000.0,88666000.0,88666000.0,88666000.0,0.0,0.0,0.381,51386000.0,133013000.0,7929000.0,0.0,5.618,29.648,29.034,94069000.0,0.0,67.36,11.287,10.829,34205000.0,341362000.0,232897000.0,232897000.0,21065000.0,0.185,0.193,0.477,0.578,1158000.0,28840000.0,1.0,39025280.0,37440000.0,37515000.0,6.221,458796000.0,12602000.0,44878000.0,6256000.0,12.254,239199000.0
54,TECH,MRT,2007-12-31,2007-12-31,2007-12-31,2021-08-25,12896000.0,488213000.0,462821500.0,237917000.0,250296000.0,0.507,12.648,-10016000.0,148657000.0,148657000.0,48328000.0,90615000.0,11.981,0.042,0.0,0.0,0.0,0.0,0.0,6991000.0,0.0,0.0,0.0,136778000.0,143769000.0,0.613,143769000.0,136778000.0,135695000.0,2.34,2.33,2.34,468355000.0,445931250.0,468355000.0,2465005757.0,18.0,17.146,93656000.0,2.529,1.0,186225000.0,0.794,29597000.0,1083000.0,290101000.0,279587000.0,9409000.0,160898000.0,40139000.0,120759000.0,19858000.0,19858000.0,0.0,2609750757.0,46099000.0,-9323000.0,-16306000.0,0.0,0.0,-15480000.0,-43787000.0,-23825000.0,103672000.0,1694000.0,90615000.0,90615000.0,90615000.0,0.0,0.0,0.386,53392000.0,132833000.0,9823000.0,0.0,5.572,28.8,28.226,94478000.0,0.0,66.05,11.126,10.427,30738000.0,340426000.0,234553000.0,234553000.0,21095000.0,0.196,0.203,0.489,0.583,1107000.0,30773000.0,1.0,39511745.0,37029000.0,37153000.0,6.334,458616000.0,12651000.0,45080000.0,4941000.0,12.385,218059000.0
55,TECH,MRT,2007-09-30,2007-09-30,2007-09-30,2021-08-25,15546000.0,481056000.0,440178750.0,231209000.0,249847000.0,0.521,11.807,-9407000.0,144745000.0,144745000.0,47534000.0,88552000.0,15.622,0.032,0.0,0.0,0.0,0.0,0.0,7021000.0,0.0,0.0,0.0,134787000.0,141808000.0,0.619,141808000.0,134787000.0,133972000.0,2.24,2.23,2.24,466256000.0,425213000.0,466256000.0,2357131545.0,17.0,16.622,84346000.0,2.136,1.0,181584000.0,0.793,29879000.0,815000.0,291632000.0,269989000.0,9281000.0,158009000.0,36249000.0,121760000.0,14800000.0,14800000.0,0.0,2492616545.0,46918000.0,-7900000.0,3419000.0,-13135000.0,0.0,-8878000.0,-45625000.0,-27950000.0,93753000.0,7668000.0,88552000.0,88552000.0,88552000.0,0.0,0.0,0.386,53895000.0,127689000.0,7379000.0,0.0,5.346,28.149,28.161,93385000.0,0.0,63.08,10.879,10.872,32035000.0,337411000.0,229118000.0,229118000.0,20408000.0,0.201,0.208,0.499,0.588,743000.0,31988000.0,1.0,39515164.0,39489000.0,39587000.0,5.802,451177000.0,12003000.0,45420000.0,4024000.0,11.425,216409000.0
56,TECH,MRT,2007-06-30,2007-06-30,2007-06-30,2021-08-25,12924000.0,454844000.0,417216000.0,212838000.0,242006000.0,0.536,11.106,-8076000.0,135485000.0,135485000.0,46667000.0,85111000.0,12.379,0.039,0.0,0.0,0.0,0.0,0.0,6994000.0,0.0,0.0,0.0,130014000.0,137008000.0,0.613,137008000.0,130014000.0,128931000.0,2.16,2.15,2.16,437651000.0,399073250.0,437651000.0,2140622858.0,16.0,15.624,82427000.0,2.092,1.0,176815000.0,0.791,30167000.0,1083000.0,271999000.0,258427750.0,8757000.0,144887000.0,29289000.0,115598000.0,17193000.0,17193000.0,0.0,2256898858.0,45851000.0,-7900000.0,1518000.0,-13427000.0,0.0,-11375000.0,-39917000.0,-23816000.0,90503000.0,6640000.0,85111000.0,85111000.0,85111000.0,0.0,0.0,0.381,52661000.0,124154000.0,6934000.0,0.0,5.157,26.517,26.486,91535000.0,0.0,57.21,10.099,10.088,30966000.0,314339000.0,223482000.0,223482000.0,20082000.0,0.204,0.213,0.503,0.582,1042000.0,30965000.0,1.0,39449377.0,39406000.0,39513000.0,5.671,424677000.0,11808000.0,43820000.0,4246000.0,10.777,195645000.0
57,TECH,MRT,2007-03-31,2007-03-31,2007-03-31,2021-08-25,11177000.0,427173000.0,396133000.0,192392000.0,234781000.0,0.574,10.549,-6111000.0,116276000.0,116276000.0,50749000.0,87465000.0,12.246,0.038,0.0,0.0,0.0,0.0,0.0,6939000.0,0.0,0.0,0.0,129581000.0,136520000.0,0.601,136520000.0,129581000.0,129700000.0,2.24,2.22,2.24,411463000.0,374747500.0,411463000.0,2148342672.0,17.0,15.736,87201000.0,2.236,1.0,176462000.0,0.777,30571000.0,-119000.0,264616000.0,251507500.0,9574000.0,138174000.0,27822000.0,110352000.0,15710000.0,15710000.0,0.0,2250900672.0,32680000.0,-17650000.0,590000.0,-13719000.0,0.0,-13638000.0,-55812000.0,-32051000.0,93312000.0,8818000.0,87465000.0,87465000.0,87465000.0,0.0,0.0,0.385,54156000.0,122306000.0,5848000.0,0.0,5.47,25.735,25.491,89172000.0,0.0,57.1,9.907,9.802,30829000.0,294516000.0,227211000.0,227211000.0,20339000.0,0.221,0.233,0.515,0.57,-6739000.0,32207000.0,1.0,39420327.0,39004000.0,39104000.0,5.825,396602000.0,11336000.0,42235000.0,5407000.0,10.168,176682000.0
58,TECH,MRT,2006-12-31,2006-12-31,2006-12-31,2021-08-25,10657000.0,397642000.0,374870250.0,167223000.0,230419000.0,0.581,9.758,-6782000.0,102558000.0,102558000.0,48622000.0,81768000.0,13.752,0.032,0.0,0.0,0.0,0.0,0.0,6891000.0,0.0,0.0,0.0,123436000.0,130327000.0,0.598,130327000.0,123436000.0,123555000.0,2.09,2.06,2.09,385482000.0,350974250.0,385482000.0,2098750562.0,17.0,16.104,79134000.0,2.003,1.0,169264000.0,0.777,31215000.0,-119000.0,251709000.0,241969000.0,9210000.0,128015000.0,23751000.0,104264000.0,12160000.0,12160000.0,0.0,2183442562.0,33830000.0,-9750000.0,4338000.0,-14018000.0,0.0,-3324000.0,-57715000.0,-41183000.0,85916000.0,8953000.0,81768000.0,81768000.0,81768000.0,0.0,0.0,0.375,51841000.0,117423000.0,5660000.0,0.0,5.664,26.703,26.531,90045000.0,0.0,55.45,10.021,10.054,24278000.0,270623000.0,217886000.0,217886000.0,19669000.0,0.218,0.233,0.51,0.567,-6616000.0,30442000.0,1.0,39376782.0,39505000.0,39615000.0,5.515,366427000.0,11318000.0,41787000.0,2409000.0,9.275,155063000.0
59,TECH,MRT,2006-09-30,2006-09-30,2006-09-30,2021-08-25,7067000.0,389205000.0,352988000.0,162483000.0,226722000.0,0.587,9.185,-5750000.0,97827000.0,97827000.0,45859000.0,75981000.0,5.907,0.076,13135000.0,13135000.0,0.0,13135000.0,0.0,6897000.0,0.0,0.0,0.0,116394000.0,123291000.0,0.595,123291000.0,116394000.0,115385000.0,1.94,1.92,1.94,361697000.0,325479000.0,361697000.0,1926694487.0,17.0,15.627,81981000.0,2.082,1.0,161400000.0,0.779,31618000.0,1009000.0,245387000.0,231185500.0,8982000.0,123605000.0,22704000.0,100901000.0,27508000.0,27508000.0,0.0,2002901487.0,21311000.0,-9750000.0,-21539000.0,-1181000.0,0.0,-16176000.0,-54393000.0,-38893000.0,87731000.0,4149000.0,75981000.0,75981000.0,75981000.0,0.0,0.0,0.367,49058000.0,112342000.0,5814000.0,0.0,5.538,26.361,26.216,89418000.0,0.0,50.86,9.664,9.663,25684000.0,251960000.0,207259000.0,207259000.0,18963000.0,0.215,0.233,0.503,0.562,-6490000.0,28217000.0,1.0,39380682.0,39379000.0,39469000.0,5.263,357587000.0,10856000.0,39404000.0,5650000.0,9.081,134975000.0
60,TECH,MRT,2006-06-30,2006-06-30,2006-06-30,2021-08-25,5685000.0,370512000.0,335308000.0,149822000.0,220690000.0,0.604,8.716,-4603000.0,89634000.0,89634000.0,45718000.0,73351000.0,8.339,0.089,13427000.0,1229000.0,12198000.0,13427000.0,0.0,6955000.0,0.0,0.0,0.0,112127000.0,119082000.0,0.588,119082000.0,112127000.0,111163000.0,1.88,1.85,1.88,340348000.0,308224000.0,340348000.0,1934964793.0,17.0,16.249,80986000.0,2.074,1.0,156899000.0,0.774,32021000.0,964000.0,244318000.0,222351250.0,9024000.0,114067000.0,19212000.0,94855000.0,30164000.0,17966000.0,12198000.0,2004841793.0,9290000.0,-29337000.0,-14723000.0,-1189000.0,0.0,-7923000.0,-70717000.0,-36777000.0,85589000.0,2341000.0,73351000.0,73351000.0,73351000.0,0.0,0.0,0.362,48396000.0,108503000.0,5460000.0,0.0,5.891,27.332,27.085,88772000.0,0.0,50.92,9.895,9.813,25078000.0,229228000.0,202617000.0,202617000.0,18825000.0,0.219,0.238,0.504,0.553,-6361000.0,27604000.0,1.0,39372384.0,39049000.0,39594000.0,5.189,338491000.0,10759000.0,37812000.0,6129000.0,8.668,131856000.0
61,TECH,MRT,2006-03-31,2006-03-31,2006-03-31,2021-08-25,1530000.0,342122000.0,316495750.0,143100000.0,199022000.0,0.61,8.027,-3966000.0,83596000.0,83596000.0,36887000.0,74457000.0,10.79,0.081,13719000.0,1229000.0,12490000.0,13719000.0,0.0,6725000.0,0.0,0.0,0.0,114324000.0,121049000.0,0.627,121049000.0,114324000.0,113125000.0,1.84,1.83,1.84,316370000.0,290104250.0,316370000.0,2310561680.0,20.0,19.088,71043000.0,1.803,1.0,156271000.0,0.809,32521000.0,1199000.0,226462000.0,211617000.0,9605000.0,88987000.0,16166000.0,72821000.0,25752000.0,13262000.0,12490000.0,2365271680.0,23844000.0,-19587000.0,-9663000.0,-1199000.0,0.0,-2035000.0,-44255000.0,-20737000.0,75009000.0,-4875000.0,74457000.0,74457000.0,74457000.0,0.0,0.0,0.385,46617000.0,109654000.0,5131000.0,0.0,7.476,31.767,32.685,88203000.0,0.0,60.14,12.245,12.271,26935000.0,212930000.0,193158000.0,193158000.0,19395000.0,0.235,0.257,0.54,0.592,1516000.0,26267000.0,1.0,39329426.0,39413000.0,39528000.0,4.901,309601000.0,10932000.0,38668000.0,2922000.0,7.855,129838000.0
62,TECH,MRT,2005-12-31,2005-12-31,2005-12-31,2021-08-25,1091000.0,310113000.0,300462250.0,131170000.0,178943000.0,0.625,7.085,-12037000.0,68728000.0,68728000.0,36973000.0,70911000.0,9.495,0.094,14018000.0,1221000.0,12797000.0,14018000.0,0.0,6514000.0,0.0,0.0,0.0,108884000.0,115398000.0,0.615,115398000.0,108884000.0,107440000.0,1.75,1.75,1.75,283501000.0,272573500.0,283501000.0,2117875735.0,19.0,18.353,67656000.0,1.691,1.0,150801000.0,0.803,33013000.0,1444000.0,208575000.0,205159250.0,9950000.0,76561000.0,24532000.0,52029000.0,26612000.0,13815000.0,12797000.0,2180075735.0,-898000.0,-19587000.0,-117916000.0,-1211000.0,0.0,-117386000.0,43135000.0,75220000.0,79693000.0,-6340000.0,70911000.0,70911000.0,70911000.0,0.0,0.0,0.378,45970000.0,104831000.0,5974000.0,0.0,7.69,30.744,32.046,88265000.0,0.0,56.08,11.61,11.95,21608000.0,192583000.0,187774000.0,187774000.0,18987000.0,0.236,0.26,0.531,0.58,1376000.0,25939000.0,1.0,38874389.0,40012000.0,39297000.0,4.693,277100000.0,10726000.0,36529000.0,3122000.0,6.925,117355000.0
63,TECH,MRT,2005-09-30,2005-09-30,2005-09-30,2021-08-25,2665000.0,318485000.0,312805750.0,134434000.0,184051000.0,0.593,7.552,-11699000.0,76516000.0,76516000.0,39022000.0,68941000.0,10.56,0.088,14316000.0,1238000.0,13078000.0,14316000.0,0.0,6312000.0,0.0,0.0,0.0,104430000.0,110742000.0,0.597,110742000.0,104430000.0,103630000.0,1.74,1.71,1.74,292677000.0,284777000.0,292677000.0,2150616165.0,21.0,19.42,61416000.0,1.585,1.0,146420000.0,0.79,33505000.0,800000.0,210050000.0,222297500.0,9982000.0,75152000.0,18725000.0,56427000.0,25808000.0,12730000.0,13078000.0,2216344165.0,14276000.0,-19587000.0,-90715000.0,-1227000.0,0.0,-90473000.0,33814000.0,65561000.0,73115000.0,-2180000.0,68941000.0,68941000.0,68941000.0,0.0,0.0,0.372,45112000.0,101308000.0,6418000.0,0.0,7.573,32.148,32.747,88640000.0,0.0,56.98,11.952,11.908,23112000.0,202050000.0,185442000.0,185442000.0,18408000.0,0.22,0.242,0.47,0.563,270000.0,25296000.0,1.0,38896879.0,38754000.0,39669000.0,4.785,284980000.0,10090000.0,34689000.0,2530000.0,7.354,121704000.0
64,TECH,MRT,2005-06-30,2005-06-30,2005-06-30,2021-08-25,3630000.0,295263000.0,318839750.0,134981000.0,160282000.0,0.56,6.637,-11410000.0,80344000.0,80344000.0,36813000.0,66132000.0,9.63,0.102,14616000.0,1238000.0,13378000.0,14616000.0,0.0,6108000.0,0.0,0.0,0.0,100709000.0,106817000.0,0.598,106817000.0,100709000.0,99887000.0,1.64,1.62,1.64,267869000.0,289843750.0,267869000.0,1720339436.0,17.0,16.105,63023000.0,1.562,1.0,141839000.0,0.794,14138000.0,822000.0,201381000.0,236144250.0,7758000.0,66757000.0,16790000.0,49967000.0,27394000.0,14016000.0,13378000.0,1765173436.0,29143000.0,0.0,-95922000.0,-1241000.0,0.0,-97163000.0,53275000.0,65146000.0,74433000.0,-1402000.0,66132000.0,66132000.0,66132000.0,0.0,0.0,0.37,44076000.0,97763000.0,4075000.0,0.0,6.59,26.692,27.994,89036000.0,0.0,45.91,9.881,10.371,23722000.0,185049000.0,178652000.0,178652000.0,18379000.0,0.207,0.228,0.426,0.564,0.0,24476000.0,1.0,38448561.0,40359000.0,40920000.0,4.427,281125000.0,11991000.0,33755000.0,3808000.0,6.966,120965000.0
65,TECH,MRT,2005-03-31,2005-03-31,2005-03-31,2021-08-25,7015000.0,277988000.0,326389000.0,110274000.0,167714000.0,0.554,6.283,-10487000.0,59752000.0,59752000.0,41817000.0,59225000.0,6.099,0.129,14918000.0,1257000.0,13661000.0,14918000.0,0.0,6050000.0,0.0,0.0,0.0,92523000.0,98573000.0,0.545,98573000.0,92523000.0,91755000.0,1.51,1.48,1.51,246247000.0,297232750.0,246247000.0,1605806648.0,17.0,16.291,61883000.0,1.579,1.0,138890000.0,0.769,14443000.0,768000.0,200631000.0,251123500.0,8229000.0,69020000.0,12674000.0,56346000.0,31741000.0,18080000.0,13661000.0,1660203648.0,8026000.0,0.0,-100078000.0,-1250000.0,0.0,-101328000.0,35588000.0,43171000.0,72370000.0,1396000.0,59225000.0,59225000.0,59225000.0,0.0,0.0,0.328,47803000.0,91087000.0,5971000.0,0.0,6.742,28.032,26.609,89148000.0,0.0,40.18,9.187,8.715,23023000.0,166518000.0,180707000.0,180707000.0,20887000.0,0.181,0.199,0.368,0.512,0.0,24757000.0,1.0,41319155.0,39193000.0,39433000.0,4.611,263545000.0,12301000.0,32530000.0,6281000.0,6.724,92194000.0
66,TECH,MRT,2004-12-31,2004-12-31,2004-12-31,2021-08-25,8149000.0,359487000.0,335042750.0,150571000.0,208916000.0,0.519,9.114,-2026000.0,69626000.0,69626000.0,38850000.0,57317000.0,11.395,0.082,15229000.0,1271000.0,13958000.0,15229000.0,0.0,6076000.0,0.0,0.0,0.0,89213000.0,95289000.0,0.548,95289000.0,89213000.0,88497000.0,1.44,1.41,1.44,332315000.0,306521750.0,332315000.0,1560407175.0,17.0,16.376,64168000.0,1.76,1.0,134979000.0,0.777,14748000.0,716000.0,277128000.0,262712250.0,8079000.0,152457000.0,47104000.0,105353000.0,27172000.0,13214000.0,13958000.0,1607104175.0,21654000.0,0.0,5073000.0,-1249000.0,0.0,3824000.0,-51555000.0,-49929000.0,66194000.0,3191000.0,57317000.0,57317000.0,57317000.0,0.0,0.0,0.33,46964000.0,88015000.0,4614000.0,0.0,4.836,28.039,27.014,79119000.0,0.0,38.9,9.245,8.159,18801000.0,251809000.0,173829000.0,173829000.0,20757000.0,0.171,0.187,0.34,0.513,0.0,24235000.0,1.0,41313732.0,36461000.0,37784000.0,4.768,344739000.0,12461000.0,31180000.0,4406000.0,9.455,137357000.0
67,TECH,MRT,2004-09-30,2004-09-30,2004-09-30,2021-08-25,5432000.0,342621000.0,318616250.0,139959000.0,202662000.0,0.515,7.601,-2861000.0,62240000.0,62240000.0,35111000.0,54548000.0,9.069,0.095,15543000.0,1299000.0,14244000.0,15543000.0,0.0,6065000.0,0.0,0.0,0.0,85679000.0,91744000.0,0.559,91744000.0,85679000.0,84931000.0,1.32,1.31,1.32,312944000.0,289940500.0,312944000.0,1536487733.0,18.0,16.748,65927000.0,1.601,1.0,129072000.0,0.786,15054000.0,748000.0,265437000.0,251819250.0,7874000.0,142232000.0,44276000.0,97956000.0,29677000.0,15433000.0,14244000.0,1571831733.0,18220000.0,0.0,3618000.0,-1241000.0,0.0,2377000.0,-55574000.0,-53113000.0,68788000.0,2629000.0,54548000.0,54548000.0,54548000.0,0.0,0.0,0.332,44278000.0,84794000.0,6263000.0,0.0,5.023,28.816,28.924,79753000.0,0.0,38.18,9.574,9.574,18715000.0,236875000.0,164183000.0,164183000.0,20498000.0,0.171,0.188,0.34,0.522,0.0,22276000.0,1.0,41168982.0,41169000.0,41676000.0,3.988,327567000.0,12517000.0,30383000.0,4960000.0,7.957,124526000.0
68,TECH,MRT,2004-06-30,2004-06-30,2004-06-30,2021-08-25,5325000.0,325460000.0,302286250.0,128065000.0,197395000.0,0.533,7.246,-3710000.0,51201000.0,51201000.0,34887000.0,52928000.0,9.515,0.094,15857000.0,1281000.0,14576000.0,15857000.0,0.0,6040000.0,0.0,0.0,0.0,83219000.0,89259000.0,0.554,89259000.0,83219000.0,82541000.0,1.29,1.27,1.29,297425000.0,274496000.0,297425000.0,1750233611.0,21.0,19.608,61843000.0,1.507,1.0,126370000.0,0.784,15359000.0,678000.0,261298000.0,241187500.0,7457000.0,133876000.0,42534000.0,91342000.0,28035000.0,13459000.0,14576000.0,1785791611.0,11830000.0,0.0,4088000.0,-1229000.0,0.0,2859000.0,-59507000.0,-55797000.0,65553000.0,2925000.0,52928000.0,52928000.0,52928000.0,0.0,0.0,0.328,44097000.0,82273000.0,3847000.0,0.0,6.004,33.74,33.682,82851000.0,0.0,43.45,11.074,11.06,21099000.0,222728000.0,161257000.0,161257000.0,20773000.0,0.175,0.193,0.345,0.516,0.0,21725000.0,1.0,41099922.0,41046000.0,41697000.0,3.929,310101000.0,12663000.0,29613000.0,4915000.0,7.555,114606000.0
69,TECH,MRT,2004-03-31,2004-03-31,2004-03-31,2021-08-25,6298000.0,312603000.0,286740500.0,199308000.0,113295000.0,0.549,7.009,-4132486.0,51726000.0,51726000.0,36312000.0,53400000.0,13.938,0.103,16168000.0,1268000.0,14900000.0,16168000.0,0.0,6124525.0,0.0,0.0,0.0,81658000.0,87782525.0,0.558,87782525.0,81658000.0,80582000.0,1.3,1.28,1.3,283403000.0,259294000.0,283403000.0,1644109273.0,20.0,18.729,60008186.0,1.484,1.0,121002000.0,0.769,15759000.0,1076000.0,246986000.0,229169500.0,7295000.0,111871000.0,111871000.0,0.0,29200000.0,14300000.0,14900000.0,1675603273.0,24890478.0,0.0,1890589.0,-1215686.0,0.0,-474097.0,-43259558.0,-35727072.0,64140672.0,4483461.0,53400000.0,53400000.0,53400000.0,0.0,0.0,0.339,42302000.0,78700000.0,4544000.0,0.0,5.912,31.378,31.377,81354000.0,0.0,40.79,10.651,10.484,20562000.0,209362000.0,157314000.0,157314000.0,19024000.0,0.186,0.206,0.356,0.519,0.0,21622000.0,1.0,41078776.0,40435000.0,40913000.0,3.891,296844000.0,12790000.0,27182000.0,5268000.0,7.341,185008000.0
70,TECH,MRT,2003-12-31,2003-12-31,2003-12-31,2021-08-25,5346000.0,293781000.0,271641064.0,181894000.0,111887000.0,0.559,6.412,-5113814.0,47972000.0,47972000.0,36120000.0,49580000.0,14.468,0.104,16478000.0,1259000.0,15219000.0,16478000.0,0.0,6227459.0,0.0,0.0,0.0,76656000.0,82883459.0,0.546,82883459.0,76656000.0,75606000.0,1.2,1.18,1.2,265990000.0,244097214.0,265990000.0,1525512356.0,20.0,18.406,57282298.0,1.381,1.0,115800000.0,0.762,16159000.0,1050000.0,233556000.0,220394207.0,7144000.0,102347000.0,102347000.0,0.0,27791000.0,12572000.0,15219000.0,1552748356.0,19150984.0,0.0,-14460738.0,-1107298.0,0.0,-16717036.0,-29571439.0,-24057625.0,62396112.0,3043347.0,49580000.0,49580000.0,49580000.0,0.0,0.0,0.326,41925000.0,73875000.0,5260000.0,0.0,5.838,31.318,31.533,81707000.0,0.0,37.84,10.221,10.333,16950000.0,194751000.0,151920000.0,151920000.0,19475000.0,0.183,0.203,0.348,0.505,0.0,20699000.0,1.0,41034576.0,41483000.0,41756000.0,3.662,277622000.0,12897000.0,26026000.0,4072000.0,6.692,169322000.0
71,TECH,MRT,2003-09-30,2003-09-30,2003-09-30,2021-08-25,3182000.0,277301000.0,261529248.0,164145000.0,113156000.0,0.568,6.131,-9705016.0,44020000.0,44020000.0,35368745.0,47523086.0,15.49,0.104,16784000.0,1246000.0,15538000.0,16784000.0,0.0,6289364.0,0.0,0.0,0.0,73831396.0,80120760.0,0.54,80120760.0,73831396.0,73005086.0,1.16,1.13,1.16,251166000.0,233905744.0,251166000.0,1281981401.0,17.0,16.001,40938440.0,0.999,1.0,113087019.0,0.762,16558000.0,826310.0,222910000.0,215069882.0,6603000.0,87868000.0,87868000.0,0.0,26135000.0,10597000.0,15538000.0,1304266641.0,11139125.0,0.0,-13280913.0,-1037423.0,0.0,-15467336.0,-25511127.0,-15406111.0,50643456.0,1474132.0,47523086.0,47523086.0,47523086.0,0.0,0.0,0.32,41924183.0,71162836.0,4447000.0,0.0,5.193,27.445,27.405,81389000.0,0.0,31.79,8.786,8.772,17902000.0,182381000.0,148455764.0,148455764.0,20710903.0,0.182,0.203,0.343,0.497,0.0,19359093.0,1.0,41027576.0,40965000.0,41600000.0,3.624,260743000.0,12944000.0,25482000.0,2815000.0,6.365,153548000.0
72,TECH,MRT,2003-06-30,2003-06-30,2003-06-30,2021-08-25,3120000.0,263277000.0,254507186.0,149515000.0,113762000.0,0.57,5.738,-15194000.0,39371000.0,39371000.0,35396000.0,45396000.0,13.834,0.113,17086000.0,1234000.0,15852000.0,17086000.0,0.0,6353000.0,0.0,0.0,0.0,70529000.0,76882000.0,0.53,76882000.0,70529000.0,69555000.0,1.1,1.08,1.1,236617000.0,224286417.0,236617000.0,1227627570.0,17.0,15.968,40044000.0,0.971,1.0,109615000.0,0.756,16958000.0,974000.0,213226000.0,208360343.0,6332000.0,84582000.0,80184000.0,4398000.0,26660000.0,10808000.0,15852000.0,1237079597.0,12979000.0,0.0,-20070000.0,-964000.0,0.0,-22183000.0,-21709000.0,-6515000.0,55238000.0,1633000.0,45396000.0,45396000.0,45396000.0,0.0,0.0,0.313,41897000.0,67718000.0,4821000.0,0.0,5.228,27.251,27.591,83691000.0,0.0,30.35,8.531,8.631,18387000.0,169809000.0,145011000.0,145011000.0,20581000.0,0.178,0.202,0.338,0.486,0.0,19377000.0,1.0,40760448.0,41237000.0,42031000.0,3.517,246319000.0,12952000.0,24159000.0,2972000.0,5.973,138707000.0
73,TECH,MRT,2003-03-31,2003-03-31,2003-03-31,2021-08-25,1908828.0,252205257.0,248249676.0,136480103.0,115725154.0,0.581,5.42,-24846335.0,26836002.0,26836002.0,32740828.0,33971255.0,10.165,0.133,17383975.0,1220415.0,16163560.0,17383975.0,0.0,8017812.0,0.0,0.0,0.0,50069756.0,58087568.0,0.403,58087568.0,50069756.0,49033255.0,0.82,0.81,0.82,222615858.0,216761363.0,222615858.0,850968369.0,17.0,14.65,10848071.0,0.264,1.0,111372204.0,0.773,17442562.0,1036501.0,211884829.0,204148404.0,6558346.0,76775269.0,76775269.0,0.0,29589399.0,13425839.0,16163560.0,862204278.0,693507.0,0.0,-19206452.0,-891055.0,0.0,-20097507.0,-16488130.0,3584102.0,35694406.0,1584738.0,33971255.0,33971255.0,33971255.0,0.0,0.0,0.236,64960350.0,46411854.0,6473045.0,0.0,3.873,25.38,25.317,81543402.0,0.0,20.76,5.983,5.917,18733954.0,159211735.0,144113032.0,144113032.0,17867483.0,0.137,0.157,0.245,0.347,0.0,21299305.0,1.0,41531998.0,41072000.0,41750000.0,3.509,234762695.0,12928000.0,15062000.0,3586653.0,5.716,123054264.0
74,TECH,MRT,2002-12-31,2002-12-31,2002-12-31,2021-08-25,2362301.0,253333733.0,244875915.0,136304899.0,117028834.0,0.569,5.542,-30865578.0,28821496.0,28821496.0,32550991.0,31745793.0,11.443,0.125,17585587.0,1387725.0,16197862.0,17585587.0,0.0,9552375.0,0.0,0.0,0.0,46270568.0,55822943.0,0.401,55822943.0,46270568.0,45222793.0,0.77,0.76,0.77,225224119.0,212525242.0,225224119.0,1168731107.0,25.0,20.936,3293837.0,0.081,1.0,106757559.0,0.766,17927375.0,1047775.0,212258697.0,199950381.0,6537120.0,78911716.0,78911716.0,0.0,28109614.0,11911752.0,16197862.0,1183790750.0,-1262707.0,0.0,-4437169.0,-916953.0,0.0,-5354122.0,-31830382.0,-3705804.0,34159415.0,1762382.0,31745793.0,31745793.0,31745793.0,0.0,0.0,0.228,64498266.0,42259293.0,7909877.0,0.0,5.256,37.29,37.104,80955464.0,0.0,28.57,8.498,8.334,14866138.0,161428083.0,139308550.0,139308550.0,18070663.0,0.13,0.149,0.231,0.332,0.0,20549228.0,1.0,41434748.0,40636586.0,40968482.0,3.428,235406358.0,13155000.0,13477000.0,1261790.0,5.793,124393147.0
75,TECH,MRT,2002-09-30,2002-09-30,2002-09-30,2021-08-25,1660991.0,249212756.0,238552395.0,135710656.0,113502100.0,0.568,5.142,-28782997.0,32881355.0,32881355.0,33650313.0,29150133.0,6.9,0.172,17821712.0,966726.0,16854986.0,17821712.0,0.0,11117616.0,0.0,0.0,0.0,42691118.0,53808734.0,0.397,53808734.0,42691118.0,41387133.0,0.7,0.69,0.7,212688691.0,204883605.0,212688691.0,1346768040.0,32.0,25.029,9161740.0,0.221,1.0,101955257.0,0.752,18412187.0,1303985.0,196071847.0,191748662.0,6175913.0,72723114.0,72723114.0,0.0,36524065.0,19669079.0,16854986.0,1355110231.0,11398460.0,0.0,-5729317.0,-900922.0,0.0,-6630239.0,-20891285.0,5150712.0,37944737.0,975247.0,29150133.0,29150133.0,29150133.0,0.0,0.0,0.215,63073854.0,38881403.0,10230679.0,0.0,6.371,46.487,46.843,76057517.0,0.0,32.79,9.993,10.002,16714755.0,151951647.0,135605570.0,135605570.0,18313363.0,0.122,0.142,0.223,0.315,0.0,20363990.0,1.0,41326936.0,41363414.0,42285518.0,3.278,230800569.0,13149000.0,12237000.0,6901637.0,5.58,116041577.0
76,TECH,MRT,2002-06-30,2002-06-30,2002-06-30,2021-08-25,147910.0,238246959.0,232132483.0,129077749.0,109169210.0,0.564,4.975,-24275000.0,26392480.0,26392480.0,32508000.0,27130000.0,8.823,0.154,18050289.0,949637.0,17100652.0,18050289.0,0.0,12688000.0,0.0,0.0,0.0,39056000.0,51744000.0,0.395,51744000.0,39056000.0,37736000.0,0.65,0.64,0.65,206516783.0,198270674.0,206516783.0,1165287374.0,30.0,22.52,3392000.0,0.082,1.0,98392000.0,0.752,18897000.0,1320000.0,196378244.0,187463746.0,6077035.0,70671341.0,70671341.0,0.0,31730176.0,14629524.0,17100652.0,1173154390.0,5124000.0,0.0,-413000.0,-885000.0,0.0,-1298000.0,-22402000.0,2132000.0,27667000.0,1157000.0,27130000.0,27130000.0,27130000.0,0.0,0.0,0.207,63318000.0,35074000.0,10806382.0,0.0,5.681,43.242,43.415,70312602.0,0.0,28.22,8.962,8.948,16913002.0,147369149.0,130900000.0,130900000.0,17470000.0,0.117,0.137,0.208,0.298,0.0,19799000.0,1.0,41571736.0,41508000.0,42523000.0,3.154,219349959.0,15007421.0,10606000.0,0.0,5.285,114448225.0
77,TECH,MRT,2002-03-31,2002-03-31,2002-03-31,2021-08-25,-1258463.0,238710213.0,226452021.0,138646703.0,100063510.0,0.555,4.98,-17412372.0,26141806.0,26141806.0,30273686.0,39331793.0,9.421,0.161,18274790.0,932850.0,17341940.0,18274790.0,0.0,12742681.0,0.0,0.0,0.0,58990325.0,71733006.0,0.571,71733006.0,58990325.0,57808793.0,0.95,0.93,0.95,205671374.0,191056545.0,205671374.0,1132854614.0,19.0,15.793,26844702.0,0.65,1.0,95402991.0,0.759,21034311.0,1181532.0,195092737.0,180832827.0,5947388.0,82321107.0,82321107.0,0.0,33038839.0,14716149.0,18322690.0,1144435828.0,7519891.0,0.0,-100237.0,-869119.0,0.0,-969356.0,-35697301.0,-13251826.0,44257074.0,-70526.0,39331793.0,39331793.0,39331793.0,0.0,0.0,0.313,38832819.0,56570172.0,9838408.0,0.0,5.564,29.097,29.021,63046639.0,0.0,27.57,9.106,9.06,17149923.0,147933312.0,125676677.0,125676677.0,16878686.0,0.174,0.206,0.326,0.469,0.0,18022376.0,1.0,41510186.0,41299365.0,41993621.0,3.043,217675902.0,7608000.0,18477000.0,2451844.0,5.271,123930554.0
78,TECH,MRT,2001-12-31,2001-12-31,2001-12-31,2021-08-25,-913398.0,228039651.0,217216576.0,134169018.0,93870633.0,0.563,4.705,-10242329.0,30083514.0,30083514.0,29909688.0,37512167.0,9.698,0.171,18502300.0,916713.0,17585587.0,18502300.0,0.0,12732347.0,0.0,0.0,0.0,55368144.0,68100491.0,0.557,68100491.0,55368144.0,54041167.0,0.9,0.88,0.9,194657571.0,180844616.0,194657571.0,1526499932.0,28.0,22.415,31472946.0,0.761,1.0,92315747.0,0.755,23171623.0,1326977.0,179451821.0,171768614.0,5980324.0,77095648.0,77095648.0,0.0,33382080.0,13834993.0,19547087.0,1529259744.0,13228278.0,0.0,-1011107.0,-854086.0,0.0,-1865193.0,-26407372.0,-13165043.0,41715275.0,-214432.0,37512167.0,37512167.0,37512167.0,0.0,0.0,0.307,39462978.0,52852769.0,10970267.0,0.0,7.856,40.767,40.944,53377051.0,0.0,36.85,12.512,12.473,14595065.0,137359401.0,122225435.0,122225435.0,16035563.0,0.173,0.207,0.322,0.453,0.0,17843159.0,1.0,41499586.0,41372433.0,42069300.0,2.954,204868028.0,7305000.0,16529000.0,2012041.0,4.952,120334025.0
79,TECH,MRT,2001-09-30,2001-09-30,2001-09-30,2021-08-25,-724691.0,223533108.0,208975545.0,130061328.0,93471780.0,0.562,4.495,-7980998.0,21482206.0,21482206.0,29168659.0,34967107.0,7.867,0.2,18722394.0,900682.0,17821712.0,18722394.0,0.0,12744818.0,0.0,0.0,0.0,50147463.0,62892281.0,0.535,62892281.0,50147463.0,48781107.0,0.84,0.825,0.84,186236966.0,171188015.0,186236966.0,1217354996.0,24.0,19.356,35684219.0,0.861,1.0,88309006.0,0.752,25308934.0,1366356.0,178932182.0,164653094.0,5889265.0,79835678.0,79835678.0,0.0,37296142.0,16532180.0,20763962.0,1219687738.0,224677.0,0.0,-1277736.0,-839150.0,0.0,-2116886.0,-41486731.0,-30340733.0,43665217.0,163077.0,34967107.0,34967107.0,34967107.0,0.0,0.0,0.298,41470080.0,46838926.0,11210711.0,0.0,6.549,34.881,35.036,50531264.0,0.0,29.43,10.382,10.38,16409604.0,129121555.0,117477665.0,117477665.0,15243258.0,0.167,0.204,0.305,0.427,0.0,17422570.0,1.0,41443688.0,41435379.0,42531388.0,2.835,198224174.0,7124000.0,13814000.0,5341132.0,4.784,113529148.0
80,TECH,MRT,2001-06-30,2001-06-30,2001-06-30,2021-08-25,-1346378.0,215525113.0,199650609.0,124191509.0,91333604.0,0.578,4.287,-6814953.0,21267791.0,21267791.0,28424906.0,34045376.0,7.815,0.213,18935049.0,884760.0,18050289.0,18935049.0,0.0,12737448.0,0.0,0.0,0.0,49189652.0,61927100.0,0.537,61927100.0,49189652.0,47808376.0,0.82,0.8,0.82,177660268.0,161833989.0,177660268.0,1346964169.0,27.0,21.751,39556758.0,0.955,1.0,86931656.0,0.754,27446246.0,1381276.0,169854569.0,154555320.0,5437594.0,75804077.0,75804077.0,0.0,37864845.0,15891556.0,21973289.0,1346442175.0,3911683.0,0.0,-348876.0,-824315.0,0.0,-1173191.0,-40650847.0,-33335894.0,46371711.0,-635990.0,34045376.0,34045376.0,34045376.0,0.0,0.0,0.295,40772666.0,46158990.0,13555261.0,0.0,7.579,39.548,39.634,49193972.0,0.0,32.5,11.672,11.675,15894048.0,121209686.0,115356562.0,115356562.0,14522233.0,0.171,0.21,0.318,0.426,0.0,17361179.0,1.0,41428990.0,41438670.0,42668236.0,2.784,188078867.0,6848000.0,13763000.0,3071982.0,4.539,108299953.0
81,TECH,MRT,2001-03-31,2001-03-31,2001-03-31,2021-08-25,-1335130.0,201768434.0,190871726.0,113791885.0,87976549.0,0.6,3.968,-8091643.0,18621915.0,18621915.0,29655080.0,29366053.0,8.254,0.224,19143909.0,869120.0,18274789.0,19143909.0,0.0,12796494.0,0.0,0.0,0.0,46418091.0,59214585.0,0.517,59214585.0,46418091.0,45022053.0,0.72,0.7,0.72,164823660.0,152705266.0,164823660.0,1085793203.0,23.0,18.337,36978420.0,0.89,1.0,84796810.0,0.741,29668560.0,1396038.0,158835883.0,145570723.0,5089922.0,69069281.0,69069281.0,0.0,36944774.0,13785985.0,23158789.0,1083292053.0,463614.0,0.0,2335420.0,-809744.0,0.0,1525676.0,-45036147.0,-38445504.0,45070063.0,-1095978.0,29366053.0,29366053.0,29366053.0,0.0,0.0,0.257,40224389.0,44572421.0,14098095.0,0.0,6.572,36.889,36.292,46817974.0,0.0,26.13,9.465,9.484,15143807.0,111814382.0,114451890.0,114451890.0,13219048.0,0.154,0.192,0.319,0.406,0.0,18031096.0,1.0,41457790.0,41542783.0,42523220.0,2.755,172099874.0,6571000.0,15656000.0,1488165.0,4.143,100005900.0
82,TECH,MRT,2000-12-31,2000-12-31,2000-12-31,2021-08-25,-616027.0,195075526.0,181827793.0,104383664.0,90691862.0,0.607,3.759,-10464394.0,16855236.0,16855236.0,28755710.0,28956653.0,7.103,0.25,19356386.0,854086.0,18502300.0,19356386.0,0.0,12781695.0,0.0,0.0,0.0,43766815.0,56548510.0,0.512,56548510.0,43766815.0,42355653.0,0.71,0.69,0.71,156031165.0,142756396.0,156031165.0,1493248556.0,34.0,26.407,35404485.0,0.853,1.0,81651793.0,0.74,31890873.0,1411162.0,150989742.0,134870409.0,4854846.0,63930605.0,63930605.0,0.0,39044361.0,14696061.0,24348300.0,1494944541.0,-1839896.0,0.0,6074420.0,-791910.0,0.0,5282510.0,-52375441.0,-43308887.0,45868879.0,-615844.0,28956653.0,28956653.0,28956653.0,0.0,0.0,0.262,39749028.0,41902765.0,15373900.0,0.0,9.581,51.627,50.789,47176209.0,0.0,36.06,13.54,13.557,15382233.0,102413334.0,110407503.0,110407503.0,12634107.0,0.159,0.203,0.325,0.396,-562000.0,18055675.0,1.0,41457142.0,41507450.0,42312692.0,2.66,163184653.0,6623000.0,13399000.0,2309989.0,3.931,89687603.0
83,TECH,MRT,2000-09-30,2000-09-30,2000-09-30,2021-08-25,-799772.0,186233363.0,171365124.0,93929107.0,92304256.0,0.624,3.593,-9142406.0,21257529.0,21257529.0,26558069.0,29237608.0,7.904,0.251,19561544.0,839150.0,18722394.0,19561544.0,0.0,12708014.0,0.0,0.0,0.0,44532407.0,57240421.0,0.535,57240421.0,44532407.0,43104608.0,0.71,0.69,0.71,148820862.0,131165655.0,148820862.0,2322782408.0,52.0,40.579,32074434.0,0.774,1.0,80380596.0,0.752,34113186.0,1427799.0,138541085.0,121917880.0,4538498.0,49494945.0,49494945.0,0.0,37412501.0,11883107.0,25529394.0,2320379152.0,7156849.0,0.0,6710574.0,-778062.0,0.0,5932512.0,-39017855.0,-31438289.0,41216840.0,-974648.0,29237608.0,29237608.0,29237608.0,0.0,0.0,0.273,37804833.0,42575763.0,15568262.0,0.0,15.592,79.363,78.873,46480227.0,0.0,56.0,21.698,21.688,15545123.0,95830726.0,106938665.0,106938665.0,11276123.0,0.171,0.223,0.365,0.416,-153000.0,17384459.0,1.0,41435342.0,41414916.0,42759980.0,2.582,152120177.0,6469000.0,13867000.0,271636.0,3.673,82046000.0
84,TECH,MRT,2000-06-30,2000-06-30,2000-06-30,2021-08-25,-462116.0,180409581.0,162297928.0,86301205.0,94108376.0,0.64,3.474,-32368862.0,17356108.0,17356108.0,26750650.0,26582797.0,6.87,0.278,19759364.0,824315.0,18935049.0,19759364.0,0.0,12651350.0,0.0,0.0,0.0,40853069.0,53504419.0,0.515,53504419.0,40853069.0,39411797.0,0.65,0.63,0.65,141145378.0,119803747.0,141145378.0,2670396222.0,65.0,49.91,6370541.0,0.157,1.0,77087505.0,0.742,36335500.0,1441272.0,133916183.0,111410175.0,4651615.0,42468183.0,42468183.0,0.0,39264203.0,12561154.0,26703049.0,2668600870.0,4586640.0,0.0,6470910.0,19759364.0,0.0,26230274.0,-60044549.0,-26123527.0,38739403.0,-338488.0,26582797.0,26582797.0,26582797.0,0.0,0.0,0.256,37742690.0,39344815.0,16506143.0,0.0,18.907,100.388,100.0,46266177.0,0.0,65.0,25.7,25.431,14056481.0,88336230.0,103838155.0,103838155.0,11198309.0,0.164,0.222,0.367,0.393,0.0,17315131.0,1.0,41055398.0,40625482.0,42206042.0,2.556,144074081.0,9668314.0,12829000.0,0.0,3.546,73740051.0
85,TECH,MRT,2000-03-31,2000-03-31,2000-03-31,2021-08-25,142837.0,165592703.0,148145662.0,71365901.0,94226802.0,0.668,3.016,-34064903.0,18158301.0,18158301.0,28029738.0,23244242.0,5.615,0.324,19953653.0,809744.0,19143909.0,19953653.0,0.0,12349631.0,0.0,0.0,0.0,33108745.0,45458376.0,0.459,45458376.0,33108745.0,33154242.0,0.555,0.55,0.555,125028178.0,108727000.0,125028178.0,1399512810.0,42.0,30.787,3966927.0,0.096,1.0,70997279.0,0.717,38642812.0,-45497.0,116034627.0,90932047.0,4336805.0,30623777.0,30623777.0,0.0,40564525.0,12710616.0,27853909.0,1398059646.0,8158388.0,1.0,2011408.0,19953653.0,0.0,21965061.0,-51818598.0,-16127898.0,38031830.0,-19905.0,23244242.0,23244242.0,23244242.0,0.0,0.0,0.235,40285783.0,30711496.0,17590027.0,0.0,11.182,60.146,62.162,44589048.0,0.0,34.5,14.118,14.441,14936769.0,79815273.0,99027017.0,99027017.0,14404861.0,0.157,0.214,0.364,0.334,-413000.0,16557274.0,1.0,40523468.0,41451853.0,42530371.0,2.389,126949891.0,6317264.0,9910000.0,0.0,3.063,58655285.0
86,TECH,MRT,1999-12-31,1999-12-31,1999-12-31,2021-08-25,320485.0,153224849.0,136860165.0,59291874.0,93932975.0,0.698,2.576,-32690438.0,18695132.0,18695132.0,26919876.0,20729268.0,4.076,0.397,20148296.0,791910.0,19356386.0,20148296.0,0.0,12162785.0,0.0,0.0,0.0,31769711.0,43932496.0,0.46,43932496.0,31769711.0,31797268.0,0.5,0.49,0.5,109668202.0,100903911.0,109668202.0,1116798686.0,35.0,25.421,1843980.0,0.043,1.0,68643158.0,0.718,40950125.0,-27557.0,99179627.0,74139181.0,4179961.0,20621718.0,20621718.0,0.0,43556647.0,14548261.0,29008386.0,1110559760.0,6302695.0,-12323.0,-752900.0,20148296.0,0.0,19395396.0,-47584594.0,-8521007.0,34534418.0,-42525.0,20729268.0,20729268.0,20729268.0,0.0,0.0,0.217,38787144.0,29856014.0,18688859.0,0.0,10.127,53.574,55.06,42367013.0,0.0,27.53,11.621,12.264,13116493.0,72358944.0,95563034.0,95563034.0,13016184.0,0.151,0.205,0.429,0.332,383000.0,16362312.0,1.0,40339984.0,42570784.0,43952934.0,2.245,112274724.0,5853000.0,11068000.0,2621027.0,2.637,44743613.0
87,TECH,MRT,1999-09-30,1999-09-30,1999-09-30,2021-08-25,508779.0,149964578.0,127211644.0,53636530.0,96328048.0,0.74,2.565,-32875189.0,14100680.0,14100680.0,27705104.0,17979405.0,3.263,0.451,20339606.0,778062.0,19561544.0,20339606.0,0.0,12024490.0,0.0,0.0,0.0,28656503.0,40680993.0,0.432,40680993.0,28656503.0,28289405.0,0.44,0.43,0.44,103373231.0,95179453.0,103373231.0,619951497.0,22.0,15.239,-326671.0,-0.008,1.0,66481454.0,0.706,43257437.0,367098.0,96510264.0,58836460.0,5066575.0,18056656.0,18056656.0,0.0,46591347.0,16435803.0,30155544.0,632720965.0,4733669.0,-22322.0,-1787783.0,20339606.0,0.0,18551823.0,-46316851.0,-7058514.0,32548518.0,-49821.0,17979405.0,17979405.0,17979405.0,0.0,0.0,0.191,38771185.0,27710269.0,19624212.0,0.0,6.121,35.191,35.659,42853198.0,0.0,15.69,6.718,6.714,13616147.0,66794881.0,94186558.0,94186558.0,12443568.0,0.141,0.189,0.487,0.304,18000.0,16836320.0,1.0,40326384.0,40301404.0,,2.337,106707141.0,5585000.0,10310000.0,4872408.0,2.648,37200727.0
88,TECH,MRT,1999-06-30,1999-06-30,1999-06-30,2021-08-25,52600.0,123800519.0,118205820.0,50850448.0,72950071.0,0.769,2.407,-9564033.0,12769468.0,12769468.0,27323211.0,16656010.0,3.777,0.278,0.0,0.0,0.0,0.0,0.0,11890384.0,0.0,0.0,0.0,26054010.0,37944394.0,0.417,37944394.0,26054010.0,26054010.0,0.41,0.4,0.41,96838387.0,90294368.0,96838387.0,501453465.0,19.0,13.215,18857826.0,0.469,1.0,63577486.0,0.699,45564750.0,0.0,52003669.0,44069126.0,5715065.0,16344656.0,16344656.0,0.0,26962132.0,13462632.0,13499500.0,512712116.0,-13344139.0,-24989542.0,-2805317.0,0.0,0.0,-2805317.0,-38637122.0,-1022721.0,28421859.0,-323559.0,16656010.0,16656010.0,16656010.0,0.0,0.0,0.183,38445661.0,25131825.0,19458731.0,0.0,5.295,30.782,30.951,15065234.0,0.0,12.69,5.64,5.617,13520409.0,62058879.0,90900697.0,90900697.0,12004798.0,0.141,0.184,0.591,0.287,0.0,16862217.0,1.0,40402846.0,40234734.0,41373350.0,2.259,78235769.0,5238000.0,9398000.0,3226451.0,1.944,37387816.0
89,TECH,MRT,1999-03-31,1999-03-31,1999-03-31,2021-08-25,248048.0,120450713.0,105451997.0,48994666.0,71456047.0,0.732,2.301,-3470057.0,11258651.0,11258651.0,20354841.0,21596107.0,3.961,0.285,0.0,0.0,0.0,0.0,0.0,9432912.0,0.0,0.0,0.0,32604081.0,42036993.0,0.544,42036993.0,32604081.0,31516107.0,0.555,0.535,0.555,93735825.0,82042462.0,93735825.0,566500517.0,17.0,13.476,21125720.0,0.519,1.0,56872889.0,0.736,47959411.0,1087974.0,48863163.0,40837810.0,7189577.0,14495879.0,14495879.0,0.0,26714888.0,12369488.0,14345400.0,580151692.0,-2139678.0,-24989543.0,-819668.0,0.0,0.0,-819668.0,-25809266.0,9835645.0,24595777.0,-106521.0,21596107.0,21596107.0,21596107.0,0.0,0.0,0.28,25754372.0,31118517.0,20796969.0,0.0,6.189,26.864,26.018,13469818.0,0.0,14.44,7.512,7.616,13643737.0,58928276.0,77227730.0,77227730.0,10259234.0,0.205,0.263,0.798,0.422,286000.0,15685729.0,1.0,40176710.0,40733728.0,,1.896,72491302.0,4554000.0,9920000.0,1907060.0,1.78,36625178.0
90,TECH,MRT,1998-12-31,1998-12-31,1998-12-31,2021-08-25,451202.0,114630768.0,92069744.0,49040320.0,65590448.0,0.806,2.165,-2669474.0,13651175.0,13651175.0,21141013.0,18483572.0,3.871,0.321,0.0,0.0,0.0,0.0,0.0,7052967.0,0.0,0.0,0.0,28100763.0,35153730.0,0.474,35153730.0,28100763.0,27369572.0,0.485,0.46,0.485,86770368.0,73307912.0,86770368.0,412886835.0,15.0,11.745,20307228.0,0.507,1.0,53098866.0,0.715,50341749.0,731191.0,37968744.0,40579874.0,8614812.0,12100711.0,12100711.0,0.0,27860400.0,12669100.0,15191300.0,423512584.0,2492270.0,-24977219.0,-770754.0,0.0,0.0,-770754.0,-19749753.0,10394063.0,22976702.0,36075.0,18483572.0,18483572.0,18483572.0,0.0,0.0,0.249,26289908.0,26808958.0,22138520.0,0.0,4.881,22.913,21.784,12454899.0,0.0,10.565,5.705,5.705,12281320.0,54483713.0,74239879.0,74239879.0,10795516.0,0.201,0.252,0.692,0.379,135000.0,15597634.0,1.0,40086378.0,40086378.0,,1.852,64289019.0,4172000.0,8886000.0,2518020.0,1.604,36371220.0
91,TECH,MRT,1998-09-30,1998-09-30,1998-09-30,2021-08-25,619890.0,113941280.0,78824866.0,46086638.0,67854642.0,0.778,2.08,,10625749.0,10625749.0,18667244.0,14724098.0,3.505,0.359,0.0,0.0,0.0,0.0,0.0,,0.0,0.0,0.0,21247098.0,,,,21247098.0,21247098.0,0.4,0.375,0.4,83832890.0,65313620.0,83832890.0,267426383.0,13.0,,,,1.0,42632792.0,0.695,52726412.0,0.0,37440929.0,42557327.0,9209031.0,10998142.0,10998142.0,0.0,30108390.0,13148190.0,16960200.0,294798728.0,,,,,,,,,,,14724098.0,14724098.0,14724098.0,0.0,0.0,0.24,22647705.0,19985087.0,23802986.0,0.0,3.517,20.022,18.288,12526629.0,0.0,7.315,4.809,4.809,12989870.0,51557595.0,61300036.0,61300036.0,10211476.0,0.187,0.225,0.499,0.347,,14749771.0,1.0,40300578.0,40300578.0,,1.521,61214868.0,3767000.0,6523000.0,3283348.0,1.519,32938448.0
92,TECH,MRT,1998-06-30,1998-06-30,1998-06-30,2021-08-25,479503.0,72785228.0,63353469.0,57231358.0,15553870.0,1.062,1.684,-2546332.0,26113607.0,26113607.0,20009641.0,15182961.0,7.841,0.14,0.0,0.0,0.0,0.0,0.0,2302686.0,0.0,0.0,0.0,22410961.0,24713647.0,0.367,24713647.0,22410961.0,22410961.0,0.4,0.385,0.4,63830767.0,55955906.0,63830767.0,350619535.0,16.0,14.187,18329137.0,0.484,1.0,47281797.0,0.703,293854.0,0.0,39078406.0,39569036.0,3810600.0,15321935.0,15321935.0,0.0,8954461.0,7299361.0,1655100.0,362759126.0,17515240.0,0.0,639831.0,0.0,0.0,639831.0,-4061500.0,831955.0,20875469.0,61440.0,15182961.0,15182961.0,15182961.0,0.0,0.0,0.226,26077020.0,21204777.0,3108811.0,0.0,5.683,23.893,23.825,11515723.0,0.0,9.53,5.391,5.368,10001893.0,49446319.0,67291438.0,67291438.0,10637804.0,0.24,0.271,0.566,0.333,0.0,15367759.0,1.0,38064966.0,37905936.0,39215260.0,1.775,72491374.0,3381000.0,7228000.0,2185122.0,1.912,49931997.0
93,TECH,MRT,1998-03-31,1998-03-31,1998-03-31,2021-08-25,501640.0,66921701.0,,52563803.0,14357898.0,,1.547,,12139591.0,12139591.0,,,7.908,0.138,0.0,0.0,0.0,0.0,0.0,,0.0,0.0,0.0,,,,,,,,,,58797624.0,,58797624.0,358367954.0,,,,,1.0,,,303515.0,,47831418.0,,3886927.0,24331524.0,24331524.0,0.0,8124077.0,6647177.0,1476900.0,368268121.0,,,,,,,,,,,,,,,,,,,3236568.0,,6.263,,,11806483.0,,9.69,,,10237674.0,44581134.0,,,,,,,,,,1.0,38004966.0,38004966.0,,,66618186.0,3208000.0,,1395586.0,1.753,45916626.0
94,TECH,MRT,1997-12-31,1997-12-31,1997-12-31,2021-08-25,419566.0,61651257.0,,47171843.0,14479414.0,,1.442,,9900167.0,9900167.0,22506195.0,11602987.0,8.485,0.125,0.0,0.0,0.0,0.0,0.0,,0.0,0.0,0.0,17812344.0,,,,17812344.0,17782987.0,0.295,0.29,0.295,54793200.0,,54793200.0,,,,,,1.0,50207006.0,0.69,313177.0,29357.0,45878556.0,,4013868.0,22494774.0,22494774.0,0.0,6858057.0,5559357.0,1298700.0,337294073.0,,,,,,,,,,,11602987.0,11602987.0,11602987.0,0.0,0.0,0.16,33018138.0,17188868.0,2755359.0,0.0,6.156,29.07,30.085,11580624.0,0.0,8.875,4.639,4.639,8766316.0,40792964.0,72713201.0,72713201.0,12414427.0,,,,0.245,,15631013.0,1.0,38004966.0,38004966.0,,1.913,61338080.0,3289000.0,6180000.0,1084174.0,1.614,41612486.0
95,TECH,MRT,1997-06-30,1997-06-30,1997-06-30,2021-08-25,430072.0,53921710.0,,39797358.0,14124352.0,,1.271,-4243156.0,8598367.0,8598367.0,19094827.0,10881662.0,8.125,0.121,0.0,0.0,0.0,0.0,0.0,2321963.0,0.0,0.0,0.0,16017019.0,18338982.0,0.301,18338982.0,16017019.0,15987662.0,0.29,0.28,0.29,48081044.0,,48081044.0,,,,8233392.0,0.218,1.0,41828923.0,0.687,365311.0,29357.0,40059666.0,,4087161.0,16153890.0,16153890.0,0.0,5840666.0,4898366.0,942300.0,,1176283.0,0.0,-2642359.0,0.0,0.0,-2642359.0,-8819595.0,-4326439.0,12476548.0,161689.0,10881662.0,10881662.0,10881662.0,0.0,0.0,0.179,26522664.0,15306259.0,2108235.0,0.0,,,26.078,11252741.0,0.0,7.562,,4.695,9114447.0,34903146.0,60923750.0,60923750.0,11701822.0,,,,0.263,151000.0,14585334.0,1.0,,37821216.0,38925064.0,1.611,53556399.0,3025000.0,5106000.0,1000096.0,1.416,34898992.0
96,TECH,MRT,1997-03-31,1997-03-31,1997-03-31,2021-08-25,,,,,,,,,,,,,,,,,,,,,,0.0,0.0,,,,,,,,,,,,,,,,,,1.0,,,,,,,,,,,,,,,,,,,,,,,,,,,,,,,,,,,,,,,,5.782,,,,,,,,,,,,,,1.0,,,,,,,,,,
97,TECH,MRT,1996-06-30,1996-06-30,1996-06-30,2021-08-25,,,,,,,,-6376922.0,,,18998931.0,8637870.0,,,,,,,,1872176.0,,0.0,0.0,12594112.0,14466288.0,0.265,14466288.0,12594112.0,12591870.0,0.23,0.22,0.23,,,,,,,3382627.0,0.09,1.0,35590123.0,0.652,,2242.0,,,,,,,,,,,2104591.0,0.0,-107081.0,0.0,0.0,-107081.0,-7576643.0,-1199721.0,9759549.0,28766.0,8637870.0,8637870.0,8637870.0,0.0,0.0,0.158,23599244.0,11990879.0,,0.0,,,31.793,,0.0,7.312,,5.056,,,54589054.0,54589054.0,10413264.0,,,,0.231,883000.0,12950472.0,1.0,,37745612.0,38885700.0,1.446,,,3954000.0,,,
