None,ticker,dimension,calendardate,datekey,reportperiod,lastupdated,accoci,assets,assetsavg,assetsc,assetsnc,assetturnover,bvps,capex,cashneq,cashnequsd,cor,consolinc,currentratio,de,debt,debtc,debtnc,debtusd,deferredrev,depamor,deposits,divyield,dps,ebit,ebitda,ebitdamargin,ebitdausd,ebitusd,ebt,eps,epsdil,epsusd,equity,equityavg,equityusd,ev,evebit,evebitda,fcf,fcfps,fxusd,gp,grossmargin,intangibles,intexp,invcap,invcapavg,inventory,investments,investmentsc,investmentsnc,liabilities,liabilitiesc,liabilitiesnc,marketcap,ncf,ncfbus,ncfcommon,ncfdebt,ncfdiv,ncff,ncfi,ncfinv,ncfo,ncfx,netinc,netinccmn,netinccmnusd,netincdis,netincnci,netmargin,opex,opinc,payables,payoutratio,pb,pe,pe1,ppnenet,prefdivis,price,ps,ps1,receivables,retearn,revenue,revenueusd,rnd,roa,roe,roic,ros,sbcomp,sgna,sharefactor,sharesbas,shareswa,shareswadil,sps,tangibles,taxassets,taxexp,taxliabilities,tbvps,workingcapital
0,NI,MRY,2020-12-31,2020-12-31,2020-12-31,2021-08-25,-156700000.0,22040500000.0,22442800000.0,1659400000.0,20381100000.0,0.209,14.968,-1758100000.0,125600000.0,125600000.0,1109300000.0,-14200000.0,0.728,2.817,9746100000.0,526300000.0,9219800000.0,9746100000.0,0.0,725900000.0,243300000.0,0.037,0.84,336000000.0,1061900000.0,0.227,1061900000.0,336000000.0,-34700000.0,-0.19,-0.19,-0.19,5752200000.0,5645075000.0,5752200000.0,19341787707.0,58.0,18.214,-654100000.0,-1.702,1.0,3572400000.0,0.763,1485900000.0,370700000.0,27895700000.0,27594550000.0,401100000.0,252000000.0,0.0,252000000.0,16202700000.0,2279400000.0,13923300000.0,8790887707.0,-22800000.0,0.0,211400000.0,81900000.0,-321600000.0,-247700000.0,-879100000.0,-13300000.0,1104000000.0,0.0,-17600000.0,-72700000.0,-72700000.0,0.0,3400000.0,-0.016,3021600000.0,550800000.0,637500000.0,-4.421,1.528,-120.92,-120.737,16619500000.0,55100000.0,22.94,1.878,1.883,825400000.0,-1765200000.0,4681700000.0,4681700000.0,0.0,-0.003,-0.013,0.012,0.072,17400000.0,1585900000.0,1.0,383212193.0,384300000,384300000.0,12.182,20554600000.0,0.0,-17100000.0,1714700000.0,53.486,-620000000.0
1,NI,MRY,2019-12-31,2019-12-31,2019-12-31,2021-08-25,-92600000.0,22659800000.0,22164050000.0,1853900000.0,20805900000.0,0.235,15.982,-1802400000.0,148400000.0,148400000.0,1534800000.0,383100000.0,0.495,2.785,9642800000.0,1786600000.0,7856200000.0,9642800000.0,0.0,717400000.0,256400000.0,0.029,0.8,885500000.0,1602900000.0,0.308,1602900000.0,885500000.0,506600000.0,0.88,0.87,0.88,5986700000.0,5897750000.0,5986700000.0,19842227627.0,22.0,12.379,-219100000.0,-0.585,1.0,3674100000.0,0.705,1485900000.0,378900000.0,26922500000.0,25931250000.0,424700000.0,230200000.0,0.0,230200000.0,16673100000.0,3745800000.0,12927300000.0,10399427627.0,27300000.0,0.0,244400000.0,494400000.0,-298500000.0,366400000.0,-1922400000.0,-8300000.0,1583300000.0,0.0,383100000.0,328000000.0,328000000.0,0.0,0.0,0.063,2783400000.0,890700000.0,725700000.0,0.909,1.737,31.706,31.636,16912200000.0,55100000.0,27.84,1.996,2.002,905400000.0,-1370800000.0,5208900000.0,5208900000.0,0.0,0.015,0.056,0.034,0.17,25900000.0,1354700000.0,1.0,373542659.0,374600000,376000000.0,13.905,21173900000.0,79500000.0,123500000.0,1716900000.0,56.524,-1891900000.0
2,NI,MRY,2018-12-31,2018-12-31,2018-12-31,2021-08-25,-37200000.0,21804000000.0,20727450000.0,2055400000.0,19748600000.0,0.247,16.132,-1818200000.0,121100000.0,121100000.0,1761300000.0,-50600000.0,0.509,2.791,9132600000.0,2027200000.0,7105400000.0,9132600000.0,0.0,599600000.0,238900000.0,0.031,0.78,122700000.0,722300000.0,0.141,722300000.0,122700000.0,-230600000.0,-0.18,-0.18,-0.18,5750900000.0,5198450000.0,5750900000.0,17909624233.0,146.0,24.795,-1278100000.0,-3.585,1.0,3353200000.0,0.656,1911400000.0,353300000.0,24867300000.0,24251525000.0,422500000.0,206100000.0,0.0,206100000.0,16053100000.0,4036800000.0,12016300000.0,9209324233.0,82700000.0,0.0,844200000.0,75400000.0,-273300000.0,1468700000.0,-1926100000.0,-7700000.0,540100000.0,0.0,-50600000.0,-65600000.0,-65600000.0,0.0,0.0,-0.013,3228500000.0,124700000.0,969300000.0,-4.333,1.601,-140.386,-140.833,15542500000.0,15000000.0,25.35,1.801,1.767,1146900000.0,-1399300000.0,5114500000.0,5114500000.0,0.0,-0.003,-0.013,0.005,0.024,28600000.0,2352900000.0,1.0,363286952.0,356500000,356500000.0,14.346,19892600000.0,0.0,-180000000.0,1564400000.0,55.8,-1981400000.0
3,NI,MRY,2017-12-31,2017-12-31,2017-12-31,2021-08-25,-43400000.0,19961700000.0,19172450000.0,1763300000.0,18198400000.0,0.254,13.115,-1695800000.0,38400000.0,38400000.0,1518700000.0,128500000.0,0.555,3.621,9002200000.0,1490000000.0,7512200000.0,9002200000.0,0.0,570300000.0,262600000.0,0.027,0.7,796200000.0,1366500000.0,0.28,1366500000.0,796200000.0,443000000.0,0.39,0.39,0.39,4320100000.0,4249250000.0,4320100000.0,17268794099.0,22.0,12.637,-953600000.0,-2.895,1.0,3355900000.0,0.688,1922400000.0,353200000.0,23824700000.0,22616350000.0,471100000.0,209600000.0,0.0,209600000.0,15641600000.0,3178400000.0,12463200000.0,8645494099.0,2400000.0,0.0,329500000.0,1112600000.0,-229100000.0,1068700000.0,-1808500000.0,-5300000.0,742200000.0,0.0,128500000.0,128500000.0,128500000.0,0.0,0.0,0.026,2434700000.0,921200000.0,685200000.0,1.795,2.001,67.28,65.821,14359500000.0,0.0,25.67,1.774,1.735,944700000.0,-1073100000.0,4874600000.0,4874600000.0,0.0,0.007,0.03,0.035,0.163,40100000.0,1601700000.0,1.0,336793693.0,329400000,330800000.0,14.798,18039300000.0,0.0,314500000.0,1513400000.0,54.764,-1415100000.0
4,NI,MRY,2016-12-31,2016-12-31,2016-12-31,2021-08-25,-25100000.0,18691900000.0,17961925000.0,1762100000.0,16929800000.0,0.25,12.651,-1475200000.0,36000000.0,36000000.0,1390200000.0,331500000.0,0.51,3.591,7909300000.0,1851100000.0,6058200000.0,7909300000.0,0.0,547100000.0,264100000.0,0.029,0.64,863100000.0,1410200000.0,0.314,1410200000.0,863100000.0,513600000.0,1.03,1.02,1.03,4071200000.0,3891425000.0,4071200000.0,14853314338.0,17.0,10.533,-671900000.0,-2.088,1.0,3102300000.0,0.691,1933400000.0,349500000.0,21179600000.0,20584525000.0,494400000.0,199900000.0,0.0,199900000.0,14620700000.0,3452200000.0,11168500000.0,7145414338.0,-9200000.0,0.0,13700000.0,986000000.0,-205500000.0,790500000.0,-1603000000.0,-5300000.0,803300000.0,0.0,331500000.0,331500000.0,331500000.0,0.0,0.0,0.074,2236200000.0,866100000.0,623100000.0,0.621,1.755,21.555,21.495,13068000000.0,0.0,22.14,1.591,1.586,852400000.0,-972200000.0,4492500000.0,4492500000.0,0.0,0.018,0.085,0.042,0.192,46500000.0,1445800000.0,1.0,322737775.0,321800000,323500000.0,13.961,16758500000.0,0.0,182100000.0,2736800000.0,52.077,-1690100000.0
5,NI,MRY,2015-12-31,2015-12-31,2015-12-31,2021-08-25,-35100000.0,17492500000.0,21263550000.0,1577200000.0,15915300000.0,0.219,12.098,-1360700000.0,45200000.0,45200000.0,1643700000.0,302100000.0,0.593,3.551,6949600000.0,1001100000.0,5948500000.0,6949600000.0,0.0,524400000.0,316300000.0,0.043,0.83,808000000.0,1332400000.0,0.286,1332400000.0,808000000.0,427800000.0,0.9,0.9,0.9,3843500000.0,5168300000.0,3843500000.0,12840976673.0,16.0,9.637,96100000.0,0.302,1.0,3008100000.0,0.647,1944400000.0,380200000.0,19795000000.0,23614825000.0,536600000.0,194600000.0,0.0,194600000.0,13649000000.0,2657500000.0,10991500000.0,6217276673.0,-5100000.0,0.0,2100000.0,-3028600000.0,-263400000.0,-3411600000.0,1949700000.0,3801700000.0,1456800000.0,0.0,286500000.0,286500000.0,286500000.0,-103500000.0,15600000.0,0.062,2208200000.0,799900000.0,495700000.0,0.922,1.618,21.701,21.678,12111500000.0,0.0,19.51,1.337,1.332,681000000.0,-1123300000.0,4651800000.0,4651800000.0,0.0,0.013,0.055,0.034,0.174,50700000.0,1426100000.0,1.0,318671280.0,317700000,319800000.0,14.642,15548100000.0,0.0,141300000.0,2563600000.0,48.94,-1080300000.0
6,NI,MRY,2014-12-31,2014-12-31,2014-12-31,2021-08-25,-50600000.0,24589800000.0,23666250000.0,2194400000.0,22395400000.0,0.223,19.598,-1282500000.0,49800000.0,49800000.0,2372900000.0,530000000.0,0.554,2.982,9995000000.0,1843500000.0,8151500000.0,9995000000.0,104300000.0,486900000.0,280900000.0,0.024,1.02,1076300000.0,1563200000.0,0.296,1563200000.0,1076300000.0,696800000.0,1.68,1.67,1.68,6175300000.0,6055750000.0,6175300000.0,23085486619.0,21.0,14.768,37100000.0,0.118,1.0,2899500000.0,0.55,1955400000.0,379500000.0,28615300000.0,26232675000.0,586200000.0,213100000.0,0.0,213100000.0,18414500000.0,3964300000.0,14450200000.0,13391986619.0,243300000.0,0.0,20100000.0,1105500000.0,-321300000.0,795600000.0,-2116600000.0,0.0,1319600000.0,0.0,530000000.0,530000000.0,530000000.0,-273800000.0,0.0,0.101,2110400000.0,789100000.0,711600000.0,0.607,2.169,25.268,25.25,11057400000.0,0.0,42.42,2.54,2.535,949100000.0,1494000000.0,5272400000.0,5272400000.0,0.0,0.022,0.088,0.041,0.204,66000000.0,1367300000.0,1.0,315699826.0,315100000,316600000.0,16.732,22634400000.0,0.0,166800000.0,2352100000.0,71.832,-1769900000.0
7,NI,MRY,2013-12-31,2013-12-31,2013-12-31,2021-08-25,-43600000.0,22653900000.0,21999000000.0,2159200000.0,20494700000.0,0.21,18.843,-1205100000.0,34800000.0,34800000.0,1963000000.0,532100000.0,0.679,2.848,8834000000.0,1240800000.0,7593200000.0,8834000000.0,127500000.0,470400000.0,262600000.0,0.03,0.98,1016000000.0,1486400000.0,0.321,1486400000.0,1016000000.0,640700000.0,1.7,1.7,1.7,5886600000.0,5745225000.0,5886600000.0,18719034471.0,18.0,12.594,231700000.0,0.742,1.0,2662400000.0,0.576,3941900000.0,375300000.0,24332800000.0,23523475000.0,500400000.0,577700000.0,0.0,577700000.0,16767300000.0,3178400000.0,13588900000.0,10301134471.0,190500000.0,0.0,35600000.0,718600000.0,-305900000.0,445100000.0,-1891400000.0,0.0,1436800000.0,0.0,532100000.0,532100000.0,532100000.0,0.0,0.0,0.115,1964300000.0,698100000.0,805400000.0,0.576,1.75,19.359,19.341,14365100000.0,0.0,32.88,2.227,2.221,1076400000.0,1285500000.0,4625400000.0,4625400000.0,0.0,0.024,0.093,0.043,0.22,48500000.0,1254400000.0,1.0,313294844.0,312400000,313600000.0,14.806,18712000000.0,175300000.0,108600000.0,3553500000.0,59.898,-1019200000.0
8,NI,MRY,2012-12-31,2012-12-31,2012-12-31,2021-08-25,-65500000.0,21844700000.0,20884650000.0,2367700000.0,19477000000.0,0.241,19.028,-1498800000.0,83100000.0,83100000.0,1516900000.0,416100000.0,0.713,2.933,8103200000.0,1284100000.0,6819100000.0,8103200000.0,126900000.0,561900000.0,269600000.0,0.028,0.7,1049100000.0,1611000000.0,0.32,1611000000.0,1049100000.0,630800000.0,1.43,1.39,1.43,5554300000.0,5287725000.0,5554300000.0,15500705435.0,15.0,9.622,-223300000.0,-0.765,1.0,3514000000.0,0.698,3963900000.0,418300000.0,22581600000.0,21618775000.0,495700000.0,437700000.0,0.0,437700000.0,16290400000.0,3319300000.0,12971100000.0,7709805435.0,24800000.0,0.0,373500000.0,77600000.0,-273200000.0,174500000.0,-1425200000.0,-20400000.0,1275500000.0,0.0,416100000.0,416100000.0,416100000.0,-7300000.0,0.0,0.083,2506100000.0,1007900000.0,685100000.0,0.49,1.388,18.529,17.406,12915900000.0,0.0,24.89,1.532,1.444,958600000.0,1059600000.0,5030900000.0,5030900000.0,0.0,0.02,0.079,0.049,0.209,45000000.0,1660300000.0,1.0,309755140.0,291900000,300400000.0,17.235,17880800000.0,130900000.0,214700000.0,3213600000.0,61.257,-951600000.0
9,NI,MRY,2011-12-31,2011-12-31,2011-12-31,2021-08-25,-59700000.0,20708300000.0,19818875000.0,2269100000.0,18439200000.0,0.29,17.822,-1122700000.0,172100000.0,172100000.0,2303500000.0,299100000.0,0.622,3.144,7953800000.0,1686700000.0,6267100000.0,7953800000.0,88600000.0,535700000.0,313600000.0,0.039,0.92,842600000.0,1378300000.0,0.24,1378300000.0,842600000.0,465800000.0,1.06,1.03,1.06,4997300000.0,5001250000.0,4997300000.0,14070453053.0,17.0,10.209,-252500000.0,-0.9,1.0,3447500000.0,0.599,3974900000.0,376800000.0,20868700000.0,20088975000.0,565100000.0,355600000.0,0.0,355600000.0,15711000000.0,3646400000.0,12064600000.0,6693253053.0,2300000.0,0.0,21300000.0,580000000.0,-257800000.0,281400000.0,-1149300000.0,-6400000.0,870200000.0,0.0,299100000.0,299100000.0,299100000.0,10500000.0,0.0,0.052,2547700000.0,899800000.0,603000000.0,0.868,1.339,22.378,22.462,11779200000.0,0.0,23.81,1.164,1.161,915500000.0,917000000.0,5751000000.0,5751000000.0,0.0,0.015,0.06,0.042,0.147,39200000.0,1702100000.0,1.0,281111006.0,280400000,288500000.0,20.51,16733400000.0,900000.0,166700000.0,2791800000.0,59.677,-1377300000.0
10,NI,MRY,2010-12-31,2010-12-31,2010-12-31,2021-08-25,-57900000.0,19913400000.0,19459625000.0,2425900000.0,17487500000.0,0.327,17.63,-801300000.0,212100000.0,212100000.0,2963800000.0,282600000.0,0.662,3.066,7352800000.0,1416700000.0,5936100000.0,7352800000.0,75700000.0,594800000.0,318100000.0,0.052,0.92,804700000.0,1399500000.0,0.22,1399500000.0,804700000.0,412400000.0,1.02,1.01,1.02,4897500000.0,4899775000.0,4897500000.0,12032149359.0,15.0,8.597,-75900000.0,-0.273,1.0,3407400000.0,0.535,3985900000.0,392300000.0,19401900000.0,19232625000.0,428000000.0,340600000.0,0.0,340600000.0,15015900000.0,3666300000.0,11349600000.0,4903749359.0,-7200000.0,0.0,12900000.0,546400000.0,-255600000.0,210700000.0,-943300000.0,-64100000.0,725400000.0,0.0,282600000.0,282600000.0,282600000.0,-5800000.0,0.0,0.044,2530600000.0,876800000.0,847900000.0,0.902,1.001,17.352,17.275,11097000000.0,0.0,17.62,0.77,0.768,1142000000.0,876100000.0,6371200000.0,6371200000.0,0.0,0.015,0.058,0.042,0.126,30900000.0,1646600000.0,1.0,278305866.0,277800000,280100000.0,22.934,15927500000.0,99000000.0,129800000.0,2447900000.0,57.334,-1240400000.0
11,NI,MRY,2009-12-31,2009-12-31,2009-12-31,2021-08-25,-45900000.0,19271700000.0,19309025000.0,2223600000.0,17048100000.0,0.344,17.645,-777200000.0,191100000.0,191100000.0,3318000000.0,217000000.0,0.706,2.97,6791800000.0,822700000.0,5969100000.0,6791800000.0,108200000.0,589900000.0,301200000.0,0.06,0.92,781300000.0,1371200000.0,0.206,1371200000.0,781300000.0,382000000.0,0.79,0.78,0.79,4854100000.0,4781000000.0,4854100000.0,11287305733.0,14.0,8.232,889000000.0,3.232,1.0,3333600000.0,0.501,3996900000.0,399300000.0,18725900000.0,18927600000.0,547000000.0,295000000.0,0.0,295000000.0,14417600000.0,3149600000.0,11268000000.0,4241105733.0,242700000.0,0.0,8000000.0,-770300000.0,-253300000.0,-1015600000.0,-654800000.0,-23500000.0,1666200000.0,0.0,217000000.0,217000000.0,217000000.0,12800000.0,0.0,0.033,2549600000.0,784000000.0,724500000.0,1.165,0.874,19.544,19.468,10688000000.0,0.0,15.38,0.638,0.636,881100000.0,865500000.0,6651600000.0,6651600000.0,0.0,0.011,0.045,0.041,0.117,9600000.0,1656100000.0,1.0,275754599.0,275100000,275800000.0,24.179,15274800000.0,24900000.0,165000000.0,2270700000.0,55.525,-926000000.0
12,NI,MRY,2008-12-31,2008-12-31,2008-12-31,2021-08-25,-172000000.0,20032200000.0,18983225000.0,3410500000.0,16621700000.0,0.468,17.258,-1299900000.0,307200000.0,307200000.0,5633300000.0,79000000.0,0.744,3.236,7576700000.0,1632800000.0,5943900000.0,7576700000.0,97600000.0,567000000.0,275900000.0,0.084,0.92,645000000.0,1212000000.0,0.136,1212000000.0,645000000.0,265000000.0,0.29,0.29,0.29,4728800000.0,4818675000.0,4728800000.0,10345650932.0,16.0,8.536,-714600000.0,-2.608,1.0,3246900000.0,0.366,4007900000.0,380000000.0,18710400000.0,17766100000.0,670700000.0,204700000.0,0.0,204700000.0,15303400000.0,4583400000.0,10720000000.0,3008450932.0,-407600000.0,0.0,1300000.0,767200000.0,-252400000.0,516100000.0,-1114300000.0,-39200000.0,585300000.0,0.0,79000000.0,79000000.0,79000000.0,291600000.0,0.0,0.009,2340200000.0,906700000.0,1249400000.0,3.172,0.636,38.082,37.828,10388700000.0,0.0,10.97,0.339,0.338,1537000000.0,901100000.0,8880200000.0,8880200000.0,0.0,0.004,0.016,0.036,0.073,9500000.0,1458100000.0,1.0,274243476.0,274000000,275400000.0,32.409,16024300000.0,0.0,186000000.0,1802400000.0,58.483,-1172900000.0
13,NI,MRY,2007-12-31,2007-12-31,2007-12-31,2021-08-25,11700000.0,18010300000.0,17680375000.0,2460400000.0,15549900000.0,0.445,18.541,-786500000.0,92300000.0,92300000.0,4675200000.0,321400000.0,0.724,2.548,6689300000.0,1094900000.0,5594400000.0,6689300000.0,120200000.0,540000000.0,112800000.0,0.049,0.92,887900000.0,1427900000.0,0.182,1427900000.0,887900000.0,486000000.0,1.17,1.17,1.17,5076600000.0,5070650000.0,5076600000.0,11722704339.0,13.0,8.21,-29300000.0,-0.107,1.0,3186400000.0,0.405,4018900000.0,401900000.0,17190300000.0,16690950000.0,588400000.0,189900000.0,0.0,189900000.0,12933700000.0,3398100000.0,9535600000.0,5179104339.0,1100000.0,0.0,6100000.0,213700000.0,-252100000.0,-72900000.0,-681400000.0,14000000.0,757200000.0,0.0,321400000.0,321400000.0,321400000.0,-18400000.0,0.0,0.041,2279200000.0,907200000.0,1154600000.0,0.786,1.02,16.114,16.145,9575600000.0,0.0,18.89,0.659,0.658,1110800000.0,1074500000.0,7861600000.0,7861600000.0,0.0,0.018,0.063,0.053,0.113,4400000.0,1430100000.0,1.0,274171749.0,273800000,274700000.0,28.713,13991400000.0,0.0,164600000.0,1708000000.0,51.101,-937700000.0
14,NI,MRY,2006-12-31,2006-12-31,2006-12-31,2021-08-25,20900000.0,18156500000.0,17530875000.0,2782900000.0,15373600000.0,0.423,18.392,-627100000.0,175600000.0,175600000.0,4335700000.0,282200000.0,0.728,2.621,6432500000.0,1286300000.0,5146200000.0,6432500000.0,197100000.0,531500000.0,108400000.0,0.038,0.92,855600000.0,1387100000.0,0.187,1387100000.0,855600000.0,466400000.0,1.04,1.03,1.04,5013600000.0,4903800000.0,5013600000.0,12849805052.0,15.0,9.264,529100000.0,1.941,1.0,3082700000.0,0.416,4113000000.0,389200000.0,16479200000.0,15924025000.0,703400000.0,175700000.0,0.0,175700000.0,13142900000.0,3821200000.0,9321700000.0,6579405052.0,-40700000.0,0.0,15800000.0,-142300000.0,-251900000.0,-460000000.0,-732500000.0,-4700000.0,1156200000.0,0.0,282200000.0,282200000.0,282200000.0,52000000.0,0.0,0.038,2154600000.0,928100000.0,1109700000.0,0.885,1.312,23.315,23.173,9694500000.0,0.0,24.1,0.887,0.886,1118600000.0,1012900000.0,7418400000.0,7418400000.0,0.0,0.016,0.058,0.054,0.115,6900000.0,1333600000.0,1.0,273004359.0,272600000,273400000.0,27.213,14043500000.0,0.0,184200000.0,1811200000.0,51.517,-1038300000.0
15,NI,MRY,2005-12-31,2005-12-31,2005-12-31,2021-08-25,-5600000.0,17958500000.0,17375800000.0,3060700000.0,14897800000.0,0.454,18.183,-590400000.0,103300000.0,103300000.0,4749200000.0,306500000.0,0.796,2.64,6609900000.0,1338700000.0,5271200000.0,6609900000.0,192800000.0,544200000.0,101900000.0,0.044,0.92,876200000.0,1420400000.0,0.18,1420400000.0,876200000.0,456100000.0,1.13,1.12,1.13,4933000000.0,4919350000.0,4933000000.0,11744283030.0,13.0,8.268,121900000.0,0.449,1.0,3146600000.0,0.399,4173100000.0,420100000.0,16448800000.0,15461850000.0,623800000.0,189200000.0,0.0,189200000.0,13025500000.0,3843200000.0,9182300000.0,5686883030.0,39900000.0,0.0,38400000.0,125800000.0,-250300000.0,-100300000.0,-572100000.0,0.0,712300000.0,0.0,306500000.0,306500000.0,306500000.0,-22700000.0,0.0,0.039,2194200000.0,952400000.0,1291900000.0,0.814,1.153,18.554,18.46,9554300000.0,0.0,20.86,0.72,0.717,1424400000.0,981600000.0,7895800000.0,7895800000.0,0.0,0.018,0.062,0.057,0.111,6800000.0,1326500000.0,1.0,272621430.0,271300000,273000000.0,29.104,13785400000.0,0.0,149600000.0,1879300000.0,50.812,-782500000.0
16,NI,MRY,2004-12-31,2004-12-31,2004-12-31,2021-08-25,-65000000.0,16987800000.0,16482300000.0,2284400000.0,14703400000.0,0.404,18.154,-517000000.0,85800000.0,85800000.0,3609700000.0,436300000.0,0.638,2.549,6443400000.0,1607500000.0,4835900000.0,6443400000.0,192400000.0,506900000.0,92200000.0,0.04,0.92,1080100000.0,1587000000.0,0.238,1587000000.0,1080100000.0,679000000.0,1.65,1.64,1.65,4787100000.0,4579400000.0,4787100000.0,12579828968.0,12.0,7.927,538900000.0,2.044,1.0,3047500000.0,0.458,4207500000.0,401100000.0,15558500000.0,15865900000.0,552700000.0,215800000.0,0.0,215800000.0,12200700000.0,3579400000.0,8621300000.0,6004528968.0,2400000.0,0.0,156700000.0,-414500000.0,-243100000.0,-500900000.0,-552600000.0,0.0,1055900000.0,0.0,436300000.0,436300000.0,436300000.0,-3300000.0,0.0,0.066,1969500000.0,1078000000.0,973500000.0,0.558,1.254,13.762,13.806,9373900000.0,0.0,22.78,0.902,0.902,1058700000.0,925400000.0,6657200000.0,6657200000.0,0.0,0.026,0.095,0.068,0.162,8000000.0,1200500000.0,1.0,263587751.0,263700000,265500000.0,25.245,12780300000.0,0.0,242700000.0,1905200000.0,48.465,-1295000000.0
17,NI,MRY,2003-12-31,2003-12-31,2003-12-31,2021-08-25,-70200000.0,16624200000.0,16525700000.0,2062900000.0,14561300000.0,0.378,17.01,-574200000.0,50100000.0,50100000.0,3185600000.0,85200000.0,0.788,2.765,6797200000.0,803800000.0,5993400000.0,6797200000.0,213900000.0,495700000.0,80400000.0,0.05,1.1,784800000.0,1280500000.0,0.205,1280500000.0,784800000.0,320100000.0,0.33,0.33,0.33,4415900000.0,4390350000.0,4415900000.0,12518078743.0,16.0,9.776,-6200000.0,-0.024,1.0,3056400000.0,0.49,4214300000.0,464700000.0,16540500000.0,15994325000.0,529900000.0,208600000.0,0.0,208600000.0,12208300000.0,2616500000.0,9591800000.0,5758478743.0,-4000000.0,0.0,352200000.0,-193000000.0,-284000000.0,-529400000.0,-42600000.0,0.0,568000000.0,0.0,85200000.0,85200000.0,85200000.0,332900000.0,0.0,0.014,1934100000.0,1122300000.0,787400000.0,3.333,1.304,67.588,66.485,9290700000.0,0.0,21.94,0.923,0.912,989100000.0,731300000.0,6242000000.0,6242000000.0,0.0,0.005,0.019,0.049,0.126,12900000.0,1177500000.0,1.0,262464847.0,259600000,261600000.0,24.045,12409900000.0,0.0,234900000.0,1887300000.0,47.804,-553600000.0
18,NI,MRY,2002-12-31,2002-12-31,2002-12-31,2021-08-25,0.0,17942600000.0,16999450000.0,1872800000.0,16069800000.0,0.313,19.786,-531900000.0,55300000.0,55300000.0,2248900000.0,372500000.0,0.471,3.298,7332500000.0,2138000000.0,5194500000.0,7332500000.0,248500000.0,491200000.0,65200000.0,0.058,1.16,1107800000.0,1599000000.0,0.301,1599000000.0,1107800000.0,591400000.0,1.77,1.75,1.77,4174900000.0,3669725000.0,4174900000.0,12253724880.0,11.0,7.663,653500000.0,3.097,1.0,3070900000.0,0.577,4274300000.0,516400000.0,16968700000.0,16973700000.0,362900000.0,1747700000.0,0.0,1747700000.0,13767700000.0,3976800000.0,9790900000.0,4155424880.0,-41400000.0,0.0,728000000.0,-1404000000.0,-241500000.0,-1033500000.0,-193300000.0,0.0,1185400000.0,0.0,372500000.0,372500000.0,372500000.0,25600000.0,0.0,0.07,1918700000.0,1152200000.0,948600000.0,0.655,0.995,11.156,11.299,9181300000.0,0.0,20.0,0.781,0.793,970800000.0,,5319800000.0,5319800000.0,0.0,0.022,0.102,0.065,0.208,7300000.0,1185000000.0,1.0,207771244.0,211000000,212800000.0,25.212,13668300000.0,0.0,218900000.0,1836900000.0,64.779,-2104000000.0
19,NI,MRY,2001-12-31,2001-12-31,2001-12-31,2021-08-25,0.0,17834400000.0,17836725000.0,2337400000.0,15497000000.0,0.352,16.899,-525300000.0,127900000.0,127900000.0,3143900000.0,216200000.0,0.503,4.14,8924400000.0,2277900000.0,6646500000.0,8924400000.0,657900000.0,576700000.0,50300000.0,0.05,1.16,974800000.0,1551500000.0,0.247,1551500000.0,974800000.0,382800000.0,1.05,1.03,1.05,3469400000.0,3474875000.0,3469400000.0,13059768395.0,13.0,8.418,385300000.0,1.877,1.0,3126800000.0,0.499,3737900000.0,592000000.0,18241800000.0,17896625000.0,480100000.0,696400000.0,0.0,696400000.0,14365000000.0,4651200000.0,9713800000.0,4768668395.0,-660500000.0,0.0,15100000.0,-435500000.0,-239000000.0,-660500000.0,-304800000.0,0.0,910600000.0,0.0,216200000.0,216200000.0,216200000.0,-21200000.0,0.0,0.034,2158900000.0,967900000.0,900600000.0,1.105,1.374,22.057,21.962,10013200000.0,0.0,23.06,0.76,0.755,1117000000.0,,6270700000.0,6270700000.0,0.0,0.012,0.062,0.054,0.155,30000000.0,1308000000.0,1.0,206793946.0,205300000,209800000.0,30.544,14096500000.0,0.0,166600000.0,2077800000.0,68.663,-2313800000.0
20,NI,MRY,2000-12-31,2000-12-31,2000-12-31,2021-08-25,0.0,19682700000.0,10229027250.0,4917600000.0,14765100000.0,0.589,25.346,-357300000.0,193000000.0,193000000.0,4081700000.0,150900000.0,0.713,4.774,8709200000.0,2561500000.0,6147700000.0,8709200000.0,1268000000.0,376100000.0,32100000.0,0.035,1.08,581700000.0,957800000.0,0.159,957800000.0,581700000.0,277200000.0,1.12,1.11,1.12,3409100000.0,2381300000.0,3409100000.0,6256680351.0,11.0,6.532,-416700000.0,-3.098,1.0,1947700000.0,0.323,3610600000.0,304500000.0,17694900000.0,10276729250.0,406800000.0,744100000.0,0.0,744100000.0,16273600000.0,6893400000.0,9380200000.0,3732390351.0,107300000.0,-5654500000.0,1976200000.0,3796600000.0,-131800000.0,5634100000.0,-5467400000.0,0.0,-59400000.0,0.0,150900000.0,150900000.0,150900000.0,-9000000.0,0.0,0.025,1335400000.0,612300000.0,1477600000.0,0.964,1.095,24.734,27.455,9525600000.0,0.0,30.75,0.619,0.686,2129600000.0,,6029400000.0,6029400000.0,0.0,0.015,0.063,0.057,0.096,6800000.0,810400000.0,1.0,121378548.0,134500000,135800000.0,44.828,16072100000.0,0.0,126300000.0,2101800000.0,119.495,-1975800000.0
21,NI,MRY,1999-12-31,1999-12-31,1999-12-31,2021-08-25,0.0,6428600000.0,6391039000.0,806000000.0,5622600000.0,0.512,10.889,-313000000.0,41500000.0,41500000.0,1880800000.0,160400000.0,0.549,3.75,2945600000.0,824800000.0,2120800000.0,2945600000.0,92000000.0,295000000.0,46200000.0,0.057,1.02,398000000.0,693000000.0,0.212,693000000.0,398000000.0,242600000.0,1.29,1.27,1.29,1353500000.0,1251604000.0,1353500000.0,4793409968.0,12.0,6.917,105100000.0,0.846,1.0,1392700000.0,0.425,125800000.0,155400000.0,7738100000.0,7600786500.0,157700000.0,429800000.0,0.0,429800000.0,5075100000.0,1468800000.0,3606300000.0,2236008968.0,-17200000.0,-725800000.0,198400000.0,217300000.0,-125200000.0,622800000.0,-1058100000.0,0.0,418100000.0,0.0,160400000.0,160400000.0,160400000.0,-6500000.0,0.0,0.049,954800000.0,437900000.0,255800000.0,0.791,1.652,13.94,13.86,4596500000.0,0.0,17.88,0.683,0.679,383800000.0,,3273500000.0,3273500000.0,0.0,0.025,0.128,0.052,0.122,3500000.0,536000000.0,1.0,125056430.0,124300000,125300000.0,26.335,6302800000.0,0.0,82200000.0,1086500000.0,50.706,-662800000.0
22,NI,MRY,1998-12-31,1998-12-31,1998-12-31,2021-08-25,0.0,4986503000.0,4884556750.0,576867000.0,4409636000.0,0.582,9.519,-219100000.0,60848000.0,60848000.0,1691000000.0,193900000.0,0.651,3.337,2085795000.0,417830000.0,1667965000.0,2085795000.0,68046000.0,241100000.0,22199000.0,0.032,0.96,408500000.0,649600000.0,0.228,649600000.0,408500000.0,288300000.0,1.6,1.59,1.6,1149708000.0,1207248000.0,1149708000.0,3928750823.0,10.0,6.048,228900000.0,1.895,1.0,1152900000.0,0.405,65039000.0,120200000.0,6060348000.0,4742732500.0,164860000.0,181651000.0,0.0,181651000.0,3836795000.0,886063000.0,2950732000.0,3577468823.0,29100000.0,0.0,-193600000.0,118900000.0,-116400000.0,-194000000.0,-224900000.0,0.0,448000000.0,0.0,193900000.0,193900000.0,193900000.0,-5300000.0,0.0,0.068,749900000.0,403000000.0,251399000.0,0.6,3.112,18.45,19.025,3748669000.0,0.0,30.44,1.258,1.293,263751000.0,,2843900000.0,2843900000.0,0.0,0.04,0.161,0.086,0.144,0.0,427400000.0,1.0,117525257.0,120778000,121335000.0,23.547,4921464000.0,0.0,94400000.0,712106000.0,40.748,-309196000.0
23,NI,MRY,1997-12-31,1997-12-31,1997-12-31,2021-08-25,0.0,4937033000.0,4612958000.0,630708000.0,4306325000.0,0.561,10.212,-218931000.0,30780000.0,30780000.0,1375614000.0,190849000.0,0.841,2.903,1935185000.0,267260000.0,1667925000.0,1935185000.0,73715000.0,249804000.0,22091000.0,0.036,0.9,417630000.0,667434000.0,0.258,667434000.0,417630000.0,297023000.0,1.54,1.53,1.54,1264788000.0,1182644500.0,1264788000.0,,,,215626000.0,1.741,1.0,1210927000.0,0.468,68175000.0,120607000.0,6022951000.0,5476320500.0,140358000.0,139125000.0,0.0,139125000.0,3672245000.0,750312000.0,2921933000.0,3055015465.0,4447000.0,-288932000.0,85493000.0,96267000.0,-111593000.0,67252000.0,-497362000.0,0.0,434557000.0,0.0,190849000.0,190849000.0,190849000.0,0.0,0.0,0.074,800374000.0,410553000.0,226751000.0,0.584,2.415,16.008,16.052,3752154000.0,0.0,24.72,1.181,1.184,338811000.0,,2586541000.0,2586541000.0,0.0,0.041,0.161,0.076,0.161,0.0,0.0,1.0,123584768.0,123849126,123849126.0,20.885,4868858000.0,0.0,106174000.0,729388000.0,39.313,-119604000.0
24,NI,MRY,1996-12-31,1996-12-31,1996-12-31,2021-08-25,0.0,4288883000.0,,523247000.0,3765636000.0,,8.992,-207881000.0,26333000.0,26333000.0,871983000.0,176734000.0,0.507,2.897,1699143000.0,572037000.0,1127106000.0,1699143000.0,37338000.0,233993000.0,17580000.0,0.042,0.84,384232000.0,618225000.0,0.311,618225000.0,384232000.0,283114000.0,1.44,1.43,1.44,1100501000.0,,1100501000.0,,,,97550000.0,0.797,1.0,1115965000.0,0.561,0.0,101118000.0,4929690000.0,,151435000.0,102774000.0,0.0,102774000.0,3188382000.0,1032003000.0,2156379000.0,,-2163000.0,0.0,-99782000.0,152755000.0,-103190000.0,-88073000.0,-219521000.0,0.0,305431000.0,0.0,176734000.0,176615000.0,176615000.0,0.0,0.0,0.089,729657000.0,386308000.0,251730000.0,0.583,,,13.757,3342158000.0,119000.0,19.81,,1.22,207625000.0,,1987948000.0,1987948000.0,0.0,,,,0.193,0.0,0.0,1.0,,122381500,122381500.0,16.244,4288883000.0,0.0,106380000.0,681468000.0,35.045,-508756000.0
25,NI,MRY,1995-12-31,1995-12-31,1995-12-31,2021-08-25,,,,,,,,-192966000.0,,,694488000.0,175465000.0,,,,,,,,206959000.0,,0.041,0.78,369900000.0,576859000.0,0.326,576859000.0,369900000.0,277362000.0,1.36,1.35,1.36,,,,,,,197066000.0,1.557,1.0,1074820000.0,0.607,,92538000.0,,,,,,,,,,,-11945000.0,0.0,-61794000.0,11573000.0,-99043000.0,-158722000.0,-243255000.0,0.0,390032000.0,0.0,175465000.0,172402000.0,172402000.0,0.0,0.0,0.097,692943000.0,381877000.0,,0.574,,,14.062,,3063000.0,19.125,,1.368,,,1769308000.0,1769308000.0,0.0,,,,0.209,0.0,0.0,1.0,,126562354,126562354.0,13.98,,,101897000.0,,,
0,NI,MRQ,2021-06-30,2021-06-30,2021-06-30,2021-08-25,-123600000.0,22313800000.0,,1384200000.0,20929600000.0,,16.598,-431100000.0,90400000.0,90400000.0,228300000.0,56900000.0,0.811,2.407,9246900000.0,45300000.0,9201600000.0,9246900000.0,0.0,186300000.0,148100000.0,0.035,0.22,158000000.0,344300000.0,0.349,344300000.0,158000000.0,73500000.0,0.12,0.11,0.12,6523100000.0,,6523100000.0,19279317627.0,28.0,13.574,-176400000.0,-0.449,1.0,757700000.0,0.768,1485900000.0,84500000.0,28277500000.0,,330900000.0,251500000.0,0.0,251500000.0,15700300000.0,1706900000.0,13993400000.0,9609317627.0,-6300000.0,0.0,843100000.0,-526300000.0,-86300000.0,199600000.0,-460600000.0,-300000.0,254700000.0,0.0,60300000.0,46500000.0,46500000.0,0.0,-3400000.0,0.047,615500000.0,142200000.0,515300000.0,1.833,1.473,45.284,46.226,17155100000.0,13800000.0,24.5,2.069,2.073,595400000.0,-1704100000.0,986000000.0,986000000.0,0.0,,,,,0.0,362800000.0,1.0,392217046.0,393000000,422900000.0,2.509,20827900000.0,0.0,13200000.0,1819500000.0,52.997,-322700000.0
1,NI,MRQ,2021-03-31,2021-03-31,2021-03-31,2021-08-25,-75500000.0,22194500000.0,,1593500000.0,20601000000.0,,15.105,-367000000.0,96700000.0,96700000.0,476800000.0,296500000.0,0.705,2.726,9766700000.0,564400000.0,9202300000.0,9766700000.0,0.0,185000000.0,146700000.0,0.035,0.22,442700000.0,627700000.0,0.406,627700000.0,442700000.0,358100000.0,0.72,0.72,0.72,5931600000.0,,5931600000.0,19068237632.0,31.0,14.107,81300000.0,0.207,1.0,1068800000.0,0.692,1485900000.0,84600000.0,28119800000.0,,246200000.0,249400000.0,0.0,249400000.0,16168800000.0,2258800000.0,13910000000.0,9447737632.0,-28900000.0,0.0,2800000.0,11100000.0,-86200000.0,-75400000.0,-401800000.0,300000.0,448300000.0,0.0,295500000.0,281700000.0,281700000.0,0.0,1000000.0,0.182,635600000.0,433200000.0,580400000.0,0.306,1.593,64.183,66.972,16836700000.0,13800000.0,24.11,2.044,2.049,848200000.0,-1669800000.0,1545600000.0,1545600000.0,0.0,,,,,0.0,361500000.0,1.0,391859711.0,392700000,393900000.0,3.936,20708600000.0,104200000.0,62600000.0,1875100000.0,52.734,-665300000.0
2,NI,MRQ,2020-12-31,2020-12-31,2020-12-31,2021-08-25,-156700000.0,22040500000.0,,1659400000.0,20381100000.0,,14.875,-465900000.0,125600000.0,125600000.0,315400000.0,87800000.0,0.728,2.817,9746100000.0,526300000.0,9219800000.0,9746100000.0,0.0,183500000.0,243300000.0,0.037,0.21,226800000.0,410300000.0,0.339,410300000.0,226800000.0,141200000.0,0.18,0.18,0.18,5752200000.0,,5752200000.0,19341787707.0,58.0,18.214,-220500000.0,-0.57,1.0,895600000.0,0.74,1485900000.0,85600000.0,27895700000.0,,401100000.0,252000000.0,0.0,252000000.0,16202700000.0,2279400000.0,13923300000.0,8790887707.0,58000000.0,0.0,200200000.0,-890700000.0,-80500000.0,-708200000.0,520800000.0,-7400000.0,245400000.0,0.0,84400000.0,70700000.0,70700000.0,0.0,3400000.0,0.058,1077700000.0,-182100000.0,637500000.0,1.167,1.528,-120.92,-120.737,16619500000.0,13700000.0,22.94,1.878,1.883,825400000.0,-1765200000.0,1211000000.0,1211000000.0,0.0,,,,,17400000.0,408300000.0,1.0,383212193.0,386700000,386700000.0,3.132,20554600000.0,0.0,56800000.0,1714700000.0,53.154,-620000000.0
3,NI,MRQ,2020-09-30,2020-09-30,2020-09-30,2021-08-25,-193600000.0,22701500000.0,,2820800000.0,19880700000.0,,14.135,-472900000.0,67600000.0,67600000.0,143100000.0,-172900000.0,0.818,3.185,10618500000.0,1409600000.0,9208900000.0,10618500000.0,0.0,180600000.0,229200000.0,0.038,0.21,-142600000.0,38000000.0,0.042,38000000.0,-142600000.0,-237800000.0,-0.49,-0.49,-0.49,5424900000.0,,5424900000.0,18262206836.0,278.0,23.108,-322000000.0,-0.839,1.0,759400000.0,0.841,1485900000.0,95200000.0,28319700000.0,,396500000.0,238000000.0,0.0,238000000.0,17276600000.0,3446800000.0,13829800000.0,8426506836.0,-86000000.0,0.0,3700000.0,590100000.0,-80400000.0,276400000.0,-513300000.0,-5900000.0,150900000.0,0.0,-172900000.0,-186700000.0,-186700000.0,0.0,0.0,-0.207,631000000.0,128400000.0,456600000.0,-0.429,1.553,-28.43,-27.848,16079000000.0,13800000.0,22.0,1.731,1.735,545800000.0,-1849600000.0,902500000.0,902500000.0,0.0,,,,,0.0,379900000.0,1.0,383023038.0,383800000,383800000.0,2.351,21215600000.0,0.0,-64900000.0,1595400000.0,55.278,-626000000.0
4,NI,MRQ,2020-06-30,2020-06-30,2020-06-30,2021-08-25,-221900000.0,22436500000.0,,2859600000.0,19576900000.0,,14.763,-367200000.0,153600000.0,153600000.0,188400000.0,-4700000.0,0.886,2.963,9989300000.0,1179100000.0,8810200000.0,9989300000.0,0.0,177500000.0,163100000.0,0.036,0.21,98200000.0,275700000.0,0.286,275700000.0,98200000.0,1200000.0,-0.05,-0.05,-0.05,5661800000.0,,5661800000.0,18364059993.0,61.0,17.885,-29400000.0,-0.077,1.0,774300000.0,0.804,1485900000.0,97000000.0,27558600000.0,,311800000.0,229200000.0,0.0,229200000.0,16774700000.0,3227700000.0,13547000000.0,8704859993.0,-59400000.0,0.0,3800000.0,113400000.0,-80400000.0,4800000.0,-402000000.0,-1900000.0,337800000.0,0.0,-4700000.0,-18500000.0,-18500000.0,0.0,0.0,-0.019,682600000.0,91700000.0,430200000.0,-4.2,1.537,-74.464,-71.062,15772400000.0,13800000.0,22.74,1.778,1.781,563600000.0,-1576700000.0,962700000.0,962700000.0,0.0,,,,,0.0,353100000.0,1.0,382799472.0,383500000,383500000.0,2.51,20950600000.0,0.0,5900000.0,1682200000.0,54.63,-368100000.0
5,NI,MRQ,2020-03-31,2020-03-31,2020-03-31,2021-08-25,-230600000.0,22592700000.0,,3225400000.0,19367300000.0,,14.987,-452100000.0,213000000.0,213000000.0,462400000.0,75600000.0,0.775,2.935,9872200000.0,2054300000.0,7817900000.0,9872200000.0,0.0,184300000.0,163200000.0,0.032,0.21,153600000.0,337900000.0,0.21,337900000.0,153600000.0,60700000.0,0.16,0.16,0.16,5741400000.0,,5741400000.0,19039515800.0,29.0,13.676,-82200000.0,-0.215,1.0,1143100000.0,0.712,1485900000.0,92900000.0,26604200000.0,,254000000.0,212000000.0,0.0,212000000.0,16851300000.0,4161800000.0,12689500000.0,9545115800.0,64600000.0,0.0,3700000.0,269100000.0,-80300000.0,179300000.0,-484600000.0,1900000.0,369900000.0,0.0,75600000.0,61800000.0,61800000.0,0.0,0.0,0.038,994900000.0,148200000.0,524100000.0,1.312,1.663,51.679,50.959,15587200000.0,13800000.0,24.97,1.93,1.935,755500000.0,-1483400000.0,1605500000.0,1605500000.0,0.0,,,,,0.0,444600000.0,1.0,382263348.0,383100000,384100000.0,4.191,21106800000.0,0.0,-14900000.0,1684500000.0,55.095,-936400000.0
6,NI,MRQ,2019-12-31,2019-12-31,2019-12-31,2021-08-25,-92600000.0,22659800000.0,,1853900000.0,20805900000.0,,15.88,-492400000.0,148400000.0,148400000.0,404300000.0,-139300000.0,0.495,2.785,9642800000.0,1786600000.0,7856200000.0,9642800000.0,0.0,182200000.0,256400000.0,0.029,0.2,-43500000.0,138700000.0,0.099,138700000.0,-43500000.0,-136800000.0,-0.41,-0.41,-0.41,5986700000.0,,5986700000.0,19842227627.0,22.0,12.379,-140900000.0,-0.374,1.0,992900000.0,0.711,1485900000.0,93300000.0,26922500000.0,,424700000.0,230200000.0,0.0,230200000.0,16673100000.0,3745800000.0,12927300000.0,10399427627.0,111400000.0,0.0,233500000.0,155000000.0,-74700000.0,288500000.0,-528600000.0,-8400000.0,351500000.0,0.0,-139300000.0,-153000000.0,-153000000.0,0.0,0.0,-0.11,1030900000.0,-38000000.0,725700000.0,-0.488,1.737,31.706,31.636,16912200000.0,13700000.0,27.84,1.996,2.002,905400000.0,-1370800000.0,1397200000.0,1397200000.0,0.0,,,,,25900000.0,359200000.0,1.0,373542659.0,377000000,378400000.0,3.706,21173900000.0,79500000.0,2500000.0,1716900000.0,56.164,-1891900000.0
7,NI,MRQ,2019-09-30,2019-09-30,2019-09-30,2021-08-25,-130300000.0,22132300000.0,,1378300000.0,20754000000.0,,15.634,-466500000.0,37000000.0,37000000.0,196700000.0,6600000.0,0.413,2.784,9479800000.0,1626000000.0,7853800000.0,9479800000.0,0.0,182200000.0,242800000.0,0.027,0.2,92300000.0,274500000.0,0.295,274500000.0,92300000.0,-3600000.0,-0.02,-0.02,-0.02,5848500000.0,,5848500000.0,20339549331.0,24.0,13.133,-160900000.0,-0.43,1.0,734800000.0,0.789,1903200000.0,95900000.0,26332200000.0,,448700000.0,219700000.0,0.0,219700000.0,16283800000.0,3339700000.0,12944100000.0,11170549331.0,4600000.0,0.0,3800000.0,281600000.0,-74700000.0,194800000.0,-495800000.0,100000.0,305600000.0,0.0,6600000.0,-7200000.0,-7200000.0,0.0,0.0,-0.008,643800000.0,91000000.0,549700000.0,-10.0,1.91,24.221,24.129,16480900000.0,13800000.0,29.92,2.118,2.123,569600000.0,-1231600000.0,931500000.0,931500000.0,0.0,,,,,0.0,393900000.0,1.0,373347237.0,374100000,374100000.0,2.49,20229100000.0,0.0,-10200000.0,1634500000.0,54.074,-1961400000.0
8,NI,MRQ,2019-06-30,2019-06-30,2019-06-30,2021-08-25,-80800000.0,21974200000.0,,1578000000.0,20396200000.0,,15.983,-489800000.0,32400000.0,32400000.0,253500000.0,296900000.0,0.414,2.677,9201400000.0,2091700000.0,7109700000.0,9201400000.0,0.0,177900000.0,159100000.0,0.027,0.2,463200000.0,641100000.0,0.635,641100000.0,463200000.0,369100000.0,0.76,0.75,0.76,5976200000.0,,5976200000.0,19826071872.0,48.0,18.493,37300000.0,0.1,1.0,756900000.0,0.749,1905900000.0,94100000.0,25423600000.0,,318600000.0,217600000.0,0.0,217600000.0,15998000000.0,3813700000.0,12184300000.0,10745371872.0,-128400000.0,0.0,4000000.0,-42700000.0,-74600000.0,-132900000.0,-522600000.0,-3600000.0,527100000.0,0.0,296900000.0,283100000.0,283100000.0,0.0,0.0,0.28,293400000.0,463500000.0,594500000.0,0.263,1.798,87.148,92.903,16133800000.0,13800000.0,28.8,2.052,2.056,911700000.0,-1144000000.0,1010400000.0,1010400000.0,0.0,,,,,0.0,49200000.0,1.0,373103190.0,373900000,375200000.0,2.702,20068300000.0,0.0,72200000.0,1650700000.0,53.673,-2235700000.0
9,NI,MRQ,2019-03-31,2019-03-31,2019-03-31,2021-08-25,-52800000.0,21889900000.0,,1915800000.0,19974100000.0,,15.478,-353700000.0,160800000.0,160800000.0,680300000.0,218900000.0,0.477,2.787,9241500000.0,2131400000.0,7110100000.0,9241500000.0,0.0,175100000.0,152600000.0,0.027,0.2,373500000.0,548600000.0,0.293,548600000.0,373500000.0,277900000.0,0.55,0.55,0.55,5779600000.0,,5779600000.0,19687188501.0,306.0,28.355,45400000.0,0.122,1.0,1189500000.0,0.636,1908700000.0,95600000.0,25046700000.0,,215700000.0,210600000.0,0.0,210600000.0,16110300000.0,4015200000.0,12095100000.0,10675688501.0,39700000.0,0.0,3100000.0,100500000.0,-74500000.0,16000000.0,-375400000.0,3600000.0,399100000.0,0.0,218900000.0,205100000.0,205100000.0,0.0,0.0,0.11,815300000.0,374200000.0,690700000.0,0.364,1.847,-78.153,-75.421,15741400000.0,13800000.0,28.66,2.04,2.045,1204200000.0,-1358000000.0,1869800000.0,1869800000.0,0.0,,,,,0.0,552400000.0,1.0,372494365.0,373400000,374700000.0,5.007,19981200000.0,0.0,59000000.0,1635200000.0,53.512,-2099400000.0
10,NI,MRQ,2018-12-31,2018-12-31,2018-12-31,2021-08-25,-37200000.0,21804000000.0,,2055400000.0,19748600000.0,,15.556,-521600000.0,121100000.0,121100000.0,501600000.0,-11700000.0,0.509,2.791,9132600000.0,2027200000.0,7105400000.0,9132600000.0,0.0,161800000.0,238900000.0,0.031,0.195,-77300000.0,84500000.0,0.058,84500000.0,-77300000.0,-165400000.0,-0.05,-0.05,-0.05,5750900000.0,,5750900000.0,17909624233.0,146.0,24.795,-908700000.0,-2.458,1.0,960100000.0,0.657,1911400000.0,88100000.0,24867300000.0,,422500000.0,206100000.0,0.0,206100000.0,16053100000.0,4036800000.0,12016300000.0,9209324233.0,67300000.0,0.0,236600000.0,364000000.0,-70800000.0,1004000000.0,-549600000.0,5200000.0,-387100000.0,0.0,-11700000.0,-19800000.0,-19800000.0,0.0,0.0,-0.014,1038500000.0,-78400000.0,969300000.0,-3.9,1.601,-140.386,-140.833,15542500000.0,8100000.0,25.35,1.801,1.767,1146900000.0,-1399300000.0,1461700000.0,1461700000.0,0.0,,,,,28600000.0,804400000.0,1.0,363286952.0,369700000,369700000.0,3.954,19892600000.0,0.0,-153700000.0,1564400000.0,53.807,-1981400000.0
11,NI,MRQ,2018-09-30,2018-09-30,2018-09-30,2021-08-25,2500000.0,20699400000.0,,1369100000.0,19330300000.0,,13.943,-464100000.0,53800000.0,53800000.0,222000000.0,-339500000.0,0.401,3.08,8754100000.0,1659600000.0,7094500000.0,8754100000.0,0.0,148500000.0,238400000.0,0.03,0.195,-350600000.0,-202100000.0,-0.226,-202100000.0,-350600000.0,-434000000.0,-0.95,-0.95,-0.95,5073700000.0,,5073700000.0,17255974190.0,38.0,16.64,-346400000.0,-0.952,1.0,673000000.0,0.752,1914200000.0,83400000.0,24074300000.0,,466900000.0,217100000.0,0.0,217100000.0,15625700000.0,3411200000.0,12214500000.0,9046874190.0,-27300000.0,0.0,3900000.0,458300000.0,-70800000.0,360400000.0,-505400000.0,-12900000.0,117700000.0,0.0,-339500000.0,-345100000.0,-345100000.0,0.0,0.0,-0.386,988900000.0,-315900000.0,491900000.0,-0.205,1.783,-92.127,-113.273,15174400000.0,5600000.0,24.92,1.802,1.806,537700000.0,-1387500000.0,895000000.0,895000000.0,0.0,,,,,0.0,780800000.0,1.0,363036685.0,363900000,363900000.0,2.459,18785200000.0,0.0,-94500000.0,1453400000.0,51.622,-2042100000.0
12,NI,MRQ,2018-06-30,2018-06-30,2018-06-30,2021-08-25,-20900000.0,20307900000.0,,1315700000.0,18992200000.0,,15.423,-462500000.0,81100000.0,81100000.0,313300000.0,24500000.0,0.514,2.717,8290200000.0,1197700000.0,7092500000.0,8290200000.0,0.0,144600000.0,158000000.0,0.028,0.195,118700000.0,263300000.0,0.261,263300000.0,118700000.0,30000000.0,0.07,0.07,0.07,5463000000.0,,5463000000.0,17947838662.0,20.0,12.074,-41200000.0,-0.116,1.0,693700000.0,0.689,1916900000.0,88700000.0,24039700000.0,,336500000.0,203800000.0,0.0,203800000.0,14844900000.0,2560400000.0,12284500000.0,8875738662.0,36400000.0,0.0,603600000.0,-829500000.0,-66000000.0,87300000.0,-472200000.0,0.0,421300000.0,0.0,24500000.0,23200000.0,23200000.0,0.0,0.0,0.023,575300000.0,118400000.0,491900000.0,2.786,1.625,34.02,34.13,14847900000.0,1300000.0,26.28,1.76,1.846,614400000.0,-965500000.0,1007000000.0,1007000000.0,0.0,,,,,0.0,365200000.0,1.0,337737392.0,354200000,355200000.0,2.843,18391000000.0,0.0,5500000.0,1574400000.0,51.923,-1244700000.0
13,NI,MRQ,2018-03-31,2018-03-31,2018-03-31,2021-08-25,-19000000.0,20098500000.0,,1633800000.0,18464700000.0,,13.332,-370000000.0,44700000.0,44700000.0,724400000.0,276100000.0,0.506,3.46,9116800000.0,1830000000.0,7286800000.0,9116800000.0,0.0,144700000.0,154700000.0,0.03,0.195,431900000.0,576600000.0,0.329,576600000.0,431900000.0,338800000.0,0.82,0.81,0.82,4506200000.0,,4506200000.0,17021847921.0,21.0,12.316,18200000.0,0.054,1.0,1026400000.0,0.586,1919600000.0,93100000.0,24024800000.0,,245300000.0,206300000.0,0.0,206300000.0,15592300000.0,3226200000.0,12366100000.0,8058047921.0,6300000.0,0.0,100000.0,82600000.0,-65700000.0,17000000.0,-398900000.0,0.0,388200000.0,0.0,276100000.0,276100000.0,276100000.0,0.0,0.0,0.158,625800000.0,400600000.0,508800000.0,0.238,1.788,41.687,42.696,14456600000.0,0.0,23.91,1.603,1.608,1027400000.0,-919200000.0,1750800000.0,1750800000.0,0.0,,,,,0.0,402500000.0,1.0,337015806.0,338000000,339000000.0,5.18,18178900000.0,0.0,62700000.0,1609700000.0,53.784,-1592400000.0
14,NI,MRQ,2017-12-31,2017-12-31,2017-12-31,2021-08-25,-43400000.0,19961700000.0,,1763300000.0,18198400000.0,,12.8,-479400000.0,38400000.0,38400000.0,456000000.0,-52400000.0,0.555,3.621,9002200000.0,1490000000.0,7512200000.0,9002200000.0,0.0,141800000.0,262600000.0,0.027,0.175,257400000.0,399200000.0,0.292,399200000.0,257400000.0,165000000.0,-0.16,-0.16,-0.16,4320100000.0,,4320100000.0,17268794099.0,22.0,12.637,-266800000.0,-0.791,1.0,912300000.0,0.667,1922400000.0,92400000.0,23824700000.0,,471100000.0,209600000.0,0.0,209600000.0,15641600000.0,3178400000.0,12463200000.0,8645494099.0,10100000.0,0.0,2800000.0,359900000.0,-58900000.0,299300000.0,-501800000.0,4700000.0,212600000.0,0.0,-52400000.0,-52400000.0,-52400000.0,0.0,0.0,-0.038,641700000.0,270600000.0,685200000.0,-1.094,2.001,67.28,65.821,14359500000.0,0.0,25.67,1.774,1.735,944700000.0,-1073100000.0,1368300000.0,1368300000.0,0.0,,,,,40100000.0,426800000.0,1.0,336793693.0,337500000,339200000.0,4.054,18039300000.0,0.0,217400000.0,1513400000.0,53.45,-1415100000.0
15,NI,MRQ,2017-09-30,2017-09-30,2017-09-30,2021-08-25,-43700000.0,19269500000.0,,1332400000.0,17937100000.0,,13.177,-484200000.0,28300000.0,28300000.0,233600000.0,14000000.0,0.519,3.417,8651600000.0,1133000000.0,7518600000.0,8651600000.0,0.0,143000000.0,253100000.0,0.027,0.175,104400000.0,247400000.0,0.27,247400000.0,104400000.0,16500000.0,0.04,0.04,0.04,4363000000.0,,4363000000.0,16546122359.0,22.0,12.378,-606000000.0,-1.83,1.0,683400000.0,0.745,1925100000.0,87900000.0,23400900000.0,,511500000.0,213300000.0,0.0,213300000.0,14906500000.0,2566800000.0,12339700000.0,8339022359.0,-4500000.0,0.0,286400000.0,417800000.0,-57000000.0,638100000.0,-520800000.0,-11000000.0,-121800000.0,0.0,14000000.0,14000000.0,14000000.0,0.0,0.0,0.015,572200000.0,111200000.0,515400000.0,4.375,1.911,30.92,31.207,14042100000.0,0.0,25.59,1.736,1.764,522900000.0,-1020600000.0,917000000.0,917000000.0,0.0,,,,,0.0,371700000.0,1.0,325870354.0,331100000,332400000.0,2.77,17344400000.0,0.0,2500000.0,2780400000.0,52.384,-1234400000.0
16,NI,MRQ,2017-06-30,2017-06-30,2017-06-30,2021-08-25,-35600000.0,18822700000.0,,1280800000.0,17541900000.0,,12.682,-420200000.0,32800000.0,32800000.0,276800000.0,-44400000.0,0.461,3.566,8239900000.0,1462500000.0,6777400000.0,8239900000.0,0.0,142200000.0,168600000.0,0.027,0.175,16700000.0,158900000.0,0.16,158900000.0,16700000.0,-71000000.0,-0.14,-0.14,-0.14,4122800000.0,,4122800000.0,16108556921.0,21.0,11.965,-179900000.0,-0.553,1.0,713900000.0,0.721,1927900000.0,87700000.0,22323600000.0,,393200000.0,201100000.0,0.0,201100000.0,14699900000.0,2778300000.0,11921600000.0,8233556921.0,-6400000.0,0.0,38300000.0,345300000.0,-56700000.0,196200000.0,-442900000.0,1000000.0,240300000.0,0.0,-44400000.0,-44400000.0,-44400000.0,0.0,0.0,-0.045,589900000.0,124000000.0,497700000.0,-1.25,1.997,29.104,29.488,13669300000.0,0.0,25.36,1.734,1.737,580300000.0,-975600000.0,990700000.0,990700000.0,0.0,,,,,0.0,391600000.0,1.0,324667071.0,325100000,325100000.0,3.047,16894800000.0,0.0,-26600000.0,2782100000.0,51.968,-1497500000.0
17,NI,MRQ,2017-03-31,2017-03-31,2017-03-31,2021-08-25,-19600000.0,18635900000.0,,1471200000.0,17164700000.0,,12.947,-312000000.0,39200000.0,39200000.0,552300000.0,211300000.0,0.402,3.447,7914200000.0,2323500000.0,5590700000.0,7914200000.0,0.0,143300000.0,166300000.0,0.028,0.175,417700000.0,561000000.0,0.351,561000000.0,417700000.0,332500000.0,0.65,0.65,0.65,4191100000.0,,4191100000.0,15561268597.0,17.0,10.685,99100000.0,0.306,1.0,1046300000.0,0.655,1930600000.0,85200000.0,20916200000.0,,275500000.0,200600000.0,0.0,200600000.0,14444800000.0,3664100000.0,10780700000.0,7687968597.0,3200000.0,0.0,2000000.0,-10400000.0,-56500000.0,-64900000.0,-343000000.0,0.0,411100000.0,0.0,211300000.0,211300000.0,211300000.0,0.0,0.0,0.132,630900000.0,415400000.0,484900000.0,0.269,1.834,21.583,21.826,13288900000.0,0.0,23.79,1.652,1.654,832600000.0,-874200000.0,1598600000.0,1598600000.0,0.0,,,,,0.0,411600000.0,1.0,323159672.0,323700000,325300000.0,4.939,16705300000.0,0.0,121200000.0,2874000000.0,51.607,-2192900000.0
18,NI,MRQ,2016-12-31,2016-12-31,2016-12-31,2021-08-25,-25100000.0,18691900000.0,,1762100000.0,16929800000.0,,12.604,-391800000.0,36000000.0,36000000.0,440600000.0,88800000.0,0.51,3.591,7909300000.0,1851100000.0,6058200000.0,7909300000.0,0.0,141100000.0,264100000.0,0.029,0.165,228300000.0,369400000.0,0.285,369400000.0,228300000.0,140300000.0,0.27,0.27,0.27,4071200000.0,,4071200000.0,14853314338.0,17.0,10.533,-120500000.0,-0.373,1.0,856400000.0,0.66,1933400000.0,88000000.0,21179600000.0,,494400000.0,199900000.0,0.0,199900000.0,14620700000.0,3452200000.0,11168500000.0,7145414338.0,-9800000.0,0.0,5000000.0,205300000.0,-53200000.0,153700000.0,-434800000.0,2200000.0,271300000.0,0.0,88800000.0,88800000.0,88800000.0,3400000.0,0.0,0.068,623600000.0,232800000.0,623100000.0,0.611,1.755,21.555,21.495,13068000000.0,0.0,22.14,1.591,1.586,852400000.0,-972200000.0,1297000000.0,1297000000.0,0.0,,,,,46500000.0,416900000.0,1.0,322737775.0,323000000,324400000.0,4.015,16758500000.0,0.0,51500000.0,2736800000.0,51.884,-1690100000.0
19,NI,MRQ,2016-09-30,2016-09-30,2016-09-30,2021-08-25,-179000000.0,18067200000.0,,1378500000.0,16688700000.0,,11.826,-410900000.0,29900000.0,29900000.0,218200000.0,27200000.0,0.473,3.74,7737800000.0,1641600000.0,6096200000.0,7737800000.0,95200000.0,136300000.0,255200000.0,0.026,0.165,120700000.0,257000000.0,0.298,257000000.0,120700000.0,35700000.0,0.08,0.08,0.08,3811600000.0,,3811600000.0,15009688499.0,18.0,10.763,-366000000.0,-1.136,1.0,643100000.0,0.747,1936100000.0,85000000.0,20927400000.0,,533700000.0,207000000.0,0.0,207000000.0,14255600000.0,2911600000.0,11344000000.0,7767888499.0,-300000.0,0.0,6600000.0,455100000.0,-53000000.0,408700000.0,-453200000.0,-9600000.0,44900000.0,0.0,27200000.0,27200000.0,27200000.0,-3500000.0,0.0,0.032,529400000.0,113700000.0,410400000.0,2.062,2.038,25.713,25.925,12853800000.0,0.0,24.11,1.809,1.81,487900000.0,-1060900000.0,861300000.0,861300000.0,0.0,,,,,0.0,336600000.0,1.0,322185338.0,322300000,323900000.0,2.672,16131100000.0,0.0,8500000.0,2528900000.0,50.05,-1533100000.0
20,NI,MRQ,2016-06-30,2016-06-30,2016-06-30,2021-08-25,-156300000.0,17617200000.0,,1259600000.0,16357600000.0,,11.845,-371500000.0,28000000.0,28000000.0,234900000.0,28900000.0,0.467,3.623,7269800000.0,1412600000.0,5857200000.0,7269800000.0,93600000.0,136900000.0,186700000.0,0.023,0.155,132000000.0,268900000.0,0.3,268900000.0,132000000.0,46000000.0,0.09,0.09,0.09,3810600000.0,,3810600000.0,15498859636.0,19.0,11.348,-187300000.0,-0.582,1.0,662700000.0,0.738,1937100000.0,86000000.0,20225700000.0,,414700000.0,196900000.0,0.0,196900000.0,13806600000.0,2696200000.0,11110400000.0,8527359636.0,-7600000.0,0.0,5200000.0,252000000.0,-49700000.0,207500000.0,-399700000.0,2100000.0,184200000.0,0.0,28900000.0,28900000.0,28900000.0,100000.0,0.0,0.032,524500000.0,138200000.0,408900000.0,1.722,2.238,31.583,31.952,12555900000.0,0.0,26.52,2.007,2.008,490300000.0,-1067400000.0,897600000.0,897600000.0,0.0,,,,,0.0,337600000.0,1.0,321544481.0,321700000,323200000.0,2.79,15680100000.0,0.0,17100000.0,2568300000.0,48.741,-1436600000.0
21,NI,MRQ,2016-03-31,2016-03-31,2016-03-31,2021-08-25,-103800000.0,17471400000.0,,1395400000.0,16076000000.0,,12.09,-301000000.0,43100000.0,43100000.0,496500000.0,186600000.0,0.559,3.512,7014600000.0,1109100000.0,5905500000.0,7014600000.0,96700000.0,132800000.0,212800000.0,0.031,0.155,382100000.0,514900000.0,0.358,514900000.0,382100000.0,291600000.0,0.58,0.58,0.58,3872300000.0,,3872300000.0,14437516054.0,20.0,11.489,1900000.0,0.006,1.0,940100000.0,0.654,1941600000.0,90500000.0,20005400000.0,,318400000.0,201500000.0,0.0,201500000.0,13599100000.0,2495900000.0,11103200000.0,7533116054.0,8500000.0,0.0,-3100000.0,73600000.0,-49600000.0,20600000.0,-315300000.0,0.0,302900000.0,0.0,186600000.0,186600000.0,186600000.0,0.0,0.0,0.13,558700000.0,381400000.0,418500000.0,0.267,1.945,36.801,37.397,12267200000.0,0.0,23.56,1.778,1.781,674300000.0,-1042900000.0,1436600000.0,1436600000.0,0.0,,,,,0.0,354700000.0,1.0,319741768.0,320300000,322500000.0,4.485,15529800000.0,0.0,105000000.0,2644400000.0,48.485,-1100500000.0
22,NI,MRQ,2015-12-31,2015-12-31,2015-12-31,2021-08-25,-35100000.0,17492500000.0,,1577200000.0,15915300000.0,,12.064,-437300000.0,45200000.0,45200000.0,336400000.0,59400000.0,0.593,3.551,6949600000.0,1001100000.0,5948500000.0,6949600000.0,0.0,133400000.0,316300000.0,0.043,0.155,220300000.0,353700000.0,0.322,353700000.0,220300000.0,126000000.0,0.18,0.19,0.18,3843500000.0,,3843500000.0,12840976673.0,16.0,9.637,-174400000.0,-0.547,1.0,761400000.0,0.694,1944400000.0,94300000.0,19795000000.0,,536600000.0,194600000.0,0.0,194600000.0,13649000000.0,2657500000.0,10991500000.0,6217276673.0,-45200000.0,0.0,4500000.0,227100000.0,-49400000.0,182200000.0,-456500000.0,3500000.0,262900000.0,0.0,59400000.0,59400000.0,59400000.0,-103500000.0,0.0,0.054,541900000.0,219500000.0,495700000.0,0.861,1.618,21.701,21.678,12111500000.0,0.0,19.51,1.337,1.332,681000000.0,-1123300000.0,1097800000.0,1097800000.0,0.0,,,,,12100000.0,349200000.0,1.0,318671280.0,318600000,317100000.0,3.446,15548100000.0,0.0,66600000.0,2563600000.0,48.801,-1080300000.0
23,NI,MRQ,2015-09-30,2015-09-30,2015-09-30,2021-08-25,-19600000.0,17055900000.0,,1637800000.0,15418100000.0,,11.947,-368700000.0,59600000.0,59600000.0,209100000.0,-4900000.0,0.79,3.488,6683300000.0,549800000.0,6133500000.0,6683300000.0,108700000.0,132500000.0,255400000.0,0.05,0.155,95800000.0,228300000.0,0.279,228300000.0,95800000.0,900000.0,-0.02,-0.02,-0.02,3800300000.0,,3800300000.0,14859987028.0,17.0,10.583,-290300000.0,-0.913,1.0,608100000.0,0.744,1947100000.0,94900000.0,19659200000.0,,564200000.0,202500000.0,0.0,202500000.0,13255600000.0,2073300000.0,11182300000.0,5896287028.0,-456300000.0,0.0,5400000.0,35700000.0,-49300000.0,-145000000.0,-398300000.0,0.0,78400000.0,0.0,-4900000.0,-4900000.0,-4900000.0,0.0,0.0,-0.006,498400000.0,109700000.0,416000000.0,-7.75,1.552,15.464,15.331,11690700000.0,0.0,18.55,1.192,1.193,520200000.0,-1182700000.0,817200000.0,817200000.0,0.0,,,,,9000000.0,311100000.0,1.0,317859139.0,318100000,321500000.0,2.569,15108800000.0,227100000.0,5800000.0,2666300000.0,47.497,-435500000.0
24,NI,MRQ,2015-06-30,2015-06-30,2015-06-30,2021-08-25,-44400000.0,25606900000.0,,2335700000.0,23271200000.0,,20.491,-311200000.0,521800000.0,521800000.0,250000000.0,-27700000.0,0.925,2.79,9485500000.0,604400000.0,8881100000.0,9485500000.0,126700000.0,133500000.0,206900000.0,0.023,0.26,26200000.0,159700000.0,0.181,159700000.0,26200000.0,-72000000.0,-0.11,-0.11,-0.11,6505900000.0,,6505900000.0,23140253628.0,25.0,16.934,199900000.0,0.63,1.0,634600000.0,0.717,3924600000.0,98200000.0,28121700000.0,,468100000.0,653000000.0,0.0,653000000.0,18151000000.0,2524300000.0,15626700000.0,14469253628.0,479600000.0,0.0,6300000.0,-2020500000.0,-82500000.0,-2750000000.0,2693300000.0,3298200000.0,511100000.0,0.0,-36400000.0,-36400000.0,-36400000.0,-45400000.0,8700000.0,-0.041,550200000.0,84400000.0,493100000.0,-2.364,2.224,34.649,34.278,16908300000.0,0.0,45.59,2.912,2.913,729800000.0,1561100000.0,884600000.0,884600000.0,0.0,,,,,12300000.0,356700000.0,1.0,317377794.0,317500000,317500000.0,2.786,21682300000.0,303800000.0,-35600000.0,4060200000.0,68.291,-188600000.0
25,NI,MRQ,2015-03-31,2015-03-31,2015-03-31,2021-08-25,-46600000.0,24898900000.0,,2261000000.0,22637900000.0,,20.605,-243500000.0,63600000.0,63600000.0,848200000.0,275300000.0,0.82,2.672,8734600000.0,776700000.0,7957900000.0,8734600000.0,131000000.0,125000000.0,172600000.0,0.023,0.26,465700000.0,590700000.0,0.319,590700000.0,465700000.0,372900000.0,0.85,0.85,0.85,6523500000.0,,6523500000.0,23913018785.0,21.0,15.109,360900000.0,1.14,1.0,1004000000.0,0.542,3928100000.0,92800000.0,26883400000.0,,318900000.0,656600000.0,0.0,656600000.0,17429200000.0,2758400000.0,14670800000.0,13963918785.0,16800000.0,0.0,-14100000.0,-1270900000.0,-82200000.0,-698800000.0,111200000.0,500000000.0,604400000.0,0.0,268400000.0,268400000.0,268400000.0,-82800000.0,6900000.0,0.145,617700000.0,386300000.0,629700000.0,0.306,2.141,26.238,26.13,16283400000.0,0.0,44.16,2.577,2.58,1229000000.0,1597500000.0,1852200000.0,1852200000.0,0.0,,,,,17300000.0,409100000.0,1.0,316211929.0,316600000,317400000.0,5.85,20970800000.0,277200000.0,104500000.0,4107300000.0,66.238,-497400000.0
26,NI,MRQ,2014-12-31,2014-12-31,2014-12-31,2021-08-25,-50600000.0,24589800000.0,,2194400000.0,22395400000.0,,19.561,-368200000.0,49800000.0,49800000.0,603300000.0,154200000.0,0.554,2.982,9995000000.0,1843500000.0,8151500000.0,9995000000.0,104300000.0,123800000.0,280900000.0,0.024,0.26,301600000.0,425400000.0,0.305,425400000.0,301600000.0,209500000.0,0.49,0.48,0.49,6175300000.0,,6175300000.0,23085486619.0,21.0,14.768,64900000.0,0.206,1.0,790000000.0,0.567,1955400000.0,92100000.0,28615300000.0,,586200000.0,213100000.0,0.0,213100000.0,18414500000.0,3964300000.0,14450200000.0,13391986619.0,136100000.0,0.0,7900000.0,261900000.0,-82100000.0,179000000.0,-604400000.0,0.0,433100000.0,0.0,154200000.0,154200000.0,154200000.0,-273800000.0,0.0,0.111,563100000.0,226900000.0,711600000.0,0.531,2.169,25.268,25.25,11057400000.0,0.0,42.42,2.54,2.535,949100000.0,1494000000.0,1393300000.0,1393300000.0,0.0,,,,,15800000.0,376800000.0,1.0,315699826.0,315700000,318400000.0,4.413,22634400000.0,0.0,55300000.0,2352100000.0,71.696,-1769900000.0
27,NI,MRQ,2014-09-30,2014-09-30,2014-09-30,2021-08-25,-41600000.0,23710100000.0,,2011600000.0,21698500000.0,,19.047,-61400000.0,33700000.0,33700000.0,262400000.0,31400000.0,0.66,2.947,9727200000.0,1329800000.0,8397400000.0,9727200000.0,130100000.0,65300000.0,257100000.0,0.025,0.26,125400000.0,190700000.0,0.228,190700000.0,125400000.0,30700000.0,0.1,0.1,0.1,6007300000.0,,6007300000.0,22165637377.0,21.0,15.345,174100000.0,0.552,1.0,575800000.0,0.687,3933600000.0,94700000.0,26421500000.0,,667600000.0,655200000.0,0.0,655200000.0,17702800000.0,3048500000.0,14654300000.0,12921737377.0,115000000.0,0.0,6300000.0,454500000.0,-82000000.0,378800000.0,-614600000.0,54800000.0,235500000.0,0.0,31400000.0,31400000.0,31400000.0,0.0,0.0,0.037,504700000.0,71100000.0,570800000.0,2.6,2.151,24.492,24.393,15586500000.0,0.0,40.98,2.554,2.555,720200000.0,1339900000.0,838200000.0,838200000.0,0.0,,,,,22300000.0,327400000.0,1.0,315318140.0,315400000,315400000.0,2.658,19776500000.0,231700000.0,-700000.0,3748300000.0,62.703,-1036900000.0
28,NI,MRQ,2014-06-30,2014-06-30,2014-06-30,2021-08-25,-41400000.0,23257800000.0,,2054500000.0,21203300000.0,,19.137,-466600000.0,27800000.0,27800000.0,371700000.0,78200000.0,0.599,2.858,9271700000.0,1631100000.0,7640600000.0,9271700000.0,132900000.0,149100000.0,241700000.0,0.025,0.25,226800000.0,375900000.0,0.282,375900000.0,226800000.0,117700000.0,0.25,0.25,0.25,6028300000.0,,6028300000.0,21319855358.0,19.0,13.511,-209600000.0,-0.665,1.0,963400000.0,0.722,3936400000.0,109100000.0,25133900000.0,,469100000.0,639000000.0,0.0,639000000.0,17229500000.0,3431400000.0,13798100000.0,12387255358.0,-19000000.0,0.0,7000000.0,284400000.0,-78700000.0,212700000.0,-489700000.0,-23800000.0,257000000.0,0.0,78200000.0,78200000.0,78200000.0,300000.0,0.0,0.059,754900000.0,208500000.0,598800000.0,1.0,2.055,22.758,22.609,15088800000.0,0.0,39.34,2.338,2.339,959700000.0,1390600000.0,1335100000.0,1335100000.0,0.0,,,,,14000000.0,533100000.0,1.0,314876852.0,315000000,316100000.0,4.238,19321400000.0,0.0,39500000.0,3707100000.0,61.338,-1376900000.0
29,NI,MRQ,2014-03-31,2014-03-31,2014-03-31,2021-08-25,-42500000.0,23107300000.0,,2320100000.0,20787200000.0,,19.135,-386300000.0,48900000.0,48900000.0,1061300000.0,266200000.0,0.694,2.843,8981500000.0,1343000000.0,7638500000.0,8981500000.0,129900000.0,148700000.0,239400000.0,0.028,0.25,538000000.0,686700000.0,0.296,686700000.0,538000000.0,428900000.0,0.85,0.85,0.85,6012100000.0,,6012100000.0,19955314655.0,19.0,12.858,7700000.0,0.025,1.0,1259200000.0,0.543,3939100000.0,109100000.0,24760000000.0,,225600000.0,610200000.0,0.0,610200000.0,17095200000.0,3340800000.0,13754400000.0,11156114655.0,11200000.0,0.0,-1100000.0,104700000.0,-78500000.0,25100000.0,-407900000.0,-31000000.0,394000000.0,0.0,266200000.0,266200000.0,266200000.0,200000.0,0.0,0.115,735300000.0,523900000.0,857500000.0,0.294,1.856,20.744,20.657,14657700000.0,0.0,35.53,2.16,2.162,1432600000.0,1394400000.0,2320500000.0,2320500000.0,0.0,,,,,13900000.0,501200000.0,1.0,313991406.0,314200000,315100000.0,7.385,19168200000.0,4100000.0,162700000.0,3690900000.0,61.006,-1020700000.0
30,NI,MRQ,2013-12-31,2013-12-31,2013-12-31,2021-08-25,-43600000.0,22653900000.0,,2159200000.0,20494700000.0,,18.789,92200000.0,34800000.0,34800000.0,694700000.0,151800000.0,0.679,2.848,8834000000.0,1240800000.0,7593200000.0,8834000000.0,127500000.0,39000000.0,262600000.0,0.03,0.25,152200000.0,191200000.0,0.338,191200000.0,152200000.0,81200000.0,0.48,0.48,0.48,5886600000.0,,5886600000.0,18719034471.0,18.0,12.594,450400000.0,1.438,1.0,-129800000.0,-0.23,3941900000.0,71000000.0,24332800000.0,,500400000.0,577700000.0,0.0,577700000.0,16767300000.0,3178400000.0,13588900000.0,10301134471.0,341500000.0,0.0,7500000.0,364600000.0,-78300000.0,293800000.0,-640100000.0,77100000.0,358200000.0,0.0,151800000.0,151800000.0,151800000.0,42400000.0,0.0,0.269,-54200000.0,-75600000.0,805400000.0,0.521,1.75,19.359,19.341,14365100000.0,0.0,32.88,2.227,2.221,1076400000.0,1285500000.0,564900000.0,564900000.0,0.0,,,,,8800000.0,-121200000.0,1.0,313294844.0,313300000,315400000.0,1.803,18712000000.0,175300000.0,-70600000.0,3553500000.0,59.726,-1019200000.0
31,NI,MRQ,2013-09-30,2013-09-30,2013-09-30,2021-08-25,-60400000.0,22084100000.0,,1745500000.0,20338600000.0,,18.225,-495600000.0,33200000.0,33200000.0,243000000.0,48100000.0,0.581,2.874,8451100000.0,1362000000.0,7089100000.0,8451100000.0,139300000.0,144500000.0,249200000.0,0.024,0.25,179700000.0,324200000.0,0.301,324200000.0,179700000.0,76000000.0,0.16,0.16,0.16,5700900000.0,,5700900000.0,17646922827.0,15.0,10.119,-311500000.0,-0.996,1.0,833800000.0,0.774,3944600000.0,103700000.0,23551800000.0,,594500000.0,529400000.0,0.0,529400000.0,16383200000.0,3005600000.0,13377600000.0,9655622827.0,-23800000.0,0.0,11900000.0,388900000.0,-78100000.0,319500000.0,-533200000.0,-44400000.0,184100000.0,0.0,48100000.0,48100000.0,48100000.0,1400000.0,0.0,0.045,667900000.0,165900000.0,576900000.0,1.562,1.694,18.774,18.497,13912400000.0,0.0,30.89,1.77,1.772,675300000.0,1133800000.0,1076800000.0,1076800000.0,0.0,,,,,16700000.0,468900000.0,1.0,312580862.0,312800000,313800000.0,3.442,18139500000.0,6400000.0,27900000.0,3336700000.0,57.991,-1260100000.0
32,NI,MRQ,2013-06-30,2013-06-30,2013-06-30,2021-08-25,-62000000.0,21621600000.0,,1707600000.0,19914000000.0,,18.266,-432400000.0,73800000.0,73800000.0,349300000.0,71700000.0,0.826,2.791,8065100000.0,448400000.0,7616700000.0,8065100000.0,134400000.0,143300000.0,164700000.0,0.025,0.24,206600000.0,349900000.0,0.291,349900000.0,206600000.0,104600000.0,0.23,0.23,0.23,5702700000.0,,5702700000.0,16836639222.0,15.0,10.013,13000000.0,0.042,1.0,852200000.0,0.709,3947400000.0,102000000.0,23597500000.0,,419700000.0,468500000.0,0.0,468500000.0,15918900000.0,2068000000.0,13850900000.0,8936739222.0,-58500000.0,0.0,6600000.0,37900000.0,-74800000.0,-30300000.0,-472000000.0,-15600000.0,445400000.0,0.0,71700000.0,71700000.0,71700000.0,700000.0,0.0,0.06,666200000.0,186000000.0,519300000.0,1.043,1.567,18.407,18.242,13473900000.0,0.0,28.64,1.676,1.676,797600000.0,1164100000.0,1201500000.0,1201500000.0,0.0,,,,,12400000.0,452400000.0,1.0,312036984.0,312200000,313200000.0,3.848,17674200000.0,6400000.0,32900000.0,3287700000.0,56.612,-360400000.0
33,NI,MRQ,2013-03-31,2013-03-31,2013-03-31,2021-08-25,-62300000.0,21636400000.0,,2031800000.0,19604600000.0,,18.292,-369300000.0,124500000.0,124500000.0,676000000.0,260500000.0,0.683,2.802,8024400000.0,1220500000.0,6803900000.0,8024400000.0,130700000.0,143600000.0,167600000.0,0.024,0.24,477500000.0,621100000.0,0.349,621100000.0,477500000.0,378900000.0,0.84,0.83,0.84,5690700000.0,,5690700000.0,17150357915.0,15.0,10.161,79800000.0,0.257,1.0,1106200000.0,0.621,3950100000.0,98600000.0,22611800000.0,,240700000.0,451200000.0,0.0,451200000.0,15945700000.0,2974400000.0,12971300000.0,9130257915.0,-68700000.0,0.0,9600000.0,-72800000.0,-74700000.0,-137900000.0,-246100000.0,-17100000.0,449100000.0,0.0,260500000.0,260500000.0,260500000.0,-44500000.0,0.0,0.146,684400000.0,421800000.0,603400000.0,0.286,1.604,18.895,18.453,13118900000.0,0.0,29.34,1.766,1.765,1141400000.0,1170500000.0,1782200000.0,1782200000.0,0.0,,,,,10600000.0,454300000.0,1.0,311188068.0,311100000,312100000.0,5.729,17686300000.0,80500000.0,118400000.0,3262100000.0,56.851,-942600000.0
34,NI,MRQ,2012-12-31,2012-12-31,2012-12-31,2021-08-25,-65500000.0,21844700000.0,,2367700000.0,19477000000.0,,17.923,-476600000.0,83100000.0,83100000.0,426600000.0,134000000.0,0.713,2.933,8103200000.0,1284100000.0,6819100000.0,8103200000.0,126900000.0,143900000.0,269600000.0,0.028,0.0,304900000.0,448800000.0,0.322,448800000.0,304900000.0,201000000.0,0.44,0.44,0.44,5554300000.0,,5554300000.0,15500705435.0,15.0,9.622,-142900000.0,-0.461,1.0,967000000.0,0.694,3963900000.0,103900000.0,22581600000.0,,495700000.0,437700000.0,0.0,437700000.0,16290400000.0,3319300000.0,12971100000.0,7709805435.0,12000000.0,0.0,7100000.0,231500000.0,-74400000.0,164200000.0,-473900000.0,-9100000.0,333700000.0,0.0,134000000.0,134000000.0,134000000.0,-1900000.0,0.0,0.096,668400000.0,298600000.0,685100000.0,0.0,1.388,18.529,17.406,12915900000.0,0.0,24.89,1.532,1.444,958600000.0,1059600000.0,1393600000.0,1393600000.0,0.0,,,,,12000000.0,452100000.0,1.0,309755140.0,309900000,311500000.0,4.497,17880800000.0,130900000.0,67000000.0,3213600000.0,57.699,-951600000.0
35,NI,MRQ,2012-09-30,2012-09-30,2012-09-30,2021-08-25,-56800000.0,20838600000.0,,1838700000.0,18999900000.0,,18.639,-404300000.0,77400000.0,77400000.0,227200000.0,19300000.0,0.674,2.851,7868300000.0,1048600000.0,6819700000.0,7868300000.0,139700000.0,125300000.0,263600000.0,0.036,0.24,136400000.0,261700000.0,0.274,261700000.0,136400000.0,28500000.0,0.06,0.06,0.06,5410800000.0,,5410800000.0,15022997261.0,17.0,10.626,-234300000.0,-0.807,1.0,729000000.0,0.762,3966700000.0,107900000.0,21935700000.0,,539700000.0,411700000.0,0.0,411700000.0,15427800000.0,2727100000.0,12700700000.0,7259397261.0,-23200000.0,0.0,346400000.0,-106100000.0,-68400000.0,171900000.0,-382400000.0,-3700000.0,170000000.0,0.0,19300000.0,19300000.0,19300000.0,-2700000.0,0.0,0.02,605500000.0,123500000.0,424800000.0,4.0,1.342,24.459,24.5,12542700000.0,0.0,25.48,1.492,1.52,557100000.0,925700000.0,956200000.0,956200000.0,0.0,,,,,13300000.0,418600000.0,1.0,284905701.0,290300000,300000000.0,3.294,16871900000.0,56000000.0,9200000.0,2956300000.0,58.119,-888400000.0
36,NI,MRQ,2012-06-30,2012-06-30,2012-06-30,2021-08-25,-59000000.0,20409400000.0,,1751600000.0,18657800000.0,,17.951,-326100000.0,137800000.0,137800000.0,238800000.0,69400000.0,0.658,2.998,7901400000.0,1094500000.0,6806900000.0,7901400000.0,95000000.0,147300000.0,201800000.0,0.037,0.23,208900000.0,356200000.0,0.343,356200000.0,208900000.0,105700000.0,0.25,0.23,0.25,5105300000.0,,5105300000.0,14692481702.0,17.0,10.243,-34300000.0,-0.121,1.0,800000000.0,0.77,3969400000.0,103200000.0,21541300000.0,,428100000.0,368300000.0,0.0,368300000.0,15304100000.0,2662300000.0,12641800000.0,7031281702.0,11200000.0,0.0,12500000.0,52900000.0,-65300000.0,-3300000.0,-274200000.0,-2300000.0,291800000.0,0.0,69400000.0,69400000.0,69400000.0,-1100000.0,0.0,0.067,603500000.0,196500000.0,393500000.0,0.92,1.377,22.522,22.5,12149000000.0,0.0,24.75,1.412,1.414,596000000.0,980900000.0,1038800000.0,1038800000.0,0.0,,,,,10800000.0,391100000.0,1.0,284092190.0,284400000,295800000.0,3.653,16440000000.0,700000.0,36300000.0,2942900000.0,57.806,-910700000.0
37,NI,MRQ,2012-03-31,2012-03-31,2012-03-31,2021-08-25,-60900000.0,20445900000.0,,1970300000.0,18475600000.0,,17.959,-291800000.0,188200000.0,188200000.0,627400000.0,193400000.0,0.53,3.024,7849400000.0,2015000000.0,5834400000.0,7849400000.0,91300000.0,145400000.0,215100000.0,0.038,0.23,398900000.0,544300000.0,0.33,544300000.0,398900000.0,295600000.0,0.68,0.66,0.68,5080500000.0,,5080500000.0,14652787140.0,18.0,10.632,188200000.0,0.665,1.0,1021500000.0,0.62,3972200000.0,103300000.0,20416500000.0,,354200000.0,361300000.0,0.0,361300000.0,15365400000.0,3718400000.0,11647000000.0,6871087140.0,24800000.0,0.0,7500000.0,-100700000.0,-65100000.0,-158300000.0,-294700000.0,-5300000.0,480000000.0,0.0,193400000.0,193400000.0,193400000.0,-900000.0,0.0,0.117,631500000.0,390000000.0,447000000.0,0.338,1.352,24.279,24.596,11902000000.0,0.0,24.35,1.329,1.333,806700000.0,980000000.0,1648900000.0,1648900000.0,0.0,,,,,8900000.0,400900000.0,1.0,282180170.0,282900000,293100000.0,5.829,16473700000.0,700000.0,102200000.0,2915900000.0,58.232,-1748100000.0
38,NI,MRQ,2011-12-31,2011-12-31,2011-12-31,2021-08-25,-59700000.0,20708300000.0,,2269100000.0,18439200000.0,,17.765,-348500000.0,172100000.0,172100000.0,347000000.0,14700000.0,0.622,3.144,7953800000.0,1686700000.0,6267100000.0,7953800000.0,88600000.0,132000000.0,313600000.0,0.039,0.23,119600000.0,251600000.0,0.206,251600000.0,119600000.0,22700000.0,0.05,0.04,0.05,4997300000.0,,4997300000.0,14070453053.0,17.0,10.209,-272400000.0,-0.968,1.0,875400000.0,0.716,3974900000.0,96900000.0,20868700000.0,,565100000.0,355600000.0,0.0,355600000.0,15711000000.0,3646400000.0,12064600000.0,6693253053.0,-59300000.0,0.0,9300000.0,369700000.0,-64500000.0,260600000.0,-347400000.0,-6200000.0,76100000.0,0.0,14700000.0,14700000.0,14700000.0,8700000.0,0.0,0.012,686100000.0,189300000.0,603000000.0,4.6,1.339,22.378,22.462,11779200000.0,0.0,23.81,1.164,1.161,915500000.0,917000000.0,1222400000.0,1222400000.0,0.0,,,,,11800000.0,465300000.0,1.0,281111006.0,281300000,291800000.0,4.346,16733400000.0,900000.0,8000000.0,2791800000.0,59.486,-1377300000.0
39,NI,MRQ,2011-09-30,2011-09-30,2011-09-30,2021-08-25,-54400000.0,19742100000.0,,1860500000.0,17881600000.0,,17.771,-329200000.0,202300000.0,202300000.0,323100000.0,34700000.0,0.644,2.956,7579500000.0,1242200000.0,6337300000.0,7579500000.0,82500000.0,134900000.0,281300000.0,0.043,0.23,147400000.0,282300000.0,0.264,282300000.0,147400000.0,51700000.0,0.12,0.12,0.12,4990000000.0,,4990000000.0,13025419131.0,15.0,9.313,-271100000.0,-0.965,1.0,745600000.0,0.698,3977700000.0,95700000.0,20254400000.0,,595300000.0,364500000.0,0.0,364500000.0,14752100000.0,2887200000.0,11864900000.0,5999519131.0,-33200000.0,0.0,7100000.0,340200000.0,-64600000.0,282700000.0,-378500000.0,-100000.0,58100000.0,0.0,34700000.0,34700000.0,34700000.0,1600000.0,0.0,0.032,601700000.0,143900000.0,422700000.0,1.917,1.202,19.454,19.436,11548700000.0,0.0,21.38,0.963,0.963,605200000.0,922600000.0,1068700000.0,1068700000.0,0.0,,,,,10200000.0,407200000.0,1.0,280613617.0,280800000,289000000.0,3.806,15764400000.0,1200000.0,17000000.0,2618100000.0,56.141,-1026700000.0
40,NI,MRQ,2011-06-30,2011-06-30,2011-06-30,2021-08-25,-54500000.0,19346300000.0,,1745100000.0,17601200000.0,,17.857,-235600000.0,214500000.0,214500000.0,462500000.0,40200000.0,0.682,2.867,7240400000.0,900400000.0,6340000000.0,7240400000.0,80500000.0,134500000.0,183100000.0,0.045,0.23,165500000.0,300000000.0,0.244,300000000.0,165500000.0,71100000.0,0.14,0.14,0.14,5003400000.0,,5003400000.0,12671284638.0,15.0,9.085,78300000.0,0.279,1.0,765800000.0,0.623,3980400000.0,94400000.0,19833700000.0,,410200000.0,348000000.0,0.0,348000000.0,14342900000.0,2558100000.0,11784800000.0,5671684638.0,26800000.0,0.0,3900000.0,-7600000.0,-64500000.0,-68200000.0,-248300000.0,-100000.0,313900000.0,0.0,40200000.0,40200000.0,40200000.0,600000.0,0.0,0.033,602600000.0,163200000.0,471600000.0,1.643,1.134,18.481,18.409,11295000000.0,0.0,20.25,0.9,0.9,756500000.0,952600000.0,1228300000.0,1228300000.0,0.0,,,,,9400000.0,400300000.0,1.0,280083192.0,280200000,287100000.0,4.384,15365900000.0,1200000.0,30900000.0,2579900000.0,54.839,-813000000.0
41,NI,MRQ,2011-03-31,2011-03-31,2011-03-31,2021-08-25,-56700000.0,19478800000.0,,1985200000.0,17493600000.0,,17.953,-209400000.0,227400000.0,227400000.0,1170900000.0,209500000.0,0.641,2.885,7227000000.0,1299400000.0,5927600000.0,7227000000.0,80200000.0,134300000.0,181600000.0,0.048,0.23,410100000.0,544400000.0,0.244,544400000.0,410100000.0,320300000.0,0.75,0.73,0.75,5014300000.0,,5014300000.0,12497576470.0,15.0,9.003,212700000.0,0.762,1.0,1060700000.0,0.475,3983200000.0,89800000.0,19399100000.0,,219100000.0,338900000.0,0.0,338900000.0,14464500000.0,3096100000.0,11368400000.0,5356876470.0,68000000.0,0.0,1000000.0,-122300000.0,-64200000.0,-193700000.0,-175100000.0,0.0,422100000.0,0.0,209500000.0,209500000.0,209500000.0,-400000.0,0.0,0.094,657300000.0,403400000.0,569000000.0,0.307,1.068,18.171,18.094,11140600000.0,0.0,19.18,0.858,0.858,1128700000.0,978300000.0,2231600000.0,2231600000.0,0.0,,,,,7800000.0,429300000.0,1.0,279294915.0,279300000,285000000.0,7.99,15495600000.0,20400000.0,110800000.0,2617100000.0,55.48,-1110900000.0
42,NI,MRQ,2010-12-31,2010-12-31,2010-12-31,2021-08-25,-57900000.0,19913400000.0,,2425900000.0,17487500000.0,,17.573,-247600000.0,212100000.0,212100000.0,818400000.0,24000000.0,0.662,3.066,7352800000.0,1416700000.0,5936100000.0,7352800000.0,75700000.0,140300000.0,318100000.0,0.052,0.23,131700000.0,272000000.0,0.16,272000000.0,131700000.0,34200000.0,0.09,0.08,0.09,4897500000.0,,4897500000.0,12032149359.0,15.0,8.597,145300000.0,0.521,1.0,884900000.0,0.52,3985900000.0,97500000.0,19401900000.0,,428000000.0,340600000.0,0.0,340600000.0,15015900000.0,3666300000.0,11349600000.0,4903749359.0,-56200000.0,0.0,3700000.0,-58900000.0,-64200000.0,-212400000.0,-182200000.0,-200000.0,392900000.0,0.0,24000000.0,24000000.0,24000000.0,-6000000.0,0.0,0.014,662700000.0,222200000.0,847900000.0,2.556,1.001,17.352,17.275,11097000000.0,0.0,17.62,0.77,0.768,1142000000.0,876100000.0,1703300000.0,1703300000.0,0.0,,,,,7700000.0,447800000.0,1.0,278305866.0,278700000,283700000.0,6.112,15927500000.0,99000000.0,10200000.0,2447900000.0,57.149,-1240400000.0
43,NI,MRQ,2010-09-30,2010-09-30,2010-09-30,2021-08-25,-57400000.0,19525400000.0,,2195500000.0,17329900000.0,,17.54,-216800000.0,287400000.0,287400000.0,420000000.0,33200000.0,0.675,3.003,7415800000.0,1451500000.0,5964300000.0,7415800000.0,81400000.0,153100000.0,290500000.0,0.053,0.23,125200000.0,278300000.0,0.245,278300000.0,125200000.0,27600000.0,0.12,0.12,0.12,4877900000.0,,4877900000.0,11525560441.0,13.0,7.592,-286800000.0,-1.031,1.0,718100000.0,0.631,3988700000.0,97600000.0,19413900000.0,,570500000.0,346300000.0,0.0,346300000.0,14647500000.0,3251200000.0,11396300000.0,4836760441.0,13600000.0,0.0,3800000.0,500700000.0,-63800000.0,440700000.0,-367200000.0,-63600000.0,-70000000.0,0.0,33200000.0,33200000.0,33200000.0,200000.0,0.0,0.029,598300000.0,119800000.0,453900000.0,1.917,0.992,13.923,13.92,10921500000.0,0.0,17.4,0.761,0.762,591000000.0,868500000.0,1138100000.0,1138100000.0,0.0,,,,,17200000.0,382100000.0,1.0,277974738.0,278100000,279900000.0,4.092,15536700000.0,97600000.0,-5600000.0,2411200000.0,55.867,-1055700000.0
44,NI,MRQ,2010-06-30,2010-06-30,2010-06-30,2021-08-25,-60400000.0,19048100000.0,,1893400000.0,17154700000.0,,17.633,-198100000.0,220100000.0,220100000.0,439100000.0,28100000.0,0.697,2.891,6908900000.0,931600000.0,5977300000.0,6908900000.0,85700000.0,151600000.0,196500000.0,0.063,0.23,141900000.0,293500000.0,0.251,293500000.0,141900000.0,43500000.0,0.1,0.1,0.1,4894900000.0,,4894900000.0,10749212538.0,12.0,7.251,121100000.0,0.436,1.0,732000000.0,0.625,3991400000.0,98400000.0,19028100000.0,,389300000.0,269800000.0,0.0,269800000.0,14153200000.0,2717400000.0,11435800000.0,4022912538.0,-89500000.0,0.0,3200000.0,-162200000.0,-63900000.0,-222900000.0,-199500000.0,-300000.0,319200000.0,0.0,28100000.0,28100000.0,28100000.0,-100000.0,0.0,0.024,593200000.0,138800000.0,486000000.0,2.3,0.822,13.464,13.426,10800000000.0,0.0,14.5,0.65,0.65,678000000.0,899500000.0,1171100000.0,1171100000.0,0.0,,,,,3800000.0,377100000.0,1.0,277442244.0,277600000,278400000.0,4.219,15056700000.0,26400000.0,15400000.0,2338700000.0,54.239,-824000000.0
45,NI,MRQ,2010-03-31,2010-03-31,2010-03-31,2021-08-25,-50400000.0,19351600000.0,,2197200000.0,17154400000.0,,17.8,-138800000.0,331400000.0,331400000.0,1286300000.0,197300000.0,0.733,2.926,7057700000.0,1093800000.0,5963900000.0,7057700000.0,92400000.0,149800000.0,176500000.0,0.058,0.23,405900000.0,555700000.0,0.236,555700000.0,405900000.0,307100000.0,0.71,0.71,0.71,4928800000.0,,4928800000.0,10969647001.0,13.0,7.582,-55500000.0,-0.2,1.0,1072400000.0,0.455,3994100000.0,98800000.0,19086600000.0,,272100000.0,295900000.0,0.0,295900000.0,14422800000.0,2997200000.0,11425600000.0,4373347001.0,124900000.0,0.0,2200000.0,266800000.0,-63700000.0,205300000.0,-194400000.0,0.0,83300000.0,0.0,197300000.0,197300000.0,197300000.0,100000.0,0.0,0.084,676400000.0,396000000.0,558500000.0,0.324,0.887,16.447,16.289,10697200000.0,0.0,15.8,0.695,0.696,1021200000.0,935300000.0,2358700000.0,2358700000.0,0.0,,,,,2200000.0,439600000.0,1.0,276794114.0,276900000,277500000.0,8.518,15357500000.0,2900000.0,109800000.0,2388200000.0,55.462,-800000000.0
46,NI,MRQ,2009-12-31,2009-12-31,2009-12-31,2021-08-25,-45900000.0,19271700000.0,,2223600000.0,17048100000.0,,17.587,-191200000.0,191100000.0,191100000.0,757800000.0,88800000.0,0.706,2.97,6791800000.0,822700000.0,5969100000.0,6791800000.0,108200000.0,149200000.0,301200000.0,0.06,0.23,241400000.0,390600000.0,0.232,390600000.0,241400000.0,142800000.0,0.32,0.31,0.32,4854100000.0,,4854100000.0,11287305733.0,14.0,8.232,354100000.0,1.283,1.0,928300000.0,0.551,3996900000.0,98600000.0,18725900000.0,,547000000.0,295000000.0,0.0,295000000.0,14417600000.0,3149600000.0,11268000000.0,4241105733.0,1300000.0,0.0,8300000.0,-406100000.0,-63700000.0,-461500000.0,-151900000.0,3000000.0,545300000.0,0.0,88800000.0,88800000.0,88800000.0,-1000000.0,0.0,0.053,688200000.0,240100000.0,724500000.0,0.719,0.874,19.544,19.468,10688000000.0,0.0,15.38,0.638,0.636,881100000.0,865500000.0,1686100000.0,1686100000.0,0.0,,,,,1300000.0,452700000.0,1.0,275754599.0,276000000,271300000.0,6.109,15274800000.0,24900000.0,54000000.0,2270700000.0,55.343,-926000000.0
47,NI,MRQ,2009-09-30,2009-09-30,2009-09-30,2021-08-25,-58300000.0,19391100000.0,,2563200000.0,16827900000.0,,17.211,-200200000.0,148300000.0,148300000.0,317900000.0,-15400000.0,0.881,3.091,7194500000.0,633800000.0,6560700000.0,7194500000.0,86700000.0,148800000.0,124900000.0,0.066,0.23,93800000.0,242600000.0,0.249,242600000.0,93800000.0,-11200000.0,-0.05,-0.05,-0.05,4739800000.0,,4739800000.0,10499756932.0,12.0,7.202,-319100000.0,-1.159,1.0,657000000.0,0.674,3999700000.0,105000000.0,19527900000.0,,691800000.0,277700000.0,0.0,277700000.0,14651300000.0,2909700000.0,11741600000.0,3824456932.0,-41700000.0,0.0,200000.0,200700000.0,-63400000.0,137500000.0,-183000000.0,-6300000.0,-118900000.0,0.0,-15400000.0,-15400000.0,-15400000.0,2200000.0,0.0,-0.016,569200000.0,87800000.0,454100000.0,-4.6,0.807,13.179,12.981,10582100000.0,0.0,13.89,0.471,0.471,521300000.0,776300000.0,974900000.0,974900000.0,0.0,,,,,3400000.0,358600000.0,1.0,275338872.0,275400000,275400000.0,3.54,15391400000.0,295700000.0,4200000.0,2190800000.0,55.887,-346500000.0
48,NI,MRQ,2009-06-30,2009-06-30,2009-06-30,2021-08-25,-74000000.0,19223300000.0,,2436700000.0,16786600000.0,,17.446,-178900000.0,313100000.0,313100000.0,586800000.0,-4800000.0,0.828,3.011,6988400000.0,424000000.0,6564400000.0,6988400000.0,100500000.0,148200000.0,125400000.0,0.079,0.23,109700000.0,257900000.0,0.203,257900000.0,109700000.0,4400000.0,-0.01,-0.01,-0.01,4792400000.0,,4792400000.0,9637644644.0,11.0,6.552,3000000.0,0.011,1.0,681800000.0,0.537,4002400000.0,105300000.0,18953800000.0,,434900000.0,258000000.0,0.0,258000000.0,14430900000.0,2942400000.0,11488500000.0,3201744644.0,114100000.0,0.0,100000.0,118300000.0,-63100000.0,55300000.0,-123500000.0,-9500000.0,181900000.0,0.0,-4800000.0,-4800000.0,-4800000.0,800000.0,0.0,-0.004,567500000.0,114300000.0,560300000.0,-23.0,0.668,9.833,9.717,10543100000.0,0.0,11.66,0.384,0.384,708400000.0,855100000.0,1268600000.0,1268600000.0,0.0,,,,,3300000.0,365200000.0,1.0,274592165.0,274700000,274700000.0,4.618,15220900000.0,0.0,9200000.0,1924100000.0,55.409,-505700000.0
49,NI,MRQ,2009-03-31,2009-03-31,2009-03-31,2021-08-25,-187200000.0,19350000000.0,,2632400000.0,16717600000.0,,17.278,-206900000.0,452000000.0,452000000.0,1655500000.0,148400000.0,0.803,3.084,6887900000.0,436000000.0,6451900000.0,6887900000.0,93900000.0,143700000.0,130700000.0,0.094,0.23,336400000.0,480100000.0,0.176,480100000.0,336400000.0,246000000.0,0.54,0.54,0.54,4737700000.0,,4737700000.0,9957694214.0,15.0,7.939,851000000.0,3.104,1.0,1066200000.0,0.392,4005100000.0,90400000.0,18502800000.0,,370600000.0,229800000.0,0.0,229800000.0,14612300000.0,3278000000.0,11334300000.0,2688194214.0,169000000.0,0.0,-600000.0,-683200000.0,-63100000.0,-746900000.0,-196400000.0,-10700000.0,1057900000.0,0.0,148400000.0,148400000.0,148400000.0,11000000.0,0.0,0.055,724200000.0,342000000.0,870600000.0,0.426,0.567,20.985,20.851,10476700000.0,0.0,9.8,0.312,0.312,1168100000.0,923300000.0,2721700000.0,2721700000.0,0.0,,,,,1600000.0,479100000.0,1.0,274305532.0,274200000,276700000.0,9.926,15344900000.0,0.0,97600000.0,1910100000.0,55.962,-645600000.0
50,NI,MRQ,2008-12-31,2008-12-31,2008-12-31,2021-08-25,-172000000.0,20032200000.0,,3410500000.0,16621700000.0,,17.258,-592400000.0,307200000.0,307200000.0,2229300000.0,162000000.0,0.744,3.236,7576700000.0,1632800000.0,5943900000.0,7576700000.0,97600000.0,143200000.0,275900000.0,0.084,0.23,334000000.0,477200000.0,0.151,477200000.0,334000000.0,233100000.0,0.59,0.59,0.59,4728800000.0,,4728800000.0,10345650932.0,16.0,8.536,-257400000.0,-0.939,1.0,932300000.0,0.295,4007900000.0,100900000.0,18710400000.0,,670700000.0,204700000.0,0.0,204700000.0,15303400000.0,4583400000.0,10720000000.0,3008450932.0,-330000000.0,329700000.0,400000.0,-103000000.0,-63200000.0,-165800000.0,-145400000.0,-39200000.0,335000000.0,0.0,162000000.0,162000000.0,162000000.0,-30800000.0,0.0,0.051,631900000.0,300400000.0,1249400000.0,0.39,0.636,38.082,37.828,10388700000.0,0.0,10.97,0.339,0.338,1537000000.0,901100000.0,3161600000.0,3161600000.0,0.0,,,,,2300000.0,392500000.0,1.0,274243476.0,274000000,275400000.0,11.539,16024300000.0,0.0,71100000.0,1802400000.0,58.483,-1172900000.0
51,NI,MRQ,2008-09-30,2008-09-30,2008-09-30,2021-08-25,-65300000.0,19097800000.0,,3126000000.0,15971800000.0,,17.047,-258800000.0,269000000.0,269000000.0,570200000.0,20000000.0,0.778,3.089,7606200000.0,1282900000.0,6323300000.0,7606200000.0,92200000.0,140700000.0,120500000.0,0.062,0.23,115000000.0,255700000.0,0.216,255700000.0,115000000.0,14900000.0,0.08,0.07,0.08,4670800000.0,,4670800000.0,10609419568.0,21.0,9.96,-646900000.0,-2.361,1.0,613400000.0,0.518,4010700000.0,100100000.0,18405100000.0,,838000000.0,190300000.0,0.0,190300000.0,14427000000.0,4019200000.0,10407800000.0,4047619568.0,-71500000.0,0.0,300000.0,985200000.0,-63100000.0,922400000.0,-581300000.0,0.0,-388100000.0,0.0,20000000.0,20000000.0,20000000.0,11100000.0,0.0,0.017,511200000.0,102200000.0,1147700000.0,2.875,0.867,-252.976,-246.0,10261800000.0,0.0,14.76,0.492,0.491,994100000.0,739100000.0,1183600000.0,1183600000.0,0.0,,,,,2700000.0,313400000.0,1.0,274228968.0,274000000,275500000.0,4.32,15087100000.0,0.0,-5100000.0,1733700000.0,55.062,-893200000.0
52,NI,MRQ,2008-06-30,2008-06-30,2008-06-30,2021-08-25,34000000.0,18616200000.0,,2680400000.0,15935800000.0,,17.558,-251800000.0,47200000.0,47200000.0,892000000.0,-202300000.0,0.735,2.87,6609000000.0,549100000.0,6059900000.0,6609000000.0,99800000.0,147500000.0,112400000.0,0.051,0.23,-106300000.0,41200000.0,0.026,41200000.0,-106300000.0,-193700000.0,-0.74,-0.73,-0.74,4810900000.0,,4810900000.0,10929594493.0,22.0,10.304,-459400000.0,-1.677,1.0,665200000.0,0.427,4013400000.0,87400000.0,17515800000.0,,575300000.0,186800000.0,0.0,186800000.0,13805300000.0,3648800000.0,10156500000.0,4913794493.0,-49600000.0,-329700000.0,0.0,520400000.0,-63000000.0,457400000.0,-283000000.0,0.0,-207600000.0,0.0,-202300000.0,-202300000.0,-202300000.0,222000000.0,0.0,-0.13,552400000.0,112800000.0,1352200000.0,-0.311,1.021,-196.552,-179.2,10126100000.0,0.0,17.92,0.592,0.592,1201200000.0,782200000.0,1557200000.0,1557200000.0,0.0,,,,,3100000.0,343500000.0,1.0,274207282.0,274000000,275400000.0,5.683,14602800000.0,0.0,8600000.0,1795700000.0,53.295,-968400000.0
53,NI,MRQ,2008-03-31,2008-03-31,2008-03-31,2021-08-25,24100000.0,18186700000.0,,2521500000.0,15665200000.0,,18.489,-196900000.0,81200000.0,81200000.0,2248000000.0,99300000.0,0.672,2.591,6097000000.0,714000000.0,5383000000.0,6097000000.0,101100000.0,135600000.0,114400000.0,0.053,0.23,303200000.0,438800000.0,0.133,438800000.0,303200000.0,211400000.0,0.36,0.36,0.36,5064200000.0,,5064200000.0,11320345630.0,15.0,8.744,649100000.0,2.37,1.0,1040700000.0,0.316,4016100000.0,91800000.0,16433100000.0,,685600000.0,187800000.0,0.0,187800000.0,13122500000.0,3753300000.0,9369200000.0,4726445630.0,43500000.0,0.0,600000.0,-635400000.0,-63100000.0,-697900000.0,-104600000.0,0.0,846000000.0,0.0,99300000.0,99300000.0,99300000.0,90200000.0,0.0,0.03,647800000.0,392900000.0,1327200000.0,0.639,0.933,23.169,23.297,9676000000.0,0.0,17.24,0.569,0.568,1475300000.0,1047500000.0,3288700000.0,3288700000.0,0.0,,,,,1400000.0,410100000.0,1.0,274155779.0,273900000,275400000.0,12.007,14170600000.0,0.0,112100000.0,1873200000.0,51.736,-1231800000.0
54,NI,MRQ,2007-12-31,2007-12-31,2007-12-31,2021-08-25,11700000.0,18010300000.0,,2460400000.0,15549900000.0,,18.541,-280900000.0,92300000.0,92300000.0,1346700000.0,67000000.0,0.724,2.548,6689300000.0,1094900000.0,5594400000.0,6689300000.0,120200000.0,134800000.0,112800000.0,0.049,0.23,194700000.0,329500000.0,0.15,329500000.0,194700000.0,91400000.0,0.24,0.24,0.24,5076600000.0,,5076600000.0,11722704339.0,13.0,8.21,77400000.0,0.283,1.0,854800000.0,0.388,4018900000.0,103300000.0,17190300000.0,,588400000.0,189900000.0,0.0,189900000.0,12933700000.0,3398100000.0,9535600000.0,5179104339.0,16500000.0,0.0,300000.0,-1800000.0,-63000000.0,-105100000.0,-234900000.0,14000000.0,358300000.0,0.0,67000000.0,67000000.0,67000000.0,-7400000.0,0.0,0.03,623800000.0,231000000.0,1154600000.0,0.958,1.02,16.114,16.145,9575600000.0,0.0,18.89,0.659,0.658,1110800000.0,1074500000.0,2201500000.0,2201500000.0,0.0,,,,,1700000.0,409000000.0,1.0,274171749.0,273800000,274700000.0,8.041,13991400000.0,0.0,24400000.0,1708000000.0,51.101,-937700000.0
55,NI,MRQ,2007-09-30,2007-09-30,2007-09-30,2021-08-25,8500000.0,17651400000.0,,2268800000.0,15382600000.0,,18.27,-181700000.0,113700000.0,113700000.0,637800000.0,11000000.0,0.838,2.527,6657300000.0,733900000.0,5923400000.0,6657300000.0,164700000.0,137400000.0,108600000.0,0.048,0.23,113800000.0,251200000.0,0.201,251200000.0,113800000.0,12700000.0,0.04,0.04,0.04,5004200000.0,,5004200000.0,11360044220.0,12.0,7.849,-370700000.0,-1.353,1.0,611800000.0,0.49,4102800000.0,101100000.0,17386000000.0,,828200000.0,178900000.0,0.0,178900000.0,12647200000.0,2706200000.0,9941000000.0,5247444220.0,-5300000.0,0.0,200000.0,430300000.0,-63100000.0,367400000.0,-183700000.0,0.0,-189000000.0,0.0,11000000.0,11000000.0,11000000.0,-3100000.0,0.0,0.009,504900000.0,106900000.0,843600000.0,5.75,1.049,16.559,16.5,9871100000.0,0.0,19.14,0.687,0.686,795200000.0,1007400000.0,1249600000.0,1249600000.0,0.0,,,,,1400000.0,311700000.0,1.0,274161140.0,273900000,274700000.0,4.562,13548600000.0,0.0,1700000.0,1773000000.0,49.465,-437400000.0
56,NI,MRQ,2007-06-30,2007-06-30,2007-06-30,2021-08-25,27900000.0,17504600000.0,,2149600000.0,15355000000.0,,18.534,-176100000.0,89900000.0,89900000.0,889200000.0,26700000.0,0.662,2.45,6202500000.0,1078200000.0,5124300000.0,6202500000.0,173100000.0,133500000.0,108400000.0,0.044,0.23,141600000.0,275100000.0,0.176,275100000.0,141600000.0,43200000.0,0.1,0.1,0.1,5074500000.0,,5074500000.0,11375707233.0,12.0,7.748,-366600000.0,-1.339,1.0,677700000.0,0.433,4106200000.0,98400000.0,16264500000.0,,428700000.0,201200000.0,0.0,201200000.0,12430100000.0,3246500000.0,9183600000.0,5675907233.0,-79200000.0,0.0,5000000.0,361500000.0,-63000000.0,303500000.0,-192200000.0,0.0,-190500000.0,0.0,26700000.0,26700000.0,26700000.0,2200000.0,0.0,0.017,537500000.0,140200000.0,1046800000.0,2.3,1.119,17.112,16.975,9804900000.0,0.0,20.71,0.752,0.751,1067100000.0,1059600000.0,1566900000.0,1566900000.0,0.0,,,,,200000.0,333900000.0,1.0,274066018.0,273800000,274900000.0,5.723,13398400000.0,0.0,16500000.0,1836400000.0,48.935,-1096900000.0
57,NI,MRQ,2007-03-31,2007-03-31,2007-03-31,2021-08-25,50200000.0,17555200000.0,,2261300000.0,15293900000.0,,18.74,-147800000.0,163400000.0,163400000.0,1802100000.0,216700000.0,0.702,2.424,5863200000.0,710100000.0,5153100000.0,5863200000.0,178300000.0,134300000.0,110400000.0,0.038,0.23,437700000.0,572000000.0,0.201,572000000.0,437700000.0,338600000.0,0.79,0.79,0.79,5127300000.0,,5127300000.0,12949852827.0,14.0,8.874,630600000.0,2.305,1.0,1042600000.0,0.367,4109600000.0,99100000.0,15923000000.0,,248500000.0,178400000.0,0.0,178400000.0,12427900000.0,3222400000.0,9205500000.0,6692952827.0,69100000.0,0.0,600000.0,-576300000.0,-63000000.0,-638700000.0,-70600000.0,0.0,778400000.0,0.0,216700000.0,216700000.0,216700000.0,-10200000.0,0.0,0.076,613700000.0,428900000.0,1021200000.0,0.291,1.305,20.531,20.367,9740900000.0,0.0,24.44,0.918,0.917,1228000000.0,1096000000.0,2844700000.0,2844700000.0,0.0,,,,,1100000.0,376100000.0,1.0,273852407.0,273600000,274800000.0,10.397,13445600000.0,0.0,121900000.0,1939400000.0,49.143,-961100000.0
58,NI,MRQ,2006-12-31,2006-12-31,2006-12-31,2021-08-25,20900000.0,18156500000.0,,2782900000.0,15373600000.0,,18.351,-221400000.0,175600000.0,175600000.0,1148700000.0,62500000.0,0.728,2.621,6432500000.0,1286300000.0,5146200000.0,6432500000.0,197100000.0,120200000.0,108400000.0,0.038,0.23,228900000.0,349100000.0,0.176,349100000.0,228900000.0,124600000.0,0.23,0.22,0.23,5013600000.0,,5013600000.0,12849805052.0,15.0,9.264,63000000.0,0.231,1.0,829300000.0,0.419,4113000000.0,104300000.0,16479200000.0,,703400000.0,175700000.0,0.0,175700000.0,13142900000.0,3821200000.0,9321700000.0,6579405052.0,5900000.0,0.0,16200000.0,-61500000.0,-62700000.0,-108500000.0,-165600000.0,-4700000.0,284400000.0,0.0,62500000.0,62500000.0,62500000.0,50200000.0,0.0,0.032,537200000.0,292100000.0,1109700000.0,1.0,1.312,23.315,23.173,9694500000.0,0.0,24.1,0.887,0.886,1118600000.0,1012900000.0,1978000000.0,1978000000.0,0.0,,,,,2500000.0,343800000.0,1.0,273004359.0,273200000,274000000.0,7.24,14043500000.0,0.0,62100000.0,1811200000.0,51.404,-1038300000.0
59,NI,MRQ,2006-09-30,2006-09-30,2006-09-30,2021-08-25,-106300000.0,17316700000.0,,2522800000.0,14793900000.0,,17.634,-133900000.0,225800000.0,225800000.0,524900000.0,25800000.0,0.703,2.604,6496200000.0,1322800000.0,5173400000.0,6496200000.0,165600000.0,136500000.0,104900000.0,0.042,0.23,135500000.0,272000000.0,0.235,272000000.0,135500000.0,39300000.0,0.1,0.1,0.1,4805400000.0,,4805400000.0,11826365695.0,14.0,8.627,-287100000.0,-1.054,1.0,631500000.0,0.546,4155200000.0,96200000.0,15843500000.0,,821300000.0,235900000.0,0.0,235900000.0,12511300000.0,3588400000.0,8922900000.0,5930665695.0,-35100000.0,0.0,3400000.0,439700000.0,-62800000.0,380300000.0,-262200000.0,0.0,-153200000.0,0.0,25800000.0,25800000.0,25800000.0,200000.0,0.0,0.022,495900000.0,135600000.0,926100000.0,2.3,1.234,20.614,20.509,9551600000.0,0.0,21.74,0.729,0.728,844600000.0,950400000.0,1156400000.0,1156400000.0,0.0,,,,,1300000.0,310600000.0,1.0,272799710.0,272500000,273300000.0,4.244,13161500000.0,0.0,13500000.0,1686000000.0,48.299,-1065600000.0
60,NI,MRQ,2006-06-30,2006-06-30,2006-06-30,2021-08-25,-91200000.0,17088700000.0,,2289000000.0,14799700000.0,,17.884,-148600000.0,129600000.0,129600000.0,670400000.0,21000000.0,0.707,2.508,6025300000.0,861800000.0,5163500000.0,6025300000.0,170600000.0,138000000.0,104500000.0,0.042,0.23,128200000.0,266200000.0,0.203,266200000.0,128200000.0,34800000.0,0.08,0.08,0.08,4871700000.0,,4871700000.0,11865205784.0,15.0,8.93,147400000.0,0.541,1.0,641100000.0,0.489,4166700000.0,93400000.0,15580300000.0,,377300000.0,238100000.0,0.0,238100000.0,12217000000.0,3237400000.0,8979600000.0,5955005784.0,-25500000.0,0.0,1100000.0,-1300000.0,-63700000.0,-145000000.0,-176500000.0,0.0,296000000.0,0.0,21000000.0,21000000.0,21000000.0,1100000.0,0.0,0.016,508500000.0,132600000.0,1184100000.0,2.875,1.222,23.344,23.484,9502000000.0,0.0,21.84,0.731,0.731,1252700000.0,987400000.0,1311500000.0,1311500000.0,0.0,,,,,1800000.0,306900000.0,1.0,272665100.0,272400000,273200000.0,4.815,12922000000.0,0.0,13800000.0,1802200000.0,47.438,-948400000.0
61,NI,MRQ,2006-03-31,2006-03-31,2006-03-31,2021-08-25,-77900000.0,17561600000.0,,2743100000.0,14818500000.0,,18.085,-123200000.0,141300000.0,141300000.0,1991700000.0,172900000.0,0.782,2.566,6051500000.0,821900000.0,5229600000.0,6051500000.0,169200000.0,136800000.0,104600000.0,0.045,0.23,363000000.0,499800000.0,0.168,499800000.0,363000000.0,267700000.0,0.63,0.63,0.63,4924500000.0,,4924500000.0,12019440409.0,15.0,8.894,605800000.0,2.225,1.0,980800000.0,0.33,4170000000.0,95300000.0,15793100000.0,,283500000.0,223600000.0,0.0,223600000.0,12637100000.0,3508700000.0,9128400000.0,5512840409.0,14000000.0,0.0,-4900000.0,-519200000.0,-62700000.0,-586800000.0,-128200000.0,0.0,729000000.0,0.0,172900000.0,172900000.0,172900000.0,500000.0,0.0,0.058,613000000.0,367800000.0,1198800000.0,0.365,1.119,20.186,20.22,9497200000.0,0.0,20.22,0.673,0.673,1678500000.0,1029100000.0,2972500000.0,2972500000.0,0.0,,,,,1300000.0,372300000.0,1.0,272642948.0,272300000,273100000.0,10.916,13391600000.0,0.0,94800000.0,1991600000.0,49.18,-765600000.0
62,NI,MRQ,2005-12-31,2005-12-31,2005-12-31,2021-08-25,-5600000.0,17958500000.0,,3060700000.0,14897800000.0,,18.143,-183500000.0,103300000.0,103300000.0,1820300000.0,68000000.0,0.796,2.64,6609900000.0,1338700000.0,5271200000.0,6609900000.0,192800000.0,137300000.0,101900000.0,0.044,0.23,195600000.0,332900000.0,0.124,332900000.0,195600000.0,87500000.0,0.25,0.25,0.25,4933000000.0,,4933000000.0,11744283030.0,13.0,8.268,-228100000.0,-0.839,1.0,873300000.0,0.324,4173100000.0,108100000.0,16448800000.0,,623800000.0,189200000.0,0.0,189200000.0,13025500000.0,3843200000.0,9182300000.0,5686883030.0,-863100000.0,0.0,800000.0,-450700000.0,-62700000.0,-526800000.0,-291700000.0,0.0,-44600000.0,0.0,68000000.0,68000000.0,68000000.0,4700000.0,0.0,0.025,570900000.0,302400000.0,1291900000.0,0.92,1.153,18.554,18.46,9554300000.0,0.0,20.86,0.72,0.717,1424400000.0,981600000.0,2693600000.0,2693600000.0,0.0,,,,,200000.0,345600000.0,1.0,272621430.0,271900000,273300000.0,9.907,13785400000.0,0.0,19500000.0,1879300000.0,50.7,-782500000.0
63,NI,MRQ,2005-09-30,2005-09-30,2005-09-30,2021-08-25,21700000.0,17982100000.0,,3213100000.0,14769000000.0,,18.059,-163800000.0,934300000.0,934300000.0,557000000.0,-6800000.0,0.738,2.665,6991700000.0,2212900000.0,4778800000.0,6991700000.0,175000000.0,135900000.0,94900000.0,0.038,0.23,93900000.0,229800000.0,0.197,229800000.0,93900000.0,-12600000.0,-0.03,-0.03,-0.03,4906500000.0,,4906500000.0,12385275468.0,12.0,7.919,-344600000.0,-1.268,1.0,607100000.0,0.522,4175800000.0,106500000.0,15509600000.0,,765200000.0,185600000.0,0.0,185600000.0,13075600000.0,4354100000.0,8721500000.0,6607875468.0,674300000.0,0.0,7100000.0,965100000.0,-62700000.0,909500000.0,-54400000.0,0.0,-180800000.0,0.0,-6800000.0,-6800000.0,-6800000.0,900000.0,0.0,-0.006,514600000.0,92500000.0,847200000.0,-7.667,1.347,16.607,16.497,9425800000.0,0.0,24.25,0.922,0.919,646800000.0,913600000.0,1164100000.0,1164100000.0,0.0,,,,,1900000.0,326800000.0,1.0,272489710.0,271700000,273700000.0,4.285,13806300000.0,0.0,-5800000.0,1929700000.0,50.815,-1141000000.0
64,NI,MRQ,2005-06-30,2005-06-30,2005-06-30,2021-08-25,-49800000.0,16458900000.0,,1730500000.0,14728400000.0,,18.049,-139000000.0,290000000.0,290000000.0,701700000.0,39000000.0,0.576,2.362,6067400000.0,1260100000.0,4807300000.0,6067400000.0,171000000.0,135900000.0,92700000.0,0.037,0.23,153000000.0,288900000.0,0.213,288900000.0,153000000.0,51500000.0,0.15,0.14,0.15,4894900000.0,,4894900000.0,12213965552.0,11.0,7.658,-196700000.0,-0.725,1.0,653900000.0,0.482,4190300000.0,101500000.0,15042800000.0,,320100000.0,184000000.0,0.0,184000000.0,11564000000.0,3003200000.0,8560800000.0,6722765552.0,-329800000.0,0.0,13200000.0,-80700000.0,-62600000.0,-130100000.0,-142000000.0,0.0,-57700000.0,0.0,39000000.0,39000000.0,39000000.0,-30700000.0,0.0,0.029,534100000.0,119800000.0,644900000.0,1.533,1.373,15.508,15.36,9374100000.0,0.0,24.73,0.963,0.961,669800000.0,983200000.0,1355600000.0,1355600000.0,0.0,,,,,3200000.0,316900000.0,1.0,271846565.0,271200000,273100000.0,4.999,12268600000.0,0.0,12500000.0,1942800000.0,45.238,-1272700000.0
65,NI,MRQ,2005-03-31,2005-03-31,2005-03-31,2021-08-25,-10400000.0,17103700000.0,,2404300000.0,14699400000.0,,18.287,-104100000.0,618100000.0,618100000.0,1670300000.0,206300000.0,0.678,2.46,6109300000.0,1299600000.0,4809700000.0,6109300000.0,173100000.0,135100000.0,95300000.0,0.04,0.23,433700000.0,568800000.0,0.212,568800000.0,433700000.0,329700000.0,0.76,0.76,0.76,4943000000.0,,4943000000.0,12538655204.0,12.0,7.891,891300000.0,3.297,1.0,1013000000.0,0.378,4203400000.0,104000000.0,14846200000.0,,173800000.0,221400000.0,0.0,221400000.0,12160700000.0,3545300000.0,8615400000.0,6181655204.0,558500000.0,0.0,17300000.0,-307900000.0,-62300000.0,-352900000.0,-84000000.0,0.0,995400000.0,0.0,206300000.0,206300000.0,206300000.0,2400000.0,0.0,0.077,575300000.0,437700000.0,739300000.0,0.303,1.251,14.406,14.333,9357500000.0,0.0,22.79,0.9,0.897,1075200000.0,1006800000.0,2683300000.0,2683300000.0,0.0,,,,,1500000.0,337600000.0,1.0,271244195.0,270300000,272100000.0,9.927,12900300000.0,0.0,123400000.0,2148700000.0,47.726,-1141000000.0
66,NI,MRQ,2004-12-31,2004-12-31,2004-12-31,2021-08-25,-65000000.0,16987800000.0,,2284400000.0,14703400000.0,,17.909,-134700000.0,85800000.0,85800000.0,1110700000.0,159400000.0,0.638,2.549,6443400000.0,1607500000.0,4835900000.0,6443400000.0,192400000.0,128900000.0,92200000.0,0.04,0.23,347600000.0,476500000.0,0.243,476500000.0,347600000.0,247300000.0,0.59,0.59,0.59,4787100000.0,,4787100000.0,12579828968.0,12.0,7.927,111100000.0,0.416,1.0,852100000.0,0.434,4207500000.0,100300000.0,15558500000.0,,552700000.0,215800000.0,0.0,215800000.0,12200700000.0,3579400000.0,8621300000.0,6004528968.0,-10400000.0,0.0,149300000.0,-171600000.0,-60600000.0,-82900000.0,-173300000.0,0.0,245800000.0,0.0,159400000.0,159400000.0,159400000.0,-400000.0,0.0,0.081,503100000.0,349000000.0,973500000.0,0.39,1.254,13.762,13.806,9373900000.0,0.0,22.78,0.902,0.902,1058700000.0,925400000.0,1962800000.0,1962800000.0,0.0,,,,,1100000.0,312100000.0,1.0,263587751.0,267300000,268500000.0,7.343,12780300000.0,0.0,87900000.0,1905200000.0,47.813,-1295000000.0
67,NI,MRQ,2004-09-30,2004-09-30,2004-09-30,2021-08-25,0.0,16462800000.0,,1761400000.0,14701400000.0,,17.142,-144600000.0,60300000.0,60300000.0,389100000.0,28800000.0,0.681,2.656,6635600000.0,1046400000.0,5589200000.0,6635600000.0,180800000.0,125600000.0,82000000.0,0.044,0.23,135100000.0,260700000.0,0.267,260700000.0,135100000.0,35600000.0,0.11,0.11,0.11,4503300000.0,,4503300000.0,11586896789.0,11.0,7.454,-420000000.0,-1.599,1.0,589100000.0,0.602,4220200000.0,99500000.0,16232900000.0,,653500000.0,189100000.0,0.0,189100000.0,11959500000.0,2585000000.0,9374500000.0,5535896789.0,23700000.0,0.0,2400000.0,501600000.0,-60700000.0,443300000.0,-144200000.0,0.0,-275400000.0,0.0,28800000.0,28800000.0,28800000.0,-7100000.0,0.0,0.029,461000000.0,128100000.0,544900000.0,2.091,1.229,13.285,13.214,9378900000.0,0.0,21.01,0.869,0.866,563200000.0,,978200000.0,978200000.0,0.0,,,,,2500000.0,282300000.0,1.0,263488662.0,262700000,264600000.0,3.724,12242600000.0,0.0,6800000.0,1880900000.0,46.603,-823600000.0
68,NI,MRQ,2004-06-30,2004-06-30,2004-06-30,2021-08-25,0.0,16003200000.0,,1389400000.0,14613800000.0,,17.146,-127400000.0,31700000.0,31700000.0,628900000.0,34600000.0,0.609,2.556,6082700000.0,509600000.0,5573100000.0,6082700000.0,177900000.0,127000000.0,82000000.0,0.048,0.23,155900000.0,282900000.0,0.227,282900000.0,155900000.0,56800000.0,0.13,0.13,0.13,4500800000.0,,4500800000.0,11656739246.0,11.0,7.477,185700000.0,0.707,1.0,615000000.0,0.494,4224300000.0,99100000.0,15547600000.0,,333100000.0,186900000.0,0.0,186900000.0,11502400000.0,2282300000.0,9220100000.0,5431439246.0,-28100000.0,0.0,1400000.0,-160400000.0,-60600000.0,-219600000.0,-121600000.0,0.0,313100000.0,0.0,34600000.0,34600000.0,34600000.0,900000.0,0.0,0.028,457200000.0,157800000.0,732300000.0,1.769,1.207,13.467,13.39,9357700000.0,0.0,20.62,0.863,0.86,589700000.0,,1243900000.0,1243900000.0,0.0,,,,,2400000.0,283700000.0,1.0,263406365.0,262500000,264500000.0,4.739,11778900000.0,0.0,22200000.0,1949500000.0,44.872,-892900000.0
69,NI,MRQ,2004-03-31,2004-03-31,2004-03-31,2021-08-25,0.0,16475400000.0,,1832600000.0,14642800000.0,,17.257,-110300000.0,59500000.0,59500000.0,1481000000.0,213500000.0,0.78,2.64,6284800000.0,339700000.0,5945100000.0,6284800000.0,190600000.0,125400000.0,83200000.0,0.049,0.23,441400000.0,566800000.0,0.229,566800000.0,441400000.0,339200000.0,0.81,0.81,0.81,4526400000.0,,4526400000.0,12324477999.0,17.0,10.124,662100000.0,2.524,1.0,991300000.0,0.401,4227700000.0,102200000.0,16124600000.0,,179600000.0,171100000.0,0.0,171100000.0,11949000000.0,2348400000.0,9600600000.0,5577377999.0,17200000.0,0.0,3600000.0,-584100000.0,-61200000.0,-641700000.0,-113500000.0,0.0,772400000.0,0.0,213500000.0,213500000.0,213500000.0,3100000.0,0.0,0.086,548500000.0,442800000.0,671700000.0,0.284,1.232,127.337,125.0,9357000000.0,0.0,21.25,0.901,0.9,1135400000.0,,2472300000.0,2472300000.0,0.0,,,,,2000000.0,322400000.0,1.0,262464847.0,262300000,264300000.0,9.425,12247700000.0,0.0,125700000.0,2076900000.0,46.693,-515800000.0
70,NI,MRQ,2003-12-31,2003-12-31,2003-12-31,2021-08-25,-70200000.0,16624200000.0,,2062900000.0,14561300000.0,,16.874,-208300000.0,50100000.0,50100000.0,870300000.0,139800000.0,0.788,2.765,6797200000.0,803800000.0,5993400000.0,6797200000.0,213900000.0,123100000.0,80400000.0,0.05,0.23,321000000.0,444100000.0,0.265,444100000.0,321000000.0,207800000.0,0.54,0.54,0.54,4415900000.0,,4415900000.0,12518078743.0,16.0,9.776,23000000.0,0.088,1.0,807700000.0,0.481,4214300000.0,113200000.0,16540500000.0,,529900000.0,208600000.0,0.0,208600000.0,12208300000.0,2616500000.0,9591800000.0,5758478743.0,-2800000.0,0.0,3200000.0,-15700000.0,-60100000.0,-132200000.0,-101900000.0,0.0,231300000.0,0.0,139800000.0,139800000.0,139800000.0,2000000.0,0.0,0.083,482400000.0,325300000.0,787400000.0,0.426,1.304,67.588,66.485,9290700000.0,0.0,21.94,0.923,0.912,989100000.0,731300000.0,1678000000.0,1678000000.0,0.0,,,,,5500000.0,302600000.0,1.0,262464847.0,261700000,263700000.0,6.412,12409900000.0,0.0,68000000.0,1887300000.0,47.42,-553600000.0
71,NI,MRQ,2003-09-30,2003-09-30,2003-09-30,2021-08-25,0.0,15704100000.0,,1876100000.0,13828000000.0,,16.273,-128100000.0,71000000.0,71000000.0,321000000.0,15400000.0,0.604,2.692,6830600000.0,1317300000.0,5513300000.0,6830600000.0,210500000.0,123100000.0,73300000.0,0.058,0.29,142100000.0,265200000.0,0.295,265200000.0,142100000.0,28500000.0,0.06,0.06,0.06,4253700000.0,,4253700000.0,12034633431.0,16.0,9.715,-263200000.0,-1.007,1.0,577300000.0,0.643,3727900000.0,113600000.0,15631000000.0,,661700000.0,527700000.0,0.0,527700000.0,11450400000.0,3104800000.0,8345600000.0,5250633431.0,-4800000.0,0.0,1100000.0,-3100000.0,-76000000.0,-78000000.0,208300000.0,0.0,-135100000.0,0.0,15400000.0,15400000.0,15400000.0,8100000.0,0.0,0.017,428400000.0,148900000.0,676800000.0,4.833,1.234,190.932,111.0,8731700000.0,0.0,19.98,0.833,0.829,707600000.0,,898300000.0,898300000.0,0.0,,,,,4600000.0,273000000.0,1.0,262794466.0,261400000,263400000.0,3.436,11976200000.0,0.0,13100000.0,1981800000.0,45.816,-1228700000.0
72,NI,MRQ,2003-06-30,2003-06-30,2003-06-30,2021-08-25,0.0,16522100000.0,,1657800000.0,14864300000.0,,16.293,-142700000.0,43900000.0,43900000.0,499400000.0,-324900000.0,0.442,2.881,6827900000.0,1786200000.0,5041700000.0,6827900000.0,217900000.0,124900000.0,73000000.0,0.061,0.29,-183600000.0,-58700000.0,-0.051,-58700000.0,-183600000.0,-298500000.0,-1.24,-1.23,-1.24,4257300000.0,,4257300000.0,11589646210.0,15.0,9.106,-278900000.0,-1.067,1.0,641800000.0,0.562,3750400000.0,114900000.0,15808900000.0,,327800000.0,1526400000.0,0.0,1526400000.0,12264800000.0,3746800000.0,8518000000.0,4988746210.0,-33900000.0,0.0,2700000.0,327400000.0,-75900000.0,254200000.0,-151900000.0,0.0,-136200000.0,0.0,-324900000.0,-324900000.0,-324900000.0,364200000.0,0.0,-0.285,466000000.0,175800000.0,849200000.0,-0.234,1.172,141.324,82.609,8706800000.0,0.0,19.0,0.791,0.787,896800000.0,,1141200000.0,1141200000.0,0.0,,,,,800000.0,275400000.0,1.0,262565590.0,261300000,263100000.0,4.367,12771700000.0,0.0,26400000.0,1999600000.0,48.878,-2089000000.0
73,NI,MRQ,2003-03-31,2003-03-31,2003-03-31,2021-08-25,0.0,17252400000.0,,2257800000.0,14994600000.0,,18.26,-95100000.0,69600000.0,69600000.0,1494900000.0,254900000.0,0.552,2.723,6670500000.0,1376200000.0,5294300000.0,6670500000.0,533500000.0,124600000.0,72700000.0,0.064,0.29,505300000.0,629900000.0,0.25,629900000.0,505300000.0,382300000.0,1.0,0.99,1.0,4634500000.0,,4634500000.0,11233936641.0,10.0,7.085,512900000.0,2.021,1.0,1029600000.0,0.408,3763400000.0,123000000.0,15996900000.0,,165500000.0,272000000.0,0.0,272000000.0,12617900000.0,4093000000.0,8524900000.0,3781436641.0,37500000.0,0.0,345200000.0,-501600000.0,-72000000.0,-573400000.0,2900000.0,0.0,608000000.0,0.0,254900000.0,254900000.0,254900000.0,-41400000.0,0.0,0.101,557300000.0,472300000.0,1199400000.0,0.29,0.816,9.817,11.447,10049300000.0,0.0,18.2,0.618,0.754,1516500000.0,,2524500000.0,2524500000.0,0.0,,,,,2000000.0,326500000.0,1.0,207771244.0,253800000,256200000.0,9.947,13489000000.0,0.0,127400000.0,2383700000.0,53.148,-1835200000.0
74,NI,MRQ,2002-12-31,2002-12-31,2002-12-31,2021-08-25,0.0,17942600000.0,,1872800000.0,16069800000.0,,18.375,-247000000.0,55300000.0,55300000.0,868800000.0,82100000.0,0.471,3.298,7332500000.0,2138000000.0,5194500000.0,7332500000.0,248500000.0,125400000.0,65200000.0,0.058,0.29,277000000.0,402400000.0,0.232,402400000.0,277000000.0,147000000.0,0.36,0.36,0.36,4174900000.0,,4174900000.0,12253724880.0,11.0,7.663,94600000.0,0.416,1.0,867600000.0,0.5,4274300000.0,130000000.0,16968700000.0,,362900000.0,1747700000.0,0.0,1747700000.0,13767700000.0,3976800000.0,9790900000.0,4155424880.0,-10500000.0,0.0,723900000.0,-560400000.0,-60900000.0,-10900000.0,-341200000.0,0.0,341600000.0,0.0,82100000.0,82100000.0,82100000.0,52400000.0,0.0,0.047,533600000.0,334000000.0,948600000.0,0.806,0.995,11.156,11.299,9181300000.0,0.0,20.0,0.781,0.793,970800000.0,,1736400000.0,1736400000.0,0.0,,,,,-5000000.0,332800000.0,1.0,207771244.0,227200000,225100000.0,7.643,13668300000.0,0.0,64900000.0,1836900000.0,60.16,-2104000000.0
75,NI,MRQ,2002-09-30,2002-09-30,2002-09-30,2021-08-25,0.0,16627100000.0,,1630900000.0,14996200000.0,,16.252,-84100000.0,64900000.0,64900000.0,303000000.0,23200000.0,0.408,3.974,8163200000.0,2025300000.0,6137900000.0,8163200000.0,711800000.0,124600000.0,59100000.0,0.067,0.29,174600000.0,299200000.0,0.329,299200000.0,174600000.0,37500000.0,0.11,0.11,0.11,3343000000.0,,3343000000.0,11492185212.0,11.0,7.388,-86000000.0,-0.418,1.0,605400000.0,0.666,3724900000.0,137100000.0,17001400000.0,,507100000.0,181000000.0,0.0,181000000.0,13284100000.0,3999100000.0,9285000000.0,3577985212.0,23600000.0,0.0,1200000.0,161900000.0,-60300000.0,102800000.0,-77300000.0,0.0,-1900000.0,0.0,23200000.0,23200000.0,23200000.0,0.0,0.0,0.026,427300000.0,178100000.0,742800000.0,2.636,1.07,10.014,9.96,10085800000.0,0.0,17.23,1.424,1.411,623400000.0,,908400000.0,908400000.0,0.0,,,,,2800000.0,257300000.0,1.0,207660198.0,205700000,208100000.0,4.416,12902200000.0,0.0,14300000.0,2046800000.0,62.723,-2368200000.0
76,NI,MRQ,2002-06-30,2002-06-30,2002-06-30,2021-08-25,0.0,16757200000.0,,1584100000.0,15173100000.0,,17.411,-110500000.0,54800000.0,54800000.0,307900000.0,25000000.0,0.438,3.681,7969000000.0,1693500000.0,6275500000.0,7969000000.0,746600000.0,96800000.0,57900000.0,0.053,0.29,157300000.0,254100000.0,0.266,254100000.0,157300000.0,35100000.0,0.12,0.12,0.12,3579700000.0,,3579700000.0,12089711918.0,12.0,7.86,-64900000.0,-0.316,1.0,646400000.0,0.677,3726700000.0,122200000.0,17327700000.0,,295700000.0,282500000.0,0.0,282500000.0,13177500000.0,3617000000.0,9560500000.0,4530211918.0,3500000.0,0.0,2900000.0,-260000000.0,-60100000.0,-319700000.0,277600000.0,0.0,45600000.0,0.0,25000000.0,25000000.0,25000000.0,-4200000.0,0.0,0.026,487700000.0,158700000.0,697200000.0,2.417,1.266,14.469,14.362,10073600000.0,0.0,21.83,1.348,1.336,714200000.0,,954300000.0,954300000.0,0.0,,,,,4500000.0,317900000.0,1.0,207522305.0,205600000,208200000.0,4.642,13030500000.0,0.0,10100000.0,2240700000.0,63.378,-2032900000.0
77,NI,MRQ,2002-03-31,2002-03-31,2002-03-31,2021-08-25,0.0,16670900000.0,,1945800000.0,14725100000.0,,17.427,-90300000.0,69900000.0,69900000.0,769200000.0,242200000.0,0.499,3.655,7629400000.0,1535100000.0,6094300000.0,7629400000.0,756300000.0,144400000.0,55700000.0,0.051,0.29,515100000.0,659500000.0,0.365,659500000.0,515100000.0,387100000.0,1.18,1.16,1.18,3581300000.0,,3581300000.0,13012645809.0,13.0,8.225,709800000.0,3.454,1.0,1038700000.0,0.575,3731400000.0,128000000.0,16597000000.0,,192000000.0,518700000.0,0.0,518700000.0,13089600000.0,3902000000.0,9187600000.0,4762245809.0,-58000000.0,0.0,0.0,-745500000.0,-60200000.0,-805700000.0,-52400000.0,0.0,800100000.0,0.0,242200000.0,242200000.0,242200000.0,1600000.0,0.0,0.134,517500000.0,521200000.0,676100000.0,0.246,1.33,17.223,17.127,9466600000.0,0.0,22.95,1.113,1.102,1036000000.0,,1807900000.0,1807900000.0,0.0,,,,,5000000.0,304400000.0,1.0,207505264.0,205500000,208200000.0,8.798,12939500000.0,0.0,144900000.0,2305500000.0,62.966,-1956200000.0
78,NI,MRQ,2001-12-31,2001-12-31,2001-12-31,2021-08-25,0.0,17834400000.0,,2337400000.0,15497000000.0,,16.875,-141400000.0,127900000.0,127900000.0,-1791000000.0,66900000.0,0.503,4.14,8924400000.0,2277900000.0,6646500000.0,8924400000.0,657900000.0,99800000.0,50300000.0,0.05,0.29,243000000.0,342800000.0,-0.296,342800000.0,243000000.0,109700000.0,0.32,0.32,0.32,3469400000.0,,3469400000.0,13059768395.0,13.0,8.418,81900000.0,0.398,1.0,632400000.0,-0.546,3737900000.0,133300000.0,18241800000.0,,480100000.0,696400000.0,0.0,696400000.0,14365000000.0,4651200000.0,9713800000.0,4768668395.0,-585200000.0,0.0,15100000.0,-42600000.0,-66200000.0,-94200000.0,-108500000.0,0.0,223300000.0,0.0,66900000.0,66900000.0,66900000.0,-22700000.0,0.0,-0.058,415200000.0,217200000.0,900600000.0,0.906,1.374,22.057,21.962,10013200000.0,0.0,23.06,0.76,0.755,1117000000.0,,-1158600000.0,-1158600000.0,0.0,,,,,6000000.0,268100000.0,1.0,206793946.0,205600000,211300000.0,-5.635,14096500000.0,0.0,42800000.0,2077800000.0,68.563,-2313800000.0
79,NI,MRQ,2001-09-30,2001-09-30,2001-09-30,2021-08-25,0.0,17322000000.0,,2634400000.0,14687600000.0,,16.611,-198000000.0,117700000.0,117700000.0,1071500000.0,-21000000.0,0.607,4.077,8408800000.0,1951000000.0,6457800000.0,8408800000.0,850400000.0,152800000.0,35500000.0,0.049,0.29,128900000.0,281700000.0,0.16,281700000.0,128900000.0,-17200000.0,-0.1,-0.1,-0.1,3411900000.0,,3411900000.0,13181773200.0,14.0,8.618,-33300000.0,-0.162,1.0,684900000.0,0.39,3703700000.0,146100000.0,17567700000.0,,602900000.0,590200000.0,0.0,590200000.0,13910100000.0,4341700000.0,9568400000.0,4819073200.0,-23800000.0,0.0,-13500000.0,-96400000.0,-52600000.0,-162800000.0,-25700000.0,0.0,164700000.0,0.0,-21000000.0,-21000000.0,-21000000.0,400000.0,0.0,-0.012,543900000.0,141000000.0,737300000.0,-2.9,1.412,33.189,40.895,9448700000.0,0.0,23.31,0.474,0.471,1062200000.0,,1756400000.0,1756400000.0,0.0,,,,,24000000.0,332700000.0,1.0,206738447.0,205400000,205400000.0,8.551,13618300000.0,0.0,3800000.0,2046600000.0,66.301,-1707300000.0
80,NI,MRQ,2001-06-30,2001-06-30,2001-06-30,2021-08-25,0.0,17695200000.0,,2769800000.0,14925400000.0,,17.046,-63800000.0,142700000.0,142700000.0,1163100000.0,-11600000.0,0.633,4.056,8505400000.0,2034600000.0,6470800000.0,8505400000.0,1158100000.0,157800000.0,34400000.0,0.041,0.29,140200000.0,298000000.0,0.159,298000000.0,140200000.0,-9200000.0,-0.06,-0.06,-0.06,3499500000.0,,3499500000.0,13943291491.0,15.0,9.458,47100000.0,0.229,1.0,709700000.0,0.379,3673100000.0,149400000.0,18009300000.0,,290900000.0,842200000.0,0.0,842200000.0,14195700000.0,4375500000.0,9820200000.0,5644191491.0,29700000.0,0.0,8400000.0,9000000.0,-60900000.0,-43800000.0,-37400000.0,0.0,110900000.0,0.0,-11600000.0,-11600000.0,-11600000.0,1700000.0,0.0,-0.006,569600000.0,140100000.0,753600000.0,-4.833,1.613,25.867,24.845,9385100000.0,0.0,27.33,0.589,0.585,1489600000.0,,1872800000.0,1872800000.0,0.0,,,,,0.0,341100000.0,1.0,206519996.0,205300000,205300000.0,9.122,14022100000.0,0.0,2400000.0,2152100000.0,68.301,-1605700000.0
81,NI,MRQ,2001-03-31,2001-03-31,2001-03-31,2021-08-25,0.0,18495300000.0,,3648200000.0,14847100000.0,,17.164,-122100000.0,111800000.0,111800000.0,2700300000.0,181900000.0,0.675,4.256,8410900000.0,2266500000.0,6144400000.0,8410900000.0,1329100000.0,166300000.0,33800000.0,0.035,0.29,462700000.0,629000000.0,0.166,629000000.0,462700000.0,299500000.0,0.88,0.87,0.88,3518700000.0,,3518700000.0,14939208292.0,17.0,11.181,289600000.0,1.413,1.0,1099800000.0,0.289,3620700000.0,163200000.0,17767700000.0,,212100000.0,717800000.0,0.0,717800000.0,14976600000.0,5406000000.0,9570600000.0,6423008292.0,-81200000.0,0.0,5100000.0,-305500000.0,-59300000.0,-359700000.0,-133200000.0,0.0,411700000.0,0.0,181900000.0,181900000.0,181900000.0,-600000.0,0.0,0.048,637300000.0,462500000.0,1131300000.0,0.33,1.825,25.367,23.052,9513800000.0,0.0,31.12,0.737,0.732,2492800000.0,,3800100000.0,3800100000.0,0.0,,,,,0.0,373200000.0,1.0,206394868.0,205000000,209400000.0,18.537,14874600000.0,0.0,117600000.0,2336000000.0,72.559,-1757800000.0
82,NI,MRQ,2000-12-31,2000-12-31,2000-12-31,2021-08-25,0.0,19682700000.0,,4917600000.0,14765100000.0,,25.346,-190700000.0,193000000.0,193000000.0,1875600000.0,-4100000.0,0.713,4.774,8709200000.0,2561500000.0,6147700000.0,8709200000.0,1268000000.0,136300000.0,32100000.0,0.035,0.27,184600000.0,320900000.0,0.117,320900000.0,184600000.0,16700000.0,-0.15,-0.12,-0.15,3409100000.0,,3409100000.0,6256680351.0,11.0,6.532,-470700000.0,-3.5,1.0,858400000.0,0.314,3610600000.0,167900000.0,17694900000.0,,406800000.0,744100000.0,0.0,744100000.0,16273600000.0,6893400000.0,9380200000.0,3732390351.0,99800000.0,-5654500000.0,2031800000.0,3912000000.0,-33100000.0,5907400000.0,-5527600000.0,0.0,-280000000.0,0.0,-4100000.0,-4100000.0,-4100000.0,-1300000.0,0.0,-0.001,606200000.0,252200000.0,1477600000.0,-1.8,1.095,24.734,27.455,9525600000.0,0.0,30.75,0.619,0.686,2129600000.0,,2734000000.0,2734000000.0,0.0,,,,,6800000.0,387600000.0,1.0,121378548.0,134500000,135800000.0,20.327,16072100000.0,0.0,20800000.0,2101800000.0,119.495,-1975800000.0
83,NI,MRQ,2000-09-30,2000-09-30,2000-09-30,2021-08-25,0.0,7084167000.0,,1344719000.0,5739448000.0,,,-66300000.0,51029000.0,51029000.0,845300000.0,52000000.0,0.683,,2575319000.0,838028000.0,1737291000.0,2575319000.0,112609000.0,79600000.0,31062000.0,0.044,0.27,146800000.0,226400000.0,0.192,226400000.0,146800000.0,100000000.0,0.43,0.42,0.43,,,,5765768023.0,12.0,7.352,-67600000.0,-0.561,1.0,335700000.0,0.284,75183000.0,46800000.0,7565700000.0,,281201000.0,199829000.0,0.0,199829000.0,,1967574000.0,,2956176023.0,200000.0,0.0,4600000.0,-138800000.0,-32700000.0,-169200000.0,170700000.0,0.0,-1300000.0,0.0,52000000.0,52000000.0,52000000.0,-5200000.0,0.0,0.044,238300000.0,97400000.0,368020000.0,0.628,,15.729,15.941,4901510000.0,0.0,24.39,0.687,0.683,425216000.0,,1181000000.0,1181000000.0,0.0,,,,,0.0,136300000.0,1.0,121204429.0,120600000,123400000.0,9.793,7008984000.0,0.0,48000000.0,958400000.0,58.118,-622855000.0
84,NI,MRQ,2000-06-30,2000-06-30,2000-06-30,2021-08-25,0.0,7193675000.0,,1113081000.0,6080594000.0,,,-48800000.0,50905000.0,50905000.0,679500000.0,23400000.0,0.588,,2860497000.0,944677000.0,1915820000.0,2860497000.0,121214000.0,80100000.0,30071000.0,0.056,0.27,79700000.0,159800000.0,0.159,159800000.0,79700000.0,34400000.0,0.19,0.18,0.19,,,,4919726881.0,12.0,6.833,-62300000.0,-0.517,1.0,323600000.0,0.323,134186000.0,45300000.0,7976744000.0,,193466000.0,196392000.0,0.0,196392000.0,,1892337000.0,,2257407881.0,-27300000.0,0.0,-27200000.0,111200000.0,-32700000.0,53100000.0,-66900000.0,0.0,-13500000.0,0.0,23400000.0,23400000.0,23400000.0,-2000000.0,0.0,0.023,240400000.0,83200000.0,349860000.0,1.421,,13.773,14.121,5218464000.0,0.0,18.64,0.592,0.589,479450000.0,,1003100000.0,1003100000.0,0.0,,,,,0.0,141900000.0,1.0,121105573.0,120600000,124700000.0,8.318,7059489000.0,0.0,11000000.0,999638000.0,58.536,-779256000.0
85,NI,MRQ,2000-03-31,2000-03-31,2000-03-31,2021-08-25,0.0,6955567000.0,,915271000.0,6040296000.0,,,-51500000.0,78151000.0,78151000.0,681300000.0,79600000.0,0.568,,2740470000.0,813062000.0,1927408000.0,2740470000.0,114732000.0,80100000.0,29435000.0,0.061,0.27,170600000.0,250700000.0,0.227,250700000.0,170600000.0,126100000.0,0.64,0.62,0.64,,,,5234387565.0,13.0,7.345,183900000.0,1.479,1.0,425000000.0,0.384,136794000.0,44500000.0,7869573000.0,,144688000.0,185225000.0,0.0,185225000.0,,1611519000.0,,2104694565.0,34600000.0,0.0,-33000000.0,-87800000.0,-33300000.0,-157200000.0,-43600000.0,0.0,235400000.0,0.0,79600000.0,79600000.0,79600000.0,-500000.0,0.0,0.072,250300000.0,174700000.0,268054000.0,0.422,,12.877,12.885,5207498000.0,0.0,16.88,0.603,0.602,462430000.0,,1106300000.0,1106300000.0,0.0,,,,,0.0,144400000.0,1.0,124685697.0,124300000,128200000.0,8.9,6818773000.0,0.0,46500000.0,1108648000.0,54.857,-696248000.0
86,NI,MRQ,1999-12-31,1999-12-31,1999-12-31,2021-08-25,0.0,6428600000.0,,806000000.0,5622600000.0,,10.867,-84572000.0,41500000.0,41500000.0,712210000.0,32942000.0,0.549,3.75,2945600000.0,824800000.0,2120800000.0,2945600000.0,92000000.0,66546000.0,46200000.0,0.057,0.255,80805000.0,147351000.0,0.145,147351000.0,80805000.0,44783000.0,0.27,0.25,0.27,1353500000.0,,1353500000.0,4793409968.0,12.0,6.917,-26405000.0,-0.212,1.0,301399000.0,0.297,125800000.0,36022000.0,7738100000.0,,157700000.0,429800000.0,0.0,429800000.0,5075100000.0,1468800000.0,3606300000.0,2236008968.0,19901000.0,-9769000.0,-17133000.0,79708000.0,-31490000.0,30247000.0,-68513000.0,0.0,58167000.0,0.0,32942000.0,32942000.0,32942000.0,-6500000.0,0.0,0.032,210353000.0,91046000.0,255800000.0,0.944,1.652,13.94,13.86,4596500000.0,0.0,17.88,0.683,0.679,383800000.0,,1013609000.0,1013609000.0,0.0,,,,,3500000.0,536000000.0,1.0,125056430.0,124546123,128546123.0,8.138,6302800000.0,0.0,11841000.0,1086500000.0,50.606,-662800000.0
87,NI,MRQ,1999-09-30,1999-09-30,1999-09-30,2021-08-25,0.0,6507261000.0,,678276000.0,5828985000.0,,,-92336000.0,23747000.0,23747000.0,345851000.0,27955000.0,0.53,,2581148000.0,738758000.0,1842390000.0,2581148000.0,108965000.0,78006000.0,27614000.0,0.045,0.255,84112000.0,162118000.0,0.234,162118000.0,84112000.0,41736000.0,0.22,0.22,0.22,,,,5219035976.0,12.0,7.384,-43573000.0,-0.348,1.0,347118000.0,0.501,121665000.0,42376000.0,7663936000.0,,208067000.0,336670000.0,0.0,336670000.0,,1279061000.0,,2767060976.0,-26069000.0,0.0,702000.0,79243000.0,-31884000.0,47574000.0,-122406000.0,0.0,48763000.0,0.0,27955000.0,27955000.0,27955000.0,0.0,0.0,0.04,241093000.0,106025000.0,265330000.0,1.159,,14.713,14.464,4899631000.0,0.0,22.13,0.946,0.946,363381000.0,,692969000.0,692969000.0,0.0,,,,,0.0,0.0,1.0,125036646.0,125030566,125030566.0,5.542,6385596000.0,0.0,13781000.0,996734000.0,51.072,-600785000.0
88,NI,MRQ,1999-06-30,1999-06-30,1999-06-30,2021-08-25,0.0,6401891000.0,,610074000.0,5791817000.0,,,-77977000.0,49816000.0,49816000.0,337212000.0,22944000.0,0.524,,2501791000.0,657419000.0,1844372000.0,2501791000.0,108802000.0,77539000.0,25987000.0,0.038,0.255,74914000.0,152453000.0,0.226,152453000.0,74914000.0,34600000.0,0.18,0.18,0.18,,,,5415307265.0,12.0,7.661,-54026000.0,-0.432,1.0,338135000.0,0.501,123401000.0,40314000.0,7566212000.0,,172147000.0,334152000.0,0.0,334152000.0,,1164253000.0,,3223294265.0,-14666000.0,-153765000.0,5138000.0,245182000.0,-31846000.0,217336000.0,-255953000.0,0.0,23951000.0,0.0,22944000.0,22944000.0,22944000.0,0.0,0.0,0.034,253158000.0,84977000.0,243528000.0,1.417,,15.86,15.455,4885312000.0,0.0,25.81,1.082,1.083,345383000.0,,675347000.0,675347000.0,0.0,,,,,0.0,0.0,1.0,124885481.0,124951321,124951321.0,5.405,6278490000.0,0.0,11656000.0,1015345000.0,50.247,-554179000.0
89,NI,MRQ,1999-03-31,1999-03-31,1999-03-31,2021-08-25,0.0,6226404000.0,,661920000.0,5564484000.0,,,-58115000.0,64482000.0,64482000.0,485527000.0,76559000.0,0.733,,2256495000.0,289095000.0,1967400000.0,2256495000.0,111028000.0,72909000.0,25547000.0,0.036,0.255,158169000.0,231078000.0,0.259,231078000.0,158169000.0,121481000.0,0.62,0.62,0.62,,,,5199218578.0,12.0,7.492,229104000.0,1.868,1.0,406048000.0,0.455,80597000.0,36688000.0,7434898000.0,,138197000.0,206168000.0,0.0,206168000.0,,902922000.0,,3174271578.0,3634000.0,-562266000.0,209693000.0,-186833000.0,-29980000.0,327643000.0,-611228000.0,0.0,287219000.0,0.0,76559000.0,76559000.0,76559000.0,0.0,0.0,0.086,250196000.0,155852000.0,255003000.0,0.411,,15.135,15.607,4842813000.0,0.0,27.0,1.074,1.12,412226000.0,,891575000.0,891575000.0,0.0,,,,,0.0,0.0,1.0,117565614.0,122646186,122646186.0,7.269,6145807000.0,0.0,44922000.0,1075304000.0,50.11,-241002000.0
90,NI,MRQ,1998-12-31,1998-12-31,1998-12-31,2021-08-25,0.0,4986503000.0,,576867000.0,4409636000.0,,9.775,-42904000.0,60848000.0,60848000.0,420119000.0,60606000.0,0.651,3.337,2085795000.0,417830000.0,1667965000.0,2085795000.0,68046000.0,49766000.0,22199000.0,0.032,0.24,111425000.0,161191000.0,0.243,161191000.0,111425000.0,85747000.0,0.51,0.51,0.51,1149708000.0,,1149708000.0,3928750823.0,10.0,6.048,28464000.0,0.242,1.0,244237000.0,0.368,65039000.0,25678000.0,6060348000.0,,164860000.0,181651000.0,0.0,181651000.0,3836795000.0,886063000.0,2950732000.0,3577468823.0,27390000.0,0.0,-20500000.0,1652000.0,-28220000.0,-48462000.0,4484000.0,0.0,71368000.0,0.0,60606000.0,60606000.0,60606000.0,-5300000.0,0.0,0.091,134342000.0,109895000.0,251399000.0,0.471,3.112,18.45,19.025,3748669000.0,0.0,30.44,1.258,1.293,263751000.0,,664356000.0,664356000.0,0.0,,,,,0.0,427400000.0,1.0,117525257.0,117613000,119841000.0,5.649,4921464000.0,0.0,25141000.0,712106000.0,41.845,-309196000.0
91,NI,MRQ,1998-09-30,1998-09-30,1998-09-30,2021-08-25,0.0,4837230000.0,,482184000.0,4355046000.0,,,-56395000.0,32490000.0,32490000.0,440918000.0,43127000.0,0.606,,383772000.0,383772000.0,0.0,383772000.0,72166000.0,64417000.0,20897000.0,0.029,0.24,97696000.0,162113000.0,0.217,162113000.0,97696000.0,64619000.0,0.36,0.35,0.36,,,,4187263440.0,10.0,6.231,13851000.0,0.116,1.0,306874000.0,0.41,65765000.0,33077000.0,4327060000.0,,151254000.0,183235000.0,0.0,183235000.0,,795687000.0,,3950386440.0,-4194000.0,0.0,-81959000.0,108213000.0,-28871000.0,-3105000.0,-71335000.0,0.0,70246000.0,0.0,43127000.0,43127000.0,43127000.0,0.0,0.0,0.058,209926000.0,96948000.0,189891000.0,0.667,,20.879,21.351,3731670000.0,0.0,32.88,1.323,1.316,231812000.0,,747792000.0,747792000.0,0.0,,,,,0.0,0.0,1.0,120145573.0,119495000,119495000.0,6.258,4771465000.0,0.0,21492000.0,791740000.0,39.93,-313503000.0
92,NI,MRQ,1998-06-30,1998-06-30,1998-06-30,2021-08-25,0.0,4814002000.0,,475234000.0,4338768000.0,,,-64075000.0,36684000.0,36684000.0,369553000.0,29445000.0,0.69,,273561000.0,273561000.0,0.0,273561000.0,82833000.0,63643000.0,23057000.0,0.033,0.24,75984000.0,139627000.0,0.214,139627000.0,75984000.0,44869000.0,0.24,0.24,0.24,,,,3577124064.0,9.0,5.408,37702000.0,0.309,1.0,282855000.0,0.434,66179000.0,31115000.0,4295678000.0,,114700000.0,176362000.0,0.0,176362000.0,,689022000.0,,3418969064.0,-3692000.0,0.0,-71185000.0,74963000.0,-29520000.0,-26880000.0,-78589000.0,0.0,101777000.0,0.0,29445000.0,29445000.0,29445000.0,0.0,0.0,0.045,203812000.0,79043000.0,201083000.0,1.0,,18.792,19.178,3733845000.0,0.0,28.0,1.206,1.207,264238000.0,,652408000.0,652408000.0,0.0,,,,,0.0,0.0,1.0,122106038.0,122181000,122181000.0,5.34,4747823000.0,0.0,15424000.0,799037000.0,38.859,-213788000.0
93,NI,MRQ,1998-03-31,1998-03-31,1998-03-31,2021-08-25,0.0,4900492000.0,,587844000.0,4312648000.0,,,-48203000.0,40376000.0,40376000.0,460410000.0,60722000.0,0.836,,198531000.0,198531000.0,0.0,198531000.0,78017000.0,63274000.0,22684000.0,0.033,0.24,123395000.0,186669000.0,0.24,186669000.0,123395000.0,93065000.0,0.49,0.48,0.49,,,,5364778504.0,13.0,8.115,141360000.0,1.141,1.0,318934000.0,0.409,67436000.0,30330000.0,4287844000.0,,104345000.0,167949000.0,0.0,167949000.0,,703367000.0,,3460373504.0,9596000.0,0.0,-19956000.0,-65928000.0,-29789000.0,-115553000.0,-64414000.0,0.0,189563000.0,0.0,60722000.0,60722000.0,60722000.0,0.0,0.0,0.078,201820000.0,117114000.0,203890000.0,0.49,,19.146,19.444,3723237000.0,0.0,28.0,1.279,1.282,371792000.0,,779344000.0,779344000.0,0.0,,,,,0.0,0.0,1.0,123584768.0,123872613,123872613.0,6.291,4833056000.0,0.0,32343000.0,883668000.0,39.016,-115523000.0
94,NI,MRQ,1997-12-31,1997-12-31,1997-12-31,2021-08-25,0.0,4937033000.0,,630708000.0,4306325000.0,,10.114,-58427000.0,30780000.0,30780000.0,480750000.0,55906000.0,0.841,2.903,1935185000.0,267260000.0,1667925000.0,1935185000.0,73715000.0,62333000.0,22091000.0,0.036,0.225,121273000.0,183606000.0,0.227,183606000.0,121273000.0,86366000.0,0.45,0.44,0.45,1264788000.0,,1264788000.0,,,,46846000.0,0.375,1.0,326339000.0,0.404,68175000.0,34907000.0,6022951000.0,,140358000.0,139125000.0,0.0,139125000.0,3672245000.0,750312000.0,2921933000.0,3055015465.0,2495000.0,0.0,-27686000.0,48264000.0,-28251000.0,-8112000.0,-94666000.0,5641000.0,105273000.0,0.0,55906000.0,55906000.0,55906000.0,0.0,0.0,0.069,204730000.0,121609000.0,226751000.0,0.5,2.415,16.008,16.052,3752154000.0,0.0,24.72,1.181,1.184,338811000.0,,807089000.0,807089000.0,0.0,,,,,0.0,0.0,1.0,123584768.0,125058612,125058612.0,6.454,4868858000.0,0.0,30460000.0,729388000.0,38.933,-119604000.0
95,NI,MRQ,1997-09-30,1997-09-30,1997-09-30,2021-08-25,,,,,,,,-51833000.0,,,306459000.0,35869000.0,,,,,,,,64712000.0,,0.042,0.225,86791000.0,151503000.0,0.254,151503000.0,86791000.0,56090000.0,0.28,0.28,0.28,,,,,,,64935000.0,0.517,1.0,289856000.0,0.486,,30701000.0,,,,,,,,,,,-1106000.0,0.0,375000.0,-79797000.0,-28247000.0,-108424000.0,-9450000.0,0.0,116768000.0,0.0,35869000.0,35869000.0,35869000.0,0.0,0.0,0.06,203446000.0,86410000.0,,0.804,,,,,0.0,21.065,,,,,596315000.0,596315000.0,0.0,,,,,0.0,0.0,1.0,,125495862,125495862.0,4.752,,,20221000.0,,,
96,NI,MRQ,1997-06-30,1997-06-30,1997-06-30,2021-08-25,,,,,,,,-62090000.0,,,240883000.0,28236000.0,,,,,,,,64414000.0,,0.042,0.225,74877000.0,139291000.0,0.266,139291000.0,74877000.0,44649000.0,0.22,0.22,0.22,,,,,,,-71707000.0,-0.571,1.0,282304000.0,0.54,,30228000.0,,,,,,,,,,,-62885000.0,-82985000.0,-39091000.0,166847000.0,-28323000.0,97598000.0,-150866000.0,-5641000.0,-9617000.0,0.0,28236000.0,28236000.0,28236000.0,0.0,0.0,0.054,208356000.0,73948000.0,,1.023,,,,,0.0,20.69,,,,,523187000.0,523187000.0,0.0,,,,,0.0,0.0,1.0,,125655240,125655240.0,4.164,,,16413000.0,,,
97,NI,MRQ,1997-03-31,1997-03-31,1997-03-31,2021-08-25,,,,,,,,-46581000.0,,,347522000.0,70838000.0,,,,,,,,58344000.0,,0.044,0.225,134689000.0,193033000.0,0.292,193033000.0,134689000.0,109918000.0,0.59,0.59,0.59,,,,,,,258537000.0,2.17,1.0,312428000.0,0.473,,24771000.0,,,,,,,,,,,65943000.0,-288932000.0,151895000.0,-39047000.0,-26772000.0,86190000.0,-325365000.0,0.0,305118000.0,0.0,70838000.0,70838000.0,70838000.0,0.0,0.0,0.107,183842000.0,128586000.0,,0.381,,,,,0.0,19.625,,,,,659950000.0,659950000.0,0.0,,,,,0.0,0.0,1.0,,119116686,119116686.0,5.54,,,39080000.0,,,
98,NI,MRQ,1996-12-31,1996-12-31,1996-12-31,2021-08-25,0.0,4288883000.0,,523247000.0,3765636000.0,,8.992,,26333000.0,26333000.0,,,0.507,2.897,1699143000.0,572037000.0,1127106000.0,1699143000.0,37338000.0,,17580000.0,0.042,0.21,,,,,,,,,,1100501000.0,,1100501000.0,,,,,,1.0,,,0.0,,4929690000.0,,151435000.0,102774000.0,0.0,102774000.0,3188382000.0,1032003000.0,2156379000.0,,,,,,,,,,,,,,,,,,,,251730000.0,,,,13.757,3342158000.0,,19.81,,1.22,207625000.0,,,,,,,,,,,1.0,,122381500,,,4288883000.0,0.0,,681468000.0,35.045,-508756000.0
0,NI,MRT,2021-06-30,2021-06-30,2021-06-30,2021-08-25,-123600000.0,22313800000.0,22312575000.0,1384200000.0,20929600000.0,0.208,16.598,-1736900000.0,90400000.0,90400000.0,1163600000.0,268300000.0,0.811,2.407,9246900000.0,45300000.0,9201600000.0,9246900000.0,0.0,735400000.0,148100000.0,0.035,0.86,684900000.0,1420300000.0,0.306,1420300000.0,684900000.0,335000000.0,0.53,0.52,0.53,6523100000.0,5907950000.0,6523100000.0,19279317627.0,28.0,13.574,-637600000.0,-1.622,1.0,3481500000.0,0.749,1485900000.0,349900000.0,28277500000.0,28153175000.0,330900000.0,251500000.0,0.0,251500000.0,15700300000.0,1706900000.0,13993400000.0,9609317627.0,-63200000.0,0.0,1049800000.0,-815800000.0,-333400000.0,-307600000.0,-854900000.0,-13300000.0,1099300000.0,0.0,267300000.0,212200000.0,212200000.0,0.0,1000000.0,0.046,2959800000.0,521700000.0,515300000.0,1.623,1.473,45.284,46.226,17155100000.0,55100000.0,24.5,2.069,2.073,595400000.0,-1704100000.0,4645100000.0,4645100000.0,0.0,0.01,0.036,0.024,0.147,17400000.0,1512500000.0,1.0,392217046.0,393000000,422900000.0,11.82,20827900000.0,0.0,67700000.0,1819500000.0,52.997,-322700000.0
1,NI,MRT,2021-03-31,2021-03-31,2021-03-31,2021-08-25,-75500000.0,22194500000.0,22343250000.0,1593500000.0,20601000000.0,0.207,15.105,-1673000000.0,96700000.0,96700000.0,1123700000.0,206700000.0,0.705,2.726,9766700000.0,564400000.0,9202300000.0,9766700000.0,0.0,726600000.0,146700000.0,0.035,0.85,625100000.0,1351700000.0,0.292,1351700000.0,625100000.0,262700000.0,0.36,0.36,0.36,5931600000.0,5692625000.0,5931600000.0,19068237632.0,31.0,14.107,-490600000.0,-1.249,1.0,3498100000.0,0.757,1485900000.0,362400000.0,28119800000.0,27973450000.0,246200000.0,249400000.0,0.0,249400000.0,16168800000.0,2258800000.0,13910000000.0,9447737632.0,-116300000.0,0.0,210500000.0,-176100000.0,-327500000.0,-502400000.0,-796300000.0,-14900000.0,1182400000.0,0.0,202300000.0,147200000.0,147200000.0,0.0,4400000.0,0.032,3026900000.0,471200000.0,580400000.0,2.361,1.593,64.183,66.972,16836700000.0,55100000.0,24.11,2.044,2.049,848200000.0,-1669800000.0,4621800000.0,4621800000.0,0.0,0.007,0.026,0.022,0.135,17400000.0,1502800000.0,1.0,391859711.0,392700000,393900000.0,11.769,20708600000.0,104200000.0,60400000.0,1875100000.0,52.734,-665300000.0
2,NI,MRT,2020-12-31,2020-12-31,2020-12-31,2021-08-25,-156700000.0,22040500000.0,22442800000.0,1659400000.0,20381100000.0,0.209,14.968,-1758100000.0,125600000.0,125600000.0,1109300000.0,-14200000.0,0.728,2.817,9746100000.0,526300000.0,9219800000.0,9746100000.0,0.0,725900000.0,243300000.0,0.037,0.84,336000000.0,1061900000.0,0.227,1061900000.0,336000000.0,-34700000.0,-0.19,-0.19,-0.19,5752200000.0,5645075000.0,5752200000.0,19341787707.0,58.0,18.214,-654100000.0,-1.702,1.0,3572400000.0,0.763,1485900000.0,370700000.0,27895700000.0,27594550000.0,401100000.0,252000000.0,0.0,252000000.0,16202700000.0,2279400000.0,13923300000.0,8790887707.0,-22800000.0,0.0,211400000.0,81900000.0,-321600000.0,-247700000.0,-879100000.0,-13300000.0,1104000000.0,0.0,-17600000.0,-72700000.0,-72700000.0,0.0,3400000.0,-0.016,3021600000.0,550800000.0,637500000.0,-4.421,1.528,-120.92,-120.737,16619500000.0,55100000.0,22.94,1.878,1.883,825400000.0,-1765200000.0,4681700000.0,4681700000.0,0.0,-0.003,-0.013,0.012,0.072,17400000.0,1585900000.0,1.0,383212193.0,384300000,384300000.0,12.182,20554600000.0,0.0,-17100000.0,1714700000.0,53.486,-620000000.0
3,NI,MRT,2020-09-30,2020-09-30,2020-09-30,2021-08-25,-193600000.0,22701500000.0,22597625000.0,2820800000.0,19880700000.0,0.215,14.135,-1784600000.0,67600000.0,67600000.0,1198200000.0,-241300000.0,0.818,3.185,10618500000.0,1409600000.0,9208900000.0,10618500000.0,0.0,724600000.0,229200000.0,0.038,0.83,65700000.0,790300000.0,0.162,790300000.0,65700000.0,-312700000.0,-0.79,-0.79,-0.79,5424900000.0,5703700000.0,5424900000.0,18262206836.0,278.0,23.108,-574500000.0,-1.497,1.0,3669700000.0,0.754,1485900000.0,378400000.0,28319700000.0,27351250000.0,396500000.0,238000000.0,0.0,238000000.0,17276600000.0,3446800000.0,13829800000.0,8426506836.0,30600000.0,0.0,244700000.0,1127600000.0,-315800000.0,749000000.0,-1928500000.0,-14300000.0,1210100000.0,0.0,-241300000.0,-296400000.0,-296400000.0,0.0,0.0,-0.061,3339400000.0,330300000.0,456600000.0,-1.051,1.553,-28.43,-27.848,16079000000.0,55100000.0,22.0,1.731,1.735,545800000.0,-1849600000.0,4867900000.0,4867900000.0,0.0,-0.013,-0.052,0.002,0.013,25900000.0,1536800000.0,1.0,383023038.0,383800000,383800000.0,12.683,21215600000.0,0.0,-71400000.0,1595400000.0,55.278,-626000000.0
4,NI,MRT,2020-06-30,2020-06-30,2020-06-30,2021-08-25,-221900000.0,22436500000.0,22455325000.0,2859600000.0,19576900000.0,0.218,14.763,-1778200000.0,153600000.0,153600000.0,1251800000.0,-61800000.0,0.886,2.963,9989300000.0,1179100000.0,8810200000.0,9989300000.0,0.0,726200000.0,163100000.0,0.036,0.82,300600000.0,1026800000.0,0.21,1026800000.0,300600000.0,-78500000.0,-0.32,-0.32,-0.32,5661800000.0,5809600000.0,5661800000.0,18364059993.0,61.0,17.885,-413400000.0,-1.078,1.0,3645100000.0,0.744,1485900000.0,379100000.0,27558600000.0,26854375000.0,311800000.0,229200000.0,0.0,229200000.0,16774700000.0,3227700000.0,13547000000.0,8704859993.0,121200000.0,0.0,244800000.0,819100000.0,-310100000.0,667400000.0,-1911000000.0,-8300000.0,1364800000.0,0.0,-61800000.0,-116900000.0,-116900000.0,0.0,0.0,-0.024,3352200000.0,292900000.0,430200000.0,-2.562,1.537,-74.464,-71.062,15772400000.0,55100000.0,22.74,1.778,1.781,563600000.0,-1576700000.0,4896900000.0,4896900000.0,0.0,-0.005,-0.02,0.011,0.061,25900000.0,1550800000.0,1.0,382799472.0,383500000,383500000.0,12.769,20950600000.0,0.0,-16700000.0,1682200000.0,54.63,-368100000.0
5,NI,MRT,2020-03-31,2020-03-31,2020-03-31,2021-08-25,-230600000.0,22592700000.0,22339750000.0,3225400000.0,19367300000.0,0.221,14.987,-1900800000.0,213000000.0,213000000.0,1316900000.0,239800000.0,0.775,2.935,9872200000.0,2054300000.0,7817900000.0,9872200000.0,0.0,726600000.0,163200000.0,0.032,0.81,665600000.0,1392200000.0,0.282,1392200000.0,665600000.0,289400000.0,0.49,0.48,0.49,5741400000.0,5888200000.0,5741400000.0,19039515800.0,29.0,13.676,-346700000.0,-0.905,1.0,3627700000.0,0.734,1485900000.0,376200000.0,26604200000.0,26320625000.0,254000000.0,212000000.0,0.0,212000000.0,16851300000.0,4161800000.0,12689500000.0,9545115800.0,52200000.0,0.0,245000000.0,663000000.0,-304300000.0,529700000.0,-2031600000.0,-10000000.0,1554100000.0,0.0,239800000.0,184700000.0,184700000.0,0.0,0.0,0.037,2963000000.0,664700000.0,524100000.0,1.653,1.663,51.679,50.959,15587200000.0,55100000.0,24.97,1.93,1.935,755500000.0,-1483400000.0,4944600000.0,4944600000.0,0.0,0.008,0.031,0.025,0.135,25900000.0,1246900000.0,1.0,382263348.0,383100000,384100000.0,12.907,21106800000.0,0.0,49600000.0,1684500000.0,55.095,-936400000.0
6,NI,MRT,2019-12-31,2019-12-31,2019-12-31,2021-08-25,-92600000.0,22659800000.0,22164050000.0,1853900000.0,20805900000.0,0.235,15.982,-1802400000.0,148400000.0,148400000.0,1534800000.0,383100000.0,0.495,2.785,9642800000.0,1786600000.0,7856200000.0,9642800000.0,0.0,717400000.0,256400000.0,0.029,0.8,885500000.0,1602900000.0,0.308,1602900000.0,885500000.0,506600000.0,0.88,0.87,0.88,5986700000.0,5897750000.0,5986700000.0,19842227627.0,22.0,12.379,-219100000.0,-0.585,1.0,3674100000.0,0.705,1485900000.0,378900000.0,26922500000.0,25931250000.0,424700000.0,230200000.0,0.0,230200000.0,16673100000.0,3745800000.0,12927300000.0,10399427627.0,27300000.0,0.0,244400000.0,494400000.0,-298500000.0,366400000.0,-1922400000.0,-8300000.0,1583300000.0,0.0,383100000.0,328000000.0,328000000.0,0.0,0.0,0.063,2783400000.0,890700000.0,725700000.0,0.909,1.737,31.706,31.636,16912200000.0,55100000.0,27.84,1.996,2.002,905400000.0,-1370800000.0,5208900000.0,5208900000.0,0.0,0.015,0.056,0.034,0.17,25900000.0,1354700000.0,1.0,373542659.0,374600000,376000000.0,13.905,21173900000.0,79500000.0,123500000.0,1716900000.0,56.524,-1891900000.0
7,NI,MRT,2019-09-30,2019-09-30,2019-09-30,2021-08-25,-130300000.0,22132300000.0,21950100000.0,1378300000.0,20754000000.0,0.24,15.634,-1831600000.0,37000000.0,37000000.0,1632100000.0,510700000.0,0.413,2.784,9479800000.0,1626000000.0,7853800000.0,9479800000.0,0.0,697000000.0,242800000.0,0.027,0.795,851700000.0,1548700000.0,0.294,1548700000.0,851700000.0,478000000.0,1.24,1.23,1.24,5848500000.0,5838800000.0,5848500000.0,20339549331.0,24.0,13.133,-986900000.0,-2.638,1.0,3641300000.0,0.691,1903200000.0,373700000.0,26332200000.0,25417450000.0,448700000.0,219700000.0,0.0,219700000.0,16283800000.0,3339700000.0,12944100000.0,11170549331.0,-16800000.0,0.0,247500000.0,703400000.0,-294600000.0,1081900000.0,-1943400000.0,5300000.0,844700000.0,0.0,510700000.0,461200000.0,461200000.0,0.0,0.0,0.087,2791000000.0,850300000.0,549700000.0,0.641,1.91,24.221,24.129,16480900000.0,49500000.0,29.92,2.118,2.123,569600000.0,-1231600000.0,5273400000.0,5273400000.0,0.0,0.021,0.079,0.034,0.162,28600000.0,1799900000.0,1.0,373347237.0,374100000,374100000.0,14.096,20229100000.0,0.0,-32700000.0,1634500000.0,54.074,-1961400000.0
8,NI,MRT,2019-06-30,2019-06-30,2019-06-30,2021-08-25,-80800000.0,21974200000.0,21591875000.0,1578000000.0,20396200000.0,0.243,15.983,-1829200000.0,32400000.0,32400000.0,1657400000.0,164600000.0,0.414,2.677,9201400000.0,2091700000.0,7109700000.0,9201400000.0,0.0,663300000.0,159100000.0,0.027,0.79,408800000.0,1072100000.0,0.205,1072100000.0,408800000.0,47600000.0,0.31,0.3,0.31,5976200000.0,5645100000.0,5976200000.0,19826071872.0,48.0,18.493,-1172400000.0,-3.136,1.0,3579500000.0,0.684,1905900000.0,361200000.0,25423600000.0,24852975000.0,318600000.0,217600000.0,0.0,217600000.0,15998000000.0,3813700000.0,12184300000.0,10745371872.0,-48700000.0,0.0,247600000.0,880100000.0,-290700000.0,1247500000.0,-1953000000.0,-7700000.0,656800000.0,0.0,164600000.0,123300000.0,123300000.0,0.0,0.0,0.024,3136100000.0,443400000.0,594500000.0,2.548,1.798,87.148,92.903,16133800000.0,41300000.0,28.8,2.052,2.056,911700000.0,-1144000000.0,5236900000.0,5236900000.0,0.0,0.006,0.022,0.016,0.078,28600000.0,2186800000.0,1.0,373103190.0,373900000,375200000.0,14.006,20068300000.0,0.0,-117000000.0,1650700000.0,53.673,-2235700000.0
9,NI,MRT,2019-03-31,2019-03-31,2019-03-31,2021-08-25,-52800000.0,21889900000.0,21175300000.0,1915800000.0,19974100000.0,0.247,15.478,-1801900000.0,160800000.0,160800000.0,1717200000.0,-107800000.0,0.477,2.787,9241500000.0,2131400000.0,7110100000.0,9241500000.0,0.0,630000000.0,152600000.0,0.027,0.785,64300000.0,694300000.0,0.133,694300000.0,64300000.0,-291500000.0,-0.38,-0.38,-0.38,5779600000.0,5516800000.0,5779600000.0,19687188501.0,306.0,28.355,-1250900000.0,-3.35,1.0,3516300000.0,0.672,1908700000.0,355800000.0,25046700000.0,24507000000.0,215700000.0,210600000.0,0.0,210600000.0,16110300000.0,4015200000.0,12095100000.0,10675688501.0,116100000.0,0.0,847200000.0,93300000.0,-282100000.0,1467700000.0,-1902600000.0,-4100000.0,551000000.0,0.0,-107800000.0,-136600000.0,-136600000.0,0.0,0.0,-0.026,3418000000.0,98300000.0,690700000.0,-2.066,1.847,-78.153,-75.421,15741400000.0,28800000.0,28.66,2.04,2.045,1204200000.0,-1358000000.0,5233500000.0,5233500000.0,0.0,-0.006,-0.025,0.003,0.012,28600000.0,2502800000.0,1.0,372494365.0,373400000,374700000.0,14.016,19981200000.0,0.0,-183700000.0,1635200000.0,53.512,-2099400000.0
10,NI,MRT,2018-12-31,2018-12-31,2018-12-31,2021-08-25,-37200000.0,21804000000.0,20727450000.0,2055400000.0,19748600000.0,0.247,16.132,-1818200000.0,121100000.0,121100000.0,1761300000.0,-50600000.0,0.509,2.791,9132600000.0,2027200000.0,7105400000.0,9132600000.0,0.0,599600000.0,238900000.0,0.031,0.78,122700000.0,722300000.0,0.141,722300000.0,122700000.0,-230600000.0,-0.18,-0.18,-0.18,5750900000.0,5198450000.0,5750900000.0,17909624233.0,146.0,24.795,-1278100000.0,-3.585,1.0,3353200000.0,0.656,1911400000.0,353300000.0,24867300000.0,24251525000.0,422500000.0,206100000.0,0.0,206100000.0,16053100000.0,4036800000.0,12016300000.0,9209324233.0,82700000.0,0.0,844200000.0,75400000.0,-273300000.0,1468700000.0,-1926100000.0,-7700000.0,540100000.0,0.0,-50600000.0,-65600000.0,-65600000.0,0.0,0.0,-0.013,3228500000.0,124700000.0,969300000.0,-4.333,1.601,-140.386,-140.833,15542500000.0,15000000.0,25.35,1.801,1.767,1146900000.0,-1399300000.0,5114500000.0,5114500000.0,0.0,-0.003,-0.013,0.005,0.024,28600000.0,2352900000.0,1.0,363286952.0,356500000,356500000.0,14.346,19892600000.0,0.0,-180000000.0,1564400000.0,55.8,-1981400000.0
11,NI,MRT,2018-09-30,2018-09-30,2018-09-30,2021-08-25,2500000.0,20699400000.0,20266875000.0,1369100000.0,19330300000.0,0.248,13.943,-1776000000.0,53800000.0,53800000.0,1715700000.0,-91300000.0,0.401,3.08,8754100000.0,1659600000.0,7094500000.0,8754100000.0,0.0,579600000.0,238400000.0,0.03,0.76,457400000.0,1037000000.0,0.207,1037000000.0,457400000.0,99800000.0,-0.22,-0.23,-0.22,5073700000.0,4840750000.0,5073700000.0,17255974190.0,38.0,16.64,-636200000.0,-1.748,1.0,3305400000.0,0.658,1914200000.0,357600000.0,24074300000.0,23990875000.0,466900000.0,217100000.0,0.0,217100000.0,15625700000.0,3411200000.0,12214500000.0,9046874190.0,25500000.0,0.0,610400000.0,71300000.0,-261400000.0,764000000.0,-1878300000.0,-8200000.0,1139800000.0,0.0,-91300000.0,-98200000.0,-98200000.0,0.0,0.0,-0.02,2831700000.0,473700000.0,491900000.0,-3.455,1.783,-92.127,-113.273,15174400000.0,6900000.0,24.92,1.802,1.806,537700000.0,-1387500000.0,5021100000.0,5021100000.0,0.0,-0.005,-0.02,0.019,0.091,40100000.0,1975300000.0,1.0,363036685.0,363900000,363900000.0,13.798,18785200000.0,0.0,191100000.0,1453400000.0,51.622,-2042100000.0
12,NI,MRT,2018-06-30,2018-06-30,2018-06-30,2021-08-25,-20900000.0,20307900000.0,19909400000.0,1315700000.0,18992200000.0,0.253,15.423,-1796100000.0,81100000.0,81100000.0,1727300000.0,262200000.0,0.514,2.717,8290200000.0,1197700000.0,7092500000.0,8290200000.0,0.0,574100000.0,158000000.0,0.028,0.74,912400000.0,1486500000.0,0.295,1486500000.0,912400000.0,550300000.0,0.77,0.76,0.77,5463000000.0,4663075000.0,5463000000.0,17947838662.0,20.0,12.074,-895800000.0,-2.529,1.0,3315800000.0,0.657,1916900000.0,362100000.0,24039700000.0,23822525000.0,336500000.0,203800000.0,0.0,203800000.0,14844900000.0,2560400000.0,12284500000.0,8875738662.0,48300000.0,0.0,892900000.0,30800000.0,-247600000.0,1041700000.0,-1893700000.0,-6300000.0,900300000.0,0.0,262200000.0,260900000.0,260900000.0,0.0,0.0,0.052,2415000000.0,900800000.0,491900000.0,0.961,1.625,34.02,34.13,14847900000.0,1300000.0,26.28,1.76,1.846,614400000.0,-965500000.0,5043100000.0,5043100000.0,0.0,0.013,0.056,0.038,0.181,40100000.0,1566200000.0,1.0,337737392.0,354200000,355200000.0,14.238,18391000000.0,0.0,288100000.0,1574400000.0,51.923,-1244700000.0
13,NI,MRT,2018-03-31,2018-03-31,2018-03-31,2021-08-25,-19000000.0,20098500000.0,19538100000.0,1633800000.0,18464700000.0,0.257,13.332,-1753800000.0,44700000.0,44700000.0,1690800000.0,193300000.0,0.506,3.46,9116800000.0,1830000000.0,7286800000.0,9116800000.0,0.0,571700000.0,154700000.0,0.03,0.72,810400000.0,1382100000.0,0.275,1382100000.0,810400000.0,449300000.0,0.56,0.55,0.56,4506200000.0,4328025000.0,4506200000.0,17021847921.0,21.0,12.316,-1034500000.0,-3.061,1.0,3336000000.0,0.664,1919600000.0,361100000.0,24024800000.0,23393500000.0,245300000.0,206300000.0,0.0,206300000.0,15592300000.0,3226200000.0,12366100000.0,8058047921.0,5500000.0,0.0,327600000.0,1205600000.0,-238300000.0,1150600000.0,-1864400000.0,-5300000.0,719300000.0,0.0,193300000.0,193300000.0,193300000.0,0.0,0.0,0.038,2429600000.0,906400000.0,508800000.0,1.286,1.788,41.687,42.696,14456600000.0,0.0,23.91,1.603,1.608,1027400000.0,-919200000.0,5026800000.0,5026800000.0,0.0,0.01,0.045,0.035,0.161,40100000.0,1592600000.0,1.0,337015806.0,338000000,339000000.0,14.872,18178900000.0,0.0,256000000.0,1609700000.0,53.784,-1592400000.0
14,NI,MRT,2017-12-31,2017-12-31,2017-12-31,2021-08-25,-43400000.0,19961700000.0,19172450000.0,1763300000.0,18198400000.0,0.254,13.115,-1695800000.0,38400000.0,38400000.0,1518700000.0,128500000.0,0.555,3.621,9002200000.0,1490000000.0,7512200000.0,9002200000.0,0.0,570300000.0,262600000.0,0.027,0.7,796200000.0,1366500000.0,0.28,1366500000.0,796200000.0,443000000.0,0.39,0.39,0.39,4320100000.0,4249250000.0,4320100000.0,17268794099.0,22.0,12.637,-953600000.0,-2.895,1.0,3355900000.0,0.688,1922400000.0,353200000.0,23824700000.0,22616350000.0,471100000.0,209600000.0,0.0,209600000.0,15641600000.0,3178400000.0,12463200000.0,8645494099.0,2400000.0,0.0,329500000.0,1112600000.0,-229100000.0,1068700000.0,-1808500000.0,-5300000.0,742200000.0,0.0,128500000.0,128500000.0,128500000.0,0.0,0.0,0.026,2434700000.0,921200000.0,685200000.0,1.795,2.001,67.28,65.821,14359500000.0,0.0,25.67,1.774,1.735,944700000.0,-1073100000.0,4874600000.0,4874600000.0,0.0,0.007,0.03,0.035,0.163,40100000.0,1601700000.0,1.0,336793693.0,329400000,330800000.0,14.798,18039300000.0,0.0,314500000.0,1513400000.0,54.764,-1415100000.0
15,NI,MRT,2017-09-30,2017-09-30,2017-09-30,2021-08-25,-43700000.0,19269500000.0,18855000000.0,1332400000.0,17937100000.0,0.255,13.177,-1608200000.0,28300000.0,28300000.0,1503300000.0,269700000.0,0.519,3.417,8651600000.0,1133000000.0,7518600000.0,8651600000.0,0.0,569600000.0,253100000.0,0.027,0.69,767100000.0,1336700000.0,0.278,1336700000.0,767100000.0,418300000.0,0.82,0.82,0.82,4363000000.0,4187025000.0,4363000000.0,16546122359.0,22.0,12.378,-807300000.0,-2.438,1.0,3300000000.0,0.687,1925100000.0,348800000.0,23400900000.0,21955075000.0,511500000.0,213300000.0,0.0,213300000.0,14906500000.0,2566800000.0,12339700000.0,8339022359.0,-17500000.0,0.0,331700000.0,958000000.0,-223400000.0,923100000.0,-1741500000.0,-7800000.0,800900000.0,0.0,269700000.0,269700000.0,269700000.0,3400000.0,0.0,0.056,2416600000.0,883400000.0,515400000.0,0.841,1.911,30.92,31.207,14042100000.0,0.0,25.59,1.736,1.764,522900000.0,-1020600000.0,4803300000.0,4803300000.0,0.0,0.014,0.064,0.035,0.16,46500000.0,1591800000.0,1.0,325870354.0,331100000,332400000.0,14.507,17344400000.0,0.0,148600000.0,2780400000.0,52.384,-1234400000.0
16,NI,MRT,2017-06-30,2017-06-30,2017-06-30,2021-08-25,-35600000.0,18822700000.0,18554425000.0,1280800000.0,17541900000.0,0.256,12.682,-1534900000.0,32800000.0,32800000.0,1487900000.0,282900000.0,0.461,3.566,8239900000.0,1462500000.0,6777400000.0,8239900000.0,0.0,562900000.0,168600000.0,0.027,0.68,783400000.0,1346300000.0,0.284,1346300000.0,783400000.0,437500000.0,0.86,0.86,0.86,4122800000.0,4049175000.0,4122800000.0,16108556921.0,21.0,11.965,-567300000.0,-1.745,1.0,3259700000.0,0.687,1927900000.0,345900000.0,22323600000.0,21336700000.0,393200000.0,201100000.0,0.0,201100000.0,14699900000.0,2778300000.0,11921600000.0,8233556921.0,-13300000.0,0.0,51900000.0,995300000.0,-219400000.0,693700000.0,-1673900000.0,-6400000.0,967600000.0,0.0,282900000.0,282900000.0,282900000.0,-100000.0,0.0,0.06,2373800000.0,885900000.0,497700000.0,0.791,1.997,29.104,29.488,13669300000.0,0.0,25.36,1.734,1.737,580300000.0,-975600000.0,4747600000.0,4747600000.0,0.0,0.015,0.07,0.037,0.165,46500000.0,1556700000.0,1.0,324667071.0,325100000,325100000.0,14.604,16894800000.0,0.0,154600000.0,2782100000.0,51.968,-1497500000.0
17,NI,MRT,2017-03-31,2017-03-31,2017-03-31,2021-08-25,-19600000.0,18635900000.0,18253050000.0,1471200000.0,17164700000.0,0.255,12.947,-1486200000.0,39200000.0,39200000.0,1446000000.0,356200000.0,0.402,3.447,7914200000.0,2323500000.0,5590700000.0,7914200000.0,0.0,557600000.0,166300000.0,0.028,0.66,898700000.0,1456300000.0,0.313,1456300000.0,898700000.0,554500000.0,1.09,1.09,1.09,4191100000.0,3971125000.0,4191100000.0,15561268597.0,17.0,10.685,-574700000.0,-1.775,1.0,3208500000.0,0.689,1930600000.0,344200000.0,20916200000.0,20812225000.0,275500000.0,200600000.0,0.0,200600000.0,14444800000.0,3664100000.0,10780700000.0,7687968597.0,-14500000.0,0.0,18800000.0,902000000.0,-212400000.0,705000000.0,-1630700000.0,-5300000.0,911500000.0,0.0,356200000.0,356200000.0,356200000.0,0.0,0.0,0.077,2308400000.0,900100000.0,484900000.0,0.606,1.834,21.583,21.826,13288900000.0,0.0,23.79,1.652,1.654,832600000.0,-874200000.0,4654500000.0,4654500000.0,0.0,0.02,0.09,0.043,0.193,46500000.0,1502700000.0,1.0,323159672.0,323700000,325300000.0,14.379,16705300000.0,0.0,198300000.0,2874000000.0,51.607,-2192900000.0
18,NI,MRT,2016-12-31,2016-12-31,2016-12-31,2021-08-25,-25100000.0,18691900000.0,17961925000.0,1762100000.0,16929800000.0,0.25,12.651,-1475200000.0,36000000.0,36000000.0,1390200000.0,331500000.0,0.51,3.591,7909300000.0,1851100000.0,6058200000.0,7909300000.0,0.0,547100000.0,264100000.0,0.029,0.64,863100000.0,1410200000.0,0.314,1410200000.0,863100000.0,513600000.0,1.03,1.02,1.03,4071200000.0,3891425000.0,4071200000.0,14853314338.0,17.0,10.533,-671900000.0,-2.088,1.0,3102300000.0,0.691,1933400000.0,349500000.0,21179600000.0,20584525000.0,494400000.0,199900000.0,0.0,199900000.0,14620700000.0,3452200000.0,11168500000.0,7145414338.0,-9200000.0,0.0,13700000.0,986000000.0,-205500000.0,790500000.0,-1603000000.0,-5300000.0,803300000.0,0.0,331500000.0,331500000.0,331500000.0,0.0,0.0,0.074,2236200000.0,866100000.0,623100000.0,0.621,1.755,21.555,21.495,13068000000.0,0.0,22.14,1.591,1.586,852400000.0,-972200000.0,4492500000.0,4492500000.0,0.0,0.018,0.085,0.042,0.192,46500000.0,1445800000.0,1.0,322737775.0,321800000,323500000.0,13.961,16758500000.0,0.0,182100000.0,2736800000.0,52.077,-1690100000.0
19,NI,MRT,2016-09-30,2016-09-30,2016-09-30,2021-08-25,-179000000.0,18067200000.0,17662075000.0,1378500000.0,16688700000.0,0.243,11.826,-1520700000.0,29900000.0,29900000.0,1286000000.0,302100000.0,0.473,3.74,7737800000.0,1641600000.0,6096200000.0,7737800000.0,95200000.0,539400000.0,255200000.0,0.026,0.63,855100000.0,1394500000.0,0.325,1394500000.0,855100000.0,499300000.0,0.93,0.94,0.93,3811600000.0,3834500000.0,3811600000.0,15009688499.0,18.0,10.763,-725800000.0,-2.252,1.0,3007300000.0,0.7,1936100000.0,355800000.0,20927400000.0,20238375000.0,533700000.0,207000000.0,0.0,207000000.0,14255600000.0,2911600000.0,11344000000.0,7767888499.0,-44600000.0,0.0,13200000.0,1007800000.0,-201700000.0,819000000.0,-1624700000.0,-4000000.0,794900000.0,0.0,302100000.0,302100000.0,302100000.0,-106900000.0,0.0,0.07,2154500000.0,852800000.0,410400000.0,0.677,2.038,25.713,25.925,12853800000.0,0.0,24.11,1.809,1.81,487900000.0,-1060900000.0,4293300000.0,4293300000.0,0.0,0.017,0.079,0.042,0.199,12100000.0,1378100000.0,1.0,322185338.0,322300000,323900000.0,13.321,16131100000.0,0.0,197200000.0,2528900000.0,50.05,-1533100000.0
20,NI,MRT,2016-06-30,2016-06-30,2016-06-30,2021-08-25,-156300000.0,17617200000.0,17409250000.0,1259600000.0,16357600000.0,0.244,11.845,-1478500000.0,28000000.0,28000000.0,1276900000.0,270000000.0,0.467,3.623,7269800000.0,1412600000.0,5857200000.0,7269800000.0,93600000.0,535600000.0,186700000.0,0.023,0.62,830200000.0,1365800000.0,0.321,1365800000.0,830200000.0,464500000.0,0.83,0.84,0.83,3810600000.0,3831675000.0,3810600000.0,15498859636.0,19.0,11.348,-650100000.0,-2.021,1.0,2972300000.0,0.699,1937100000.0,365700000.0,20225700000.0,19921325000.0,414700000.0,196900000.0,0.0,196900000.0,13806600000.0,2696200000.0,11110400000.0,8527359636.0,-500600000.0,0.0,12000000.0,588400000.0,-198000000.0,265300000.0,-1569800000.0,5600000.0,828400000.0,0.0,270000000.0,270000000.0,270000000.0,-103400000.0,0.0,0.064,2123500000.0,848800000.0,408900000.0,0.747,2.238,31.583,31.952,12555900000.0,0.0,26.52,2.007,2.008,490300000.0,-1067400000.0,4249200000.0,4249200000.0,0.0,0.016,0.07,0.042,0.195,21100000.0,1352600000.0,1.0,321544481.0,321700000,323200000.0,13.209,15680100000.0,0.0,194500000.0,2568300000.0,48.741,-1436600000.0
21,NI,MRT,2016-03-31,2016-03-31,2016-03-31,2021-08-25,-103800000.0,17471400000.0,19406675000.0,1395400000.0,16076000000.0,0.218,12.09,-1418200000.0,43100000.0,43100000.0,1292000000.0,213400000.0,0.559,3.512,7014600000.0,1109100000.0,5905500000.0,7014600000.0,96700000.0,532200000.0,212800000.0,0.031,0.725,724400000.0,1256600000.0,0.297,1256600000.0,724400000.0,346500000.0,0.63,0.64,0.63,3872300000.0,4505500000.0,3872300000.0,14437516054.0,20.0,11.489,-262900000.0,-0.821,1.0,2944200000.0,0.695,1941600000.0,377900000.0,20005400000.0,21895325000.0,318400000.0,201500000.0,0.0,201500000.0,13599100000.0,2495900000.0,11103200000.0,7533116054.0,-13400000.0,0.0,13100000.0,-1684100000.0,-230800000.0,-2692200000.0,1523200000.0,3301700000.0,1155300000.0,0.0,204700000.0,204700000.0,204700000.0,-148900000.0,8700000.0,0.048,2149200000.0,795000000.0,418500000.0,1.151,1.945,36.801,37.397,12267200000.0,0.0,23.56,1.778,1.781,674300000.0,-1042900000.0,4236200000.0,4236200000.0,0.0,0.011,0.045,0.033,0.171,33400000.0,1371700000.0,1.0,319741768.0,320300000,322500000.0,13.226,15529800000.0,0.0,141800000.0,2644400000.0,48.485,-1100500000.0
22,NI,MRT,2015-12-31,2015-12-31,2015-12-31,2021-08-25,-35100000.0,17492500000.0,21263550000.0,1577200000.0,15915300000.0,0.219,12.098,-1360700000.0,45200000.0,45200000.0,1643700000.0,302100000.0,0.593,3.551,6949600000.0,1001100000.0,5948500000.0,6949600000.0,0.0,524400000.0,316300000.0,0.043,0.83,808000000.0,1332400000.0,0.286,1332400000.0,808000000.0,427800000.0,0.9,0.9,0.9,3843500000.0,5168300000.0,3843500000.0,12840976673.0,16.0,9.637,96100000.0,0.302,1.0,3008100000.0,0.647,1944400000.0,380200000.0,19795000000.0,23614825000.0,536600000.0,194600000.0,0.0,194600000.0,13649000000.0,2657500000.0,10991500000.0,6217276673.0,-5100000.0,0.0,2100000.0,-3028600000.0,-263400000.0,-3411600000.0,1949700000.0,3801700000.0,1456800000.0,0.0,286500000.0,286500000.0,286500000.0,-103500000.0,15600000.0,0.062,2208200000.0,799900000.0,495700000.0,0.922,1.618,21.701,21.678,12111500000.0,0.0,19.51,1.337,1.332,681000000.0,-1123300000.0,4651800000.0,4651800000.0,0.0,0.013,0.055,0.034,0.174,50700000.0,1426100000.0,1.0,318671280.0,317700000,319800000.0,14.642,15548100000.0,0.0,141300000.0,2563600000.0,48.94,-1080300000.0
23,NI,MRT,2015-09-30,2015-09-30,2015-09-30,2021-08-25,-19600000.0,17055900000.0,23037875000.0,1637800000.0,15418100000.0,0.215,11.947,-1291600000.0,59600000.0,59600000.0,1910600000.0,396900000.0,0.79,3.488,6683300000.0,549800000.0,6133500000.0,6683300000.0,108700000.0,514800000.0,255400000.0,0.05,0.935,889300000.0,1404100000.0,0.284,1404100000.0,889300000.0,511300000.0,1.21,1.2,1.21,3800300000.0,5751250000.0,3800300000.0,14859987028.0,17.0,10.583,335400000.0,1.054,1.0,3036700000.0,0.614,1947100000.0,378000000.0,19659200000.0,25819900000.0,564200000.0,202500000.0,0.0,202500000.0,13255600000.0,2073300000.0,11182300000.0,5896287028.0,176200000.0,0.0,5500000.0,-2993800000.0,-296100000.0,-3414800000.0,1801800000.0,3798200000.0,1627000000.0,0.0,381300000.0,381300000.0,381300000.0,-402000000.0,15600000.0,0.077,2229400000.0,807300000.0,416000000.0,0.773,1.552,15.464,15.331,11690700000.0,0.0,18.55,1.192,1.193,520200000.0,-1182700000.0,4947300000.0,4947300000.0,0.0,0.017,0.066,0.034,0.18,54400000.0,1453700000.0,1.0,317859139.0,318100000,321500000.0,15.553,15108800000.0,227100000.0,130000000.0,2666300000.0,47.497,-435500000.0
24,NI,MRT,2015-06-30,2015-06-30,2015-06-30,2021-08-25,-44400000.0,25606900000.0,24701425000.0,2335700000.0,23271200000.0,0.201,20.491,-984300000.0,521800000.0,521800000.0,1963900000.0,433200000.0,0.925,2.79,9485500000.0,604400000.0,8881100000.0,9485500000.0,126700000.0,447600000.0,206900000.0,0.023,1.04,918900000.0,1366500000.0,0.275,1366500000.0,918900000.0,541100000.0,1.33,1.32,1.33,6505900000.0,6303000000.0,6505900000.0,23140253628.0,25.0,16.934,799800000.0,2.519,1.0,3004400000.0,0.605,3924600000.0,377800000.0,28121700000.0,27510475000.0,468100000.0,653000000.0,0.0,653000000.0,18151000000.0,2524300000.0,15626700000.0,14469253628.0,747500000.0,0.0,6400000.0,-2575000000.0,-328800000.0,-2891000000.0,1585500000.0,3853000000.0,1784100000.0,0.0,417600000.0,417600000.0,417600000.0,-402000000.0,15600000.0,0.084,2235700000.0,768700000.0,493100000.0,0.782,2.224,34.649,34.278,16908300000.0,0.0,45.59,2.912,2.913,729800000.0,1561100000.0,4968300000.0,4968300000.0,0.0,0.017,0.066,0.033,0.185,67700000.0,1470000000.0,1.0,317377794.0,317500000,317500000.0,15.648,21682300000.0,303800000.0,123500000.0,4060200000.0,68.291,-188600000.0
25,NI,MRT,2015-03-31,2015-03-31,2015-03-31,2021-08-25,-46600000.0,24898900000.0,24114150000.0,2261000000.0,22637900000.0,0.225,20.605,-1139700000.0,63600000.0,63600000.0,2085600000.0,539100000.0,0.82,2.672,8734600000.0,776700000.0,7957900000.0,8734600000.0,131000000.0,463200000.0,172600000.0,0.023,1.03,1119500000.0,1582700000.0,0.292,1582700000.0,1119500000.0,730800000.0,1.69,1.68,1.69,6523500000.0,6183600000.0,6523500000.0,23913018785.0,21.0,15.109,390300000.0,1.233,1.0,3333200000.0,0.615,3928100000.0,388700000.0,26883400000.0,26763525000.0,318900000.0,656600000.0,0.0,656600000.0,17429200000.0,2758400000.0,14670800000.0,13963918785.0,248900000.0,0.0,7100000.0,-270100000.0,-325000000.0,71700000.0,-1597500000.0,531000000.0,1530000000.0,0.0,532200000.0,532200000.0,532200000.0,-356300000.0,6900000.0,0.098,2440400000.0,892800000.0,629700000.0,0.609,2.141,26.238,26.13,16283400000.0,0.0,44.16,2.577,2.58,1229000000.0,1597500000.0,5418800000.0,5418800000.0,0.0,0.022,0.086,0.042,0.207,69400000.0,1646400000.0,1.0,316211929.0,316600000,317400000.0,17.116,20970800000.0,277200000.0,198600000.0,4107300000.0,66.238,-497400000.0
26,NI,MRT,2014-12-31,2014-12-31,2014-12-31,2021-08-25,-50600000.0,24589800000.0,23666250000.0,2194400000.0,22395400000.0,0.223,19.598,-1282500000.0,49800000.0,49800000.0,2372900000.0,530000000.0,0.554,2.982,9995000000.0,1843500000.0,8151500000.0,9995000000.0,104300000.0,486900000.0,280900000.0,0.024,1.02,1076300000.0,1563200000.0,0.296,1563200000.0,1076300000.0,696800000.0,1.68,1.67,1.68,6175300000.0,6055750000.0,6175300000.0,23085486619.0,21.0,14.768,37100000.0,0.118,1.0,2899500000.0,0.55,1955400000.0,379500000.0,28615300000.0,26232675000.0,586200000.0,213100000.0,0.0,213100000.0,18414500000.0,3964300000.0,14450200000.0,13391986619.0,243300000.0,0.0,20100000.0,1105500000.0,-321300000.0,795600000.0,-2116600000.0,0.0,1319600000.0,0.0,530000000.0,530000000.0,530000000.0,-273800000.0,0.0,0.101,2110400000.0,789100000.0,711600000.0,0.607,2.169,25.268,25.25,11057400000.0,0.0,42.42,2.54,2.535,949100000.0,1494000000.0,5272400000.0,5272400000.0,0.0,0.022,0.088,0.041,0.204,66000000.0,1367300000.0,1.0,315699826.0,315100000,316600000.0,16.732,22634400000.0,0.0,166800000.0,2352100000.0,71.832,-1769900000.0
27,NI,MRT,2014-09-30,2014-09-30,2014-09-30,2021-08-25,-41600000.0,23710100000.0,23182275000.0,2011600000.0,21698500000.0,0.218,19.047,-822100000.0,33700000.0,33700000.0,2390100000.0,527600000.0,0.66,2.947,9727200000.0,1329800000.0,8397400000.0,9727200000.0,130100000.0,402100000.0,257100000.0,0.025,1.01,1042400000.0,1444500000.0,0.286,1444500000.0,1042400000.0,658500000.0,1.68,1.68,1.68,6007300000.0,5983575000.0,6007300000.0,22165637377.0,21.0,15.345,422600000.0,1.34,1.0,2668600000.0,0.528,3933600000.0,383900000.0,26421500000.0,25162050000.0,667600000.0,655200000.0,0.0,655200000.0,17702800000.0,3048500000.0,14654300000.0,12921737377.0,448700000.0,0.0,19700000.0,1208200000.0,-317500000.0,910400000.0,-2152300000.0,77100000.0,1244700000.0,0.0,527600000.0,527600000.0,527600000.0,42900000.0,0.0,0.104,1940700000.0,727900000.0,570800000.0,0.601,2.151,24.492,24.393,15586500000.0,0.0,40.98,2.554,2.555,720200000.0,1339900000.0,5058700000.0,5058700000.0,0.0,0.023,0.088,0.041,0.206,59000000.0,1240500000.0,1.0,315318140.0,315400000,315400000.0,16.039,19776500000.0,231700000.0,130900000.0,3748300000.0,62.703,-1036900000.0
28,NI,MRT,2014-06-30,2014-06-30,2014-06-30,2021-08-25,-41400000.0,23257800000.0,22775775000.0,2054500000.0,21203300000.0,0.233,19.137,-1256300000.0,27800000.0,27800000.0,2370700000.0,544300000.0,0.599,2.858,9271700000.0,1631100000.0,7640600000.0,9271700000.0,132900000.0,481300000.0,241700000.0,0.025,1.0,1096700000.0,1578000000.0,0.298,1578000000.0,1096700000.0,703800000.0,1.74,1.74,1.74,6028300000.0,5906975000.0,6028300000.0,21319855358.0,19.0,13.511,-63000000.0,-0.2,1.0,2926600000.0,0.552,3936400000.0,392900000.0,25133900000.0,24444625000.0,469100000.0,639000000.0,0.0,639000000.0,17229500000.0,3431400000.0,13798100000.0,12387255358.0,309900000.0,0.0,25300000.0,1142600000.0,-313600000.0,851100000.0,-2070900000.0,-22100000.0,1193300000.0,0.0,544300000.0,544300000.0,544300000.0,44300000.0,0.0,0.103,2103900000.0,822700000.0,598800000.0,0.575,2.055,22.758,22.609,15088800000.0,0.0,39.34,2.338,2.339,959700000.0,1390600000.0,5297300000.0,5297300000.0,0.0,0.024,0.092,0.045,0.207,53400000.0,1382000000.0,1.0,314876852.0,315000000,316100000.0,16.817,19321400000.0,0.0,159500000.0,3707100000.0,61.338,-1376900000.0
29,NI,MRT,2014-03-31,2014-03-31,2014-03-31,2021-08-25,-42500000.0,23107300000.0,22366725000.0,2320100000.0,20787200000.0,0.231,19.135,-1222100000.0,48900000.0,48900000.0,2348300000.0,537800000.0,0.694,2.843,8981500000.0,1343000000.0,7638500000.0,8981500000.0,129900000.0,475500000.0,239400000.0,0.028,0.99,1076500000.0,1552000000.0,0.301,1552000000.0,1076500000.0,690700000.0,1.72,1.72,1.72,6012100000.0,5825575000.0,6012100000.0,19955314655.0,19.0,12.858,159600000.0,0.508,1.0,2815400000.0,0.545,3939100000.0,385800000.0,24760000000.0,24060525000.0,225600000.0,610200000.0,0.0,610200000.0,17095200000.0,3340800000.0,13754400000.0,11156114655.0,270400000.0,0.0,24900000.0,896100000.0,-309700000.0,608100000.0,-2053200000.0,-13900000.0,1381700000.0,0.0,537800000.0,537800000.0,537800000.0,44700000.0,0.0,0.104,2015200000.0,800200000.0,857500000.0,0.576,1.856,20.744,20.657,14657700000.0,0.0,35.53,2.16,2.162,1432600000.0,1394400000.0,5163700000.0,5163700000.0,0.0,0.024,0.092,0.045,0.208,51800000.0,1301300000.0,1.0,313991406.0,314200000,315100000.0,16.434,19168200000.0,4100000.0,152900000.0,3690900000.0,61.006,-1020700000.0
30,NI,MRT,2013-12-31,2013-12-31,2013-12-31,2021-08-25,-43600000.0,22653900000.0,21999000000.0,2159200000.0,20494700000.0,0.21,18.843,-1205100000.0,34800000.0,34800000.0,1963000000.0,532100000.0,0.679,2.848,8834000000.0,1240800000.0,7593200000.0,8834000000.0,127500000.0,470400000.0,262600000.0,0.03,0.98,1016000000.0,1486400000.0,0.321,1486400000.0,1016000000.0,640700000.0,1.7,1.7,1.7,5886600000.0,5745225000.0,5886600000.0,18719034471.0,18.0,12.594,231700000.0,0.742,1.0,2662400000.0,0.576,3941900000.0,375300000.0,24332800000.0,23523475000.0,500400000.0,577700000.0,0.0,577700000.0,16767300000.0,3178400000.0,13588900000.0,10301134471.0,190500000.0,0.0,35600000.0,718600000.0,-305900000.0,445100000.0,-1891400000.0,0.0,1436800000.0,0.0,532100000.0,532100000.0,532100000.0,0.0,0.0,0.115,1964300000.0,698100000.0,805400000.0,0.576,1.75,19.359,19.341,14365100000.0,0.0,32.88,2.227,2.221,1076400000.0,1285500000.0,4625400000.0,4625400000.0,0.0,0.024,0.093,0.043,0.22,48500000.0,1254400000.0,1.0,313294844.0,312400000,313600000.0,14.806,18712000000.0,175300000.0,108600000.0,3553500000.0,59.898,-1019200000.0
31,NI,MRT,2013-09-30,2013-09-30,2013-09-30,2021-08-25,-60400000.0,22084100000.0,21796700000.0,1745500000.0,20338600000.0,0.25,18.225,-1773900000.0,33200000.0,33200000.0,1694900000.0,514300000.0,0.581,2.874,8451100000.0,1362000000.0,7089100000.0,8451100000.0,139300000.0,575300000.0,249200000.0,0.024,0.73,1168700000.0,1744000000.0,0.32,1744000000.0,1168700000.0,760500000.0,1.67,1.66,1.67,5700900000.0,5662150000.0,5700900000.0,17646922827.0,15.0,10.119,-361600000.0,-1.156,1.0,3759200000.0,0.689,3944600000.0,408200000.0,23551800000.0,23085675000.0,594500000.0,529400000.0,0.0,529400000.0,16383200000.0,3005600000.0,13377600000.0,9655622827.0,-139000000.0,0.0,35200000.0,585500000.0,-302000000.0,315500000.0,-1725200000.0,-86200000.0,1412300000.0,0.0,514300000.0,514300000.0,514300000.0,-44300000.0,0.0,0.094,2686900000.0,1072300000.0,576900000.0,0.437,1.694,18.774,18.497,13912400000.0,0.0,30.89,1.77,1.772,675300000.0,1133800000.0,5454100000.0,5454100000.0,0.0,0.024,0.091,0.051,0.214,51700000.0,1827700000.0,1.0,312580862.0,312800000,313800000.0,17.436,18139500000.0,6400000.0,246200000.0,3336700000.0,57.991,-1260100000.0
32,NI,MRT,2013-06-30,2013-06-30,2013-06-30,2021-08-25,-62000000.0,21621600000.0,21485325000.0,1707600000.0,19914000000.0,0.248,18.266,-1682600000.0,73800000.0,73800000.0,1679100000.0,485500000.0,0.826,2.791,8065100000.0,448400000.0,7616700000.0,8065100000.0,134400000.0,556100000.0,164700000.0,0.025,0.72,1125400000.0,1681500000.0,0.315,1681500000.0,1125400000.0,713000000.0,1.57,1.56,1.57,5702700000.0,5589625000.0,5702700000.0,16836639222.0,15.0,10.013,-284400000.0,-0.911,1.0,3654400000.0,0.685,3947400000.0,412400000.0,23597500000.0,22681650000.0,419700000.0,468500000.0,0.0,468500000.0,15918900000.0,2068000000.0,13850900000.0,8936739222.0,-138400000.0,0.0,369700000.0,90500000.0,-292300000.0,167900000.0,-1574400000.0,-45500000.0,1398200000.0,0.0,485500000.0,485500000.0,485500000.0,-48400000.0,0.0,0.091,2624500000.0,1029900000.0,519300000.0,0.459,1.567,18.407,18.242,13473900000.0,0.0,28.64,1.676,1.676,797600000.0,1164100000.0,5333500000.0,5333500000.0,0.0,0.023,0.087,0.05,0.211,48300000.0,1777400000.0,1.0,312036984.0,312200000,313200000.0,17.084,17674200000.0,6400000.0,227500000.0,3287700000.0,56.612,-360400000.0
33,NI,MRT,2013-03-31,2013-03-31,2013-03-31,2021-08-25,-62300000.0,21636400000.0,21182275000.0,2031800000.0,19604600000.0,0.244,18.292,-1576300000.0,124500000.0,124500000.0,1568600000.0,483200000.0,0.683,2.802,8024400000.0,1220500000.0,6803900000.0,8024400000.0,130700000.0,560100000.0,167600000.0,0.024,0.71,1127700000.0,1687800000.0,0.326,1687800000.0,1127700000.0,714100000.0,1.59,1.56,1.59,5690700000.0,5440275000.0,5690700000.0,17150357915.0,15.0,10.161,-331700000.0,-1.066,1.0,3602200000.0,0.697,3950100000.0,413600000.0,22611800000.0,22167600000.0,240700000.0,451200000.0,0.0,451200000.0,15945700000.0,2974400000.0,12971300000.0,9130257915.0,-68700000.0,0.0,375600000.0,105500000.0,-282800000.0,194900000.0,-1376600000.0,-32200000.0,1244600000.0,0.0,483200000.0,483200000.0,483200000.0,-50200000.0,0.0,0.093,2561800000.0,1040400000.0,603400000.0,0.447,1.604,18.895,18.453,13118900000.0,0.0,29.34,1.766,1.765,1141400000.0,1170500000.0,5170800000.0,5170800000.0,0.0,0.023,0.089,0.051,0.218,46700000.0,1716100000.0,1.0,311188068.0,311100000,312100000.0,16.621,17686300000.0,80500000.0,230900000.0,3262100000.0,56.851,-942600000.0
34,NI,MRT,2012-12-31,2012-12-31,2012-12-31,2021-08-25,-65500000.0,21844700000.0,20884650000.0,2367700000.0,19477000000.0,0.241,19.028,-1498800000.0,83100000.0,83100000.0,1516900000.0,416100000.0,0.713,2.933,8103200000.0,1284100000.0,6819100000.0,8103200000.0,126900000.0,561900000.0,269600000.0,0.028,0.7,1049100000.0,1611000000.0,0.32,1611000000.0,1049100000.0,630800000.0,1.43,1.39,1.43,5554300000.0,5287725000.0,5554300000.0,15500705435.0,15.0,9.622,-223300000.0,-0.765,1.0,3514000000.0,0.698,3963900000.0,418300000.0,22581600000.0,21618775000.0,495700000.0,437700000.0,0.0,437700000.0,16290400000.0,3319300000.0,12971100000.0,7709805435.0,24800000.0,0.0,373500000.0,77600000.0,-273200000.0,174500000.0,-1425200000.0,-20400000.0,1275500000.0,0.0,416100000.0,416100000.0,416100000.0,-7300000.0,0.0,0.083,2506100000.0,1007900000.0,685100000.0,0.49,1.388,18.529,17.406,12915900000.0,0.0,24.89,1.532,1.444,958600000.0,1059600000.0,5030900000.0,5030900000.0,0.0,0.02,0.079,0.049,0.209,45000000.0,1660300000.0,1.0,309755140.0,291900000,300400000.0,17.235,17880800000.0,130900000.0,214700000.0,3213600000.0,61.257,-951600000.0
35,NI,MRT,2012-09-30,2012-09-30,2012-09-30,2021-08-25,-56800000.0,20838600000.0,20600550000.0,1838700000.0,18999900000.0,0.236,18.639,-1370700000.0,77400000.0,77400000.0,1440400000.0,296800000.0,0.674,2.851,7868300000.0,1048600000.0,6819700000.0,7868300000.0,139700000.0,550000000.0,263600000.0,0.036,0.93,863800000.0,1413800000.0,0.291,1413800000.0,863800000.0,452500000.0,1.04,0.99,1.04,5410800000.0,5148475000.0,5410800000.0,15022997261.0,17.0,10.626,-352800000.0,-1.215,1.0,3425900000.0,0.704,3966700000.0,411300000.0,21935700000.0,21190550000.0,539700000.0,411700000.0,0.0,411700000.0,15427800000.0,2727100000.0,12700700000.0,7259397261.0,-46500000.0,0.0,375700000.0,215800000.0,-263300000.0,270900000.0,-1298700000.0,-17500000.0,1017900000.0,0.0,296800000.0,296800000.0,296800000.0,4000000.0,0.0,0.061,2526600000.0,899300000.0,424800000.0,0.894,1.342,24.459,24.5,12542700000.0,0.0,25.48,1.492,1.52,557100000.0,925700000.0,4866300000.0,4866300000.0,0.0,0.014,0.058,0.041,0.178,44800000.0,1675900000.0,1.0,284905701.0,290300000,300000000.0,16.763,16871900000.0,56000000.0,155700000.0,2956300000.0,58.119,-888400000.0
36,NI,MRT,2012-06-30,2012-06-30,2012-06-30,2021-08-25,-59000000.0,20409400000.0,20326425000.0,1751600000.0,18657800000.0,0.245,17.951,-1295600000.0,137800000.0,137800000.0,1536300000.0,312200000.0,0.658,2.998,7901400000.0,1094500000.0,6806900000.0,7901400000.0,95000000.0,559600000.0,201800000.0,0.037,0.92,874800000.0,1434400000.0,0.288,1434400000.0,874800000.0,475700000.0,1.1,1.05,1.1,5105300000.0,5043275000.0,5105300000.0,14692481702.0,17.0,10.243,-389600000.0,-1.37,1.0,3442500000.0,0.691,3969400000.0,399100000.0,21541300000.0,20770225000.0,428100000.0,368300000.0,0.0,368300000.0,15304100000.0,2662300000.0,12641800000.0,7031281702.0,-56500000.0,0.0,36400000.0,662100000.0,-259500000.0,381700000.0,-1294800000.0,-13900000.0,906000000.0,0.0,312200000.0,312200000.0,312200000.0,8300000.0,0.0,0.063,2522800000.0,919700000.0,393500000.0,0.836,1.377,22.522,22.5,12149000000.0,0.0,24.75,1.412,1.414,596000000.0,980900000.0,4978800000.0,4978800000.0,0.0,0.015,0.062,0.042,0.176,41700000.0,1664500000.0,1.0,284092190.0,284400000,295800000.0,17.506,16440000000.0,700000.0,163500000.0,2942900000.0,57.806,-910700000.0
37,NI,MRT,2012-03-31,2012-03-31,2012-03-31,2021-08-25,-60900000.0,20445900000.0,20060650000.0,1970300000.0,18475600000.0,0.258,17.959,-1205100000.0,188200000.0,188200000.0,1760000000.0,283000000.0,0.53,3.024,7849400000.0,2015000000.0,5834400000.0,7849400000.0,91300000.0,546800000.0,215100000.0,0.038,0.92,831400000.0,1378200000.0,0.267,1378200000.0,831400000.0,441100000.0,0.99,0.96,0.99,5080500000.0,5017800000.0,5080500000.0,14652787140.0,18.0,10.632,-277000000.0,-0.979,1.0,3408300000.0,0.659,3972200000.0,390300000.0,20416500000.0,20343325000.0,354200000.0,361300000.0,0.0,361300000.0,15365400000.0,3718400000.0,11647000000.0,6871087140.0,-40900000.0,0.0,27800000.0,601600000.0,-258700000.0,316800000.0,-1268900000.0,-11700000.0,928100000.0,0.0,283000000.0,283000000.0,283000000.0,10000000.0,0.0,0.055,2521900000.0,886400000.0,447000000.0,0.929,1.352,24.279,24.596,11902000000.0,0.0,24.35,1.329,1.333,806700000.0,980000000.0,5168300000.0,5168300000.0,0.0,0.014,0.056,0.041,0.161,40300000.0,1673700000.0,1.0,282180170.0,282900000,293100000.0,18.269,16473700000.0,700000.0,158100000.0,2915900000.0,58.232,-1748100000.0
38,NI,MRT,2011-12-31,2011-12-31,2011-12-31,2021-08-25,-59700000.0,20708300000.0,19818875000.0,2269100000.0,18439200000.0,0.29,17.822,-1122700000.0,172100000.0,172100000.0,2303500000.0,299100000.0,0.622,3.144,7953800000.0,1686700000.0,6267100000.0,7953800000.0,88600000.0,535700000.0,313600000.0,0.039,0.92,842600000.0,1378300000.0,0.24,1378300000.0,842600000.0,465800000.0,1.06,1.03,1.06,4997300000.0,5001250000.0,4997300000.0,14070453053.0,17.0,10.209,-252500000.0,-0.9,1.0,3447500000.0,0.599,3974900000.0,376800000.0,20868700000.0,20088975000.0,565100000.0,355600000.0,0.0,355600000.0,15711000000.0,3646400000.0,12064600000.0,6693253053.0,2300000.0,0.0,21300000.0,580000000.0,-257800000.0,281400000.0,-1149300000.0,-6400000.0,870200000.0,0.0,299100000.0,299100000.0,299100000.0,10500000.0,0.0,0.052,2547700000.0,899800000.0,603000000.0,0.868,1.339,22.378,22.462,11779200000.0,0.0,23.81,1.164,1.161,915500000.0,917000000.0,5751000000.0,5751000000.0,0.0,0.015,0.06,0.042,0.147,39200000.0,1702100000.0,1.0,281111006.0,280400000,288500000.0,20.51,16733400000.0,900000.0,166700000.0,2791800000.0,59.677,-1377300000.0
39,NI,MRT,2011-09-30,2011-09-30,2011-09-30,2021-08-25,-54400000.0,19742100000.0,19620150000.0,1860500000.0,17881600000.0,0.318,17.771,-1021800000.0,202300000.0,202300000.0,2774900000.0,308400000.0,0.644,2.956,7579500000.0,1242200000.0,6337300000.0,7579500000.0,82500000.0,544000000.0,281300000.0,0.043,0.92,854700000.0,1398700000.0,0.224,1398700000.0,854700000.0,477300000.0,1.1,1.07,1.1,4990000000.0,4976300000.0,4990000000.0,13025419131.0,15.0,9.313,165200000.0,0.588,1.0,3457000000.0,0.555,3977700000.0,377400000.0,20254400000.0,19722275000.0,595300000.0,364500000.0,0.0,364500000.0,14752100000.0,2887200000.0,11864900000.0,5999519131.0,5400000.0,0.0,15700000.0,151400000.0,-257500000.0,-191600000.0,-984100000.0,-400000.0,1187000000.0,0.0,308400000.0,308400000.0,308400000.0,-4200000.0,0.0,0.049,2524300000.0,932700000.0,422700000.0,0.836,1.202,19.454,19.436,11548700000.0,0.0,21.38,0.963,0.963,605200000.0,922600000.0,6231900000.0,6231900000.0,0.0,0.016,0.062,0.043,0.137,35100000.0,1684600000.0,1.0,280613617.0,280800000,289000000.0,22.193,15764400000.0,1200000.0,168900000.0,2618100000.0,56.141,-1026700000.0
40,NI,MRT,2011-06-30,2011-06-30,2011-06-30,2021-08-25,-54500000.0,19346300000.0,19565975000.0,1745100000.0,17601200000.0,0.322,17.857,-909400000.0,214500000.0,214500000.0,2871800000.0,306900000.0,0.682,2.867,7240400000.0,900400000.0,6340000000.0,7240400000.0,80500000.0,562200000.0,183100000.0,0.045,0.92,832500000.0,1394700000.0,0.221,1394700000.0,832500000.0,453200000.0,1.1,1.07,1.1,5003400000.0,4948275000.0,5003400000.0,12671284638.0,15.0,9.085,149500000.0,0.534,1.0,3429500000.0,0.544,3980400000.0,379300000.0,19833700000.0,19512150000.0,410200000.0,348000000.0,0.0,348000000.0,14342900000.0,2558100000.0,11784800000.0,5671684638.0,52200000.0,0.0,12400000.0,311900000.0,-256700000.0,-33600000.0,-972800000.0,-63900000.0,1058900000.0,0.0,306900000.0,306900000.0,306900000.0,-5600000.0,0.0,0.049,2520900000.0,908600000.0,471600000.0,0.836,1.134,18.481,18.409,11295000000.0,0.0,20.25,0.9,0.9,756500000.0,952600000.0,6301300000.0,6301300000.0,0.0,0.016,0.062,0.043,0.132,42100000.0,1659500000.0,1.0,280083192.0,280200000,287100000.0,22.489,15365900000.0,1200000.0,146300000.0,2579900000.0,54.839,-813000000.0
41,NI,MRT,2011-03-31,2011-03-31,2011-03-31,2021-08-25,-56700000.0,19478800000.0,19491425000.0,1985200000.0,17493600000.0,0.32,17.953,-871900000.0,227400000.0,227400000.0,2848400000.0,294800000.0,0.641,2.885,7227000000.0,1299400000.0,5927600000.0,7227000000.0,80200000.0,579300000.0,181600000.0,0.048,0.92,808900000.0,1388200000.0,0.222,1388200000.0,808900000.0,425600000.0,1.06,1.03,1.06,5014300000.0,4921150000.0,5014300000.0,12497576470.0,15.0,9.003,192300000.0,0.689,1.0,3395700000.0,0.544,3983200000.0,383300000.0,19399100000.0,19310750000.0,219100000.0,338900000.0,0.0,338900000.0,14464500000.0,3096100000.0,11368400000.0,5356876470.0,-64100000.0,0.0,11700000.0,157300000.0,-256100000.0,-188300000.0,-924000000.0,-64100000.0,1064200000.0,0.0,294800000.0,294800000.0,294800000.0,-6300000.0,0.0,0.047,2511500000.0,884200000.0,569000000.0,0.868,1.068,18.171,18.094,11140600000.0,0.0,19.18,0.858,0.858,1128700000.0,978300000.0,6244100000.0,6244100000.0,0.0,0.015,0.06,0.042,0.13,36500000.0,1636300000.0,1.0,279294915.0,279300000,285000000.0,22.356,15495600000.0,20400000.0,130800000.0,2617100000.0,55.48,-1110900000.0
42,NI,MRT,2010-12-31,2010-12-31,2010-12-31,2021-08-25,-57900000.0,19913400000.0,19459625000.0,2425900000.0,17487500000.0,0.327,17.63,-801300000.0,212100000.0,212100000.0,2963800000.0,282600000.0,0.662,3.066,7352800000.0,1416700000.0,5936100000.0,7352800000.0,75700000.0,594800000.0,318100000.0,0.052,0.92,804700000.0,1399500000.0,0.22,1399500000.0,804700000.0,412400000.0,1.02,1.01,1.02,4897500000.0,4899775000.0,4897500000.0,12032149359.0,15.0,8.597,-75900000.0,-0.273,1.0,3407400000.0,0.535,3985900000.0,392300000.0,19401900000.0,19232625000.0,428000000.0,340600000.0,0.0,340600000.0,15015900000.0,3666300000.0,11349600000.0,4903749359.0,-7200000.0,0.0,12900000.0,546400000.0,-255600000.0,210700000.0,-943300000.0,-64100000.0,725400000.0,0.0,282600000.0,282600000.0,282600000.0,-5800000.0,0.0,0.044,2530600000.0,876800000.0,847900000.0,0.902,1.001,17.352,17.275,11097000000.0,0.0,17.62,0.77,0.768,1142000000.0,876100000.0,6371200000.0,6371200000.0,0.0,0.015,0.058,0.042,0.126,30900000.0,1646600000.0,1.0,278305866.0,277800000,280100000.0,22.934,15927500000.0,99000000.0,129800000.0,2447900000.0,57.334,-1240400000.0
43,NI,MRT,2010-09-30,2010-09-30,2010-09-30,2021-08-25,-57400000.0,19525400000.0,19299200000.0,2195500000.0,17329900000.0,0.329,17.54,-744900000.0,287400000.0,287400000.0,2903200000.0,347400000.0,0.675,3.003,7415800000.0,1451500000.0,5964300000.0,7415800000.0,81400000.0,603700000.0,290500000.0,0.053,0.92,914400000.0,1518100000.0,0.239,1518100000.0,914400000.0,521000000.0,1.25,1.24,1.25,4877900000.0,4888925000.0,4877900000.0,11525560441.0,13.0,7.592,132900000.0,0.478,1.0,3450800000.0,0.543,3988700000.0,393400000.0,19413900000.0,19063625000.0,570500000.0,346300000.0,0.0,346300000.0,14647500000.0,3251200000.0,11396300000.0,4836760441.0,50300000.0,0.0,17500000.0,199200000.0,-255100000.0,-38400000.0,-913000000.0,-60900000.0,877800000.0,0.0,347400000.0,347400000.0,347400000.0,-800000.0,0.0,0.055,2556100000.0,894700000.0,453900000.0,0.736,0.992,13.923,13.92,10921500000.0,0.0,17.4,0.761,0.762,591000000.0,868500000.0,6354000000.0,6354000000.0,0.0,0.018,0.071,0.048,0.144,24500000.0,1651500000.0,1.0,277974738.0,278100000,279900000.0,22.848,15536700000.0,97600000.0,173600000.0,2411200000.0,55.867,-1055700000.0
44,NI,MRT,2010-06-30,2010-06-30,2010-06-30,2021-08-25,-60400000.0,19048100000.0,19265625000.0,1893400000.0,17154700000.0,0.321,17.633,-728300000.0,220100000.0,220100000.0,2801100000.0,298800000.0,0.697,2.891,6908900000.0,931600000.0,5977300000.0,6908900000.0,85700000.0,599400000.0,196500000.0,0.063,0.92,883000000.0,1482400000.0,0.239,1482400000.0,883000000.0,482200000.0,1.08,1.07,1.08,4894900000.0,4854400000.0,4894900000.0,10749212538.0,12.0,7.251,100600000.0,0.362,1.0,3389700000.0,0.548,3991400000.0,400800000.0,19028100000.0,19092125000.0,389300000.0,269800000.0,0.0,269800000.0,14153200000.0,2717400000.0,11435800000.0,4022912538.0,-5000000.0,0.0,13900000.0,-100800000.0,-254700000.0,-341600000.0,-728800000.0,-3600000.0,828900000.0,0.0,298800000.0,298800000.0,298800000.0,1200000.0,0.0,0.048,2527000000.0,862700000.0,486000000.0,0.852,0.822,13.464,13.426,10800000000.0,0.0,14.5,0.65,0.65,678000000.0,899500000.0,6190800000.0,6190800000.0,0.0,0.016,0.062,0.046,0.143,10700000.0,1628000000.0,1.0,277442244.0,277600000,278400000.0,22.301,15056700000.0,26400000.0,183400000.0,2338700000.0,54.239,-824000000.0
45,NI,MRT,2010-03-31,2010-03-31,2010-03-31,2021-08-25,-50400000.0,19351600000.0,19309425000.0,2197200000.0,17154400000.0,0.326,17.8,-709100000.0,331400000.0,331400000.0,2948800000.0,265900000.0,0.733,2.926,7057700000.0,1093800000.0,5963900000.0,7057700000.0,92400000.0,596000000.0,176500000.0,0.058,0.92,850800000.0,1446800000.0,0.23,1446800000.0,850800000.0,443100000.0,0.97,0.96,0.97,4928800000.0,4828775000.0,4928800000.0,10969647001.0,13.0,7.582,-17500000.0,-0.063,1.0,3339500000.0,0.531,3994100000.0,407700000.0,19086600000.0,19073550000.0,272100000.0,295900000.0,0.0,295900000.0,14422800000.0,2997200000.0,11425600000.0,4373347001.0,198600000.0,0.0,10800000.0,179700000.0,-253900000.0,-63400000.0,-652800000.0,-12800000.0,691600000.0,0.0,265900000.0,265900000.0,265900000.0,2100000.0,0.0,0.042,2501300000.0,838200000.0,558500000.0,0.948,0.887,16.447,16.289,10697200000.0,0.0,15.8,0.695,0.696,1021200000.0,935300000.0,6288300000.0,6288300000.0,0.0,0.014,0.055,0.045,0.135,10200000.0,1616100000.0,1.0,276794114.0,276900000,277500000.0,22.71,15357500000.0,2900000.0,177200000.0,2388200000.0,55.462,-800000000.0
46,NI,MRT,2009-12-31,2009-12-31,2009-12-31,2021-08-25,-45900000.0,19271700000.0,19309025000.0,2223600000.0,17048100000.0,0.344,17.645,-777200000.0,191100000.0,191100000.0,3318000000.0,217000000.0,0.706,2.97,6791800000.0,822700000.0,5969100000.0,6791800000.0,108200000.0,589900000.0,301200000.0,0.06,0.92,781300000.0,1371200000.0,0.206,1371200000.0,781300000.0,382000000.0,0.79,0.78,0.79,4854100000.0,4781000000.0,4854100000.0,11287305733.0,14.0,8.232,889000000.0,3.232,1.0,3333600000.0,0.501,3996900000.0,399300000.0,18725900000.0,18927600000.0,547000000.0,295000000.0,0.0,295000000.0,14417600000.0,3149600000.0,11268000000.0,4241105733.0,242700000.0,0.0,8000000.0,-770300000.0,-253300000.0,-1015600000.0,-654800000.0,-23500000.0,1666200000.0,0.0,217000000.0,217000000.0,217000000.0,12800000.0,0.0,0.033,2549600000.0,784000000.0,724500000.0,1.165,0.874,19.544,19.468,10688000000.0,0.0,15.38,0.638,0.636,881100000.0,865500000.0,6651600000.0,6651600000.0,0.0,0.011,0.045,0.041,0.117,9600000.0,1656100000.0,1.0,275754599.0,275100000,275800000.0,24.179,15274800000.0,24900000.0,165000000.0,2270700000.0,55.525,-926000000.0
47,NI,MRT,2009-09-30,2009-09-30,2009-09-30,2021-08-25,-58300000.0,19391100000.0,19499150000.0,2563200000.0,16827900000.0,0.417,17.211,-1178400000.0,148300000.0,148300000.0,4789500000.0,290200000.0,0.881,3.091,7194500000.0,633800000.0,6560700000.0,7194500000.0,86700000.0,583900000.0,124900000.0,0.066,0.92,873900000.0,1457800000.0,0.179,1457800000.0,873900000.0,472300000.0,1.07,1.07,1.07,4739800000.0,4749675000.0,4739800000.0,10499756932.0,12.0,7.202,277500000.0,1.008,1.0,3337300000.0,0.411,3999700000.0,401600000.0,19527900000.0,18923725000.0,691800000.0,277700000.0,0.0,277700000.0,14651300000.0,2909700000.0,11741600000.0,3824456932.0,-88600000.0,329700000.0,100000.0,-467200000.0,-252800000.0,-719900000.0,-648300000.0,-65700000.0,1455900000.0,0.0,290200000.0,290200000.0,290200000.0,-16800000.0,0.0,0.036,2492800000.0,844500000.0,454100000.0,0.86,0.807,13.179,12.981,10582100000.0,0.0,13.89,0.471,0.471,521300000.0,776300000.0,8126800000.0,8126800000.0,0.0,0.015,0.061,0.046,0.108,10600000.0,1595400000.0,1.0,275338872.0,275400000,275400000.0,29.509,15391400000.0,295700000.0,182100000.0,2190800000.0,55.887,-346500000.0
48,NI,MRT,2009-06-30,2009-06-30,2009-06-30,2021-08-25,-74000000.0,19223300000.0,19425825000.0,2436700000.0,16786600000.0,0.429,17.446,-1237000000.0,313100000.0,313100000.0,5041800000.0,325600000.0,0.828,3.011,6988400000.0,424000000.0,6564400000.0,6988400000.0,100500000.0,575800000.0,125400000.0,0.079,0.92,895100000.0,1470900000.0,0.176,1470900000.0,895100000.0,498400000.0,1.2,1.19,1.2,4792400000.0,4732425000.0,4792400000.0,9637644644.0,11.0,6.552,-50300000.0,-0.183,1.0,3293700000.0,0.395,4002400000.0,396700000.0,18953800000.0,18643025000.0,434900000.0,258000000.0,0.0,258000000.0,14430900000.0,2942400000.0,11488500000.0,3201744644.0,-118400000.0,329700000.0,200000.0,317300000.0,-252500000.0,65000000.0,-1046600000.0,-59400000.0,1186700000.0,0.0,325600000.0,325600000.0,325600000.0,-7900000.0,0.0,0.039,2434800000.0,858900000.0,560300000.0,0.767,0.668,9.833,9.717,10543100000.0,0.0,11.66,0.384,0.384,708400000.0,855100000.0,8335500000.0,8335500000.0,0.0,0.017,0.069,0.048,0.107,9900000.0,1550200000.0,1.0,274592165.0,274700000,274700000.0,30.344,15220900000.0,0.0,172800000.0,1924100000.0,55.409,-505700000.0
49,NI,MRT,2009-03-31,2009-03-31,2009-03-31,2021-08-25,-187200000.0,19350000000.0,19274050000.0,2632400000.0,16717600000.0,0.447,17.278,-1309900000.0,452000000.0,452000000.0,5347000000.0,128100000.0,0.803,3.084,6887900000.0,436000000.0,6451900000.0,6887900000.0,93900000.0,575100000.0,130700000.0,0.094,0.92,679100000.0,1254200000.0,0.145,1254200000.0,679100000.0,300300000.0,0.47,0.47,0.47,4737700000.0,4737050000.0,4737700000.0,9957694214.0,15.0,7.939,-512700000.0,-1.87,1.0,3277100000.0,0.38,4005100000.0,378800000.0,18502800000.0,18283525000.0,370600000.0,229800000.0,0.0,229800000.0,14612300000.0,3278000000.0,11334300000.0,2688194214.0,-282100000.0,0.0,100000.0,719400000.0,-252400000.0,467100000.0,-1206100000.0,-49900000.0,797200000.0,0.0,128100000.0,128100000.0,128100000.0,213300000.0,0.0,0.015,2419700000.0,857400000.0,870600000.0,1.957,0.567,20.985,20.851,10476700000.0,0.0,9.8,0.312,0.312,1168100000.0,923300000.0,8624100000.0,8624100000.0,0.0,0.007,0.027,0.037,0.079,9700000.0,1528500000.0,1.0,274305532.0,274200000,276700000.0,31.452,15344900000.0,0.0,172200000.0,1910100000.0,55.962,-645600000.0
50,NI,MRT,2008-12-31,2008-12-31,2008-12-31,2021-08-25,-172000000.0,20032200000.0,18983225000.0,3410500000.0,16621700000.0,0.468,17.258,-1299900000.0,307200000.0,307200000.0,5633300000.0,79000000.0,0.744,3.236,7576700000.0,1632800000.0,5943900000.0,7576700000.0,97600000.0,567000000.0,275900000.0,0.084,0.92,645000000.0,1212000000.0,0.136,1212000000.0,645000000.0,265000000.0,0.29,0.29,0.29,4728800000.0,4818675000.0,4728800000.0,10345650932.0,16.0,8.536,-714600000.0,-2.608,1.0,3246900000.0,0.366,4007900000.0,380000000.0,18710400000.0,17766100000.0,670700000.0,204700000.0,0.0,204700000.0,15303400000.0,4583400000.0,10720000000.0,3008450932.0,-407600000.0,0.0,1300000.0,767200000.0,-252400000.0,516100000.0,-1114300000.0,-39200000.0,585300000.0,0.0,79000000.0,79000000.0,79000000.0,291600000.0,0.0,0.009,2340200000.0,906700000.0,1249400000.0,3.172,0.636,38.082,37.828,10388700000.0,0.0,10.97,0.339,0.338,1537000000.0,901100000.0,8880200000.0,8880200000.0,0.0,0.004,0.016,0.036,0.073,9500000.0,1458100000.0,1.0,274243476.0,274000000,275400000.0,32.409,16024300000.0,0.0,186000000.0,1802400000.0,58.483,-1172900000.0
51,NI,MRT,2008-09-30,2008-09-30,2008-09-30,2021-08-25,-65300000.0,19097800000.0,18477750000.0,3126000000.0,15971800000.0,0.445,17.047,-988400000.0,269000000.0,269000000.0,5056900000.0,-16000000.0,0.778,3.089,7606200000.0,1282900000.0,6323300000.0,7606200000.0,92200000.0,558600000.0,120500000.0,0.062,0.92,506600000.0,1065200000.0,0.129,1065200000.0,506600000.0,124000000.0,-0.06,-0.06,-0.06,4670800000.0,4905625000.0,4670800000.0,10609419568.0,21.0,9.96,-379800000.0,-1.386,1.0,3174100000.0,0.386,4010700000.0,382600000.0,18405100000.0,17386075000.0,838000000.0,190300000.0,0.0,190300000.0,14427000000.0,4019200000.0,10407800000.0,4047619568.0,-61100000.0,-329700000.0,1200000.0,868400000.0,-252200000.0,576800000.0,-1203800000.0,14000000.0,608600000.0,0.0,-16000000.0,-16000000.0,-16000000.0,315900000.0,0.0,-0.002,2335200000.0,838900000.0,1147700000.0,-15.333,0.867,-252.976,-246.0,10261800000.0,0.0,14.76,0.492,0.491,994100000.0,739100000.0,8231000000.0,8231000000.0,0.0,-0.001,-0.003,0.029,0.062,8900000.0,1476000000.0,1.0,274228968.0,274000000,275500000.0,30.04,15087100000.0,0.0,140000000.0,1733700000.0,55.062,-893200000.0
52,NI,MRT,2008-06-30,2008-06-30,2008-06-30,2021-08-25,34000000.0,18616200000.0,18116150000.0,2680400000.0,15935800000.0,0.458,17.558,-911300000.0,47200000.0,47200000.0,5124500000.0,-25000000.0,0.735,2.87,6609000000.0,549100000.0,6059900000.0,6609000000.0,99800000.0,555300000.0,112400000.0,0.051,0.92,505400000.0,1060700000.0,0.128,1060700000.0,505400000.0,121800000.0,-0.1,-0.09,-0.1,4810900000.0,4988975000.0,4810900000.0,10929594493.0,22.0,10.304,-103600000.0,-0.378,1.0,3172500000.0,0.382,4013400000.0,383600000.0,17515800000.0,17131300000.0,575300000.0,186800000.0,0.0,186800000.0,13805300000.0,3648800000.0,10156500000.0,4913794493.0,5100000.0,-329700000.0,1100000.0,313500000.0,-252200000.0,21800000.0,-806200000.0,14000000.0,807700000.0,0.0,-25000000.0,-25000000.0,-25000000.0,301700000.0,0.0,-0.003,2328900000.0,843600000.0,1352200000.0,-9.2,1.021,-196.552,-179.2,10126100000.0,0.0,17.92,0.592,0.592,1201200000.0,782200000.0,8297000000.0,8297000000.0,0.0,-0.001,-0.005,0.03,0.061,7600000.0,1474300000.0,1.0,274207282.0,274000000,275400000.0,30.281,14602800000.0,0.0,146800000.0,1795700000.0,53.295,-968400000.0
53,NI,MRT,2008-03-31,2008-03-31,2008-03-31,2021-08-25,24100000.0,18186700000.0,17838250000.0,2521500000.0,15665200000.0,0.466,18.489,-835600000.0,81200000.0,81200000.0,5121700000.0,204000000.0,0.672,2.591,6097000000.0,714000000.0,5383000000.0,6097000000.0,101100000.0,541300000.0,114400000.0,0.053,0.92,753300000.0,1294600000.0,0.156,1294600000.0,753300000.0,358700000.0,0.74,0.74,0.74,5064200000.0,5054875000.0,5064200000.0,11320345630.0,15.0,8.744,-10800000.0,-0.039,1.0,3185000000.0,0.383,4016100000.0,394600000.0,16433100000.0,16818475000.0,685600000.0,187800000.0,0.0,187800000.0,13122500000.0,3753300000.0,9369200000.0,4726445630.0,-24500000.0,0.0,6100000.0,154600000.0,-252200000.0,-132100000.0,-715400000.0,14000000.0,824800000.0,0.0,204000000.0,204000000.0,204000000.0,81900000.0,0.0,0.025,2314000000.0,871000000.0,1327200000.0,1.243,0.933,23.169,23.297,9676000000.0,0.0,17.24,0.569,0.568,1475300000.0,1047500000.0,8306700000.0,8306700000.0,0.0,0.011,0.04,0.045,0.091,4700000.0,1464700000.0,1.0,274155779.0,273900000,275400000.0,30.327,14170600000.0,0.0,154700000.0,1873200000.0,51.736,-1231800000.0
54,NI,MRT,2007-12-31,2007-12-31,2007-12-31,2021-08-25,11700000.0,18010300000.0,17680375000.0,2460400000.0,15549900000.0,0.445,18.541,-786500000.0,92300000.0,92300000.0,4675200000.0,321400000.0,0.724,2.548,6689300000.0,1094900000.0,5594400000.0,6689300000.0,120200000.0,540000000.0,112800000.0,0.049,0.92,887900000.0,1427900000.0,0.182,1427900000.0,887900000.0,486000000.0,1.17,1.17,1.17,5076600000.0,5070650000.0,5076600000.0,11722704339.0,13.0,8.21,-29300000.0,-0.107,1.0,3186400000.0,0.405,4018900000.0,401900000.0,17190300000.0,16690950000.0,588400000.0,189900000.0,0.0,189900000.0,12933700000.0,3398100000.0,9535600000.0,5179104339.0,1100000.0,0.0,6100000.0,213700000.0,-252100000.0,-72900000.0,-681400000.0,14000000.0,757200000.0,0.0,321400000.0,321400000.0,321400000.0,-18400000.0,0.0,0.041,2279200000.0,907200000.0,1154600000.0,0.786,1.02,16.114,16.145,9575600000.0,0.0,18.89,0.659,0.658,1110800000.0,1074500000.0,7861600000.0,7861600000.0,0.0,0.018,0.063,0.053,0.113,4400000.0,1430100000.0,1.0,274171749.0,273800000,274700000.0,28.713,13991400000.0,0.0,164600000.0,1708000000.0,51.101,-937700000.0
55,NI,MRT,2007-09-30,2007-09-30,2007-09-30,2021-08-25,8500000.0,17651400000.0,17716925000.0,2268800000.0,15382600000.0,0.431,18.27,-727000000.0,113700000.0,113700000.0,4477800000.0,316900000.0,0.838,2.527,6657300000.0,733900000.0,5923400000.0,6657300000.0,164700000.0,525400000.0,108600000.0,0.048,0.92,922000000.0,1447400000.0,0.189,1447400000.0,922000000.0,519100000.0,1.16,1.15,1.16,5004200000.0,5054900000.0,5004200000.0,11360044220.0,12.0,7.849,-43700000.0,-0.16,1.0,3161400000.0,0.414,4102800000.0,402900000.0,17386000000.0,16513175000.0,828200000.0,178900000.0,0.0,178900000.0,12647200000.0,2706200000.0,9941000000.0,5247444220.0,-9500000.0,0.0,22000000.0,154000000.0,-251800000.0,-76300000.0,-612100000.0,-4700000.0,683300000.0,0.0,316900000.0,316900000.0,316900000.0,39100000.0,0.0,0.041,2193300000.0,968100000.0,843600000.0,0.793,1.049,16.559,16.5,9871100000.0,0.0,19.14,0.687,0.686,795200000.0,1007400000.0,7639200000.0,7639200000.0,0.0,0.018,0.063,0.056,0.121,5200000.0,1365500000.0,1.0,274161140.0,273900000,274700000.0,27.89,13548600000.0,0.0,202200000.0,1773000000.0,49.465,-437400000.0
56,NI,MRT,2007-06-30,2007-06-30,2007-06-30,2021-08-25,27900000.0,17504600000.0,17633250000.0,2149600000.0,15355000000.0,0.428,18.534,-679200000.0,89900000.0,89900000.0,4364900000.0,331700000.0,0.662,2.45,6202500000.0,1078200000.0,5124300000.0,6202500000.0,173100000.0,524500000.0,108400000.0,0.044,0.92,943700000.0,1468200000.0,0.195,1468200000.0,943700000.0,545700000.0,1.22,1.21,1.22,5074500000.0,5005200000.0,5074500000.0,11375707233.0,12.0,7.748,39900000.0,0.146,1.0,3181100000.0,0.422,4106200000.0,398000000.0,16264500000.0,16127550000.0,428700000.0,201200000.0,0.0,201200000.0,12430100000.0,3246500000.0,9183600000.0,5675907233.0,-39300000.0,0.0,25200000.0,163400000.0,-251500000.0,-63400000.0,-690600000.0,-4700000.0,719100000.0,0.0,331700000.0,331700000.0,331700000.0,42400000.0,0.0,0.044,2184300000.0,996800000.0,1046800000.0,0.754,1.119,17.112,16.975,9804900000.0,0.0,20.71,0.752,0.751,1067100000.0,1059600000.0,7546000000.0,7546000000.0,0.0,0.019,0.066,0.059,0.125,5100000.0,1364400000.0,1.0,274066018.0,273800000,274900000.0,27.56,13398400000.0,0.0,214000000.0,1836400000.0,48.935,-1096900000.0
57,NI,MRT,2007-03-31,2007-03-31,2007-03-31,2021-08-25,50200000.0,17555200000.0,17529275000.0,2261300000.0,15293900000.0,0.416,18.74,-651700000.0,163400000.0,163400000.0,4146100000.0,326000000.0,0.702,2.424,5863200000.0,710100000.0,5153100000.0,5863200000.0,178300000.0,529000000.0,110400000.0,0.038,0.92,930300000.0,1459300000.0,0.2,1459300000.0,930300000.0,537300000.0,1.2,1.19,1.2,5127300000.0,4954500000.0,5127300000.0,12949852827.0,14.0,8.874,553900000.0,2.024,1.0,3144500000.0,0.431,4109600000.0,393000000.0,15923000000.0,15956500000.0,248500000.0,178400000.0,0.0,178400000.0,12427900000.0,3222400000.0,9205500000.0,6692952827.0,14400000.0,0.0,21300000.0,-199400000.0,-252200000.0,-511900000.0,-674900000.0,-4700000.0,1205600000.0,0.0,326000000.0,326000000.0,326000000.0,41300000.0,0.0,0.045,2155300000.0,989200000.0,1021200000.0,0.767,1.305,20.531,20.367,9740900000.0,0.0,24.44,0.918,0.917,1228000000.0,1096000000.0,7290600000.0,7290600000.0,0.0,0.019,0.066,0.058,0.128,6700000.0,1337400000.0,1.0,273852407.0,273600000,274800000.0,26.647,13445600000.0,0.0,211300000.0,1939400000.0,49.143,-961100000.0
58,NI,MRT,2006-12-31,2006-12-31,2006-12-31,2021-08-25,20900000.0,18156500000.0,17530875000.0,2782900000.0,15373600000.0,0.423,18.392,-627100000.0,175600000.0,175600000.0,4335700000.0,282200000.0,0.728,2.621,6432500000.0,1286300000.0,5146200000.0,6432500000.0,197100000.0,531500000.0,108400000.0,0.038,0.92,855600000.0,1387100000.0,0.187,1387100000.0,855600000.0,466400000.0,1.04,1.03,1.04,5013600000.0,4903800000.0,5013600000.0,12849805052.0,15.0,9.264,529100000.0,1.941,1.0,3082700000.0,0.416,4113000000.0,389200000.0,16479200000.0,15924025000.0,703400000.0,175700000.0,0.0,175700000.0,13142900000.0,3821200000.0,9321700000.0,6579405052.0,-40700000.0,0.0,15800000.0,-142300000.0,-251900000.0,-460000000.0,-732500000.0,-4700000.0,1156200000.0,0.0,282200000.0,282200000.0,282200000.0,52000000.0,0.0,0.038,2154600000.0,928100000.0,1109700000.0,0.885,1.312,23.315,23.173,9694500000.0,0.0,24.1,0.887,0.886,1118600000.0,1012900000.0,7418400000.0,7418400000.0,0.0,0.016,0.058,0.054,0.115,6900000.0,1333600000.0,1.0,273004359.0,272600000,273400000.0,27.213,14043500000.0,0.0,184200000.0,1811200000.0,51.517,-1038300000.0
59,NI,MRT,2006-09-30,2006-09-30,2006-09-30,2021-08-25,-106300000.0,17316700000.0,17481375000.0,2522800000.0,14793900000.0,0.465,17.634,-589200000.0,225800000.0,225800000.0,5007300000.0,287700000.0,0.703,2.604,6496200000.0,1322800000.0,5173400000.0,6496200000.0,165600000.0,548600000.0,104900000.0,0.042,0.92,822300000.0,1370900000.0,0.169,1370900000.0,822300000.0,429300000.0,1.06,1.06,1.06,4805400000.0,4883650000.0,4805400000.0,11826365695.0,14.0,8.627,238000000.0,0.873,1.0,3126700000.0,0.384,4155200000.0,393000000.0,15843500000.0,15916425000.0,821300000.0,235900000.0,0.0,235900000.0,12511300000.0,3588400000.0,8922900000.0,5930665695.0,-909700000.0,0.0,400000.0,-531500000.0,-251900000.0,-878300000.0,-858600000.0,0.0,827200000.0,0.0,287700000.0,287700000.0,287700000.0,6500000.0,0.0,0.035,2188300000.0,938400000.0,926100000.0,0.868,1.234,20.614,20.509,9551600000.0,0.0,21.74,0.729,0.728,844600000.0,950400000.0,8134000000.0,8134000000.0,0.0,0.016,0.059,0.052,0.101,4600000.0,1335400000.0,1.0,272799710.0,272500000,273300000.0,29.85,13161500000.0,0.0,141600000.0,1686000000.0,48.299,-1065600000.0
60,NI,MRT,2006-06-30,2006-06-30,2006-06-30,2021-08-25,-91200000.0,17088700000.0,17647725000.0,2289000000.0,14799700000.0,0.461,17.884,-619100000.0,129600000.0,129600000.0,5039400000.0,255100000.0,0.707,2.508,6025300000.0,861800000.0,5163500000.0,6025300000.0,170600000.0,548000000.0,104500000.0,0.042,0.92,780700000.0,1328700000.0,0.163,1328700000.0,780700000.0,377400000.0,0.93,0.93,0.93,4871700000.0,4908925000.0,4871700000.0,11865205784.0,15.0,8.93,180500000.0,0.663,1.0,3102300000.0,0.381,4166700000.0,403300000.0,15580300000.0,15832950000.0,377300000.0,238100000.0,0.0,238100000.0,12217000000.0,3237400000.0,8979600000.0,5955005784.0,-200300000.0,0.0,4100000.0,-6100000.0,-251800000.0,-349100000.0,-650800000.0,0.0,799600000.0,0.0,255100000.0,255100000.0,255100000.0,7200000.0,0.0,0.031,2207000000.0,895300000.0,1184100000.0,0.989,1.222,23.344,23.484,9502000000.0,0.0,21.84,0.731,0.731,1252700000.0,987400000.0,8141700000.0,8141700000.0,0.0,0.014,0.052,0.049,0.096,5200000.0,1351600000.0,1.0,272665100.0,272400000,273200000.0,29.889,12922000000.0,0.0,122300000.0,1802200000.0,47.438,-948400000.0
61,NI,MRT,2006-03-31,2006-03-31,2006-03-31,2021-08-25,-77900000.0,17561600000.0,17490275000.0,2743100000.0,14818500000.0,0.468,18.085,-609500000.0,141300000.0,141300000.0,5070700000.0,273100000.0,0.782,2.566,6051500000.0,821900000.0,5229600000.0,6051500000.0,169200000.0,545900000.0,104600000.0,0.045,0.92,805500000.0,1351400000.0,0.165,1351400000.0,805500000.0,394100000.0,1.0,0.99,1.0,4924500000.0,4914725000.0,4924500000.0,12019440409.0,15.0,8.894,-163600000.0,-0.601,1.0,3115100000.0,0.381,4170000000.0,411400000.0,15793100000.0,15698575000.0,283500000.0,223600000.0,0.0,223600000.0,12637100000.0,3508700000.0,9128400000.0,5512840409.0,-504600000.0,0.0,16200000.0,-85500000.0,-250700000.0,-334200000.0,-616300000.0,0.0,445900000.0,0.0,273100000.0,273100000.0,273100000.0,-24600000.0,0.0,0.033,2232600000.0,882500000.0,1198800000.0,0.92,1.119,20.186,20.22,9497200000.0,0.0,20.22,0.673,0.673,1678500000.0,1029100000.0,8185800000.0,8185800000.0,0.0,0.016,0.056,0.051,0.098,6600000.0,1361600000.0,1.0,272642948.0,272300000,273100000.0,30.062,13391600000.0,0.0,121000000.0,1991600000.0,49.18,-765600000.0
62,NI,MRT,2005-12-31,2005-12-31,2005-12-31,2021-08-25,-5600000.0,17958500000.0,17375800000.0,3060700000.0,14897800000.0,0.454,18.183,-590400000.0,103300000.0,103300000.0,4749200000.0,306500000.0,0.796,2.64,6609900000.0,1338700000.0,5271200000.0,6609900000.0,192800000.0,544200000.0,101900000.0,0.044,0.92,876200000.0,1420400000.0,0.18,1420400000.0,876200000.0,456100000.0,1.13,1.12,1.13,4933000000.0,4919350000.0,4933000000.0,11744283030.0,13.0,8.268,121900000.0,0.449,1.0,3146600000.0,0.399,4173100000.0,420100000.0,16448800000.0,15461850000.0,623800000.0,189200000.0,0.0,189200000.0,13025500000.0,3843200000.0,9182300000.0,5686883030.0,39900000.0,0.0,38400000.0,125800000.0,-250300000.0,-100300000.0,-572100000.0,0.0,712300000.0,0.0,306500000.0,306500000.0,306500000.0,-22700000.0,0.0,0.039,2194200000.0,952400000.0,1291900000.0,0.814,1.153,18.554,18.46,9554300000.0,0.0,20.86,0.72,0.717,1424400000.0,981600000.0,7895800000.0,7895800000.0,0.0,0.018,0.062,0.057,0.111,6800000.0,1326500000.0,1.0,272621430.0,271300000,273000000.0,29.104,13785400000.0,0.0,149600000.0,1879300000.0,50.812,-782500000.0
63,NI,MRT,2005-09-30,2005-09-30,2005-09-30,2021-08-25,21700000.0,17982100000.0,17133125000.0,3213100000.0,14769000000.0,0.418,18.059,-541600000.0,934300000.0,934300000.0,4039700000.0,397900000.0,0.738,2.665,6991700000.0,2212900000.0,4778800000.0,6991700000.0,175000000.0,535800000.0,94900000.0,0.038,0.92,1028200000.0,1564000000.0,0.218,1564000000.0,1028200000.0,615900000.0,1.47,1.46,1.47,4906500000.0,4882875000.0,4906500000.0,12385275468.0,12.0,7.919,461100000.0,1.697,1.0,3126100000.0,0.436,4175800000.0,412300000.0,15509600000.0,15239275000.0,765200000.0,185600000.0,0.0,185600000.0,13075600000.0,4354100000.0,8721500000.0,6607875468.0,892600000.0,0.0,186900000.0,404900000.0,-248200000.0,343600000.0,-453700000.0,0.0,1002700000.0,0.0,397900000.0,397900000.0,397900000.0,-27800000.0,0.0,0.056,2127100000.0,999000000.0,847200000.0,0.626,1.347,16.607,16.497,9425800000.0,0.0,24.25,0.922,0.919,646800000.0,913600000.0,7165800000.0,7165800000.0,0.0,0.023,0.081,0.067,0.143,7700000.0,1293400000.0,1.0,272489710.0,271700000,273700000.0,26.374,13806300000.0,0.0,218000000.0,1929700000.0,50.815,-1141000000.0
64,NI,MRT,2005-06-30,2005-06-30,2005-06-30,2021-08-25,-49800000.0,16458900000.0,16753300000.0,1730500000.0,14728400000.0,0.417,18.049,-522400000.0,290000000.0,290000000.0,3871800000.0,433500000.0,0.576,2.362,6067400000.0,1260100000.0,4807300000.0,6067400000.0,171000000.0,525500000.0,92700000.0,0.037,0.92,1069400000.0,1594900000.0,0.228,1594900000.0,1069400000.0,664100000.0,1.61,1.6,1.61,4894900000.0,4782075000.0,4894900000.0,12213965552.0,11.0,7.658,385700000.0,1.422,1.0,3108100000.0,0.445,4190300000.0,405300000.0,15042800000.0,15420100000.0,320100000.0,184000000.0,0.0,184000000.0,11564000000.0,3003200000.0,8560800000.0,6722765552.0,242000000.0,0.0,182200000.0,-58600000.0,-246200000.0,-122600000.0,-543500000.0,0.0,908100000.0,0.0,433500000.0,433500000.0,433500000.0,-35800000.0,0.0,0.062,2073500000.0,1034600000.0,644900000.0,0.571,1.373,15.508,15.36,9374100000.0,0.0,24.73,0.963,0.961,669800000.0,983200000.0,6979900000.0,6979900000.0,0.0,0.026,0.091,0.069,0.153,8300000.0,1248900000.0,1.0,271846565.0,271200000,273100000.0,25.737,12268600000.0,0.0,230600000.0,1942800000.0,45.238,-1272700000.0
65,NI,MRT,2005-03-31,2005-03-31,2005-03-31,2021-08-25,-10400000.0,17103700000.0,16639375000.0,2404300000.0,14699400000.0,0.413,18.287,-510800000.0,618100000.0,618100000.0,3799000000.0,429100000.0,0.678,2.46,6109300000.0,1299600000.0,4809700000.0,6109300000.0,173100000.0,516600000.0,95300000.0,0.04,0.92,1072300000.0,1588900000.0,0.231,1588900000.0,1072300000.0,669400000.0,1.59,1.59,1.59,4943000000.0,4683550000.0,4943000000.0,12538655204.0,12.0,7.891,768100000.0,2.842,1.0,3069200000.0,0.447,4203400000.0,402900000.0,14846200000.0,15546300000.0,173800000.0,221400000.0,0.0,221400000.0,12160700000.0,3545300000.0,8615400000.0,6181655204.0,543700000.0,0.0,170400000.0,-138300000.0,-244200000.0,-212100000.0,-523100000.0,0.0,1278900000.0,0.0,429100000.0,429100000.0,429100000.0,-4200000.0,0.0,0.062,1996600000.0,1072600000.0,739300000.0,0.579,1.251,14.406,14.333,9357500000.0,0.0,22.79,0.9,0.897,1075200000.0,1006800000.0,6868200000.0,6868200000.0,0.0,0.026,0.092,0.069,0.156,7500000.0,1215700000.0,1.0,271244195.0,270300000,272100000.0,25.41,12900300000.0,0.0,240300000.0,2148700000.0,47.726,-1141000000.0
66,NI,MRT,2004-12-31,2004-12-31,2004-12-31,2021-08-25,-65000000.0,16987800000.0,16482300000.0,2284400000.0,14703400000.0,0.404,18.154,-517000000.0,85800000.0,85800000.0,3609700000.0,436300000.0,0.638,2.549,6443400000.0,1607500000.0,4835900000.0,6443400000.0,192400000.0,506900000.0,92200000.0,0.04,0.92,1080100000.0,1587000000.0,0.238,1587000000.0,1080100000.0,679000000.0,1.65,1.64,1.65,4787100000.0,4579400000.0,4787100000.0,12579828968.0,12.0,7.927,538900000.0,2.044,1.0,3047500000.0,0.458,4207500000.0,401100000.0,15558500000.0,15865900000.0,552700000.0,215800000.0,0.0,215800000.0,12200700000.0,3579400000.0,8621300000.0,6004528968.0,2400000.0,0.0,156700000.0,-414500000.0,-243100000.0,-500900000.0,-552600000.0,0.0,1055900000.0,0.0,436300000.0,436300000.0,436300000.0,-3300000.0,0.0,0.066,1969500000.0,1078000000.0,973500000.0,0.558,1.254,13.762,13.806,9373900000.0,0.0,22.78,0.902,0.902,1058700000.0,925400000.0,6657200000.0,6657200000.0,0.0,0.026,0.095,0.068,0.162,8000000.0,1200500000.0,1.0,263587751.0,263700000,265500000.0,25.245,12780300000.0,0.0,242700000.0,1905200000.0,48.465,-1295000000.0
67,NI,MRT,2004-09-30,2004-09-30,2004-09-30,2021-08-25,0.0,16462800000.0,16391400000.0,1761400000.0,14701400000.0,0.389,17.142,-590600000.0,60300000.0,60300000.0,3369300000.0,416700000.0,0.681,2.656,6635600000.0,1046400000.0,5589200000.0,6635600000.0,180800000.0,501100000.0,82000000.0,0.044,0.92,1053400000.0,1554500000.0,0.244,1554500000.0,1053400000.0,639400000.0,1.59,1.59,1.59,4503300000.0,4486600000.0,4503300000.0,11586896789.0,11.0,7.454,450800000.0,1.716,1.0,3003100000.0,0.471,4220200000.0,414000000.0,16232900000.0,16111400000.0,653500000.0,189100000.0,0.0,189100000.0,11959500000.0,2585000000.0,9374500000.0,5535896789.0,10000000.0,0.0,10600000.0,-258600000.0,-242600000.0,-550200000.0,-481200000.0,0.0,1041400000.0,0.0,416700000.0,416700000.0,416700000.0,-1100000.0,0.0,0.065,1949100000.0,1054000000.0,544900000.0,0.579,1.229,13.285,13.214,9378900000.0,0.0,21.01,0.869,0.866,563200000.0,,6372400000.0,6372400000.0,0.0,0.025,0.093,0.065,0.165,12400000.0,1191000000.0,1.0,263488662.0,262700000,264600000.0,24.257,12242600000.0,0.0,222700000.0,1880900000.0,46.603,-823600000.0
68,NI,MRT,2004-06-30,2004-06-30,2004-06-30,2021-08-25,0.0,16003200000.0,16201725000.0,1389400000.0,14613800000.0,0.388,17.146,-574100000.0,31700000.0,31700000.0,3301200000.0,403300000.0,0.609,2.556,6082700000.0,509600000.0,5573100000.0,6082700000.0,177900000.0,498600000.0,82000000.0,0.048,0.98,1060400000.0,1559000000.0,0.248,1559000000.0,1060400000.0,632300000.0,1.54,1.54,1.54,4500800000.0,4424200000.0,4500800000.0,11656739246.0,11.0,7.477,607600000.0,2.315,1.0,2991300000.0,0.475,4224300000.0,428100000.0,15547600000.0,15960925000.0,333100000.0,186900000.0,0.0,186900000.0,11502400000.0,2282300000.0,9220100000.0,5431439246.0,-18500000.0,0.0,9300000.0,-763300000.0,-257900000.0,-1071500000.0,-128700000.0,0.0,1181700000.0,0.0,403300000.0,403300000.0,403300000.0,14100000.0,0.0,0.064,1916500000.0,1074800000.0,732300000.0,0.636,1.207,13.467,13.39,9357700000.0,0.0,20.62,0.863,0.86,589700000.0,,6292500000.0,6292500000.0,0.0,0.025,0.091,0.066,0.169,14500000.0,1181700000.0,1.0,263406365.0,262500000,264500000.0,23.971,11778900000.0,0.0,229000000.0,1949500000.0,44.872,-892900000.0
69,NI,MRT,2004-03-31,2004-03-31,2004-03-31,2021-08-25,0.0,16475400000.0,16331450000.0,1832600000.0,14642800000.0,0.379,17.257,-589400000.0,59500000.0,59500000.0,3171700000.0,43800000.0,0.78,2.64,6284800000.0,339700000.0,5945100000.0,6284800000.0,190600000.0,496500000.0,83200000.0,0.049,1.04,720900000.0,1217400000.0,0.197,1217400000.0,720900000.0,277000000.0,0.17,0.18,0.17,4526400000.0,4363325000.0,4526400000.0,12324477999.0,17.0,10.124,143000000.0,0.545,1.0,3018100000.0,0.488,4227700000.0,443900000.0,16124600000.0,16026250000.0,179600000.0,171100000.0,0.0,171100000.0,11949000000.0,2348400000.0,9600600000.0,5577377999.0,-24300000.0,0.0,10600000.0,-275500000.0,-273200000.0,-597700000.0,-159000000.0,0.0,732400000.0,0.0,43800000.0,43800000.0,43800000.0,377400000.0,0.0,0.007,1925300000.0,1092800000.0,671700000.0,6.118,1.232,127.337,125.0,9357000000.0,0.0,21.25,0.901,0.9,1135400000.0,,6189800000.0,6189800000.0,0.0,0.003,0.01,0.045,0.116,12900000.0,1173400000.0,1.0,262464847.0,262300000,264300000.0,23.598,12247700000.0,0.0,233200000.0,2076900000.0,46.693,-515800000.0
70,NI,MRT,2003-12-31,2003-12-31,2003-12-31,2021-08-25,-70200000.0,16624200000.0,16525700000.0,2062900000.0,14561300000.0,0.378,17.01,-574200000.0,50100000.0,50100000.0,3185600000.0,85200000.0,0.788,2.765,6797200000.0,803800000.0,5993400000.0,6797200000.0,213900000.0,495700000.0,80400000.0,0.05,1.1,784800000.0,1280500000.0,0.205,1280500000.0,784800000.0,320100000.0,0.33,0.33,0.33,4415900000.0,4390350000.0,4415900000.0,12518078743.0,16.0,9.776,-6200000.0,-0.024,1.0,3056400000.0,0.49,4214300000.0,464700000.0,16540500000.0,15994325000.0,529900000.0,208600000.0,0.0,208600000.0,12208300000.0,2616500000.0,9591800000.0,5758478743.0,-4000000.0,0.0,352200000.0,-193000000.0,-284000000.0,-529400000.0,-42600000.0,0.0,568000000.0,0.0,85200000.0,85200000.0,85200000.0,332900000.0,0.0,0.014,1934100000.0,1122300000.0,787400000.0,3.333,1.304,67.588,66.485,9290700000.0,0.0,21.94,0.923,0.912,989100000.0,731300000.0,6242000000.0,6242000000.0,0.0,0.005,0.019,0.049,0.126,12900000.0,1177500000.0,1.0,262464847.0,259600000,261600000.0,24.045,12409900000.0,0.0,234900000.0,1887300000.0,47.804,-553600000.0
71,NI,MRT,2003-09-30,2003-09-30,2003-09-30,2021-08-25,0.0,15704100000.0,16855300000.0,1876100000.0,13828000000.0,0.374,16.273,-612900000.0,71000000.0,71000000.0,3184100000.0,27500000.0,0.604,2.692,6830600000.0,1317300000.0,5513300000.0,6830600000.0,210500000.0,498000000.0,73300000.0,0.058,1.16,740800000.0,1238800000.0,0.197,1238800000.0,740800000.0,259300000.0,0.18,0.18,0.18,4253700000.0,4330100000.0,4253700000.0,12034633431.0,16.0,9.715,65400000.0,0.25,1.0,3116300000.0,0.495,3727900000.0,481500000.0,15631000000.0,16101375000.0,661700000.0,527700000.0,0.0,527700000.0,11450400000.0,3104800000.0,8345600000.0,5250633431.0,-11700000.0,0.0,1072900000.0,-737700000.0,-284800000.0,-408100000.0,-281900000.0,0.0,678300000.0,0.0,27500000.0,27500000.0,27500000.0,383300000.0,0.0,0.004,1985300000.0,1131000000.0,676800000.0,6.444,1.234,190.932,111.0,8731700000.0,0.0,19.98,0.833,0.829,707600000.0,,6300400000.0,6300400000.0,0.0,0.002,0.006,0.046,0.118,2400000.0,1207700000.0,1.0,262794466.0,261400000,263400000.0,24.103,11976200000.0,0.0,231800000.0,1981800000.0,45.816,-1228700000.0
72,NI,MRT,2003-06-30,2003-06-30,2003-06-30,2021-08-25,0.0,16522100000.0,17086050000.0,1657800000.0,14864300000.0,0.369,16.293,-568900000.0,43900000.0,43900000.0,3166100000.0,35300000.0,0.442,2.881,6827900000.0,1786200000.0,5041700000.0,6827900000.0,217900000.0,499500000.0,73000000.0,0.061,1.16,773300000.0,1272800000.0,0.202,1272800000.0,773300000.0,268300000.0,0.23,0.23,0.23,4257300000.0,4102425000.0,4257300000.0,11589646210.0,15.0,9.106,242600000.0,0.928,1.0,3144400000.0,0.498,3750400000.0,505000000.0,15808900000.0,16443975000.0,327800000.0,1526400000.0,0.0,1526400000.0,12264800000.0,3746800000.0,8518000000.0,4988746210.0,16700000.0,0.0,1073000000.0,-572700000.0,-269100000.0,-227300000.0,-567500000.0,0.0,811500000.0,0.0,35300000.0,35300000.0,35300000.0,375200000.0,0.0,0.006,1984200000.0,1160200000.0,849200000.0,5.043,1.172,141.324,82.609,8706800000.0,0.0,19.0,0.791,0.787,896800000.0,,6310500000.0,6310500000.0,0.0,0.002,0.009,0.047,0.123,600000.0,1192000000.0,1.0,262565590.0,261300000,263100000.0,24.15,12771700000.0,0.0,233000000.0,1999600000.0,48.878,-2089000000.0
73,NI,MRT,2003-03-31,2003-03-31,2003-03-31,2021-08-25,0.0,17252400000.0,17144825000.0,2257800000.0,14994600000.0,0.357,18.26,-536700000.0,69600000.0,69600000.0,2974600000.0,385200000.0,0.552,2.723,6670500000.0,1376200000.0,5294300000.0,6670500000.0,533500000.0,471400000.0,72700000.0,0.064,1.16,1114200000.0,1585600000.0,0.259,1585600000.0,1114200000.0,601900000.0,1.59,1.58,1.59,4634500000.0,3933025000.0,4634500000.0,11233936641.0,10.0,7.085,456600000.0,1.799,1.0,3149000000.0,0.514,3763400000.0,512300000.0,15996900000.0,16823675000.0,165500000.0,272000000.0,0.0,272000000.0,12617900000.0,4093000000.0,8524900000.0,3781436641.0,54100000.0,0.0,1073200000.0,-1160100000.0,-253300000.0,-801200000.0,-138000000.0,0.0,993300000.0,0.0,385200000.0,385200000.0,385200000.0,6800000.0,0.0,0.063,2005900000.0,1143100000.0,1199400000.0,0.73,0.816,9.817,11.447,10049300000.0,0.0,18.2,0.618,0.754,1516500000.0,,6123600000.0,6123600000.0,0.0,0.022,0.098,0.066,0.182,4300000.0,1234500000.0,1.0,207771244.0,253800000,256200000.0,24.128,13489000000.0,0.0,216700000.0,2383700000.0,53.148,-1835200000.0
74,NI,MRT,2002-12-31,2002-12-31,2002-12-31,2021-08-25,0.0,17942600000.0,16999450000.0,1872800000.0,16069800000.0,0.313,19.786,-531900000.0,55300000.0,55300000.0,2248900000.0,372500000.0,0.471,3.298,7332500000.0,2138000000.0,5194500000.0,7332500000.0,248500000.0,491200000.0,65200000.0,0.058,1.16,1107800000.0,1599000000.0,0.301,1599000000.0,1107800000.0,591400000.0,1.77,1.75,1.77,4174900000.0,3669725000.0,4174900000.0,12253724880.0,11.0,7.663,653500000.0,3.097,1.0,3070900000.0,0.577,4274300000.0,516400000.0,16968700000.0,16973700000.0,362900000.0,1747700000.0,0.0,1747700000.0,13767700000.0,3976800000.0,9790900000.0,4155424880.0,-41400000.0,0.0,728000000.0,-1404000000.0,-241500000.0,-1033500000.0,-193300000.0,0.0,1185400000.0,0.0,372500000.0,372500000.0,372500000.0,25600000.0,0.0,0.07,1918700000.0,1152200000.0,948600000.0,0.655,0.995,11.156,11.299,9181300000.0,0.0,20.0,0.781,0.793,970800000.0,,5319800000.0,5319800000.0,0.0,0.022,0.102,0.065,0.208,7300000.0,1185000000.0,1.0,207771244.0,211000000,212800000.0,25.212,13668300000.0,0.0,218900000.0,1836900000.0,64.779,-2104000000.0
75,NI,MRT,2002-09-30,2002-09-30,2002-09-30,2021-08-25,0.0,16627100000.0,16972400000.0,1630900000.0,14996200000.0,0.148,16.252,-426300000.0,64900000.0,64900000.0,-410900000.0,357300000.0,0.408,3.974,8163200000.0,2025300000.0,6137900000.0,8163200000.0,711800000.0,465600000.0,59100000.0,0.067,1.16,1090000000.0,1555600000.0,0.619,1555600000.0,1090000000.0,569400000.0,1.73,1.71,1.73,3343000000.0,3493350000.0,3343000000.0,11492185212.0,11.0,7.388,640800000.0,3.115,1.0,2922900000.0,1.164,3724900000.0,520600000.0,17001400000.0,17291975000.0,507100000.0,181000000.0,0.0,181000000.0,13284100000.0,3999100000.0,9285000000.0,3577985212.0,-616100000.0,0.0,19200000.0,-886200000.0,-246800000.0,-1116800000.0,39400000.0,0.0,1067100000.0,0.0,357300000.0,357300000.0,357300000.0,-25300000.0,0.0,0.142,1847700000.0,1075200000.0,742800000.0,0.671,1.07,10.014,9.96,10085800000.0,0.0,17.23,1.424,1.411,623400000.0,,2512000000.0,2512000000.0,0.0,0.021,0.102,0.063,0.434,18300000.0,1147700000.0,1.0,207660198.0,205700000,208100000.0,12.212,12902200000.0,0.0,212100000.0,2046800000.0,62.723,-2368200000.0
76,NI,MRT,2002-06-30,2002-06-30,2002-06-30,2021-08-25,0.0,16757200000.0,17146125000.0,1584100000.0,15173100000.0,0.196,17.411,-540200000.0,54800000.0,54800000.0,357600000.0,313100000.0,0.438,3.681,7969000000.0,1693500000.0,6275500000.0,7969000000.0,746600000.0,493800000.0,57900000.0,0.053,1.16,1044300000.0,1538100000.0,0.458,1538100000.0,1044300000.0,514700000.0,1.52,1.5,1.52,3579700000.0,3510575000.0,3579700000.0,12089711918.0,12.0,7.86,693500000.0,3.373,1.0,3002400000.0,0.894,3726700000.0,529600000.0,17327700000.0,17433550000.0,295700000.0,282500000.0,0.0,282500000.0,13177500000.0,3617000000.0,9560500000.0,4530211918.0,-663500000.0,0.0,4500000.0,-1144500000.0,-239100000.0,-1382400000.0,91000000.0,0.0,1233700000.0,0.0,313100000.0,313100000.0,313100000.0,-24900000.0,0.0,0.093,1964300000.0,1038100000.0,697200000.0,0.763,1.266,14.469,14.362,10073600000.0,0.0,21.83,1.348,1.336,714200000.0,,3360000000.0,3360000000.0,0.0,0.018,0.089,0.06,0.311,39500000.0,1223100000.0,1.0,207522305.0,205600000,208200000.0,16.342,13030500000.0,0.0,201600000.0,2240700000.0,63.378,-2032900000.0
77,NI,MRT,2002-03-31,2002-03-31,2002-03-31,2021-08-25,0.0,16670900000.0,17380625000.0,1945800000.0,14725100000.0,0.246,17.427,-493500000.0,69900000.0,69900000.0,1212800000.0,276500000.0,0.499,3.655,7629400000.0,1535100000.0,6094300000.0,7629400000.0,756300000.0,554800000.0,55700000.0,0.051,1.16,1027200000.0,1582000000.0,0.37,1582000000.0,1027200000.0,470400000.0,1.34,1.32,1.34,3581300000.0,3490525000.0,3581300000.0,13012645809.0,13.0,8.225,805500000.0,3.92,1.0,3065700000.0,0.717,3731400000.0,556800000.0,16597000000.0,17603950000.0,192000000.0,518700000.0,0.0,518700000.0,13089600000.0,3902000000.0,9187600000.0,4762245809.0,-637300000.0,0.0,10000000.0,-875500000.0,-239900000.0,-1106500000.0,-224000000.0,0.0,1299000000.0,0.0,276500000.0,276500000.0,276500000.0,-19000000.0,0.0,0.065,2046200000.0,1019500000.0,676100000.0,0.866,1.33,17.223,17.127,9466600000.0,0.0,22.95,1.113,1.102,1036000000.0,,4278500000.0,4278500000.0,0.0,0.016,0.079,0.058,0.24,35000000.0,1246300000.0,1.0,207505264.0,205500000,208200000.0,20.82,12939500000.0,0.0,193900000.0,2305500000.0,62.966,-1956200000.0
78,NI,MRT,2001-12-31,2001-12-31,2001-12-31,2021-08-25,0.0,17834400000.0,17836725000.0,2337400000.0,15497000000.0,0.352,16.899,-525300000.0,127900000.0,127900000.0,3143900000.0,216200000.0,0.503,4.14,8924400000.0,2277900000.0,6646500000.0,8924400000.0,657900000.0,576700000.0,50300000.0,0.05,1.16,974800000.0,1551500000.0,0.247,1551500000.0,974800000.0,382800000.0,1.05,1.03,1.05,3469400000.0,3474875000.0,3469400000.0,13059768395.0,13.0,8.418,385300000.0,1.877,1.0,3126800000.0,0.499,3737900000.0,592000000.0,18241800000.0,17896625000.0,480100000.0,696400000.0,0.0,696400000.0,14365000000.0,4651200000.0,9713800000.0,4768668395.0,-660500000.0,0.0,15100000.0,-435500000.0,-239000000.0,-660500000.0,-304800000.0,0.0,910600000.0,0.0,216200000.0,216200000.0,216200000.0,-21200000.0,0.0,0.034,2158900000.0,967900000.0,900600000.0,1.105,1.374,22.057,21.962,10013200000.0,0.0,23.06,0.76,0.755,1117000000.0,,6270700000.0,6270700000.0,0.0,0.012,0.062,0.054,0.155,30000000.0,1308000000.0,1.0,206793946.0,205300000,209800000.0,30.544,14096500000.0,0.0,166600000.0,2077800000.0,68.663,-2313800000.0
79,NI,MRT,2001-09-30,2001-09-30,2001-09-30,2021-08-25,0.0,17322000000.0,18298800000.0,2634400000.0,14687600000.0,0.555,16.611,-574600000.0,117700000.0,117700000.0,6810500000.0,145200000.0,0.607,4.077,8408800000.0,1951000000.0,6457800000.0,8408800000.0,850400000.0,613200000.0,35500000.0,0.049,1.14,916400000.0,1529600000.0,0.151,1529600000.0,916400000.0,289800000.0,0.57,0.59,0.57,3411900000.0,3459800000.0,3411900000.0,13181773200.0,14.0,8.618,-167300000.0,-0.815,1.0,3352800000.0,0.33,3703700000.0,626600000.0,17567700000.0,17759900000.0,602900000.0,590200000.0,0.0,590200000.0,13910100000.0,4341700000.0,9568400000.0,4819073200.0,24500000.0,-5654500000.0,2031800000.0,3519100000.0,-205900000.0,5341100000.0,-5723900000.0,0.0,407300000.0,0.0,145200000.0,145200000.0,145200000.0,200000.0,0.0,0.014,2357000000.0,995800000.0,737300000.0,2.0,1.412,33.189,40.895,9448700000.0,0.0,23.31,0.474,0.471,1062200000.0,,10163300000.0,10163300000.0,0.0,0.008,0.042,0.052,0.09,30800000.0,1434600000.0,1.0,206738447.0,205400000,205400000.0,49.481,13618300000.0,0.0,144600000.0,2046600000.0,66.301,-1707300000.0
80,NI,MRT,2001-06-30,2001-06-30,2001-06-30,2021-08-25,0.0,17695200000.0,15739341750.0,2769800000.0,14925400000.0,0.609,17.046,-442900000.0,142700000.0,142700000.0,6584300000.0,218200000.0,0.633,4.056,8505400000.0,2034600000.0,6470800000.0,8505400000.0,1158100000.0,540000000.0,34400000.0,0.041,1.12,934300000.0,1474300000.0,0.154,1474300000.0,934300000.0,407000000.0,1.1,1.11,1.1,3499500000.0,,3499500000.0,13943291491.0,15.0,9.458,-201600000.0,-0.982,1.0,3003600000.0,0.313,3673100000.0,527300000.0,18009300000.0,15259400000.0,290900000.0,842200000.0,0.0,842200000.0,14195700000.0,4375500000.0,9820200000.0,5644191491.0,48500000.0,-5654500000.0,2049900000.0,3476700000.0,-186000000.0,5334700000.0,-5527500000.0,0.0,241300000.0,0.0,218200000.0,218200000.0,218200000.0,-5400000.0,0.0,0.023,2051400000.0,952200000.0,753600000.0,1.018,1.613,25.867,24.845,9385100000.0,0.0,27.33,0.589,0.585,1489600000.0,,9587900000.0,9587900000.0,0.0,0.014,,0.061,0.097,6800000.0,1238200000.0,1.0,206519996.0,205300000,205300000.0,46.702,14022100000.0,0.0,188800000.0,2152100000.0,68.301,-1605700000.0
81,NI,MRT,2001-03-31,2001-03-31,2001-03-31,2021-08-25,0.0,18495300000.0,13113960500.0,3648200000.0,14847100000.0,0.665,17.164,-427900000.0,111800000.0,111800000.0,6100700000.0,253200000.0,0.675,4.256,8410900000.0,2266500000.0,6144400000.0,8410900000.0,1329100000.0,462300000.0,33800000.0,0.035,1.1,873800000.0,1336100000.0,0.153,1336100000.0,873800000.0,450600000.0,1.35,1.35,1.35,3518700000.0,,3518700000.0,14939208292.0,17.0,11.181,-311000000.0,-1.517,1.0,2617500000.0,0.3,3620700000.0,423200000.0,17767700000.0,12751261000.0,212100000.0,717800000.0,0.0,717800000.0,14976600000.0,5406000000.0,9570600000.0,6423008292.0,-8500000.0,-5654500000.0,2014300000.0,3578900000.0,-157800000.0,5431600000.0,-5557000000.0,0.0,116900000.0,0.0,253200000.0,253200000.0,253200000.0,-9100000.0,0.0,0.029,1722200000.0,895300000.0,1131300000.0,0.815,1.825,25.367,23.052,9513800000.0,0.0,31.12,0.737,0.732,2492800000.0,,8718200000.0,8718200000.0,0.0,0.019,,0.069,0.1,6800000.0,1039000000.0,1.0,206394868.0,205000000,209400000.0,42.528,14874600000.0,0.0,197400000.0,2336000000.0,72.559,-1757800000.0
82,NI,MRT,2000-12-31,2000-12-31,2000-12-31,2021-08-25,0.0,19682700000.0,10229027250.0,4917600000.0,14765100000.0,0.589,25.346,-357300000.0,193000000.0,193000000.0,4081700000.0,150900000.0,0.713,4.774,8709200000.0,2561500000.0,6147700000.0,8709200000.0,1268000000.0,376100000.0,32100000.0,0.035,1.08,581700000.0,957800000.0,0.159,957800000.0,581700000.0,277200000.0,1.12,1.11,1.12,3409100000.0,2381300000.0,3409100000.0,6256680351.0,11.0,6.532,-416700000.0,-3.098,1.0,1947700000.0,0.323,3610600000.0,304500000.0,17694900000.0,10276729250.0,406800000.0,744100000.0,0.0,744100000.0,16273600000.0,6893400000.0,9380200000.0,3732390351.0,107300000.0,-5654500000.0,1976200000.0,3796600000.0,-131800000.0,5634100000.0,-5467400000.0,0.0,-59400000.0,0.0,150900000.0,150900000.0,150900000.0,-9000000.0,0.0,0.025,1335400000.0,612300000.0,1477600000.0,0.964,1.095,24.734,27.455,9525600000.0,0.0,30.75,0.619,0.686,2129600000.0,,6029400000.0,6029400000.0,0.0,0.015,0.063,0.057,0.096,6800000.0,810400000.0,1.0,121378548.0,134500000,135800000.0,44.828,16072100000.0,0.0,126300000.0,2101800000.0,119.495,-1975800000.0
83,NI,MRT,2000-09-30,2000-09-30,2000-09-30,2021-08-25,0.0,7084167000.0,6915502250.0,1344719000.0,5739448000.0,0.622,,-251172000.0,51029000.0,51029000.0,2918310000.0,187942000.0,0.683,,2575319000.0,838028000.0,1737291000.0,2575319000.0,112609000.0,306346000.0,31062000.0,0.044,1.065,477905000.0,784251000.0,0.182,784251000.0,477905000.0,305283000.0,1.53,1.47,1.53,,,,5765768023.0,12.0,7.352,27595000.0,0.229,1.0,1385699000.0,0.322,75183000.0,172622000.0,7565700000.0,7787529250.0,281201000.0,199829000.0,0.0,199829000.0,,1967574000.0,,2956176023.0,27401000.0,-9769000.0,-72733000.0,-35692000.0,-130190000.0,-243053000.0,-8313000.0,0.0,278767000.0,0.0,187942000.0,187942000.0,187942000.0,-14200000.0,0.0,0.044,939353000.0,446346000.0,368020000.0,0.696,,15.729,15.941,4901510000.0,0.0,24.39,0.687,0.683,425216000.0,,4304009000.0,4304009000.0,0.0,0.027,,0.061,0.111,3500000.0,958600000.0,1.0,121204429.0,120600000,123400000.0,35.688,7008984000.0,0.0,117341000.0,958400000.0,58.118,-622855000.0
84,NI,MRT,2000-06-30,2000-06-30,2000-06-30,2021-08-25,0.0,7193675000.0,6771275750.0,1113081000.0,6080594000.0,0.564,,-277208000.0,50905000.0,50905000.0,2418861000.0,163897000.0,0.588,,2860497000.0,944677000.0,1915820000.0,2860497000.0,121214000.0,304752000.0,30071000.0,0.056,1.05,415217000.0,719969000.0,0.189,719969000.0,415217000.0,247019000.0,1.32,1.27,1.32,,,,4919726881.0,12.0,6.833,51622000.0,0.428,1.0,1397117000.0,0.366,134186000.0,168198000.0,7976744000.0,7812088250.0,193466000.0,196392000.0,0.0,196392000.0,,1892337000.0,,2257407881.0,1132000.0,-9769000.0,-76631000.0,182351000.0,-129374000.0,-26279000.0,-301419000.0,0.0,328830000.0,0.0,163897000.0,163897000.0,163897000.0,-9000000.0,0.0,0.043,942146000.0,454971000.0,349860000.0,0.795,,13.773,14.121,5218464000.0,0.0,18.64,0.592,0.589,479450000.0,,3815978000.0,3815978000.0,0.0,0.024,,0.053,0.109,3500000.0,822300000.0,1.0,121105573.0,120600000,124700000.0,31.642,7059489000.0,0.0,83122000.0,999638000.0,58.536,-779256000.0
85,NI,MRT,2000-03-31,2000-03-31,2000-03-31,2021-08-25,0.0,6955567000.0,6573329750.0,915271000.0,6040296000.0,0.531,,-306385000.0,78151000.0,78151000.0,2076573000.0,163441000.0,0.568,,2740470000.0,813062000.0,1927408000.0,2740470000.0,114732000.0,302191000.0,29435000.0,0.061,1.035,410431000.0,712622000.0,0.204,712622000.0,410431000.0,247219000.0,1.31,1.27,1.31,,,,5234387565.0,13.0,7.345,59896000.0,0.482,1.0,1411652000.0,0.405,136794000.0,163212000.0,7869573000.0,7709455250.0,144688000.0,185225000.0,0.0,185225000.0,,1611519000.0,,2104694565.0,13766000.0,-163534000.0,-44293000.0,316333000.0,-128520000.0,137957000.0,-490472000.0,0.0,366281000.0,0.0,163441000.0,163441000.0,163441000.0,-7000000.0,0.0,0.047,954904000.0,456748000.0,268054000.0,0.79,,12.877,12.885,5207498000.0,0.0,16.88,0.603,0.602,462430000.0,,3488225000.0,3488225000.0,0.0,0.025,,0.053,0.118,3500000.0,680400000.0,1.0,124685697.0,124300000,128200000.0,28.063,6818773000.0,0.0,83778000.0,1108648000.0,54.857,-696248000.0
86,NI,MRT,1999-12-31,1999-12-31,1999-12-31,2021-08-25,0.0,6428600000.0,6391039000.0,806000000.0,5622600000.0,0.512,10.889,-313000000.0,41500000.0,41500000.0,1880800000.0,160400000.0,0.549,3.75,2945600000.0,824800000.0,2120800000.0,2945600000.0,92000000.0,295000000.0,46200000.0,0.057,1.02,398000000.0,693000000.0,0.212,693000000.0,398000000.0,242600000.0,1.29,1.27,1.29,1353500000.0,1251604000.0,1353500000.0,4793409968.0,12.0,6.917,105100000.0,0.846,1.0,1392700000.0,0.425,125800000.0,155400000.0,7738100000.0,7600786500.0,157700000.0,429800000.0,0.0,429800000.0,5075100000.0,1468800000.0,3606300000.0,2236008968.0,-17200000.0,-725800000.0,198400000.0,217300000.0,-125200000.0,622800000.0,-1058100000.0,0.0,418100000.0,0.0,160400000.0,160400000.0,160400000.0,-6500000.0,0.0,0.049,954800000.0,437900000.0,255800000.0,0.791,1.652,13.94,13.86,4596500000.0,0.0,17.88,0.683,0.679,383800000.0,,3273500000.0,3273500000.0,0.0,0.025,0.128,0.052,0.122,3500000.0,536000000.0,1.0,125056430.0,124300000,125300000.0,26.335,6302800000.0,0.0,82200000.0,1086500000.0,50.706,-662800000.0
87,NI,MRT,1999-09-30,1999-09-30,1999-09-30,2021-08-25,0.0,6507261000.0,6030514750.0,678276000.0,5828985000.0,0.485,,-271332000.0,23747000.0,23747000.0,1588709000.0,188064000.0,0.53,,2581148000.0,738758000.0,1842390000.0,2581148000.0,108965000.0,278220000.0,27614000.0,0.045,1.005,428620000.0,706840000.0,0.242,706840000.0,428620000.0,283564000.0,1.53,1.53,1.53,,,,5219035976.0,12.0,7.384,159969000.0,1.279,1.0,1335538000.0,0.457,121665000.0,145056000.0,7663936000.0,7181348500.0,208067000.0,336670000.0,0.0,336670000.0,,1279061000.0,,2767060976.0,-9711000.0,-716031000.0,195033000.0,139244000.0,-121930000.0,544091000.0,-985103000.0,0.0,431301000.0,0.0,188064000.0,188064000.0,188064000.0,-5300000.0,0.0,0.064,878789000.0,456749000.0,265330000.0,0.657,,14.713,14.464,4899631000.0,0.0,22.13,0.946,0.946,363381000.0,,2924247000.0,2924247000.0,0.0,0.031,,0.06,0.147,0.0,427400000.0,1.0,125036646.0,125030566,125030566.0,23.388,6385596000.0,0.0,95500000.0,996734000.0,51.072,-600785000.0
88,NI,MRT,1999-06-30,1999-06-30,1999-06-30,2021-08-25,0.0,6401891000.0,5613007000.0,610074000.0,5791817000.0,0.531,,-235391000.0,49816000.0,49816000.0,1683776000.0,203236000.0,0.524,,2501791000.0,657419000.0,1844372000.0,2501791000.0,108802000.0,264631000.0,25987000.0,0.038,0.99,442204000.0,706835000.0,0.237,706835000.0,442204000.0,306447000.0,1.67,1.66,1.67,,,,5415307265.0,12.0,7.661,217393000.0,1.74,1.0,1295294000.0,0.435,123401000.0,135757000.0,7566212000.0,6347129500.0,172147000.0,334152000.0,0.0,334152000.0,,1164253000.0,,3223294265.0,12164000.0,-716031000.0,112372000.0,168214000.0,-118917000.0,493412000.0,-934032000.0,0.0,452784000.0,0.0,203236000.0,203236000.0,203236000.0,-5300000.0,0.0,0.068,847622000.0,447672000.0,243528000.0,0.593,,15.86,15.455,4885312000.0,0.0,25.81,1.082,1.083,345383000.0,,2979070000.0,2979070000.0,0.0,0.036,,0.07,0.148,0.0,427400000.0,1.0,124885481.0,124951321,124951321.0,23.842,6278490000.0,0.0,103211000.0,1015345000.0,50.247,-554179000.0
89,NI,MRT,1999-03-31,1999-03-31,1999-03-31,2021-08-25,0.0,6226404000.0,5216034750.0,661920000.0,5564484000.0,0.567,,-221489000.0,64482000.0,64482000.0,1716117000.0,209737000.0,0.733,,2256495000.0,289095000.0,1967400000.0,2256495000.0,111028000.0,250735000.0,25547000.0,0.036,0.975,443274000.0,694009000.0,0.235,694009000.0,443274000.0,316716000.0,1.73,1.72,1.73,,,,5199218578.0,12.0,7.492,309121000.0,2.52,1.0,1240014000.0,0.419,80597000.0,126558000.0,7434898000.0,5529496000.0,138197000.0,206168000.0,0.0,206168000.0,,902922000.0,,3174271578.0,23138000.0,-562266000.0,36049000.0,-2005000.0,-116591000.0,249196000.0,-756668000.0,0.0,530610000.0,0.0,209737000.0,209737000.0,209737000.0,-5300000.0,0.0,0.071,798276000.0,441738000.0,255003000.0,0.564,,15.135,15.607,4842813000.0,0.0,27.0,1.074,1.12,412226000.0,,2956131000.0,2956131000.0,0.0,0.04,,0.08,0.15,0.0,427400000.0,1.0,117565614.0,122646186,122646186.0,24.103,6145807000.0,0.0,106979000.0,1075304000.0,50.11,-241002000.0
90,NI,MRT,1998-12-31,1998-12-31,1998-12-31,2021-08-25,0.0,4986503000.0,4884556750.0,576867000.0,4409636000.0,0.582,9.519,-219100000.0,60848000.0,60848000.0,1691000000.0,193900000.0,0.651,3.337,2085795000.0,417830000.0,1667965000.0,2085795000.0,68046000.0,241100000.0,22199000.0,0.032,0.96,408500000.0,649600000.0,0.228,649600000.0,408500000.0,288300000.0,1.6,1.59,1.6,1149708000.0,1207248000.0,1149708000.0,3928750823.0,10.0,6.048,228900000.0,1.895,1.0,1152900000.0,0.405,65039000.0,120200000.0,6060348000.0,4742732500.0,164860000.0,181651000.0,0.0,181651000.0,3836795000.0,886063000.0,2950732000.0,3577468823.0,29100000.0,0.0,-193600000.0,118900000.0,-116400000.0,-194000000.0,-224900000.0,0.0,448000000.0,0.0,193900000.0,193900000.0,193900000.0,-5300000.0,0.0,0.068,749900000.0,403000000.0,251399000.0,0.6,3.112,18.45,19.025,3748669000.0,0.0,30.44,1.258,1.293,263751000.0,,2843900000.0,2843900000.0,0.0,0.04,0.161,0.086,0.144,0.0,427400000.0,1.0,117525257.0,120778000,121335000.0,23.547,4921464000.0,0.0,94400000.0,712106000.0,40.748,-309196000.0
91,NI,MRT,1998-09-30,1998-09-30,1998-09-30,2021-08-25,0.0,4837230000.0,4872189250.0,482184000.0,4355046000.0,0.613,,-227100000.0,32490000.0,32490000.0,1751631000.0,189200000.0,0.606,,383772000.0,383772000.0,0.0,383772000.0,72166000.0,253667000.0,20897000.0,0.029,0.945,418348000.0,672015000.0,0.225,672015000.0,418348000.0,288919000.0,1.54,1.51,1.54,,,,4187263440.0,10.0,6.231,239759000.0,2.006,1.0,1235002000.0,0.414,65765000.0,129429000.0,4327060000.0,4733383250.0,151254000.0,183235000.0,0.0,183235000.0,,795687000.0,,3950386440.0,4205000.0,0.0,-200786000.0,165512000.0,-116431000.0,-153650000.0,-309004000.0,5641000.0,466859000.0,0.0,189200000.0,189200000.0,189200000.0,0.0,0.0,0.063,820288000.0,414714000.0,189891000.0,0.614,,20.879,21.351,3731670000.0,0.0,32.88,1.323,1.316,231812000.0,,2986633000.0,2986633000.0,0.0,0.039,,0.088,0.14,0.0,0.0,1.0,120145573.0,119495000,119495000.0,24.994,4771465000.0,0.0,99719000.0,791740000.0,39.93,-313503000.0
92,NI,MRT,1998-06-30,1998-06-30,1998-06-30,2021-08-25,0.0,4814002000.0,,475234000.0,4338768000.0,,,-222538000.0,36684000.0,36684000.0,1617172000.0,181942000.0,0.69,,273561000.0,273561000.0,0.0,273561000.0,82833000.0,253962000.0,23057000.0,0.033,0.93,407443000.0,661405000.0,0.233,661405000.0,407443000.0,280390000.0,1.46,1.44,1.46,,,,3577124064.0,9.0,5.408,290843000.0,2.38,1.0,1217984000.0,0.43,66179000.0,127053000.0,4295678000.0,,114700000.0,176362000.0,0.0,176362000.0,,689022000.0,,3418969064.0,7293000.0,0.0,-118452000.0,-22498000.0,-115807000.0,-258969000.0,-247119000.0,5641000.0,513381000.0,0.0,181942000.0,181942000.0,181942000.0,0.0,0.0,0.064,813808000.0,404176000.0,201083000.0,0.637,,18.792,19.178,3733845000.0,0.0,28.0,1.206,1.207,264238000.0,,2835156000.0,2835156000.0,0.0,,,,0.144,0.0,0.0,1.0,122106038.0,122181000,122181000.0,23.205,4747823000.0,0.0,98448000.0,799037000.0,38.859,-213788000.0
93,NI,MRT,1998-03-31,1998-03-31,1998-03-31,2021-08-25,0.0,4900492000.0,,587844000.0,4312648000.0,,,-220553000.0,40376000.0,40376000.0,1488502000.0,180733000.0,0.836,,198531000.0,198531000.0,0.0,198531000.0,78017000.0,254733000.0,22684000.0,0.033,0.915,406336000.0,661069000.0,0.244,661069000.0,406336000.0,280170000.0,1.44,1.42,1.44,,,,5364778504.0,13.0,8.115,181434000.0,1.465,1.0,1217433000.0,0.45,67436000.0,126166000.0,4287844000.0,,104345000.0,167949000.0,0.0,167949000.0,,703367000.0,,3460373504.0,-51900000.0,-82985000.0,-86358000.0,69386000.0,-114610000.0,-134491000.0,-319396000.0,0.0,401987000.0,0.0,180733000.0,180733000.0,180733000.0,0.0,0.0,0.067,818352000.0,399081000.0,203890000.0,0.635,,19.146,19.444,3723237000.0,0.0,28.0,1.279,1.282,371792000.0,,2705935000.0,2705935000.0,0.0,,,,0.15,0.0,0.0,1.0,123584768.0,123872613,123872613.0,21.844,4833056000.0,0.0,99437000.0,883668000.0,39.016,-115523000.0
94,NI,MRT,1997-12-31,1997-12-31,1997-12-31,2021-08-25,0.0,4937033000.0,4612958000.0,630708000.0,4306325000.0,0.561,10.212,-218931000.0,30780000.0,30780000.0,1375614000.0,190849000.0,0.841,2.903,1935185000.0,267260000.0,1667925000.0,1935185000.0,73715000.0,249804000.0,22091000.0,0.036,0.9,417630000.0,667434000.0,0.258,667434000.0,417630000.0,297023000.0,1.54,1.53,1.54,1264788000.0,1182644500.0,1264788000.0,,,,215626000.0,1.741,1.0,1210927000.0,0.468,68175000.0,120607000.0,6022951000.0,5476320500.0,140358000.0,139125000.0,0.0,139125000.0,3672245000.0,750312000.0,2921933000.0,3055015465.0,4447000.0,-288932000.0,85493000.0,96267000.0,-111593000.0,67252000.0,-497362000.0,0.0,434557000.0,0.0,190849000.0,190849000.0,190849000.0,0.0,0.0,0.074,800374000.0,410553000.0,226751000.0,0.584,2.415,16.008,16.052,3752154000.0,0.0,24.72,1.181,1.184,338811000.0,,2586541000.0,2586541000.0,0.0,0.041,0.161,0.076,0.161,0.0,0.0,1.0,123584768.0,123849126,123849126.0,20.885,4868858000.0,0.0,106174000.0,729388000.0,39.313,-119604000.0
95,NI,MRT,1997-09-30,1997-09-30,1997-09-30,2021-08-25,,,,,,,,,,,,,,,,,,,,,,0.042,0.885,,,,,,,,,,,,,,,,,,1.0,,,,,,,,,,,,,,,,,,,,,,,,,,,,,,,,,,,,,,,,21.065,,,,,,,,,,,,,,1.0,,125495862,,,,,,,,
96,NI,MRT,1997-06-30,1997-06-30,1997-06-30,2021-08-25,,,,,,,,,,,,,,,,,,,,,,0.042,0.87,,,,,,,,,,,,,,,,,,1.0,,,,,,,,,,,,,,,,,,,,,,,,,,,,,,,,,,,,,,,,20.69,,,,,,,,,,,,,,1.0,,125655240,,,,,,,,
97,NI,MRT,1997-03-31,1997-03-31,1997-03-31,2021-08-25,,,,,,,,,,,,,,,,,,,,,,0.044,0.855,,,,,,,,,,,,,,,,,,1.0,,,,,,,,,,,,,,,,,,,,,,,,,,,,,,,,,,,,,,,,19.625,,,,,,,,,,,,,,1.0,,119116686,,,,,,,,
98,NI,MRT,1996-12-31,1996-12-31,1996-12-31,2021-08-25,0.0,4288883000.0,,523247000.0,3765636000.0,,8.992,-207881000.0,26333000.0,26333000.0,871983000.0,176734000.0,0.507,2.897,1699143000.0,572037000.0,1127106000.0,1699143000.0,37338000.0,233993000.0,17580000.0,0.042,0.84,384232000.0,618225000.0,0.311,618225000.0,384232000.0,283114000.0,1.44,1.43,1.44,1100501000.0,,1100501000.0,,,,97550000.0,0.797,1.0,1115965000.0,0.561,0.0,101118000.0,4929690000.0,,151435000.0,102774000.0,0.0,102774000.0,3188382000.0,1032003000.0,2156379000.0,,-2163000.0,0.0,-99782000.0,152755000.0,-103190000.0,-88073000.0,-219521000.0,0.0,305431000.0,0.0,176734000.0,176615000.0,176615000.0,0.0,0.0,0.089,729657000.0,386308000.0,251730000.0,0.583,,,13.757,3342158000.0,119000.0,19.81,,1.22,207625000.0,,1987948000.0,1987948000.0,0.0,,,,0.193,0.0,0.0,1.0,,122381500,122381500.0,16.244,4288883000.0,0.0,106380000.0,681468000.0,35.045,-508756000.0
99,NI,MRT,1995-12-31,1995-12-31,1995-12-31,2021-08-25,,,,,,,,-192966000.0,,,694488000.0,175465000.0,,,,,,,,206959000.0,,0.041,0.78,369900000.0,576859000.0,0.326,576859000.0,369900000.0,277362000.0,1.36,1.35,1.36,,,,,,,197066000.0,1.557,1.0,1074820000.0,0.607,,92538000.0,,,,,,,,,,,-11945000.0,0.0,-61794000.0,11573000.0,-99043000.0,-158722000.0,-243255000.0,0.0,390032000.0,0.0,175465000.0,172402000.0,172402000.0,0.0,0.0,0.097,692943000.0,381877000.0,,0.574,,,14.062,,3063000.0,19.125,,1.368,,,1769308000.0,1769308000.0,0.0,,,,0.209,0.0,0.0,1.0,,126562354,126562354.0,13.98,,,101897000.0,,,
