None,ticker,dimension,calendardate,datekey,reportperiod,lastupdated,accoci,assets,assetsavg,assetsc,assetsnc,assetturnover,bvps,capex,cashneq,cashnequsd,cor,consolinc,currentratio,de,debt,debtc,debtnc,debtusd,deferredrev,depamor,deposits,divyield,dps,ebit,ebitda,ebitdamargin,ebitdausd,ebitusd,ebt,eps,epsdil,epsusd,equity,equityavg,equityusd,ev,evebit,evebitda,fcf,fcfps,fxusd,gp,grossmargin,intangibles,intexp,invcap,invcapavg,inventory,investments,investmentsc,investmentsnc,liabilities,liabilitiesc,liabilitiesnc,marketcap,ncf,ncfbus,ncfcommon,ncfdebt,ncfdiv,ncff,ncfi,ncfinv,ncfo,ncfx,netinc,netinccmn,netinccmnusd,netincdis,netincnci,netmargin,opex,opinc,payables,payoutratio,pb,pe,pe1,ppnenet,prefdivis,price,ps,ps1,receivables,retearn,revenue,revenueusd,rnd,roa,roe,roic,ros,sbcomp,sgna,sharefactor,sharesbas,shareswa,shareswadil,sps,tangibles,taxassets,taxexp,taxliabilities,tbvps,workingcapital
0,SIVB,MRY,2020-12-31,2020-12-31,2020-12-31,2021-08-06,623000000.0,115511000000.0,93292099000.0,,,0.04,158.697,-87407000.0,17675000000.0,17675000000.0,0.0,1294294000.0,,13.027,1124000000.0,,,1124000000.0,0.0,100840000.0,101982000000.0,0.0,0.0,1655955000.0,1756795000.0,0.465,1756795000.0,1655955000.0,1655955000.0,23.05,22.87,23.05,8220000000.0,7591764250.0,8220000000.0,5509766503.0,3.0,3.136,1358080000.0,26.219,1.0,3776922000.0,1.0,204000000.0,0.0,98756000000.0,80591144750.0,0.0,94040000000.0,,,107078000000.0,,,20088392503.0,10892980000.0,-26700000.0,-28874000.0,498147000.0,0.0,40653214000.0,-31205721000.0,-31091614000.0,1445487000.0,0.0,1208368000.0,1191217000.0,1191217000.0,0.0,85926000.0,0.315,2035041000.0,1741881000.0,0.0,0.0,2.444,16.864,16.826,386000000.0,17151000.0,387.83,5.319,5.319,0.0,5672000000.0,3776922000.0,3776922000.0,0.0,0.013,0.157,0.021,0.438,78129000.0,1817279000.0,1.0,51796902.0,51796902.0,,72.918,115307000000.0,0.0,447587000.0,0.0,2226.137,
1,SIVB,MRY,2019-12-31,2019-12-31,2019-12-31,2021-08-06,84445000.0,71004903000.0,65792540000.0,,,0.049,125.471,-65479000.0,6781783000.0,6781783000.0,0.0,1184717000.0,,9.951,584264000.0,,,584264000.0,0.0,82717000.0,61757807000.0,0.0,0.0,1562541000.0,1645258000.0,0.512,1645258000.0,1562541000.0,1562541000.0,21.9,21.73,21.9,6470307000.0,5814450750.0,6470307000.0,6908105230.0,4.0,4.199,1098650000.0,21.305,1.0,3211664000.0,1.0,187240000.0,0.0,64620144000.0,58979159750.0,0.0,61931406000.0,,,64383823000.0,,,12945633230.0,3210244000.0,-102328000.0,-327693000.0,-972377000.0,0.0,11417997000.0,-9371882000.0,-9204075000.0,1164129000.0,0.0,1136856000.0,1136856000.0,1136856000.0,0.0,47861000.0,0.354,1601262000.0,1610402000.0,0.0,0.0,2.001,11.387,11.463,359241000.0,0.0,251.04,4.031,4.031,0.0,4575601000.0,3211664000.0,3211664000.0,0.0,0.017,0.196,0.026,0.487,57227000.0,1430174000.0,1.0,51568010.0,51568010.0,,62.28,70817663000.0,0.0,425685000.0,0.0,1373.287,
2,SIVB,MRY,2018-12-31,2018-12-31,2018-12-31,2021-08-06,-54120000.0,56927979000.0,56109061250.0,,,0.045,96.078,-45865000.0,3571539000.0,3571539000.0,0.0,1011348000.0,,10.098,1327877000.0,,,1327877000.0,0.0,57906000.0,49328900000.0,0.0,0.0,1325401000.0,1383307000.0,0.542,1383307000.0,1325401000.0,1325401000.0,18.35,18.11,18.35,5116209000.0,4778419250.0,5116209000.0,9621730192.0,7.0,6.956,887697000.0,16.67,1.0,2551102000.0,1.0,0.0,0.0,54684317000.0,54820128750.0,0.0,52275966000.0,,,51663136000.0,,,10113402192.0,648464000.0,0.0,-128736000.0,-402318000.0,0.0,4515277000.0,-4800375000.0,-4754510000.0,933562000.0,0.0,973840000.0,973840000.0,973840000.0,0.0,37508000.0,0.382,1188193000.0,1362909000.0,0.0,0.0,1.977,10.385,10.35,129213000.0,0.0,189.92,3.964,3.964,0.0,3791838000.0,2551102000.0,2551102000.0,0.0,0.017,0.204,0.024,0.52,27686000.0,1066666000.0,1.0,53250854.0,53250854.0,,47.907,56927979000.0,0.0,351561000.0,0.0,1069.053,
3,SIVB,MRY,2017-12-31,2017-12-31,2017-12-31,2021-08-06,-1472000.0,51214467000.0,49195618000.0,,,0.038,79.252,-50884000.0,2923075000.0,2923075000.0,0.0,519178000.0,,11.219,1729222000.0,,,1729222000.0,0.0,56123000.0,44254075000.0,0.0,0.0,845969000.0,902092000.0,0.478,902092000.0,845969000.0,845969000.0,9.33,9.2,9.33,4179795000.0,3975843500.0,4179795000.0,9528087218.0,11.0,10.562,595981000.0,11.3,1.0,1885296000.0,1.0,0.0,0.0,50020614000.0,46672027500.0,0.0,47286464000.0,,,46895052000.0,,,12329200218.0,377325000.0,3000000.0,27003000.0,423281000.0,0.0,5700956000.0,-5970496000.0,-5922612000.0,646865000.0,0.0,490506000.0,490506000.0,490506000.0,0.0,28672000.0,0.26,1010655000.0,874641000.0,0.0,0.0,2.95,25.136,25.056,128682000.0,0.0,233.77,6.54,6.54,0.0,2866837000.0,1885296000.0,1885296000.0,0.0,0.01,0.123,0.018,0.449,18886000.0,890465000.0,1.0,52740729.0,52740729.0,,35.746,51214467000.0,0.0,355463000.0,0.0,971.061,
4,SIVB,MRY,2016-12-31,2016-12-31,2016-12-31,2021-08-06,23430000.0,44683660000.0,43666063250.0,,,0.034,69.93,-53311000.0,2545750000.0,2545750000.0,0.0,390266000.0,,11.23,1308372000.0,,,1308372000.0,0.0,46819000.0,38979868000.0,0.0,0.0,633018000.0,679837000.0,0.453,679837000.0,633018000.0,633018000.0,7.37,7.31,7.37,3642554000.0,3530556750.0,3642554000.0,7218578215.0,11.0,10.618,418449000.0,8.033,1.0,1500396000.0,1.0,0.0,0.0,43446282000.0,42519274250.0,0.0,41344539000.0,,,40906623000.0,,,8941505215.0,1042493000.0,0.0,26147000.0,-262232000.0,0.0,-410828000.0,981561000.0,1034872000.0,471760000.0,0.0,382685000.0,382685000.0,382685000.0,0.0,7581000.0,0.255,859797000.0,640599000.0,0.0,0.0,2.455,23.365,23.292,120683000.0,0.0,171.66,5.959,5.959,0.0,2376331000.0,1500396000.0,1500396000.0,0.0,0.009,0.108,0.015,0.422,35494000.0,754812000.0,1.0,52088461.0,52088461.0,,28.805,44683660000.0,0.0,250333000.0,0.0,857.842,
5,SIVB,MRY,2015-12-31,2015-12-31,2015-12-31,2021-08-06,15404000.0,44686703000.0,41587448250.0,,,0.033,62.108,-53918000.0,1503257000.0,1503257000.0,0.0,374820000.0,,12.931,1571602000.0,,,1571602000.0,0.0,40008000.0,39142776000.0,0.0,0.0,572658000.0,612666000.0,0.443,612666000.0,572658000.0,572658000.0,6.7,6.62,6.7,3198134000.0,3098943000.0,3198134000.0,5249364788.0,9.0,8.568,285279000.0,5.54,1.0,1383536000.0,1.0,0.0,0.0,44755048000.0,40824270250.0,0.0,42371114000.0,,,41353472000.0,,,6122542788.0,-307757000.0,55279000.0,22410000.0,1113550000.0,0.0,5848782000.0,-6495736000.0,-6497097000.0,339197000.0,0.0,343904000.0,343904000.0,343904000.0,0.0,30916000.0,0.249,779962000.0,603574000.0,0.0,0.0,1.914,17.803,17.746,102625000.0,0.0,118.9,4.425,4.425,0.0,1993646000.0,1383536000.0,1383536000.0,0.0,0.008,0.111,0.014,0.414,32239000.0,682805000.0,1.0,51493211.0,51493211.0,,26.868,44686703000.0,0.0,228754000.0,0.0,867.817,
6,SIVB,MRY,2014-12-31,2014-12-31,2014-12-31,2021-08-06,42704000.0,39337869000.0,34599732750.0,,,0.04,55.322,-42431000.0,1796062000.0,1796062000.0,0.0,478660000.0,,12.544,459143000.0,,,459143000.0,0.0,39345000.0,34343499000.0,0.0,0.0,447378000.0,486723000.0,0.355,486723000.0,447378000.0,447378000.0,5.39,5.31,5.39,2813072000.0,2576192000.0,2813072000.0,4489932697.0,10.0,9.225,212837000.0,4.186,1.0,1369348000.0,1.0,0.0,0.0,38000950000.0,32514131500.0,0.0,36908754000.0,,,35286135000.0,,,5902075697.0,272235000.0,0.0,457012000.0,2701000.0,0.0,12250649000.0,-12233682000.0,-12191251000.0,255268000.0,0.0,263870000.0,263870000.0,263870000.0,0.0,214790000.0,0.193,707180000.0,662168000.0,0.0,0.0,2.098,22.367,21.534,79845000.0,0.0,116.07,4.31,4.31,0.0,1649967000.0,1369348000.0,1369348000.0,0.0,0.008,0.102,0.014,0.327,29545000.0,623640000.0,1.0,50849278.0,50849278.0,,26.93,39337869000.0,0.0,183508000.0,0.0,773.617,
7,SIVB,MRY,2013-12-31,2013-12-31,2013-12-31,2021-08-06,-48764000.0,26417189000.0,23776988500.0,,,0.055,43.057,-30004000.0,1538779000.0,1538779000.0,0.0,544783000.0,,11.869,460296000.0,,,460296000.0,0.0,36260000.0,22472979000.0,0.0,0.0,361347000.0,397607000.0,0.304,397607000.0,361347000.0,361347000.0,4.73,4.67,4.73,1966270000.0,1910343000.0,1966270000.0,3307167303.0,9.0,8.318,141774000.0,3.105,1.0,1306857000.0,1.0,0.0,0.0,25338706000.0,22770385750.0,0.0,24345815000.0,,,23337861000.0,,,4788587303.0,529796000.0,0.0,46569000.0,-161030000.0,0.0,3197006000.0,-2838988000.0,-2808984000.0,171778000.0,0.0,214517000.0,214517000.0,214517000.0,0.0,330266000.0,0.164,615244000.0,691613000.0,0.0,0.0,2.435,22.323,22.169,67485000.0,0.0,104.86,3.664,3.664,0.0,1390732000.0,1306857000.0,1306857000.0,0.0,0.009,0.112,0.016,0.277,25413000.0,547185000.0,1.0,45666482.0,45666482.0,,28.617,26417189000.0,0.0,146830000.0,0.0,578.481,
8,SIVB,MRY,2012-12-31,2012-12-31,2012-12-31,2021-08-06,108553000.0,22766123000.0,21612791500.0,,,0.042,41.12,-34260000.0,1008983000.0,1008983000.0,0.0,249813000.0,,11.014,623872000.0,,,623872000.0,0.0,28122000.0,19176452000.0,0.0,0.0,288372000.0,316494000.0,0.348,316494000.0,288372000.0,288372000.0,3.96,3.91,3.96,1830555000.0,1742582250.0,1830555000.0,2551427934.0,9.0,8.062,161848000.0,3.636,1.0,909080000.0,1.0,0.0,0.0,22381012000.0,21444709250.0,0.0,21363724000.0,,,20160890000.0,,,2491623934.0,-105965000.0,0.0,29282000.0,23459000.0,0.0,2584295000.0,-2886368000.0,-2854978000.0,196108000.0,0.0,175103000.0,175103000.0,175103000.0,0.0,74710000.0,0.193,545998000.0,363082000.0,0.0,0.0,1.361,14.229,14.134,66545000.0,0.0,55.97,2.741,2.741,0.0,1174878000.0,909080000.0,909080000.0,0.0,0.008,0.1,0.013,0.317,24050000.0,487421000.0,1.0,44517133.0,44517133.0,,20.421,22766123000.0,0.0,113269000.0,0.0,511.401,
9,SIVB,MRY,2011-12-31,2011-12-31,2011-12-31,2021-08-06,85399000.0,19968894000.0,19287314500.0,,,0.047,36.209,-30856000.0,1114948000.0,1114948000.0,0.0,282793000.0,,11.29,603648000.0,,,603648000.0,0.0,27490000.0,16709536000.0,0.0,0.0,290989000.0,318479000.0,0.353,318479000.0,290989000.0,290989000.0,4.0,3.94,4.0,1569392000.0,1463989250.0,1569392000.0,634600700.0,2.0,1.993,135536000.0,3.127,1.0,902508000.0,1.0,0.0,0.0,19457594000.0,18035002000.0,0.0,18420621000.0,,,17718505000.0,,,2067015700.0,-1961484000.0,0.0,36873000.0,-387867000.0,0.0,1911080000.0,-4038956000.0,-4008100000.0,166392000.0,0.0,171902000.0,171902000.0,171902000.0,0.0,110891000.0,0.19,500628000.0,401880000.0,0.0,0.0,1.317,12.024,11.922,56471000.0,0.0,47.69,2.29,2.29,0.0,999733000.0,902508000.0,902508000.0,0.0,0.009,0.117,0.016,0.322,19019000.0,446059000.0,1.0,43342749.0,43342749.0,,20.823,19968894000.0,0.0,119087000.0,0.0,460.721,
10,SIVB,MRY,2010-12-31,2010-12-31,2010-12-31,2021-08-06,24143000.0,17527761000.0,15554266250.0,,,0.04,30.347,-27056000.0,3076432000.0,3076432000.0,0.0,136817000.0,,12.382,1246505000.0,,,1246505000.0,0.0,23224000.0,14336941000.0,0.0,0.0,156353000.0,179577000.0,0.289,179577000.0,156353000.0,156353000.0,2.27,2.24,2.27,1274350000.0,1238386000.0,1274350000.0,-265120867.0,-2.0,-1.476,136172000.0,3.243,1.0,621037000.0,1.0,0.0,0.0,15697834000.0,12706605250.0,0.0,14078597000.0,,,15779483000.0,,,2227703133.0,-436421000.0,-1660000.0,24019000.0,341005000.0,0.0,4453058000.0,-5052707000.0,-5023991000.0,163228000.0,0.0,94951000.0,94951000.0,94951000.0,0.0,41866000.0,0.153,422818000.0,198219000.0,0.0,0.0,1.748,23.462,23.37,44545000.0,0.0,53.05,3.587,3.587,0.0,827831000.0,621037000.0,621037000.0,0.0,0.006,0.077,0.012,0.252,13572000.0,367367000.0,1.0,41992519.0,41992519.0,,14.789,17527761000.0,0.0,61402000.0,0.0,417.402,
11,SIVB,MRY,2009-12-31,2009-12-31,2009-12-31,2021-08-06,5905000.0,12841399000.0,11951164250.0,,,0.033,33.977,-15963000.0,3512853000.0,3512853000.0,0.0,10640000.0,,10.074,895405000.0,,,895405000.0,0.0,24931000.0,10331937000.0,0.0,0.0,83217000.0,108148000.0,0.278,108148000.0,83217000.0,83217000.0,0.67,0.66,0.67,1128343000.0,1051765500.0,1128343000.0,-1759788058.0,-21.0,-16.272,71000000.0,2.138,1.0,389713000.0,1.0,0.0,0.0,10223951000.0,9349193500.0,0.0,8967363000.0,,,11367289000.0,,,1383476942.0,1076128000.0,0.0,297980000.0,-125943000.0,0.0,2846631000.0,-1857466000.0,-1841503000.0,86963000.0,0.0,48010000.0,22674000.0,22674000.0,0.0,-37370000.0,0.058,343866000.0,45847000.0,0.0,0.0,1.226,61.016,62.179,31736000.0,25336000.0,41.66,3.55,3.55,0.0,732907000.0,389713000.0,389713000.0,0.0,0.002,0.022,0.009,0.214,13017000.0,291343000.0,1.0,33208760.0,33208760.0,,11.735,12841399000.0,0.0,35207000.0,0.0,386.687,
12,SIVB,MRY,2008-12-31,2008-12-31,2008-12-31,2021-08-06,-5789000.0,10018280000.0,8074099750.0,,,0.052,30.233,-8544000.0,2436725000.0,2436725000.0,0.0,55147000.0,,8.782,1057543000.0,,,1057543000.0,0.0,22922000.0,7473472000.0,0.0,0.0,126499000.0,149421000.0,0.356,149421000.0,126499000.0,126499000.0,2.27,2.16,2.27,991356000.0,770572750.0,991356000.0,1893530002.0,15.0,12.672,118501000.0,3.614,1.0,420247000.0,1.0,4092000.0,0.0,8635006000.0,8236588750.0,0.0,7184957000.0,,,8706568000.0,,,860094002.0,1753551000.0,0.0,-12812000.0,-6192000.0,0.0,3184019000.0,-1557513000.0,-1548969000.0,127045000.0,0.0,74286000.0,73579000.0,73579000.0,0.0,-19139000.0,0.175,309029000.0,111218000.0,0.0,0.0,0.868,11.689,11.555,30589000.0,707000.0,26.23,2.047,2.047,0.0,709726000.0,420247000.0,420247000.0,0.0,0.009,0.095,0.015,0.301,15042000.0,271691000.0,1.0,32790469.0,32790469.0,,12.816,10014188000.0,0.0,52213000.0,0.0,305.399,
13,SIVB,MRY,2007-12-31,2007-12-31,2007-12-31,2021-08-06,-6290000.0,6692456000.0,6362370000.0,,,0.091,20.388,-12852000.0,325399000.0,325399000.0,0.0,148925000.0,,8.536,965254000.0,,,965254000.0,0.0,24541000.0,4611203000.0,0.0,0.0,204910000.0,229451000.0,0.396,229451000.0,204910000.0,204910000.0,3.54,3.28,3.54,676654000.0,667915750.0,676654000.0,2238989150.0,11.0,9.758,161139000.0,4.855,1.0,579975000.0,1.0,4092000.0,0.0,7328219000.0,6782757250.0,0.0,6065675000.0,,,5775700000.0,,,1672738150.0,50589000.0,-395000.0,-115542000.0,-98607000.0,0.0,392104000.0,-515506000.0,-502259000.0,173991000.0,0.0,120329000.0,120329000.0,120329000.0,0.0,28596000.0,0.207,346469000.0,233506000.0,0.0,0.0,2.472,13.901,14.237,38628000.0,0.0,50.4,2.884,2.884,0.0,682911000.0,579975000.0,579975000.0,0.0,0.019,0.18,0.03,0.353,16803000.0,299645000.0,1.0,33189249.0,33189249.0,,17.475,6688364000.0,0.0,84581000.0,0.0,201.522,
14,SIVB,MRY,2006-12-31,2006-12-31,2006-12-31,2021-08-06,-17921000.0,6081452000.0,5718120000.0,,,0.085,18.315,-20697000.0,632585000.0,632585000.0,0.0,89385000.0,,8.412,1036002000.0,,,1036002000.0,0.0,17566000.0,4057625000.0,0.0,0.0,155167000.0,172733000.0,0.357,172733000.0,155167000.0,155167000.0,2.58,2.38,2.58,628514000.0,594632750.0,628514000.0,2011236113.0,13.0,11.644,107012000.0,3.118,1.0,483786000.0,1.0,21296000.0,0.0,6463573000.0,5929701750.0,0.0,5131998000.0,,,5286923000.0,,,1599885113.0,170487000.0,-3994000.0,-69887000.0,553958000.0,0.0,342347000.0,-299569000.0,-274878000.0,127709000.0,0.0,89385000.0,89385000.0,89385000.0,0.0,0.0,0.185,322503000.0,161283000.0,0.0,0.0,2.546,17.899,18.07,37306000.0,0.0,46.62,3.307,3.307,0.0,641528000.0,483786000.0,483786000.0,0.0,0.016,0.15,0.026,0.321,21237000.0,283139000.0,1.0,34317570.0,34317570.0,,14.097,6060156000.0,0.0,65782000.0,0.0,176.59,
15,SIVB,MRY,2005-12-31,2005-12-31,2005-12-31,2021-08-06,-21094000.0,5541715000.0,5322157750.0,,,0.078,16.307,-18255000.0,462098000.0,462098000.0,0.0,92537000.0,,8.524,475307000.0,,,475307000.0,0.0,8236000.0,4252730000.0,0.0,0.0,153295000.0,161531000.0,0.388,161531000.0,153295000.0,153295000.0,2.64,2.4,2.64,569301000.0,543771500.0,569301000.0,1534327259.0,10.0,9.499,95373000.0,2.732,1.0,416551000.0,1.0,35638000.0,0.0,5519286000.0,5120405500.0,0.0,4843838000.0,,,4852958000.0,,,1635227259.0,-165120000.0,0.0,-59037000.0,269591000.0,0.0,289145000.0,-567893000.0,-549638000.0,113628000.0,0.0,92537000.0,92537000.0,92537000.0,0.0,0.0,0.222,259860000.0,156691000.0,0.0,0.0,2.872,17.671,17.742,25099000.0,0.0,46.84,3.926,3.926,0.0,587713000.0,416551000.0,416551000.0,0.0,0.017,0.17,0.03,0.368,14653000.0,239808000.0,1.0,34910915.0,34910915.0,,11.932,5506077000.0,0.0,60758000.0,0.0,157.718,
16,SIVB,MRY,2004-12-31,2004-12-31,2004-12-31,2021-08-06,1287000.0,5145679000.0,4856522000.0,,,0.072,15.06,-8421000.0,627218000.0,627218000.0,0.0,63866000.0,,8.364,206030000.0,,,206030000.0,0.0,8779000.0,4219514000.0,0.0,0.0,102620000.0,111399000.0,0.321,111399000.0,102620000.0,102620000.0,1.81,1.7,1.81,541948000.0,500979750.0,541948000.0,1587411563.0,15.0,14.25,85915000.0,2.387,1.0,347540000.0,1.0,35638000.0,0.0,4688853000.0,4717777750.0,0.0,4325177000.0,,,4533046000.0,,,1612921563.0,-208095000.0,0.0,12506000.0,-8141000.0,0.0,573889000.0,-876320000.0,-867899000.0,94336000.0,0.0,63866000.0,63866000.0,63866000.0,0.0,0.0,0.184,241830000.0,105710000.0,0.0,0.0,2.976,25.255,24.762,14641000.0,0.0,44.82,4.641,4.641,0.0,499911000.0,347540000.0,347540000.0,0.0,0.013,0.127,0.022,0.295,10560000.0,218234000.0,1.0,35986648.0,35986648.0,,9.657,5110041000.0,0.0,38754000.0,0.0,141.998,
17,SIVB,MRY,2003-12-31,2003-12-31,2003-12-31,2021-08-06,5595000.0,4468410000.0,4252726000.0,,,0.065,13.186,-4723000.0,835313000.0,835313000.0,0.0,13042000.0,,8.647,212876000.0,,,212876000.0,0.0,7610000.0,3666841000.0,0.0,0.0,17216000.0,24826000.0,0.09,24826000.0,17216000.0,17216000.0,0.36,0.35,0.36,457953000.0,477832500.0,457953000.0,1187113146.0,69.0,47.817,71562000.0,2.061,1.0,274423000.0,1.0,37549000.0,0.0,3808424000.0,3958183250.0,0.0,3467695000.0,,,3959713000.0,,,1252683146.0,10943000.0,0.0,-133726000.0,121846000.0,0.0,234186000.0,-299528000.0,-294805000.0,76285000.0,0.0,13042000.0,13042000.0,13042000.0,0.0,0.0,0.048,260597000.0,13826000.0,0.0,0.0,2.735,96.05,100.194,14999000.0,0.0,36.07,4.565,4.565,0.0,436047000.0,274423000.0,274423000.0,0.0,0.003,0.027,0.004,0.063,7868000.0,183025000.0,1.0,34729225.0,34729225.0,,7.902,4430861000.0,0.0,4174000.0,0.0,127.583,
18,SIVB,MRY,2002-12-31,2002-12-31,2002-12-31,2021-08-06,14372000.0,4183181000.0,3966506250.0,,,0.065,13.783,-4131000.0,239927000.0,239927000.0,0.0,54500000.0,,5.946,26524000.0,,,26524000.0,0.0,7964000.0,3436127000.0,0.0,0.0,82261000.0,90225000.0,0.35,90225000.0,82261000.0,82261000.0,1.24,1.21,1.24,590350000.0,628063000.0,590350000.0,629513523.0,8.0,6.977,98394000.0,2.297,1.0,257820000.0,1.0,100549000.0,0.0,3869229000.0,3668490250.0,0.0,3753936000.0,,,3510201000.0,,,781658523.0,-110392000.0,-4169000.0,-99625000.0,-42000000.0,0.0,-63702000.0,-149215000.0,-140915000.0,102525000.0,0.0,54500000.0,54500000.0,54500000.0,0.0,0.0,0.211,177063000.0,80757000.0,0.0,0.0,1.324,14.342,14.718,17886000.0,0.0,18.25,3.032,3.032,0.0,476610000.0,257820000.0,257820000.0,0.0,0.014,0.087,0.022,0.319,4910000.0,170942000.0,1.0,42830604.0,42830604.0,,6.02,4082632000.0,0.0,27761000.0,0.0,95.32,
19,SIVB,MRY,2001-12-31,2001-12-31,2001-12-31,2021-08-06,9675000.0,4172077000.0,4396369500.0,,,0.072,13.58,-8753000.0,228318000.0,228318000.0,0.0,88154000.0,,5.542,66888000.0,,,66888000.0,0.0,5717000.0,3380977000.0,0.0,0.0,141152000.0,146869000.0,0.463,146869000.0,141152000.0,141152000.0,1.85,1.79,1.85,627515000.0,651653750.0,627515000.0,903361722.0,6.0,6.151,103803000.0,2.246,1.0,317094000.0,1.0,96380000.0,0.0,3914267000.0,4063313750.0,0.0,3740039000.0,,,3477646000.0,,,1235140722.0,-1281834000.0,-30000000.0,-86488000.0,0.0,0.0,-1562617000.0,168227000.0,206980000.0,112556000.0,0.0,88154000.0,88154000.0,88154000.0,0.0,0.0,0.278,177432000.0,139662000.0,0.0,0.0,1.968,14.011,14.449,21719000.0,0.0,26.73,3.895,3.895,0.0,423252000.0,317094000.0,317094000.0,0.0,0.02,0.135,0.035,0.445,0.0,165956000.0,1.0,46208033.0,46208033.0,,6.862,4075697000.0,0.0,52998000.0,0.0,88.203,
20,SIVB,MRY,2000-12-31,2000-12-31,2000-12-31,2021-08-06,2600000.0,5626775000.0,5397164000.0,,,0.086,12.563,-11767000.0,332632000.0,332632000.0,0.0,159068000.0,,8.05,0.0,,,0.0,0.0,4016000.0,4862259000.0,0.0,0.0,266975000.0,270991000.0,0.583,270991000.0,266975000.0,266975000.0,3.41,3.23,3.41,614121000.0,505649500.0,614121000.0,1363326707.0,5.0,5.031,89204000.0,1.825,1.0,464876000.0,1.0,0.0,0.0,5294143000.0,5066910000.0,0.0,5140073000.0,,,4943397000.0,,,1689420707.0,546264000.0,0.0,115574000.0,0.0,0.0,899556000.0,-454263000.0,-442496000.0,100971000.0,0.0,159068000.0,159068000.0,159068000.0,0.0,0.0,0.342,177750000.0,287126000.0,0.0,0.0,2.751,10.621,10.135,18493000.0,0.0,34.56,3.634,3.634,0.0,335098000.0,464876000.0,464876000.0,0.0,0.029,0.315,0.053,0.574,0.0,169527000.0,1.0,48883701.0,48883701.0,,9.51,5626775000.0,0.0,107907000.0,0.0,115.105,
21,SIVB,MRY,1999-12-31,1999-12-31,1999-12-31,2021-08-06,41662000.0,4596398000.0,4084537000.0,,,0.052,8.83,-2654000.0,278061000.0,278061000.0,268000.0,52198000.0,,11.357,0.0,,,0.0,0.0,3266000.0,4109405000.0,0.0,0.0,86228000.0,89494000.0,0.422,89494000.0,86228000.0,86228000.0,1.27,1.23,1.27,368850000.0,265646500.0,368850000.0,848248617.0,10.0,9.478,75368000.0,1.804,1.0,211619000.0,0.999,0.0,0.0,4318337000.0,3921554500.0,0.0,4196654000.0,,,4189011000.0,,,1033825617.0,653899000.0,0.0,58934000.0,0.0,0.0,898586000.0,-322709000.0,-320455000.0,78022000.0,0.0,52198000.0,52198000.0,52198000.0,0.0,0.0,0.246,119989000.0,91630000.0,0.0,0.0,2.803,19.806,19.488,10742000.0,0.0,24.75,4.879,4.879,0.0,176030000.0,211887000.0,211887000.0,0.0,0.013,0.196,0.022,0.407,0.0,111784000.0,1.0,41770732.0,41770732.0,,5.073,4596398000.0,0.0,34030000.0,0.0,110.039,
22,SIVB,MRY,1998-12-31,1998-12-31,1998-12-31,2021-08-06,2072000.0,3545452000.0,3171405000.0,,,0.042,5.229,-8909000.0,123001000.0,123001000.0,-1214000.0,28856000.0,,15.246,0.0,,,0.0,0.0,1837000.0,3269753000.0,0.0,0.0,48973000.0,50810000.0,0.383,50810000.0,48973000.0,48973000.0,0.71,0.69,0.71,215865000.0,202980500.0,215865000.0,282041037.0,6.0,5.551,52506000.0,1.272,1.0,133832000.0,1.009,0.0,0.0,3422451000.0,3064603000.0,0.0,3362625000.0,,,3291102000.0,,,351522037.0,95371000.0,0.0,5706000.0,0.0,0.0,881538000.0,-847582000.0,-839996000.0,61415000.0,0.0,28856000.0,28856000.0,28856000.0,0.0,0.0,0.218,82637000.0,51195000.0,0.0,0.0,1.628,12.182,11.993,11354000.0,0.0,8.515,2.651,2.651,0.0,123855000.0,132618000.0,132618000.0,0.0,0.009,0.142,0.016,0.369,0.0,78382000.0,1.0,41282682.0,41282682.0,,3.212,3545452000.0,0.0,20117000.0,0.0,85.882,
23,SIVB,MRY,1997-12-31,1997-12-31,1997-12-31,2021-08-06,2419000.0,2625123000.0,2274833500.0,,,0.05,4.306,-1691000.0,105059000.0,105059000.0,76000.0,27678000.0,,14.045,0.0,,,0.0,0.0,1334000.0,2432407000.0,0.0,0.0,47721000.0,49055000.0,0.43,49055000.0,47721000.0,47721000.0,0.715,0.68,0.715,174481000.0,154940500.0,174481000.0,,,,31692000.0,0.782,1.0,113946000.0,0.999,0.0,0.0,2520064000.0,2160886000.0,0.0,2472622000.0,,,2450642000.0,,,569753831.0,-6345000.0,0.0,4823000.0,0.0,0.0,662926000.0,-702654000.0,-702267000.0,33383000.0,0.0,27678000.0,27678000.0,27678000.0,0.0,0.0,0.243,66225000.0,47721000.0,0.0,0.0,3.265,20.585,19.668,4460000.0,0.0,14.062,4.997,4.997,0.0,94999000.0,114022000.0,114022000.0,0.0,0.012,0.179,0.022,0.419,0.0,62830000.0,1.0,40515828.0,40515828.0,,2.814,2625123000.0,0.0,20043000.0,0.0,64.793,
24,SIVB,MRY,1996-12-31,1996-12-31,1996-12-31,2021-08-06,2456000.0,1924544000.0,,,,,,-641000.0,122836000.0,122836000.0,398000.0,21466000.0,,13.214,0.0,,,0.0,0.0,1183000.0,1774304000.0,0.0,0.0,35776000.0,36959000.0,0.418,36959000.0,35776000.0,35776000.0,0.585,0.555,0.585,135400000.0,,135400000.0,,,,27416000.0,,1.0,88060000.0,0.996,0.0,0.0,1801708000.0,,0.0,1766155000.0,,,1789144000.0,,,,90852000.0,0.0,2479000.0,0.0,0.0,486723000.0,-423928000.0,-426160000.0,28057000.0,0.0,21466000.0,21466000.0,21466000.0,0.0,0.0,0.243,52284000.0,35776000.0,0.0,0.0,,,13.782,4155000.0,0.0,8.062,,,0.0,67321000.0,88458000.0,88458000.0,0.0,,,,0.404,0.0,49564000.0,1.0,,,,,1924544000.0,0.0,14310000.0,0.0,,
25,SIVB,MRY,1995-12-31,1995-12-31,1995-12-31,2021-08-06,,,,,,,,-5561000.0,,,-12000.0,18153000.0,,,,,,,,1944000.0,,0.0,0.0,29855000.0,31799000.0,0.409,31799000.0,29855000.0,29855000.0,0.52,0.495,0.52,,,,,,,22718000.0,,1.0,77792000.0,1.0,,0.0,,,,,,,,,,,52476000.0,0.0,2450000.0,0.0,0.0,217137000.0,-192940000.0,-190216000.0,28279000.0,0.0,18153000.0,18153000.0,18153000.0,0.0,0.0,0.233,47937000.0,29855000.0,,0.0,,,11.538,,0.0,6.0,,,,,77780000.0,77780000.0,0.0,,,,0.384,0.0,43964000.0,1.0,,,,,,,11702000.0,,,
0,SIVB,MRQ,2021-06-30,2021-06-30,2021-06-30,2021-08-06,142000000.0,163399000000.0,,,,,214.802,-27149000.0,23959000000.0,23959000000.0,0.0,628000000.0,,12.98,2145000000.0,,,2145000000.0,0.0,30051000.0,145838000000.0,0.0,0.0,688000000.0,718051000.0,0.494,718051000.0,688000000.0,688000000.0,9.23,9.09,9.23,11667000000.0,,11667000000.0,10631744350.0,4.0,3.976,453929000.0,8.357,1.0,1454000000.0,1.0,200000000.0,0.0,141385000000.0,,0.0,136169000000.0,,,151432000000.0,,,30222573350.0,2703904000.0,0.0,141169000.0,490764000.0,0.0,23253887000.0,-21031061000.0,-21003912000.0,481078000.0,0.0,515000000.0,502000000.0,502000000.0,0.0,113000000.0,0.345,653000000.0,801000000.0,0.0,0.0,2.59,16.212,15.692,421000000.0,13000000.0,556.43,5.792,5.792,0.0,6706000000.0,1454000000.0,1454000000.0,0.0,,,,,9197000.0,579000000.0,1.0,54315140.0,54315140.0,,26.77,163199000000.0,0.0,173000000.0,0.0,3004.669,
1,SIVB,MRQ,2021-03-31,2021-03-31,2021-03-31,2021-08-06,20960000.0,142346620000.0,,,,,190.47,-13851000.0,21254859000.0,21254859000.0,0.0,561764000.0,,13.363,1664030000.0,,,1664030000.0,0.0,30949000.0,124150106000.0,0.0,0.0,724129000.0,755078000.0,0.545,755078000.0,724129000.0,724129000.0,10.2,10.03,10.2,9894892000.0,,9894892000.0,9094559634.0,4.0,3.949,200071000.0,3.851,1.0,1385080000.0,1.0,202010000.0,0.0,122553781000.0,,0.0,116292267000.0,,,132225841000.0,,,25645587634.0,3580096000.0,0.0,973831000.0,512236000.0,0.0,24376113000.0,-21009939000.0,-20996088000.0,213922000.0,0.0,536814000.0,532220000.0,532220000.0,0.0,24950000.0,0.384,636001000.0,749079000.0,0.0,0.0,2.592,16.117,16.096,413370000.0,4594000.0,493.66,5.599,5.599,0.0,6203969000.0,1385080000.0,1385080000.0,0.0,,,,,15803000.0,581082000.0,1.0,51949900.0,51949900.0,,26.662,142144610000.0,0.0,187315000.0,0.0,2736.186,
2,SIVB,MRQ,2020-12-31,2020-12-31,2020-12-31,2021-08-06,623000000.0,115511000000.0,,,,,158.697,-21404000.0,17675000000.0,17675000000.0,0.0,438801000.0,,13.027,1124000000.0,,,1124000000.0,0.0,27233000.0,101982000000.0,0.0,0.0,541006000.0,568239000.0,0.454,568239000.0,541006000.0,541006000.0,7.5,7.41,7.5,8220000000.0,,8220000000.0,5509766503.0,3.0,3.136,370792000.0,7.159,1.0,1251696000.0,1.0,204000000.0,0.0,98756000000.0,,0.0,94040000000.0,,,107078000000.0,,,20088392503.0,1986987000.0,-26700000.0,13008000.0,1485000.0,0.0,17212141000.0,-15617350000.0,-15569246000.0,392196000.0,0.0,392910000.0,388316000.0,388316000.0,0.0,45891000.0,0.31,664799000.0,586897000.0,0.0,0.0,2.444,16.864,16.826,386000000.0,4594000.0,387.83,5.319,5.319,0.0,5672000000.0,1251696000.0,1251696000.0,0.0,,,,,20845000.0,583926000.0,1.0,51796902.0,51796902.0,,24.165,115307000000.0,0.0,148096000.0,0.0,2226.137,
3,SIVB,MRQ,2020-09-30,2020-09-30,2020-09-30,2021-08-06,620394000.0,96916771000.0,,,,,150.556,-14789000.0,15687776000.0,15687776000.0,0.0,474055000.0,,11.414,1109150000.0,,,1109150000.0,0.0,23957000.0,84773020000.0,0.0,0.0,608572000.0,632529000.0,0.561,632529000.0,608572000.0,608572000.0,8.53,8.47,8.53,7792935000.0,,7792935000.0,-613887858.0,0.0,-0.391,293024000.0,5.661,1.0,1127341000.0,1.0,183203000.0,0.0,82154942000.0,,0.0,78334843000.0,,,88949391000.0,,,12454717142.0,1485670000.0,0.0,4797000.0,-31856000.0,0.0,10233360000.0,-9055503000.0,-9040714000.0,307813000.0,0.0,446307000.0,441713000.0,441713000.0,0.0,27748000.0,0.392,491021000.0,636320000.0,0.0,0.0,1.598,11.686,11.664,393970000.0,4594000.0,240.62,3.712,3.712,0.0,5283433000.0,1127341000.0,1127341000.0,0.0,,,,,20140000.0,446535000.0,1.0,51760939.0,51760939.0,,21.78,96733568000.0,0.0,162265000.0,0.0,1868.853,
4,SIVB,MRQ,2020-06-30,2020-06-30,2020-06-30,2021-08-06,614735000.0,85730985000.0,,,,,142.087,-25912000.0,14202106000.0,14202106000.0,0.0,248000000.0,,10.693,1133501000.0,,,1133501000.0,0.0,25176000.0,74505764000.0,0.0,0.0,322000000.0,347176000.0,0.425,347176000.0,322000000.0,322000000.0,4.44,4.42,4.44,7319373000.0,,7319373000.0,5254706815.0,4.0,3.956,550963000.0,10.696,1.0,816000000.0,1.0,184549000.0,0.0,72477831000.0,,0.0,68718708000.0,,,78262672000.0,,,11102645815.0,4640335000.0,0.0,13604000.0,-2591732000.0,0.0,9997419000.0,-5933959000.0,-5908047000.0,576875000.0,0.0,234000000.0,229000000.0,229000000.0,0.0,14000000.0,0.281,480000000.0,336000000.0,0.0,0.0,1.517,12.455,12.466,384632000.0,5000000.0,215.53,3.693,3.693,0.0,4841720000.0,816000000.0,816000000.0,0.0,,,,,20404000.0,434000000.0,1.0,51513227.0,51513227.0,,15.841,85546436000.0,0.0,88000000.0,0.0,1660.669,
5,SIVB,MRQ,2020-03-31,2020-03-31,2020-03-31,2021-08-06,592534000.0,75009640000.0,,,,,136.272,-25088000.0,9561448000.0,9561448000.0,0.0,133649000.0,,9.642,3713509000.0,,,3713509000.0,0.0,24824000.0,61911957000.0,0.0,0.0,184979000.0,209803000.0,0.36,209803000.0,184979000.0,184979000.0,2.56,2.55,2.56,7034749000.0,,7034749000.0,1601659818.0,1.0,1.114,143037000.0,2.771,1.0,582591000.0,1.0,185895000.0,0.0,68975806000.0,,0.0,62842070000.0,,,67826419000.0,,,7799178818.0,2779665000.0,0.0,-60604000.0,3120732000.0,0.0,3210581000.0,-599041000.0,-573953000.0,168125000.0,0.0,135622000.0,132253000.0,132253000.0,0.0,-1973000.0,0.227,399585000.0,183006000.0,0.0,0.0,1.109,7.955,7.964,361172000.0,3369000.0,151.08,2.574,2.574,0.0,4612785000.0,582591000.0,582591000.0,0.0,,,,,16596000.0,353648000.0,1.0,51622841.0,51622841.0,,11.286,74823745000.0,0.0,49357000.0,0.0,1449.431,
6,SIVB,MRQ,2019-12-31,2019-12-31,2019-12-31,2021-08-06,84445000.0,71004903000.0,,,,,125.471,-31608000.0,6781783000.0,6781783000.0,0.0,274816000.0,,9.951,584264000.0,,,584264000.0,0.0,22309000.0,61757807000.0,0.0,0.0,356917000.0,379226000.0,0.457,379226000.0,356917000.0,356917000.0,5.1,5.06,5.1,6470307000.0,,6470307000.0,6908105230.0,4.0,4.199,422777000.0,8.198,1.0,829629000.0,1.0,187240000.0,0.0,64620144000.0,,0.0,61931406000.0,,,64383823000.0,,,12945633230.0,-164413000.0,0.0,12076000.0,-359863000.0,0.0,2188308000.0,-2807106000.0,-2775498000.0,454385000.0,0.0,262856000.0,262856000.0,262856000.0,0.0,11960000.0,0.317,460752000.0,368877000.0,0.0,0.0,2.001,11.387,11.463,359241000.0,0.0,251.04,4.031,4.031,0.0,4575601000.0,829629000.0,829629000.0,0.0,,,,,14608000.0,408066000.0,1.0,51568010.0,51568010.0,,16.088,70817663000.0,0.0,94061000.0,0.0,1373.287,
7,SIVB,MRQ,2019-09-30,2019-09-30,2019-09-30,2021-08-06,136153000.0,68231233000.0,,,,,114.297,-15239000.0,6946196000.0,6946196000.0,0.0,281718000.0,,10.556,908668000.0,,,908668000.0,0.0,19584000.0,59542874000.0,0.0,0.0,372356000.0,391940000.0,0.504,391940000.0,372356000.0,372356000.0,5.19,5.15,5.19,5890680000.0,,5890680000.0,2664603649.0,2.0,1.613,243934000.0,4.733,1.0,778117000.0,1.0,190111000.0,0.0,62003594000.0,,0.0,59183613000.0,,,62182764000.0,,,10768980649.0,-2074729000.0,0.0,-4347000.0,-5354000.0,0.0,3913853000.0,-6247755000.0,-6232516000.0,259173000.0,0.0,267281000.0,267281000.0,267281000.0,0.0,14437000.0,0.343,391324000.0,386793000.0,0.0,0.0,1.828,9.444,9.576,325245000.0,0.0,208.95,3.508,3.508,0.0,4312745000.0,778117000.0,778117000.0,0.0,,,,,18220000.0,352337000.0,1.0,51538553.0,51538553.0,,15.098,68041122000.0,0.0,105075000.0,0.0,1320.199,
8,SIVB,MRQ,2019-06-30,2019-06-30,2019-06-30,2021-08-06,81232000.0,63773739000.0,,,,,106.753,-13128000.0,9020925000.0,9020925000.0,0.0,336571000.0,,10.455,916548000.0,,,916548000.0,0.0,19994000.0,55610540000.0,0.0,0.0,437101000.0,457095000.0,0.545,457095000.0,437101000.0,437101000.0,6.12,6.08,6.12,5554043000.0,,5554043000.0,5534240602.0,4.0,3.365,96693000.0,1.859,1.0,839207000.0,1.0,192981000.0,0.0,55476381000.0,,0.0,52796517000.0,,,58067564000.0,,,11684786602.0,1954042000.0,-2291000.0,-219969000.0,9797000.0,0.0,3065669000.0,-1221448000.0,-1206029000.0,109821000.0,0.0,317987000.0,317987000.0,317987000.0,0.0,18584000.0,0.379,383522000.0,455685000.0,0.0,0.0,2.104,10.18,10.307,298235000.0,0.0,224.59,3.924,3.924,0.0,4051194000.0,839207000.0,839207000.0,0.0,,,,,12081000.0,341622000.0,1.0,52027190.0,52027190.0,,16.13,63580758000.0,0.0,119114000.0,0.0,1222.068,
9,SIVB,MRQ,2019-03-31,2019-03-31,2019-03-31,2021-08-06,-15374000.0,60160285000.0,,,,,101.514,-5504000.0,7066883000.0,7066883000.0,0.0,291612000.0,,10.234,916337000.0,,,916337000.0,0.0,20830000.0,52327197000.0,0.0,0.0,396167000.0,416997000.0,0.545,416997000.0,396167000.0,396167000.0,5.49,5.44,5.49,5342773000.0,,5342773000.0,9459337364.0,7.0,6.236,335246000.0,6.37,1.0,764711000.0,1.0,193219000.0,0.0,53816520000.0,,0.0,51335622000.0,,,54676462000.0,,,11702999364.0,3495344000.0,-100037000.0,-115453000.0,-616957000.0,0.0,2250167000.0,904427000.0,1009968000.0,340750000.0,0.0,288732000.0,288732000.0,288732000.0,0.0,2880000.0,0.378,365664000.0,399047000.0,0.0,0.0,2.19,10.962,11.035,303662000.0,0.0,222.36,4.227,4.227,0.0,3963965000.0,764711000.0,764711000.0,0.0,,,,,12318000.0,328149000.0,1.0,52630866.0,52630866.0,,14.53,59967066000.0,0.0,107435000.0,0.0,1139.39,
10,SIVB,MRQ,2018-12-31,2018-12-31,2018-12-31,2021-08-06,-54120000.0,56927979000.0,,,,,96.078,-17147000.0,3571539000.0,3571539000.0,0.0,274931000.0,,10.098,1327877000.0,,,1327877000.0,0.0,14517000.0,49328900000.0,0.0,0.0,371264000.0,385781000.0,0.561,385781000.0,371264000.0,371264000.0,5.02,4.96,5.02,5116209000.0,,5116209000.0,9621730192.0,7.0,6.956,212511000.0,3.991,1.0,687523000.0,1.0,0.0,0.0,54684317000.0,,0.0,52275966000.0,,,51663136000.0,,,10113402192.0,-247602000.0,0.0,-140421000.0,-1999840000.0,0.0,-1413181000.0,935921000.0,953068000.0,229658000.0,0.0,266264000.0,266264000.0,266264000.0,0.0,8667000.0,0.387,307592000.0,379931000.0,0.0,0.0,1.977,10.385,10.35,129213000.0,0.0,189.92,3.964,3.964,0.0,3791838000.0,687523000.0,687523000.0,0.0,,,,,11261000.0,277216000.0,1.0,53250854.0,53250854.0,,12.911,56927979000.0,0.0,105000000.0,0.0,1069.053,
11,SIVB,MRQ,2018-09-30,2018-09-30,2018-09-30,2021-08-06,-108410000.0,58139734000.0,,,,,92.539,-13867000.0,3819141000.0,3819141000.0,0.0,281365000.0,,10.777,3327469000.0,,,3327469000.0,0.0,14487000.0,48596111000.0,0.0,0.0,370125000.0,384612000.0,0.561,384612000.0,370125000.0,370125000.0,5.16,5.1,5.16,4924369000.0,,4924369000.0,14941542872.0,12.0,11.796,342657000.0,6.439,1.0,686118000.0,1.0,0.0,0.0,57648062000.0,,0.0,53092786000.0,,,53069689000.0,,,16540425872.0,1107040000.0,0.0,1943000.0,2214006000.0,0.0,1916705000.0,-1166189000.0,-1152322000.0,356524000.0,0.0,274817000.0,274817000.0,274817000.0,0.0,6548000.0,0.401,309445000.0,376673000.0,0.0,0.0,3.359,20.054,19.989,121890000.0,0.0,310.83,6.928,6.928,0.0,3672696000.0,686118000.0,686118000.0,0.0,,,,,8446000.0,278243000.0,1.0,53213737.0,53213737.0,,12.894,58139734000.0,0.0,95308000.0,0.0,1092.57,
12,SIVB,MRQ,2018-06-30,2018-06-30,2018-06-30,2021-08-06,-86865000.0,55867745000.0,,,,,87.924,-7134000.0,2712101000.0,2712101000.0,0.0,247026000.0,,10.963,1113218000.0,,,1113218000.0,0.0,14525000.0,48887295000.0,0.0,0.0,315085000.0,329610000.0,0.523,329610000.0,315085000.0,315085000.0,4.48,4.42,4.48,4657653000.0,,4657653000.0,14475235562.0,13.0,12.686,-8158000.0,-0.154,1.0,630052000.0,1.0,0.0,0.0,54268862000.0,,0.0,52053617000.0,,,51062904000.0,,,15296748562.0,92717000.0,0.0,7644000.0,-684894000.0,0.0,2267195000.0,-2173454000.0,-2166320000.0,-1024000.0,0.0,237798000.0,237798000.0,237798000.0,0.0,9228000.0,0.377,305739000.0,324313000.0,0.0,0.0,3.284,21.897,21.859,117603000.0,0.0,288.76,6.92,6.92,0.0,3397879000.0,630052000.0,630052000.0,0.0,,,,,-1000.0,273324000.0,1.0,52973918.0,52973918.0,,11.894,55867745000.0,0.0,77287000.0,0.0,1054.627,
13,SIVB,MRQ,2018-03-31,2018-03-31,2018-03-31,2021-08-06,-71686000.0,53500787000.0,,,,,83.509,-7717000.0,2619384000.0,2619384000.0,0.0,208026000.0,,11.084,1797871000.0,,,1797871000.0,0.0,14377000.0,45936532000.0,0.0,0.0,268927000.0,283304000.0,0.518,283304000.0,268927000.0,268927000.0,3.69,3.63,3.69,4415446000.0,,4415446000.0,11496480862.0,12.0,11.27,340687000.0,6.443,1.0,547409000.0,1.0,0.0,0.0,52679274000.0,,0.0,49767826000.0,,,48941063000.0,,,12690333862.0,-303691000.0,0.0,2098000.0,68410000.0,0.0,1744558000.0,-2396653000.0,-2388936000.0,348404000.0,0.0,194961000.0,194961000.0,194961000.0,0.0,13065000.0,0.356,265417000.0,281992000.0,0.0,0.0,2.874,21.731,21.681,127054000.0,0.0,240.01,6.234,6.234,0.0,3160081000.0,547409000.0,547409000.0,0.0,,,,,7980000.0,237883000.0,1.0,52874188.0,52874188.0,,10.353,53500787000.0,0.0,73966000.0,0.0,1011.851,
14,SIVB,MRQ,2017-12-31,2017-12-31,2017-12-31,2021-08-06,-1472000.0,51214467000.0,,,,,79.252,-15414000.0,2923075000.0,2923075000.0,0.0,124664000.0,,11.219,1729222000.0,,,1729222000.0,0.0,16858000.0,44254075000.0,0.0,0.0,252261000.0,269119000.0,0.514,269119000.0,252261000.0,252261000.0,2.22,2.19,2.22,4179795000.0,,4179795000.0,9528087218.0,11.0,10.562,110378000.0,2.093,1.0,523730000.0,1.0,0.0,0.0,50020614000.0,,0.0,47286464000.0,,,46895052000.0,,,12329200218.0,-632496000.0,0.0,10717000.0,977344000.0,0.0,424784000.0,-1183072000.0,-1167658000.0,125792000.0,0.0,117210000.0,117210000.0,117210000.0,0.0,7454000.0,0.224,264015000.0,259715000.0,0.0,0.0,2.95,25.136,25.056,128682000.0,0.0,233.77,6.54,6.54,0.0,2866837000.0,523730000.0,523730000.0,0.0,,,,,5546000.0,234619000.0,1.0,52740729.0,52740729.0,,9.93,51214467000.0,0.0,135051000.0,0.0,971.061,
15,SIVB,MRQ,2017-09-30,2017-09-30,2017-09-30,2021-08-06,15634000.0,50754287000.0,,,,,77.046,-13974000.0,3555571000.0,3555571000.0,0.0,154118000.0,,11.468,754458000.0,,,754458000.0,0.0,12997000.0,44812033000.0,0.0,0.0,245971000.0,258968000.0,0.509,258968000.0,245971000.0,245971000.0,2.82,2.79,2.82,4059813000.0,,4059813000.0,6754017369.0,9.0,8.453,110378000.0,2.095,1.0,509230000.0,1.0,0.0,0.0,47953174000.0,,0.0,46226129000.0,,,46556989000.0,,,9858362369.0,-298673000.0,3000000.0,2370000.0,4370000.0,0.0,2344869000.0,-2767894000.0,-2756920000.0,124352000.0,0.0,148620000.0,148620000.0,148620000.0,0.0,5498000.0,0.292,257761000.0,251469000.0,0.0,0.0,2.428,20.853,20.765,122826000.0,0.0,187.09,5.617,5.617,0.0,2749627000.0,509230000.0,509230000.0,0.0,,,,,7273000.0,228176000.0,1.0,52693155.0,52693155.0,,9.664,50754287000.0,0.0,97351000.0,0.0,963.205,
16,SIVB,MRQ,2017-06-30,2017-06-30,2017-06-30,2021-08-06,14890000.0,48400379000.0,,,,,74.282,-10897000.0,3854244000.0,3854244000.0,0.0,132516000.0,,11.376,749899000.0,,,749899000.0,0.0,13877000.0,42465291000.0,0.0,0.0,194849000.0,208726000.0,0.458,208726000.0,194849000.0,194849000.0,2.34,2.32,2.34,3899435000.0,,3899435000.0,6233084427.0,9.0,8.431,273887000.0,5.217,1.0,455418000.0,1.0,0.0,0.0,45296034000.0,,0.0,43380063000.0,,,44360344000.0,,,9228135427.0,58565000.0,0.0,5079000.0,-50928000.0,0.0,1331894000.0,-1558113000.0,-1547216000.0,284784000.0,0.0,123193000.0,123193000.0,123193000.0,0.0,9323000.0,0.271,251246000.0,204172000.0,0.0,0.0,2.367,21.203,21.129,121947000.0,0.0,175.79,5.562,5.562,0.0,2601007000.0,455418000.0,455418000.0,0.0,,,,,2927000.0,218371000.0,1.0,52495224.0,52495224.0,,8.675,48400379000.0,0.0,71656000.0,0.0,921.996,
17,SIVB,MRQ,2017-03-31,2017-03-31,2017-03-31,2021-08-06,17958000.0,46413339000.0,,,,,71.961,-10599000.0,3795679000.0,3795679000.0,0.0,107880000.0,,11.293,800628000.0,,,800628000.0,0.0,12391000.0,41079700000.0,0.0,0.0,152888000.0,165279000.0,0.416,165279000.0,152888000.0,152888000.0,1.94,1.91,1.94,3764331000.0,,3764331000.0,8497076618.0,13.0,12.124,101338000.0,1.937,1.0,396918000.0,1.0,0.0,0.0,43418288000.0,,0.0,41819573000.0,,,42509883000.0,,,9734454618.0,1249929000.0,0.0,8837000.0,-507505000.0,0.0,1599409000.0,-461417000.0,-450818000.0,111937000.0,0.0,101483000.0,101483000.0,101483000.0,0.0,6397000.0,0.256,237633000.0,159285000.0,0.0,0.0,2.586,24.036,23.95,122304000.0,0.0,186.09,6.227,6.227,0.0,2477814000.0,396918000.0,396918000.0,0.0,,,,,3140000.0,209299000.0,1.0,52310466.0,52310466.0,,7.588,46413339000.0,0.0,51405000.0,0.0,887.267,
18,SIVB,MRQ,2016-12-31,2016-12-31,2016-12-31,2021-08-06,23430000.0,44683660000.0,,,,,69.93,-16127000.0,2545750000.0,2545750000.0,0.0,103642000.0,,11.23,1308372000.0,,,1308372000.0,0.0,11705000.0,38979868000.0,0.0,0.0,154291000.0,165996000.0,0.422,165996000.0,154291000.0,154291000.0,1.91,1.89,1.91,3642554000.0,,3642554000.0,7218578215.0,11.0,10.618,182629000.0,3.506,1.0,393653000.0,1.0,0.0,0.0,43446282000.0,,0.0,41344539000.0,,,40906623000.0,,,8941505215.0,24431000.0,0.0,13158000.0,510247000.0,0.0,1316558000.0,-1490883000.0,-1474756000.0,198756000.0,0.0,99466000.0,99466000.0,99466000.0,0.0,4176000.0,0.253,235186000.0,158467000.0,0.0,0.0,2.455,23.365,23.292,120683000.0,0.0,171.66,5.959,5.959,0.0,2376331000.0,393653000.0,393653000.0,0.0,,,,,13152000.0,205586000.0,1.0,52088461.0,52088461.0,,7.557,44683660000.0,0.0,54825000.0,0.0,857.842,
19,SIVB,MRQ,2016-09-30,2016-09-30,2016-09-30,2021-08-06,96579000.0,43274037000.0,,,,,69.047,-13127000.0,2521319000.0,2521319000.0,0.0,115647000.0,,11.008,798392000.0,,,798392000.0,0.0,11346000.0,38189416000.0,0.0,0.0,187958000.0,199304000.0,0.482,199304000.0,187958000.0,187958000.0,2.13,2.12,2.13,3593051000.0,,3593051000.0,5197321998.0,8.0,7.797,117810000.0,2.264,1.0,413297000.0,1.0,0.0,0.0,41551110000.0,,0.0,39954524000.0,,,39550720000.0,,,5752230998.0,666862000.0,0.0,1809000.0,-500798000.0,0.0,91632000.0,444293000.0,457420000.0,130937000.0,0.0,111081000.0,111081000.0,111081000.0,0.0,4566000.0,0.269,220773000.0,192524000.0,0.0,0.0,1.601,15.516,15.46,115014000.0,0.0,110.54,3.937,3.937,0.0,2276865000.0,413297000.0,413297000.0,0.0,,,,,7917000.0,194331000.0,1.0,52037552.0,52037552.0,,7.942,43274037000.0,0.0,76877000.0,0.0,831.592,
20,SIVB,MRQ,2016-06-30,2016-06-30,2016-06-30,2021-08-06,129921000.0,43132654000.0,,,,,67.669,-10377000.0,1854457000.0,1854457000.0,0.0,94380000.0,,11.267,1299548000.0,,,1299548000.0,0.0,12232000.0,37596567000.0,0.0,0.0,158011000.0,170243000.0,0.474,170243000.0,158011000.0,158011000.0,1.79,1.78,1.79,3505578000.0,,3505578000.0,3857832648.0,7.0,6.275,75629000.0,1.46,1.0,359366000.0,1.0,0.0,0.0,42577745000.0,,0.0,40512169000.0,,,39498861000.0,,,4929774648.0,-14055000.0,0.0,7102000.0,503219000.0,0.0,-654134000.0,554073000.0,564450000.0,86006000.0,0.0,92964000.0,92964000.0,92964000.0,0.0,1416000.0,0.259,199939000.0,159427000.0,0.0,0.0,1.406,14.441,14.396,110485000.0,0.0,95.16,3.579,3.579,0.0,2165784000.0,359366000.0,359366000.0,0.0,,,,,7548000.0,176368000.0,1.0,51805114.0,51805114.0,,6.937,43132654000.0,0.0,65047000.0,0.0,832.595,
21,SIVB,MRQ,2016-03-31,2016-03-31,2016-03-31,2021-08-06,115390000.0,43573902000.0,,,,,65.506,-13680000.0,1868512000.0,1868512000.0,0.0,76597000.0,,11.849,796570000.0,,,796570000.0,0.0,11536000.0,38759721000.0,0.0,0.0,132758000.0,144294000.0,0.432,144294000.0,132758000.0,132758000.0,1.53,1.52,1.53,3381044000.0,,3381044000.0,5335541658.0,10.0,8.96,42381000.0,0.821,1.0,334080000.0,1.0,0.0,0.0,42501960000.0,,0.0,41048712000.0,,,40062862000.0,,,5267196658.0,365255000.0,0.0,4078000.0,-774900000.0,0.0,-1164884000.0,1474078000.0,1487758000.0,56061000.0,0.0,79174000.0,79174000.0,79174000.0,0.0,-2577000.0,0.237,203899000.0,130181000.0,0.0,0.0,1.558,15.744,15.7,108570000.0,0.0,102.05,3.868,3.868,0.0,2072820000.0,334080000.0,334080000.0,0.0,,,,,6877000.0,178527000.0,1.0,51613882.0,51613882.0,,6.473,43573902000.0,0.0,53584000.0,0.0,844.228,
22,SIVB,MRQ,2015-12-31,2015-12-31,2015-12-31,2021-08-06,15404000.0,44686703000.0,,,,,62.108,-16453000.0,1503257000.0,1503257000.0,0.0,90009000.0,,12.931,1571602000.0,,,1571602000.0,0.0,11504000.0,39142776000.0,0.0,0.0,141209000.0,152713000.0,0.431,152713000.0,141209000.0,141209000.0,1.7,1.68,1.7,3198134000.0,,3198134000.0,5249364788.0,9.0,8.568,68537000.0,1.331,1.0,354260000.0,1.0,0.0,0.0,44755048000.0,,0.0,42371114000.0,,,41353472000.0,,,6122542788.0,-170888000.0,0.0,4186000.0,771144000.0,0.0,2867749000.0,-3123627000.0,-3107174000.0,84990000.0,0.0,87512000.0,87512000.0,87512000.0,0.0,2497000.0,0.247,210554000.0,143706000.0,0.0,0.0,1.914,17.803,17.746,102625000.0,0.0,118.9,4.425,4.425,0.0,1993646000.0,354260000.0,354260000.0,0.0,,,,,8065000.0,184227000.0,1.0,51493211.0,51493211.0,,6.88,44686703000.0,0.0,53697000.0,0.0,867.817,
23,SIVB,MRQ,2015-09-30,2015-09-30,2015-09-30,2021-08-06,97064000.0,41730982000.0,,,,,61.678,-12926000.0,1674145000.0,1674145000.0,0.0,87962000.0,,12.1,800967000.0,,,800967000.0,0.0,8751000.0,37049417000.0,0.0,0.0,138750000.0,147501000.0,0.447,147501000.0,138750000.0,138750000.0,1.59,1.57,1.59,3174899000.0,,3174899000.0,4126938987.0,8.0,7.189,30402000.0,0.591,1.0,329734000.0,1.0,0.0,0.0,40857804000.0,,0.0,39381815000.0,,,38416754000.0,,,5947497987.0,-951405000.0,0.0,1133000.0,1219000.0,0.0,1420190000.0,-2414923000.0,-2401997000.0,43328000.0,0.0,81733000.0,81733000.0,81733000.0,0.0,6229000.0,0.248,184755000.0,144979000.0,0.0,0.0,1.873,18.918,18.818,94652000.0,0.0,115.54,4.275,4.275,0.0,1906135000.0,329734000.0,329734000.0,0.0,,,,,8188000.0,159414000.0,1.0,51475662.0,51475662.0,,6.406,41730982000.0,0.0,57017000.0,0.0,810.693,
24,SIVB,MRQ,2015-06-30,2015-06-30,2015-06-30,2021-08-06,63917000.0,40236118000.0,,,,,59.545,-12501000.0,2625550000.0,2625550000.0,0.0,94459000.0,,12.142,804991000.0,,,804991000.0,0.0,9861000.0,35626965000.0,0.0,0.0,141117000.0,150978000.0,0.439,150978000.0,141117000.0,141117000.0,1.68,1.66,1.68,3051102000.0,,3051102000.0,6950230318.0,14.0,12.85,145172000.0,2.833,1.0,343545000.0,1.0,0.0,0.0,38415559000.0,,0.0,36945942000.0,,,37046646000.0,,,7377550318.0,1361704000.0,39284000.0,6984000.0,-75229000.0,0.0,1623007000.0,-418976000.0,-445759000.0,157673000.0,0.0,86143000.0,86143000.0,86143000.0,0.0,8316000.0,0.251,194112000.0,149433000.0,0.0,0.0,2.418,24.872,24.781,88284000.0,0.0,143.98,5.483,5.483,0.0,1824626000.0,343545000.0,343545000.0,0.0,,,,,8215000.0,173565000.0,1.0,51240105.0,51240105.0,,6.705,40236118000.0,0.0,54974000.0,0.0,785.247,
25,SIVB,MRQ,2015-03-31,2015-03-31,2015-03-31,2021-08-06,92668000.0,39695990000.0,,,,,58.31,-12038000.0,1308003000.0,1308003000.0,0.0,102390000.0,,11.919,880683000.0,,,880683000.0,0.0,9892000.0,33851575000.0,0.0,0.0,151582000.0,161474000.0,0.454,161474000.0,151582000.0,151582000.0,1.74,1.71,1.74,2971637000.0,,2971637000.0,5139468363.0,12.0,10.571,41168000.0,0.808,1.0,355997000.0,1.0,0.0,0.0,39268670000.0,,0.0,37542292000.0,,,35418759000.0,,,6474306363.0,-547168000.0,15995000.0,10107000.0,416416000.0,0.0,-62164000.0,-538210000.0,-542167000.0,53206000.0,0.0,88516000.0,88516000.0,88516000.0,0.0,13874000.0,0.249,190541000.0,165456000.0,0.0,0.0,2.179,24.764,24.478,82724000.0,0.0,127.04,5.31,5.31,0.0,1738483000.0,355997000.0,355997000.0,0.0,,,,,7771000.0,165599000.0,1.0,50962739.0,50962739.0,,6.985,39695990000.0,0.0,63066000.0,0.0,778.922,
26,SIVB,MRQ,2014-12-31,2014-12-31,2014-12-31,2021-08-06,42704000.0,39337869000.0,,,,,55.322,-13099000.0,1796062000.0,1796062000.0,0.0,129795000.0,,12.544,459143000.0,,,459143000.0,0.0,10072000.0,34343499000.0,0.0,0.0,104067000.0,114139000.0,0.315,114139000.0,104067000.0,104067000.0,1.13,1.13,1.13,2813072000.0,,2813072000.0,4489932697.0,10.0,9.225,5795000.0,0.114,1.0,361939000.0,1.0,0.0,0.0,38000950000.0,,0.0,36908754000.0,,,35286135000.0,,,5902075697.0,-61523000.0,0.0,4378000.0,1151000.0,0.0,3176320000.0,-3256737000.0,-3243638000.0,18894000.0,0.0,57990000.0,57990000.0,57990000.0,0.0,71805000.0,0.16,186067000.0,175872000.0,0.0,0.0,2.098,22.367,21.534,79845000.0,0.0,116.07,4.31,4.31,0.0,1649967000.0,361939000.0,361939000.0,0.0,,,,,7260000.0,164830000.0,1.0,50849278.0,50849278.0,,7.118,39337869000.0,0.0,46077000.0,0.0,773.617,
27,SIVB,MRQ,2014-09-30,2014-09-30,2014-09-30,2021-08-06,18744000.0,36041007000.0,,,,,53.654,-10588000.0,1872537000.0,1872537000.0,0.0,64154000.0,,11.793,460394000.0,,,460394000.0,0.0,10092000.0,31123135000.0,0.0,0.0,104184000.0,114276000.0,0.402,114276000.0,104184000.0,104184000.0,1.26,1.24,1.26,2721957000.0,,2721957000.0,3496099847.0,8.0,7.241,7697000.0,0.152,1.0,284122000.0,1.0,0.0,0.0,34628864000.0,,0.0,33587131000.0,,,32100991000.0,,,5686558847.0,-777294000.0,0.0,5750000.0,1720000.0,0.0,2735464000.0,-3531043000.0,-3520455000.0,18285000.0,0.0,63977000.0,63977000.0,63977000.0,0.0,177000.0,0.225,179761000.0,104361000.0,0.0,0.0,2.089,21.597,20.196,74375000.0,0.0,112.09,4.049,4.049,0.0,1595825000.0,284122000.0,284122000.0,0.0,,,,,7520000.0,156103000.0,1.0,50732080.0,50732080.0,,5.6,36041007000.0,0.0,40207000.0,0.0,710.418,
28,SIVB,MRQ,2014-06-30,2014-06-30,2014-06-30,2021-08-06,50276000.0,33309016000.0,,,,,58.124,-12770000.0,2649831000.0,2649831000.0,0.0,10356000.0,,10.977,459372000.0,,,459372000.0,0.0,9416000.0,28352547000.0,0.0,0.0,86881000.0,96297000.0,0.443,96297000.0,86881000.0,86881000.0,1.06,1.04,1.06,2675739000.0,,2675739000.0,1965699274.0,4.0,3.989,155329000.0,3.374,1.0,217228000.0,1.0,0.0,0.0,31118557000.0,,0.0,30121928000.0,,,29370992000.0,,,5368583274.0,-1212633000.0,0.0,438740000.0,100000.0,0.0,3348551000.0,-4729283000.0,-4716513000.0,168099000.0,0.0,50953000.0,50953000.0,50953000.0,0.0,-40597000.0,0.235,170944000.0,46284000.0,0.0,0.0,2.006,20.111,20.211,71465000.0,0.0,116.62,3.476,3.476,0.0,1532830000.0,217228000.0,217228000.0,0.0,,,,,7687000.0,149915000.0,1.0,46034842.0,46034842.0,,4.719,33309016000.0,0.0,35928000.0,0.0,723.561,
29,SIVB,MRQ,2014-03-31,2014-03-31,2014-03-31,2021-08-06,-30390000.0,29711039000.0,,,,,45.662,-5974000.0,3862464000.0,3862464000.0,0.0,274355000.0,,12.581,459580000.0,,,459580000.0,0.0,9765000.0,25476905000.0,0.0,0.0,152246000.0,162011000.0,0.32,162011000.0,152246000.0,152246000.0,1.98,1.95,1.98,2094000000.0,,2094000000.0,4827264003.0,11.0,9.977,44016000.0,0.96,1.0,506059000.0,1.0,0.0,0.0,26308155000.0,,0.0,25323921000.0,,,26344058000.0,,,5905747003.0,2323685000.0,0.0,8144000.0,-270000.0,0.0,2990314000.0,-716619000.0,-710645000.0,49990000.0,0.0,90950000.0,90950000.0,90950000.0,0.0,183405000.0,0.18,170408000.0,335651000.0,0.0,0.0,2.82,22.322,22.242,66123000.0,0.0,128.78,3.745,3.745,0.0,1482033000.0,506059000.0,506059000.0,0.0,,,,,7078000.0,152792000.0,1.0,45859194.0,45859194.0,,11.035,29711039000.0,0.0,61296000.0,0.0,647.875,
30,SIVB,MRQ,2013-12-31,2013-12-31,2013-12-31,2021-08-06,-48764000.0,26417189000.0,,,,,43.057,-9167000.0,1538779000.0,1538779000.0,0.0,191570000.0,,11.869,460296000.0,,,460296000.0,0.0,9786000.0,22472979000.0,0.0,0.0,100478000.0,110264000.0,0.278,110264000.0,100478000.0,100478000.0,1.25,1.24,1.25,1966270000.0,,1966270000.0,3307167303.0,9.0,8.318,64569000.0,1.414,1.0,397041000.0,1.0,0.0,0.0,25338706000.0,,0.0,24345815000.0,,,23337861000.0,,,4788587303.0,-403965000.0,0.0,8161000.0,-500000.0,0.0,2486166000.0,-2963867000.0,-2954700000.0,73736000.0,0.0,57421000.0,57421000.0,57421000.0,0.0,134149000.0,0.145,162414000.0,234627000.0,0.0,0.0,2.435,22.323,22.169,67485000.0,0.0,104.86,3.664,3.664,0.0,1390732000.0,397041000.0,397041000.0,0.0,,,,,7821000.0,148920000.0,1.0,45666482.0,45666482.0,,8.694,26417189000.0,0.0,43057000.0,0.0,578.481,
31,SIVB,MRQ,2013-09-30,2013-09-30,2013-09-30,2021-08-06,5443000.0,23740864000.0,,,,,42.698,-7291000.0,1942744000.0,1942744000.0,0.0,216180000.0,,10.703,461324000.0,,,461324000.0,0.0,9193000.0,19996991000.0,0.0,0.0,115025000.0,124218000.0,0.293,124218000.0,115025000.0,115025000.0,1.48,1.46,1.48,1944927000.0,,1944927000.0,3522346044.0,10.0,9.449,58379000.0,1.282,1.0,424108000.0,1.0,0.0,0.0,22259444000.0,,0.0,21335303000.0,,,20817220000.0,,,3934259044.0,1069493000.0,0.0,6122000.0,180000.0,0.0,1320878000.0,-317055000.0,-309764000.0,65670000.0,0.0,67621000.0,67621000.0,67621000.0,0.0,148559000.0,0.159,160524000.0,263584000.0,0.0,0.0,2.023,18.959,18.735,65385000.0,0.0,86.37,3.328,3.328,0.0,1331975000.0,424108000.0,424108000.0,0.0,,,,,6716000.0,141282000.0,1.0,45551222.0,45551222.0,,9.311,23740864000.0,0.0,47404000.0,0.0,521.19,
32,SIVB,MRQ,2013-06-30,2013-06-30,2013-06-30,2021-08-06,-9771000.0,22153901000.0,,,,,40.994,-6940000.0,873251000.0,873251000.0,0.0,76488000.0,,10.542,461338000.0,,,461338000.0,0.0,8802000.0,18690074000.0,0.0,0.0,78552000.0,87354000.0,0.35,87354000.0,78552000.0,78552000.0,1.08,1.06,1.08,1847956000.0,,1847956000.0,2701402611.0,9.0,8.227,26476000.0,0.587,1.0,249748000.0,1.0,0.0,0.0,21741988000.0,,0.0,20801367000.0,,,19481806000.0,,,3755997611.0,-645998000.0,0.0,14225000.0,-2060000.0,0.0,-589022000.0,-90392000.0,-83452000.0,33416000.0,0.0,48584000.0,48584000.0,48584000.0,0.0,27904000.0,0.195,143292000.0,106456000.0,0.0,0.0,2.033,20.616,20.422,65644000.0,0.0,83.32,3.853,3.853,0.0,1264354000.0,249748000.0,249748000.0,0.0,,,,,6297000.0,126355000.0,1.0,45079184.0,45079184.0,,5.54,22153901000.0,0.0,29968000.0,0.0,491.444,
33,SIVB,MRQ,2013-03-31,2013-03-31,2013-03-31,2021-08-06,95615000.0,22796000000.0,,,,,42.052,-6606000.0,1519249000.0,1519249000.0,0.0,60545000.0,,10.697,464654000.0,,,464654000.0,0.0,8479000.0,19309908000.0,0.0,0.0,67292000.0,75771000.0,0.321,75771000.0,67292000.0,67292000.0,0.91,0.9,0.91,1882219000.0,,1882219000.0,2790089339.0,9.0,8.525,-7650000.0,-0.171,1.0,235960000.0,1.0,0.0,0.0,21741405000.0,,0.0,20856636000.0,,,20133942000.0,,,3175200339.0,510266000.0,0.0,18061000.0,-158650000.0,0.0,-21016000.0,532326000.0,538932000.0,-1044000.0,0.0,40891000.0,40891000.0,40891000.0,0.0,19654000.0,0.173,149014000.0,86946000.0,0.0,0.0,1.687,17.523,17.387,65713000.0,0.0,70.94,3.345,3.345,0.0,1215770000.0,235960000.0,235960000.0,0.0,,,,,4579000.0,130628000.0,1.0,44758956.0,44758956.0,,5.272,22796000000.0,0.0,26401000.0,0.0,509.306,
34,SIVB,MRQ,2012-12-31,2012-12-31,2012-12-31,2021-08-06,108553000.0,22766123000.0,,,,,41.12,-771000.0,1008983000.0,1008983000.0,0.0,99662000.0,,11.014,623872000.0,,,623872000.0,0.0,5471000.0,19176452000.0,0.0,0.0,79947000.0,85418000.0,0.314,85418000.0,79947000.0,79947000.0,1.14,1.12,1.14,1830555000.0,,1830555000.0,2551427934.0,9.0,8.062,67731000.0,1.521,1.0,272237000.0,1.0,0.0,0.0,22381012000.0,,0.0,21363724000.0,,,20160890000.0,,,2491623934.0,102303000.0,0.0,1932000.0,-342060000.0,0.0,1106873000.0,-1073072000.0,-1072301000.0,68502000.0,0.0,50421000.0,50421000.0,50421000.0,0.0,49241000.0,0.185,143049000.0,129188000.0,0.0,0.0,1.361,14.229,14.134,66545000.0,0.0,55.97,2.741,2.741,0.0,1174878000.0,272237000.0,272237000.0,0.0,,,,,6211000.0,128517000.0,1.0,44517133.0,44517133.0,,6.115,22766123000.0,0.0,29526000.0,0.0,511.401,
35,SIVB,MRQ,2012-09-30,2012-09-30,2012-09-30,2021-08-06,122010000.0,21576934000.0,,,,,40.192,-13473000.0,906680000.0,906680000.0,0.0,53140000.0,,10.657,966484000.0,,,966484000.0,0.0,9057000.0,17725066000.0,0.0,0.0,70759000.0,79816000.0,0.368,79816000.0,70759000.0,70759000.0,0.95,0.94,0.95,1784924000.0,,1784924000.0,1737430050.0,6.0,5.783,120235000.0,2.707,1.0,216781000.0,1.0,0.0,0.0,21636738000.0,,0.0,20302390000.0,,,19021588000.0,,,2685043050.0,-505045000.0,0.0,3047000.0,502290000.0,0.0,193084000.0,-831837000.0,-818364000.0,133708000.0,0.0,42289000.0,42289000.0,42289000.0,0.0,10851000.0,0.195,135171000.0,81610000.0,0.0,0.0,1.504,16.755,16.61,68270000.0,0.0,60.46,3.19,3.19,0.0,1124415000.0,216781000.0,216781000.0,0.0,,,,,5719000.0,120772000.0,1.0,44410239.0,44410239.0,,4.881,21576934000.0,0.0,28470000.0,0.0,485.855,
36,SIVB,MRQ,2012-06-30,2012-06-30,2012-06-30,2021-08-06,104077000.0,21289772000.0,,,,,38.796,-11962000.0,1411725000.0,1411725000.0,0.0,57078000.0,,10.986,464112000.0,,,464112000.0,0.0,7140000.0,18068812000.0,0.0,0.0,79120000.0,86260000.0,0.384,86260000.0,79120000.0,79120000.0,1.08,1.06,1.08,1715360000.0,,1715360000.0,3196915706.0,12.0,10.982,-7192000.0,-0.163,1.0,224361000.0,1.0,0.0,0.0,20342159000.0,,0.0,19444849000.0,,,18845447000.0,,,2596324706.0,561101000.0,0.0,6403000.0,-986151000.0,0.0,389610000.0,166721000.0,175813000.0,4770000.0,0.0,47603000.0,47603000.0,47603000.0,0.0,9475000.0,0.212,135766000.0,88595000.0,0.0,0.0,1.514,16.693,16.494,64773000.0,0.0,58.72,3.036,3.036,0.0,1082126000.0,224361000.0,224361000.0,0.0,,,,,6181000.0,118855000.0,1.0,44215339.0,44215339.0,,5.074,21289772000.0,0.0,31517000.0,0.0,481.502,
37,SIVB,MRQ,2012-03-31,2012-03-31,2012-03-31,2021-08-06,89309000.0,20818337000.0,,,,,37.572,-8054000.0,850624000.0,850624000.0,0.0,39933000.0,,11.269,1451215000.0,,,1451215000.0,0.0,6454000.0,16716882000.0,0.0,0.0,58546000.0,65000000.0,0.332,65000000.0,58546000.0,58546000.0,0.79,0.78,0.79,1639490000.0,,1639490000.0,2296243393.0,8.0,7.149,-18926000.0,-0.434,1.0,195701000.0,1.0,0.0,0.0,21418928000.0,,0.0,19569849000.0,,,18475634000.0,,,2807543393.0,-264324000.0,0.0,17900000.0,849380000.0,0.0,894728000.0,-1148180000.0,-1140126000.0,-10872000.0,0.0,34790000.0,34790000.0,34790000.0,0.0,5143000.0,0.178,132012000.0,63689000.0,0.0,0.0,1.712,16.165,16.045,59320000.0,0.0,64.34,3.173,3.173,0.0,1034523000.0,195701000.0,195701000.0,0.0,,,,,5939000.0,119277000.0,1.0,43636049.0,43636049.0,,4.485,20818337000.0,0.0,23756000.0,0.0,477.09,
38,SIVB,MRQ,2011-12-31,2011-12-31,2011-12-31,2021-08-06,85399000.0,19968894000.0,,,,,36.209,-9256000.0,1114948000.0,1114948000.0,0.0,43890000.0,,11.29,603648000.0,,,603648000.0,0.0,7491000.0,16709536000.0,0.0,0.0,61858000.0,69349000.0,0.338,69349000.0,61858000.0,61858000.0,0.82,0.82,0.82,1569392000.0,,1569392000.0,634600700.0,2.0,1.993,66948000.0,1.545,1.0,204884000.0,1.0,0.0,0.0,19457594000.0,,0.0,18420621000.0,,,17718505000.0,,,2067015700.0,-927024000.0,0.0,6602000.0,-4179000.0,0.0,589836000.0,-1593064000.0,-1583808000.0,76204000.0,0.0,35574000.0,35574000.0,35574000.0,0.0,8316000.0,0.174,134710000.0,70174000.0,0.0,0.0,1.317,12.024,11.922,56471000.0,0.0,47.69,2.29,2.29,0.0,999733000.0,204884000.0,204884000.0,0.0,,,,,4664000.0,119366000.0,1.0,43342749.0,43342749.0,,4.727,19968894000.0,0.0,26284000.0,0.0,460.721,
39,SIVB,MRQ,2011-09-30,2011-09-30,2011-09-30,2021-08-06,99453000.0,19195363000.0,,,,,35.541,-8757000.0,2041972000.0,2041972000.0,0.0,76076000.0,,11.069,609557000.0,,,609557000.0,0.0,6165000.0,16139222000.0,0.0,0.0,64341000.0,70506000.0,0.306,70506000.0,64341000.0,64341000.0,0.87,0.86,0.87,1536098000.0,,1536098000.0,-356472159.0,-1.0,-1.258,-90375000.0,-2.091,1.0,230297000.0,1.0,0.0,0.0,17762948000.0,,0.0,16834691000.0,,,17003035000.0,,,1599150841.0,-523247000.0,0.0,4141000.0,0.0,0.0,-95654000.0,-345975000.0,-337218000.0,-81618000.0,0.0,37571000.0,37571000.0,37571000.0,0.0,38505000.0,0.163,127451000.0,102846000.0,0.0,0.0,1.041,10.397,10.306,53458000.0,0.0,37.0,1.863,1.863,0.0,964159000.0,230297000.0,230297000.0,0.0,,,,,4647000.0,111204000.0,1.0,43220293.0,43220293.0,,5.328,19195363000.0,0.0,26770000.0,0.0,444.128,
40,SIVB,MRQ,2011-06-30,2011-06-30,2011-06-30,2021-08-06,47377000.0,19366735000.0,,,,,33.504,-7232000.0,2565219000.0,2565219000.0,0.0,89732000.0,,12.075,609596000.0,,,609596000.0,0.0,7315000.0,16278474000.0,0.0,0.0,109013000.0,116328000.0,0.458,116328000.0,109013000.0,109013000.0,1.53,1.5,1.53,1436893000.0,,1436893000.0,1450867964.0,6.0,5.146,158451000.0,3.695,1.0,254027000.0,1.0,0.0,0.0,17411112000.0,,0.0,16352590000.0,,,17350684000.0,,,2560779964.0,215159000.0,0.0,11696000.0,-381858000.0,0.0,389309000.0,-339833000.0,-332601000.0,165683000.0,0.0,65750000.0,65750000.0,65750000.0,0.0,23982000.0,0.259,121032000.0,132995000.0,0.0,0.0,1.782,16.625,16.494,49452000.0,0.0,59.71,3.162,3.162,0.0,926588000.0,254027000.0,254027000.0,0.0,,,,,5155000.0,110655000.0,1.0,42886953.0,42886953.0,,5.923,19366735000.0,0.0,43263000.0,0.0,451.576,
41,SIVB,MRQ,2011-03-31,2011-03-31,2011-03-31,2021-08-06,9240000.0,18618266000.0,,,,,30.966,-5611000.0,2350060000.0,2350060000.0,0.0,73095000.0,,12.768,1240148000.0,,,1240148000.0,0.0,6519000.0,15330319000.0,0.0,0.0,55777000.0,62296000.0,0.292,62296000.0,55777000.0,55777000.0,0.78,0.76,0.78,1313574000.0,,1313574000.0,585021967.0,3.0,2.838,512000.0,0.012,1.0,213300000.0,1.0,0.0,0.0,17508354000.0,,0.0,15868011000.0,,,16771235000.0,,,2414948967.0,-726372000.0,0.0,14434000.0,-1830000.0,0.0,1027589000.0,-1760084000.0,-1754473000.0,6123000.0,0.0,33007000.0,33007000.0,33007000.0,0.0,40088000.0,0.155,117435000.0,95865000.0,0.0,0.0,1.838,22.074,21.896,46161000.0,0.0,56.93,3.475,3.475,0.0,860838000.0,213300000.0,213300000.0,0.0,,,,,4553000.0,104834000.0,1.0,42419620.0,42419620.0,,5.028,18618266000.0,0.0,22770000.0,0.0,438.907,
42,SIVB,MRQ,2010-12-31,2010-12-31,2010-12-31,2021-08-06,24143000.0,17527761000.0,,,,,30.347,-6025000.0,3076432000.0,3076432000.0,0.0,33982000.0,,12.382,1246505000.0,,,1246505000.0,0.0,5670000.0,14336941000.0,0.0,0.0,28492000.0,34162000.0,0.212,34162000.0,28492000.0,28492000.0,0.41,0.41,0.41,1274350000.0,,1274350000.0,-265120867.0,-2.0,-1.476,12341000.0,0.294,1.0,160878000.0,1.0,0.0,0.0,15697834000.0,,0.0,14078597000.0,,,15779483000.0,,,2227703133.0,-701937000.0,-1300000.0,8809000.0,-24269000.0,0.0,1936642000.0,-2656945000.0,-2649620000.0,18366000.0,0.0,17487000.0,17487000.0,17487000.0,0.0,16495000.0,0.109,115891000.0,44987000.0,0.0,0.0,1.748,23.462,23.37,44545000.0,0.0,53.05,3.587,3.587,0.0,827831000.0,160878000.0,160878000.0,0.0,,,,,3974000.0,102355000.0,1.0,41992519.0,41992519.0,,3.831,17527761000.0,0.0,11005000.0,0.0,417.402,
43,SIVB,MRQ,2010-09-30,2010-09-30,2010-09-30,2021-08-06,47600000.0,15660069000.0,,,,,30.245,-7811000.0,3778369000.0,3778369000.0,0.0,52439000.0,,11.007,1285545000.0,,,1285545000.0,0.0,6366000.0,12414945000.0,0.0,0.0,62783000.0,69149000.0,0.381,69149000.0,62783000.0,62783000.0,0.9,0.89,0.9,1268611000.0,,1268611000.0,-1500724788.0,-9.0,-7.936,42059000.0,1.003,1.0,181606000.0,1.0,0.0,0.0,13167245000.0,,0.0,11444101000.0,,,13963773000.0,,,1775073212.0,-411974000.0,0.0,2006000.0,359294000.0,0.0,659435000.0,-1121279000.0,-1113468000.0,49870000.0,0.0,37787000.0,37787000.0,37787000.0,0.0,14652000.0,0.208,104171000.0,77435000.0,0.0,0.0,1.399,21.256,20.847,41917000.0,0.0,42.32,3.03,3.03,0.0,810379000.0,181606000.0,181606000.0,0.0,,,,,3632000.0,90620000.0,1.0,41944074.0,41944074.0,,4.33,15660069000.0,0.0,24996000.0,0.0,373.356,
44,SIVB,MRQ,2010-06-30,2010-06-30,2010-06-30,2021-08-06,59948000.0,14903986000.0,,,,,29.638,-6457000.0,4190343000.0,4190343000.0,0.0,21186000.0,,10.732,914545000.0,,,914545000.0,0.0,5589000.0,12140413000.0,0.0,0.0,34939000.0,40528000.0,0.291,40528000.0,34939000.0,34939000.0,0.51,0.5,0.51,1237103000.0,,1237103000.0,-2071136453.0,-15.0,-12.436,40682000.0,0.975,1.0,139185000.0,1.0,0.0,0.0,11628188000.0,,0.0,10332972000.0,,,13277031000.0,,,1720958547.0,-501360000.0,0.0,8139000.0,4840000.0,0.0,649067000.0,-1197566000.0,-1191109000.0,47139000.0,0.0,21120000.0,21120000.0,21120000.0,0.0,66000.0,0.152,104180000.0,35005000.0,0.0,0.0,1.391,25.946,23.56,38123000.0,0.0,41.23,3.264,3.264,0.0,772592000.0,139185000.0,139185000.0,0.0,,,,,2988000.0,87706000.0,1.0,41740445.0,41740445.0,,3.335,14903986000.0,0.0,13819000.0,0.0,357.063,
45,SIVB,MRQ,2010-03-31,2010-03-31,2010-03-31,2021-08-06,23456000.0,14125249000.0,,,,,28.376,-6763000.0,4691703000.0,4691703000.0,0.0,29210000.0,,10.717,899608000.0,,,899608000.0,0.0,5599000.0,11513294000.0,0.0,0.0,30139000.0,35738000.0,0.256,35738000.0,30139000.0,30139000.0,0.45,0.44,0.45,1173480000.0,,1173480000.0,-687849550.0,-6.0,-4.606,41090000.0,0.994,1.0,139368000.0,1.0,0.0,0.0,10333154000.0,,0.0,9076058000.0,,,12576089000.0,,,1929598450.0,1178850000.0,-360000.0,5065000.0,1140000.0,0.0,1207914000.0,-76917000.0,-69794000.0,47853000.0,0.0,18557000.0,18557000.0,18557000.0,0.0,10653000.0,0.133,98576000.0,40792000.0,0.0,0.0,1.644,36.406,31.527,34966000.0,0.0,46.66,3.965,3.965,0.0,751472000.0,139368000.0,139368000.0,0.0,,,,,2978000.0,86686000.0,1.0,41354446.0,41354446.0,,3.37,14125249000.0,0.0,11582000.0,0.0,341.565,
46,SIVB,MRQ,2009-12-31,2009-12-31,2009-12-31,2021-08-06,5905000.0,12841399000.0,,,,,33.977,-4418000.0,3512853000.0,3512853000.0,0.0,24082000.0,,10.074,895405000.0,,,895405000.0,0.0,9334000.0,10331937000.0,0.0,0.0,34346000.0,43680000.0,0.348,43680000.0,34346000.0,34346000.0,0.17,0.16,0.17,1128343000.0,,1128343000.0,-1759788058.0,-21.0,-16.272,-20256000.0,-0.61,1.0,125591000.0,1.0,0.0,0.0,10223951000.0,,0.0,8967363000.0,,,11367289000.0,,,1383476942.0,-597975000.0,0.0,293864000.0,-14836000.0,0.0,333310000.0,-915447000.0,-911029000.0,-15838000.0,0.0,20744000.0,6044000.0,6044000.0,0.0,3338000.0,0.048,87907000.0,37684000.0,0.0,0.0,1.226,61.016,62.179,31736000.0,14700000.0,41.66,3.55,3.55,0.0,732907000.0,125591000.0,125591000.0,0.0,,,,,2767000.0,74932000.0,1.0,33208760.0,33208760.0,,3.782,12841399000.0,0.0,13602000.0,0.0,386.687,
47,SIVB,MRQ,2009-09-30,2009-09-30,2009-09-30,2021-08-06,25513000.0,12538603000.0,,,,,32.176,-4734000.0,4062298000.0,4062298000.0,0.0,26409000.0,,10.442,919033000.0,,,919033000.0,0.0,5557000.0,10055632000.0,0.0,0.0,41042000.0,46599000.0,0.379,46599000.0,41042000.0,41042000.0,0.62,0.61,0.62,1067377000.0,,1067377000.0,-870199040.0,-17.0,-13.012,11465000.0,0.346,1.0,123095000.0,1.0,0.0,0.0,9395338000.0,,0.0,8108915000.0,,,11145831000.0,,,1435379960.0,401458000.0,0.0,1462000.0,-29442000.0,0.0,1047565000.0,-662306000.0,-657572000.0,16199000.0,0.0,24163000.0,20608000.0,20608000.0,0.0,2246000.0,0.167,79807000.0,43288000.0,0.0,0.0,1.345,89.504,92.064,30722000.0,3555000.0,43.27,4.553,4.553,0.0,726455000.0,123095000.0,123095000.0,0.0,,,,,3943000.0,70916000.0,1.0,33172636.0,33172636.0,,3.711,12538603000.0,0.0,16879000.0,0.0,377.98,
48,SIVB,MRQ,2009-06-30,2009-06-30,2009-06-30,2021-08-06,4470000.0,11465887000.0,,,,,30.906,-4336000.0,3246560000.0,3246560000.0,0.0,2377000.0,,9.949,940981000.0,,,940981000.0,0.0,4795000.0,8994583000.0,0.0,0.0,18512000.0,23307000.0,0.236,23307000.0,18512000.0,18512000.0,0.24,0.24,0.24,1019219000.0,,1019219000.0,-1443926873.0,-28.0,-20.742,69008000.0,2.093,1.0,98563000.0,1.0,0.0,0.0,9160308000.0,,0.0,7834970000.0,,,10140677000.0,,,897664127.0,62384000.0,0.0,2569000.0,-75490000.0,0.0,451079000.0,-462039000.0,-457703000.0,73344000.0,0.0,11338000.0,7793000.0,7793000.0,0.0,-8961000.0,0.079,89012000.0,9551000.0,0.0,0.0,0.881,42.051,41.877,30196000.0,3545000.0,27.22,2.863,2.863,0.0,705847000.0,98563000.0,98563000.0,0.0,,,,,2242000.0,72150000.0,1.0,32978109.0,32978109.0,,2.989,11465887000.0,0.0,7174000.0,0.0,347.682,
49,SIVB,MRQ,2009-03-31,2009-03-31,2009-03-31,2021-08-06,-3162000.0,10958768000.0,,,,,30.125,-2475000.0,3362216000.0,3362216000.0,0.0,-42228000.0,,9.743,1020625000.0,,,1020625000.0,0.0,5245000.0,8482324000.0,0.0,0.0,-10683000.0,-5438000.0,-0.128,-5438000.0,-10683000.0,-10683000.0,-0.36,-0.36,-0.36,992123000.0,,992123000.0,-69643428.0,-1.0,-0.764,10783000.0,0.327,1.0,42464000.0,1.0,0.0,0.0,8617177000.0,,0.0,7212003000.0,,,9666371000.0,,,658992572.0,1210261000.0,0.0,85000.0,-6175000.0,0.0,1014677000.0,182326000.0,184801000.0,13258000.0,0.0,-8235000.0,-11771000.0,-11771000.0,0.0,-33993000.0,-0.277,87140000.0,-44676000.0,0.0,0.0,0.664,19.064,18.701,29341000.0,3536000.0,20.01,1.95,1.95,0.0,701708000.0,42464000.0,42464000.0,0.0,,,,,4065000.0,73345000.0,1.0,32933162.0,32933162.0,,1.289,10958768000.0,0.0,-2448000.0,0.0,332.758,
50,SIVB,MRQ,2008-12-31,2008-12-31,2008-12-31,2021-08-06,-5789000.0,10018280000.0,,,,,30.233,-2585000.0,2436725000.0,2436725000.0,0.0,-11580000.0,,8.782,1057543000.0,,,1057543000.0,0.0,1430000.0,7473472000.0,0.0,0.0,977000.0,2407000.0,0.047,2407000.0,977000.0,977000.0,-0.03,-0.01,-0.03,991356000.0,,991356000.0,1893530002.0,15.0,12.672,8472000.0,0.258,1.0,51113000.0,1.0,4092000.0,0.0,8635006000.0,,0.0,7184957000.0,,,8706568000.0,,,860094002.0,1686212000.0,0.0,2992000.0,-413245000.0,0.0,1873141000.0,-197986000.0,-195401000.0,11057000.0,0.0,114000.0,-593000.0,-593000.0,0.0,-11694000.0,-0.012,61830000.0,-10717000.0,0.0,0.0,0.868,11.689,11.555,30589000.0,707000.0,26.23,2.047,2.047,0.0,709726000.0,51113000.0,51113000.0,0.0,,,,,2753000.0,50873000.0,1.0,32790469.0,32790469.0,,1.559,10014188000.0,0.0,863000.0,0.0,305.399,
51,SIVB,MRQ,2008-09-30,2008-09-30,2008-09-30,2021-08-06,-18934000.0,8070945000.0,,,,,22.485,-1771000.0,373510000.0,373510000.0,0.0,24225000.0,,9.601,1406946000.0,,,1406946000.0,0.0,6708000.0,5432609000.0,0.0,0.0,42629000.0,49337000.0,0.407,49337000.0,42629000.0,42629000.0,0.8,0.77,0.8,730652000.0,,730652000.0,2557141587.0,14.0,12.142,66368000.0,2.042,1.0,121367000.0,1.0,4092000.0,0.0,9100289000.0,,0.0,7383877000.0,,,7015295000.0,,,1882128587.0,121733000.0,0.0,13923000.0,94642000.0,0.0,716758000.0,-663164000.0,-661393000.0,68139000.0,0.0,25918000.0,25918000.0,25918000.0,0.0,-1693000.0,0.214,80431000.0,40936000.0,0.0,0.0,2.576,17.924,17.932,32344000.0,0.0,57.92,3.705,3.705,0.0,725737000.0,121367000.0,121367000.0,0.0,,,,,3235000.0,72526000.0,1.0,32495314.0,32495314.0,,3.735,8066853000.0,0.0,16711000.0,0.0,248.247,
52,SIVB,MRQ,2008-06-30,2008-06-30,2008-06-30,2021-08-06,-13634000.0,7309871000.0,,,,,21.404,-2205000.0,630865000.0,630865000.0,0.0,19480000.0,,9.244,1305878000.0,,,1305878000.0,0.0,7575000.0,4863580000.0,0.0,0.0,37305000.0,44880000.0,0.365,44880000.0,37305000.0,37305000.0,0.66,0.61,0.66,685127000.0,,685127000.0,1877043715.0,9.0,8.176,17314000.0,0.541,1.0,122960000.0,1.0,4092000.0,0.0,7980792000.0,,0.0,6368809000.0,,,6333369000.0,,,1539986715.0,-46463000.0,0.0,9383000.0,282655000.0,0.0,407332000.0,-473314000.0,-471109000.0,19519000.0,0.0,21014000.0,21014000.0,21014000.0,0.0,-1534000.0,0.171,83331000.0,39629000.0,0.0,0.0,2.248,13.139,13.552,34787000.0,0.0,48.11,2.83,2.83,0.0,698729000.0,122960000.0,122960000.0,0.0,,,,,4787000.0,72752000.0,1.0,32009701.0,32009701.0,,3.841,7305779000.0,0.0,16291000.0,0.0,228.236,
53,SIVB,MRQ,2008-03-31,2008-03-31,2008-03-31,2021-08-06,-2954000.0,6897303000.0,,,,,20.861,-1983000.0,676132000.0,676132000.0,0.0,22900000.0,,8.812,1013189000.0,,,1013189000.0,0.0,7209000.0,4769213000.0,0.0,0.0,45401000.0,52610000.0,0.422,52610000.0,45401000.0,45401000.0,0.84,0.78,0.84,675156000.0,,675156000.0,1693578435.0,8.0,7.411,26347000.0,0.814,1.0,124620000.0,1.0,4092000.0,0.0,7230268000.0,,0.0,5918144000.0,,,5949418000.0,,,1412387435.0,-7931000.0,0.0,-39110000.0,29756000.0,0.0,186788000.0,-223049000.0,-221066000.0,28330000.0,0.0,27118000.0,27118000.0,27118000.0,0.0,-4218000.0,0.218,83437000.0,41183000.0,0.0,0.0,2.092,11.863,12.258,36725000.0,0.0,43.64,2.507,2.507,0.0,678078000.0,124620000.0,124620000.0,0.0,,,,,4267000.0,75540000.0,1.0,32364515.0,32364515.0,,3.851,6893211000.0,0.0,18283000.0,0.0,212.987,
54,SIVB,MRQ,2007-12-31,2007-12-31,2007-12-31,2021-08-06,-6290000.0,6692456000.0,,,,,20.388,-2368000.0,325399000.0,325399000.0,0.0,59553000.0,,8.536,965254000.0,,,965254000.0,0.0,10209000.0,4611203000.0,0.0,0.0,53563000.0,63772000.0,0.459,63772000.0,53563000.0,53563000.0,0.93,0.87,0.93,676654000.0,,676654000.0,2238989150.0,11.0,9.758,41200000.0,1.241,1.0,138997000.0,1.0,4092000.0,0.0,7328219000.0,,0.0,6065675000.0,,,5775700000.0,,,1672738150.0,24055000.0,-395000.0,-43777000.0,-280100000.0,0.0,320536000.0,-340049000.0,-337286000.0,43568000.0,0.0,30957000.0,30957000.0,30957000.0,0.0,28596000.0,0.223,83477000.0,55520000.0,0.0,0.0,2.472,13.901,14.237,38628000.0,0.0,50.4,2.884,2.884,0.0,682911000.0,138997000.0,138997000.0,0.0,,,,,3177000.0,67416000.0,1.0,33189249.0,33189249.0,,4.188,6688364000.0,0.0,22606000.0,0.0,201.522,
55,SIVB,MRQ,2007-09-30,2007-09-30,2007-09-30,2021-08-06,-14749000.0,6304088000.0,,,,,19.598,-1333000.0,659119000.0,659119000.0,0.0,38116000.0,,8.021,1225370000.0,,,1225370000.0,0.0,4156000.0,3973240000.0,0.0,0.0,64170000.0,68326000.0,0.434,68326000.0,64170000.0,64170000.0,1.12,1.03,1.12,672634000.0,,672634000.0,1762293531.0,9.0,7.866,62970000.0,1.835,1.0,157587000.0,1.0,4092000.0,0.0,6866247000.0,,0.0,5345662000.0,,,5395323000.0,,,1625456531.0,-347160000.0,0.0,-52129000.0,65000000.0,0.0,-410669000.0,-794000.0,539000.0,64303000.0,0.0,38116000.0,38116000.0,38116000.0,0.0,0.0,0.242,82959000.0,74628000.0,0.0,0.0,2.417,13.808,13.767,39016000.0,0.0,47.36,2.828,2.828,0.0,687350000.0,157587000.0,157587000.0,0.0,,,,,4441000.0,78684000.0,1.0,34321295.0,34321295.0,,4.592,6299996000.0,0.0,26054000.0,0.0,183.559,
56,SIVB,MRQ,2007-06-30,2007-06-30,2007-06-30,2021-08-06,-25325000.0,6605080000.0,,,,,19.513,-5292000.0,1006279000.0,1006279000.0,0.0,22865000.0,,8.55,1143116000.0,,,1143116000.0,0.0,5405000.0,4406489000.0,0.0,0.0,38418000.0,43823000.0,0.308,43823000.0,38418000.0,38418000.0,0.67,0.61,0.67,668910000.0,,668910000.0,2192839095.0,12.0,10.806,47414000.0,1.383,1.0,142159000.0,1.0,4092000.0,0.0,6737825000.0,,0.0,5313051000.0,,,5718998000.0,,,1820661095.0,441405000.0,209000.0,-6422000.0,216129000.0,0.0,736042000.0,-347343000.0,-342260000.0,52706000.0,0.0,22865000.0,22865000.0,22865000.0,0.0,0.0,0.161,97916000.0,44243000.0,0.0,0.0,2.722,17.377,17.413,40028000.0,0.0,53.11,3.401,3.401,0.0,690350000.0,142159000.0,142159000.0,0.0,,,,,5216000.0,75713000.0,1.0,34280947.0,34280947.0,,4.147,6600988000.0,0.0,15553000.0,0.0,192.556,
57,SIVB,MRQ,2007-03-31,2007-03-31,2007-03-31,2021-08-06,-15055000.0,5847856000.0,,,,,18.938,-3859000.0,564874000.0,564874000.0,0.0,28391000.0,,7.651,937052000.0,,,937052000.0,0.0,4771000.0,3875199000.0,0.0,0.0,48759000.0,53530000.0,0.379,53530000.0,48759000.0,48759000.0,0.82,0.76,0.82,653465000.0,,653465000.0,2080063054.0,13.0,11.221,9555000.0,0.277,1.0,141232000.0,1.0,21296000.0,0.0,6198738000.0,,0.0,4975673000.0,,,4999398000.0,,,1676646054.0,-67711000.0,-209000.0,-13214000.0,-99636000.0,0.0,-253805000.0,172680000.0,176748000.0,13414000.0,0.0,28391000.0,28391000.0,28391000.0,0.0,0.0,0.201,82117000.0,59115000.0,0.0,0.0,2.566,17.556,17.542,37868000.0,0.0,48.59,3.254,3.254,0.0,668486000.0,141232000.0,141232000.0,0.0,,,,,3969000.0,77832000.0,1.0,34505990.0,34505990.0,,4.093,5826560000.0,0.0,20368000.0,0.0,168.856,
58,SIVB,MRQ,2006-12-31,2006-12-31,2006-12-31,2021-08-06,-17921000.0,6081452000.0,,,,,18.315,-2914000.0,632585000.0,632585000.0,0.0,28350000.0,,8.412,1036002000.0,,,1036002000.0,0.0,8815000.0,4057625000.0,0.0,0.0,49546000.0,58361000.0,0.436,58361000.0,49546000.0,49546000.0,0.83,0.77,0.83,628514000.0,,628514000.0,2011236113.0,13.0,11.644,41347000.0,1.205,1.0,133885000.0,1.0,21296000.0,0.0,6463573000.0,,0.0,5131998000.0,,,5286923000.0,,,1599885113.0,32084000.0,0.0,-9694000.0,23666000.0,0.0,113027000.0,-125204000.0,-122290000.0,44261000.0,0.0,28350000.0,28350000.0,28350000.0,0.0,0.0,0.212,83170000.0,50715000.0,0.0,0.0,2.546,17.899,18.07,37306000.0,0.0,46.62,3.307,3.307,0.0,641528000.0,133885000.0,133885000.0,0.0,,,,,-1285000.0,76243000.0,1.0,34317570.0,34317570.0,,3.901,6060156000.0,0.0,21196000.0,0.0,176.59,
59,SIVB,MRQ,2006-09-30,2006-09-30,2006-09-30,2021-08-06,-19220000.0,5873109000.0,,,,,17.253,-7479000.0,600501000.0,600501000.0,0.0,25170000.0,,8.595,1011852000.0,,,1011852000.0,0.0,3295000.0,3974460000.0,0.0,0.0,43921000.0,47216000.0,0.4,47216000.0,43921000.0,43921000.0,0.73,0.68,0.73,595778000.0,,595778000.0,1728855081.0,12.0,10.874,41593000.0,1.205,1.0,118009000.0,1.0,21243000.0,0.0,6263217000.0,,0.0,5006465000.0,,,5120641000.0,,,1541468081.0,56230000.0,-3994000.0,-17020000.0,275956000.0,0.0,320856000.0,-313698000.0,-302225000.0,49072000.0,0.0,25170000.0,25170000.0,25170000.0,0.0,0.0,0.213,75007000.0,43002000.0,0.0,0.0,2.587,17.783,17.928,36236000.0,0.0,44.64,3.309,3.309,0.0,614964000.0,118009000.0,118009000.0,0.0,,,,,5742000.0,69876000.0,1.0,34531095.0,34531095.0,,3.417,5851866000.0,0.0,18751000.0,0.0,169.467,
60,SIVB,MRQ,2006-06-30,2006-06-30,2006-06-30,2021-08-06,-36918000.0,5471651000.0,,,,,15.988,-6610000.0,544271000.0,544271000.0,0.0,13594000.0,,8.362,731658000.0,,,731658000.0,0.0,3584000.0,3913304000.0,0.0,0.0,22686000.0,26270000.0,0.215,26270000.0,22686000.0,22686000.0,0.39,0.36,0.39,568121000.0,,568121000.0,1554942960.0,11.0,10.262,31440000.0,0.885,1.0,122138000.0,1.0,17204000.0,0.0,5641834000.0,,0.0,4672106000.0,,,4750497000.0,,,1615389960.0,-5724000.0,0.0,-35510000.0,241633000.0,0.0,-18733000.0,-25041000.0,-18431000.0,38050000.0,0.0,13594000.0,13594000.0,13594000.0,0.0,0.0,0.111,93638000.0,28500000.0,0.0,0.0,2.843,19.101,18.785,31328000.0,0.0,45.46,3.597,3.597,0.0,596128000.0,122138000.0,122138000.0,0.0,,,,,7473000.0,71446000.0,1.0,35534315.0,35534315.0,,3.437,5454447000.0,0.0,9092000.0,0.0,153.498,
61,SIVB,MRQ,2006-03-31,2006-03-31,2006-03-31,2021-08-06,-31493000.0,5446268000.0,,,,,16.532,-3694000.0,549995000.0,549995000.0,0.0,22271000.0,,8.056,489548000.0,,,489548000.0,0.0,1872000.0,4148506000.0,0.0,0.0,39014000.0,40886000.0,0.373,40886000.0,39014000.0,39014000.0,0.63,0.58,0.63,586118000.0,,586118000.0,1894052772.0,12.0,11.667,-7368000.0,-0.208,1.0,109754000.0,1.0,35638000.0,0.0,5350183000.0,,0.0,4666333000.0,,,4721785000.0,,,1880843772.0,87897000.0,0.0,-7663000.0,12703000.0,0.0,-72803000.0,164374000.0,168068000.0,-3674000.0,0.0,22271000.0,22271000.0,22271000.0,0.0,0.0,0.203,70688000.0,39066000.0,0.0,0.0,3.209,20.472,20.171,26922000.0,0.0,53.05,4.395,4.395,0.0,609764000.0,109754000.0,109754000.0,0.0,,,,,9307000.0,65574000.0,1.0,35454171.0,35454171.0,,3.096,5410630000.0,0.0,16743000.0,0.0,152.609,
62,SIVB,MRQ,2005-12-31,2005-12-31,2005-12-31,2021-08-06,-21094000.0,5541715000.0,,,,,16.307,-3790000.0,462098000.0,462098000.0,0.0,25646000.0,,8.524,475307000.0,,,475307000.0,0.0,2278000.0,4252730000.0,0.0,0.0,42338000.0,44616000.0,0.385,44616000.0,42338000.0,42338000.0,0.74,0.67,0.74,569301000.0,,569301000.0,1534327259.0,10.0,9.499,25784000.0,0.739,1.0,116003000.0,1.0,35638000.0,0.0,5519286000.0,,0.0,4843838000.0,,,4852958000.0,,,1635227259.0,43407000.0,0.0,2969000.0,157830000.0,0.0,128602000.0,-114769000.0,-110979000.0,29574000.0,0.0,25646000.0,25646000.0,25646000.0,0.0,0.0,0.221,70737000.0,45266000.0,0.0,0.0,2.872,17.671,17.742,25099000.0,0.0,46.84,3.926,3.926,0.0,587713000.0,116003000.0,116003000.0,0.0,,,,,-48000.0,65155000.0,1.0,34910915.0,34910915.0,,3.323,5506077000.0,0.0,16692000.0,0.0,157.718,
63,SIVB,MRQ,2005-09-30,2005-09-30,2005-09-30,2021-08-06,-14840000.0,5369066000.0,,,,,15.382,-6220000.0,418691000.0,418691000.0,0.0,23059000.0,,8.636,317791000.0,,,317791000.0,0.0,1785000.0,4292139000.0,0.0,0.0,37966000.0,39751000.0,0.393,39751000.0,37966000.0,37966000.0,0.66,0.6,0.66,545847000.0,,545847000.0,1682577936.0,12.0,10.94,34958000.0,0.985,1.0,101230000.0,1.0,35638000.0,0.0,5232528000.0,,0.0,4759562000.0,,,4713903000.0,,,1726074936.0,-119554000.0,0.0,-1787000.0,110163000.0,0.0,37351000.0,-198083000.0,-191863000.0,41178000.0,0.0,23059000.0,23059000.0,23059000.0,0.0,0.0,0.228,61983000.0,39247000.0,0.0,0.0,3.162,19.685,19.613,23148000.0,0.0,48.64,4.286,4.286,0.0,562067000.0,101230000.0,101230000.0,0.0,,,,,4062000.0,55783000.0,1.0,35486738.0,35486738.0,,2.853,5333428000.0,0.0,14907000.0,0.0,150.294,
64,SIVB,MRQ,2005-06-30,2005-06-30,2005-06-30,2021-08-06,-2232000.0,5307826000.0,,,,,15.018,-4662000.0,538245000.0,538245000.0,0.0,20896000.0,,8.776,208917000.0,,,208917000.0,0.0,2037000.0,4373119000.0,0.0,0.0,35056000.0,37093000.0,0.367,37093000.0,35056000.0,35056000.0,0.6,0.54,0.6,532930000.0,,532930000.0,1656317750.0,13.0,11.832,26274000.0,0.74,1.0,101009000.0,1.0,35639000.0,0.0,4942859000.0,,0.0,4588609000.0,,,4676816000.0,,,1699814750.0,83213000.0,0.0,-31994000.0,-497000.0,0.0,197695000.0,-145418000.0,-140756000.0,30936000.0,0.0,20896000.0,20896000.0,20896000.0,0.0,0.0,0.207,66325000.0,34684000.0,0.0,0.0,3.19,21.243,21.195,18782000.0,0.0,47.9,4.428,4.428,0.0,539035000.0,101009000.0,101009000.0,0.0,,,,,6110000.0,62163000.0,1.0,35486738.0,35486738.0,,2.846,5272187000.0,0.0,14160000.0,0.0,148.568,
65,SIVB,MRQ,2005-03-31,2005-03-31,2005-03-31,2021-08-06,-12967000.0,5070024000.0,,,,,14.679,-3583000.0,455032000.0,455032000.0,0.0,22936000.0,,8.459,207596000.0,,,207596000.0,0.0,2136000.0,4156275000.0,0.0,0.0,37935000.0,40071000.0,0.408,40071000.0,37935000.0,37935000.0,0.64,0.59,0.64,527008000.0,,527008000.0,1508132405.0,13.0,11.712,8357000.0,0.233,1.0,98309000.0,1.0,35639000.0,0.0,4786949000.0,,0.0,4433417000.0,,,4457906000.0,,,1581804405.0,-172186000.0,0.0,-28225000.0,2095000.0,0.0,-74503000.0,-109623000.0,-106040000.0,11940000.0,0.0,22936000.0,22936000.0,22936000.0,0.0,0.0,0.233,61000000.0,37309000.0,0.0,0.0,3.001,21.497,21.285,16088000.0,0.0,44.06,4.242,4.242,0.0,522847000.0,98309000.0,98309000.0,0.0,,,,,4529000.0,56707000.0,1.0,35901144.0,35901144.0,,2.738,5034385000.0,0.0,14999000.0,0.0,140.229,
66,SIVB,MRQ,2004-12-31,2004-12-31,2004-12-31,2021-08-06,1287000.0,5145679000.0,,,,,15.06,-2607000.0,627218000.0,627218000.0,0.0,20793000.0,,8.364,206030000.0,,,206030000.0,0.0,2438000.0,4219514000.0,0.0,0.0,34449000.0,36887000.0,0.361,36887000.0,34449000.0,34449000.0,0.58,0.54,0.58,541948000.0,,541948000.0,1587411563.0,15.0,14.25,29285000.0,0.814,1.0,102175000.0,1.0,35638000.0,0.0,4688853000.0,,0.0,4325177000.0,,,4533046000.0,,,1612921563.0,86772000.0,0.0,-2636000.0,192000.0,0.0,172861000.0,-117981000.0,-115374000.0,31892000.0,0.0,20793000.0,20793000.0,20793000.0,0.0,0.0,0.204,65186000.0,36989000.0,0.0,0.0,2.976,25.255,24.762,14641000.0,0.0,44.82,4.641,4.641,0.0,499911000.0,102175000.0,102175000.0,0.0,,,,,3096000.0,59255000.0,1.0,35986648.0,35986648.0,,2.839,5110041000.0,0.0,13656000.0,0.0,141.998,
67,SIVB,MRQ,2004-09-30,2004-09-30,2004-09-30,2021-08-06,5576000.0,4930633000.0,,,,,14.366,-2562000.0,231656000.0,231656000.0,0.0,15391000.0,,8.483,206146000.0,,,206146000.0,0.0,2018000.0,4037615000.0,0.0,0.0,23916000.0,25934000.0,0.315,25934000.0,23916000.0,23916000.0,0.44,0.41,0.44,512061000.0,,512061000.0,1351413288.0,30.0,25.3,32698000.0,0.917,1.0,82381000.0,1.0,35639000.0,0.0,4869484000.0,,0.0,4523202000.0,,,4343833000.0,,,1324875288.0,-94115000.0,0.0,3386000.0,-33333000.0,0.0,8347000.0,-137722000.0,-135160000.0,35260000.0,0.0,15391000.0,15391000.0,15391000.0,0.0,0.0,0.187,58463000.0,23918000.0,0.0,0.0,2.587,45.932,43.729,14705000.0,0.0,37.17,4.145,4.145,0.0,467954000.0,82381000.0,82381000.0,0.0,,,,,3184000.0,53330000.0,1.0,35643672.0,35643672.0,,2.311,4894994000.0,0.0,8525000.0,0.0,137.331,
68,SIVB,MRQ,2004-06-30,2004-06-30,2004-06-30,2021-08-06,-10338000.0,4857521000.0,,,,,13.406,-1975000.0,213530000.0,213530000.0,0.0,14461000.0,,9.114,240068000.0,,,240068000.0,0.0,2285000.0,4005386000.0,0.0,0.0,23590000.0,25875000.0,0.287,25875000.0,23590000.0,23590000.0,0.41,0.39,0.41,473477000.0,,473477000.0,1411918564.0,30.0,25.458,21231000.0,0.601,1.0,90006000.0,1.0,37549000.0,0.0,4846510000.0,,0.0,4471634000.0,,,4315352000.0,,,1400360564.0,-115571000.0,0.0,7066000.0,24433000.0,0.0,373272000.0,-512049000.0,-510074000.0,23206000.0,0.0,14461000.0,14461000.0,14461000.0,0.0,0.0,0.161,66349000.0,23657000.0,0.0,0.0,2.958,45.346,43.098,14083000.0,0.0,39.65,4.484,4.484,0.0,451851000.0,90006000.0,90006000.0,0.0,,,,,2195000.0,57535000.0,1.0,35318047.0,35318047.0,,2.548,4819972000.0,0.0,9129000.0,0.0,136.473,
69,SIVB,MRQ,2004-03-31,2004-03-31,2004-03-31,2021-08-06,17593000.0,4492255000.0,,,,,13.56,-1277000.0,200966000.0,200966000.0,0.0,13221000.0,,8.312,212524000.0,,,212524000.0,0.0,2038000.0,3676293000.0,0.0,0.0,20665000.0,22703000.0,0.311,22703000.0,20665000.0,20665000.0,0.38,0.36,0.38,476433000.0,,476433000.0,1100705446.0,49.0,36.514,2701000.0,0.077,1.0,72978000.0,1.0,37549000.0,0.0,4466264000.0,,0.0,4128040000.0,,,3959887000.0,,,1139816446.0,-85181000.0,0.0,4690000.0,567000.0,0.0,19409000.0,-108568000.0,-107291000.0,3978000.0,0.0,13221000.0,13221000.0,13221000.0,0.0,0.0,0.181,51832000.0,21146000.0,0.0,0.0,2.392,71.935,66.204,14316000.0,0.0,32.44,3.994,3.994,0.0,436144000.0,72978000.0,72978000.0,0.0,,,,,2085000.0,48114000.0,1.0,35136142.0,35136142.0,,2.077,4454706000.0,0.0,7444000.0,0.0,126.784,
70,SIVB,MRQ,2003-12-31,2003-12-31,2003-12-31,2021-08-06,5595000.0,4468410000.0,,,,,13.186,-1932000.0,835313000.0,835313000.0,0.0,-14229000.0,,8.647,212876000.0,,,212876000.0,0.0,1969000.0,3666841000.0,0.0,0.0,-23066000.0,-21097000.0,-0.284,-21097000.0,-23066000.0,-23066000.0,-0.38,-0.37,-0.38,457953000.0,,457953000.0,1187113146.0,69.0,47.817,7585000.0,0.218,1.0,74277000.0,1.0,37549000.0,0.0,3808424000.0,,0.0,3467695000.0,,,3959713000.0,,,1252683146.0,-252418000.0,0.0,7864000.0,6984000.0,0.0,214703000.0,-476638000.0,-474706000.0,9517000.0,0.0,-14229000.0,-14229000.0,-14229000.0,0.0,0.0,-0.192,96625000.0,-22348000.0,0.0,0.0,2.735,96.05,100.194,14999000.0,0.0,36.07,4.565,4.565,0.0,436047000.0,74277000.0,74277000.0,0.0,,,,,7868000.0,45122000.0,1.0,34729225.0,34729225.0,,2.139,4430861000.0,0.0,-8837000.0,0.0,127.583,
71,SIVB,MRQ,2003-09-30,2003-09-30,2003-09-30,2021-08-06,13601000.0,4259816000.0,,,,,13.187,-1165000.0,229001000.0,229001000.0,0.0,17429000.0,,8.255,163431000.0,,,163431000.0,0.0,1714000.0,3472326000.0,0.0,0.0,26266000.0,27980000.0,0.373,27980000.0,26266000.0,26266000.0,0.51,0.49,0.51,455106000.0,,455106000.0,886667202.0,15.0,12.975,-16674000.0,-0.483,1.0,75063000.0,1.0,83548000.0,0.0,4110698000.0,,0.0,3843465000.0,,,3756739000.0,,,952548202.0,162139000.0,0.0,2934000.0,-8631000.0,0.0,-25584000.0,203232000.0,204397000.0,-15509000.0,0.0,17429000.0,17429000.0,17429000.0,0.0,0.0,0.232,48092000.0,26971000.0,0.0,0.0,2.093,23.619,25.556,15036000.0,0.0,27.6,3.628,3.628,0.0,437428000.0,75063000.0,75063000.0,0.0,,,,,0.0,46589000.0,1.0,34512616.0,34512616.0,,2.175,4176268000.0,0.0,8837000.0,0.0,121.007,
72,SIVB,MRQ,2003-06-30,2003-06-30,2003-06-30,2021-08-06,12183000.0,4294590000.0,,,,,11.138,-1316000.0,238202000.0,238202000.0,0.0,-576000.0,,8.739,172321000.0,,,172321000.0,0.0,1954000.0,3488384000.0,0.0,0.0,-1395000.0,559000.0,0.009,559000.0,-1395000.0,-1395000.0,-0.02,-0.02,-0.02,432135000.0,,432135000.0,804716118.0,16.0,13.38,62496000.0,1.611,1.0,63043000.0,1.0,83548000.0,0.0,4145161000.0,,0.0,3864829000.0,,,3776256000.0,,,923787118.0,44824000.0,0.0,-112532000.0,123493000.0,0.0,255017000.0,-274005000.0,-272689000.0,63812000.0,0.0,-576000.0,-576000.0,-576000.0,0.0,0.0,-0.009,66174000.0,-3131000.0,0.0,0.0,2.138,25.663,27.368,15585000.0,0.0,23.81,3.706,3.706,0.0,419999000.0,63043000.0,63043000.0,0.0,,,,,0.0,45818000.0,1.0,38798283.0,38798283.0,,1.625,4211042000.0,0.0,-819000.0,0.0,108.537,
73,SIVB,MRQ,2003-03-31,2003-03-31,2003-03-31,2021-08-06,11668000.0,3988088000.0,,,,,14.549,-310000.0,145805000.0,145805000.0,0.0,10418000.0,,5.898,26734000.0,,,26734000.0,0.0,1973000.0,3251094000.0,0.0,0.0,15411000.0,17384000.0,0.28,17384000.0,15411000.0,15411000.0,0.27,0.26,0.27,566136000.0,,566136000.0,494419886.0,6.0,5.827,18155000.0,0.467,1.0,62040000.0,1.0,100567000.0,0.0,3768450000.0,,0.0,3644796000.0,,,3338848000.0,,,707822886.0,56398000.0,0.0,-31992000.0,0.0,0.0,-209950000.0,247883000.0,248193000.0,18465000.0,0.0,10418000.0,10418000.0,10418000.0,0.0,0.0,0.168,49112000.0,12928000.0,0.0,0.0,1.25,13.729,14.91,16223000.0,0.0,18.19,2.75,2.75,0.0,487028000.0,62040000.0,62040000.0,0.0,,,,,0.0,45794000.0,1.0,38912748.0,38912748.0,,1.594,3887521000.0,0.0,4993000.0,0.0,99.904,
74,SIVB,MRQ,2002-12-31,2002-12-31,2002-12-31,2021-08-06,14372000.0,4183181000.0,,,,,13.783,-1193000.0,239927000.0,239927000.0,0.0,13059000.0,,5.946,26524000.0,,,26524000.0,0.0,2687000.0,3436127000.0,0.0,0.0,19728000.0,22415000.0,0.359,22415000.0,19728000.0,19728000.0,0.32,0.31,0.32,590350000.0,,590350000.0,629513523.0,8.0,6.977,26067000.0,0.609,1.0,62390000.0,1.0,100549000.0,0.0,3869229000.0,,0.0,3753936000.0,,,3510201000.0,,,781658523.0,-203892000.0,-4169000.0,-44133000.0,-1426000.0,0.0,308221000.0,-539373000.0,-534011000.0,27260000.0,0.0,13059000.0,13059000.0,13059000.0,0.0,0.0,0.209,42655000.0,19735000.0,0.0,0.0,1.324,14.342,14.718,17886000.0,0.0,18.25,3.032,3.032,0.0,476610000.0,62390000.0,62390000.0,0.0,,,,,4910000.0,43007000.0,1.0,42830604.0,42830604.0,,1.457,4082632000.0,0.0,6669000.0,0.0,95.32,
75,SIVB,MRQ,2002-09-30,2002-09-30,2002-09-30,2021-08-06,14609000.0,3863599000.0,,,,,14.003,-650000.0,178459000.0,178459000.0,0.0,13096000.0,,5.093,26314000.0,,,26314000.0,0.0,1765000.0,3095390000.0,0.0,0.0,18021000.0,19786000.0,0.32,19786000.0,18021000.0,18021000.0,0.3,0.29,0.3,622304000.0,,622304000.0,588997295.0,7.0,6.853,17775000.0,0.4,1.0,61819000.0,1.0,98638000.0,0.0,3612816000.0,,0.0,3490479000.0,,,3169336000.0,,,752405295.0,147916000.0,0.0,-54383000.0,-40574000.0,0.0,11466000.0,118025000.0,118675000.0,18425000.0,0.0,13096000.0,13096000.0,13096000.0,0.0,0.0,0.212,44929000.0,16890000.0,0.0,0.0,1.209,14.057,13.992,19380000.0,0.0,16.93,2.909,2.909,0.0,464693000.0,61819000.0,61819000.0,0.0,,,,,0.0,43149000.0,1.0,44442132.0,44442132.0,,1.391,3764961000.0,0.0,4925000.0,0.0,84.716,
76,SIVB,MRQ,2002-06-30,2002-06-30,2002-06-30,2021-08-06,11875000.0,3831770000.0,,,,,14.428,-857000.0,231247000.0,231247000.0,0.0,14985000.0,,4.711,67839000.0,,,67839000.0,0.0,1746000.0,2993179000.0,0.0,0.0,23513000.0,25259000.0,0.355,25259000.0,23513000.0,23513000.0,0.33,0.32,0.33,658843000.0,,658843000.0,935650421.0,10.0,9.476,23793000.0,0.521,1.0,71134000.0,1.0,98638000.0,0.0,3569724000.0,,0.0,3408405000.0,,,3103591000.0,,,1203710421.0,46590000.0,0.0,-3145000.0,-476000.0,0.0,-186436000.0,208376000.0,209233000.0,24650000.0,0.0,14985000.0,14985000.0,14985000.0,0.0,0.0,0.211,47436000.0,23698000.0,0.0,0.0,1.827,20.391,20.277,20495000.0,0.0,26.36,4.495,4.495,0.0,451597000.0,71134000.0,71134000.0,0.0,,,,,0.0,45536000.0,1.0,45664280.0,45664280.0,,1.558,3733132000.0,0.0,8528000.0,0.0,81.752,
77,SIVB,MRQ,2002-03-31,2002-03-31,2002-03-31,2021-08-06,6763000.0,3987475000.0,,,,,14.116,-1431000.0,335424000.0,335424000.0,0.0,13360000.0,,5.122,67364000.0,,,67364000.0,0.0,1766000.0,3181512000.0,0.0,0.0,20999000.0,22765000.0,0.364,22765000.0,20999000.0,20999000.0,0.3,0.29,0.3,640755000.0,,640755000.0,1211675398.0,11.0,10.701,30759000.0,0.678,1.0,62477000.0,1.0,97223000.0,0.0,3622192000.0,,0.0,3456476000.0,,,3281630000.0,,,1373105398.0,-101006000.0,0.0,2036000.0,476000.0,0.0,-196953000.0,63757000.0,65188000.0,32190000.0,0.0,13360000.0,13360000.0,13360000.0,0.0,0.0,0.214,42044000.0,20433000.0,0.0,0.0,2.143,20.14,20.578,21384000.0,0.0,30.25,4.924,4.924,0.0,436612000.0,62477000.0,62477000.0,0.0,,,,,0.0,38385000.0,1.0,45391914.0,45391914.0,,1.376,3890252000.0,0.0,7639000.0,0.0,85.704,
78,SIVB,MRQ,2001-12-31,2001-12-31,2001-12-31,2021-08-06,9675000.0,4172077000.0,,,,,13.58,628000.0,228318000.0,228318000.0,0.0,12084000.0,,5.542,66888000.0,,,66888000.0,0.0,85000.0,3380977000.0,0.0,0.0,18055000.0,18140000.0,0.287,18140000.0,18055000.0,18055000.0,0.28,0.27,0.28,627515000.0,,627515000.0,903361722.0,6.0,6.151,2811000.0,0.061,1.0,63190000.0,1.0,96380000.0,0.0,3914267000.0,,0.0,3740039000.0,,,3477646000.0,,,1235140722.0,-19043000.0,0.0,-45615000.0,0.0,0.0,28504000.0,-49730000.0,-50358000.0,2183000.0,0.0,12084000.0,12084000.0,12084000.0,0.0,0.0,0.191,46547000.0,16643000.0,0.0,0.0,1.968,14.011,14.449,21719000.0,0.0,26.73,3.895,3.895,0.0,423252000.0,63190000.0,63190000.0,0.0,,,,,0.0,44792000.0,1.0,46208033.0,46208033.0,,1.368,4075697000.0,0.0,5971000.0,0.0,88.203,
79,SIVB,MRQ,2001-09-30,2001-09-30,2001-09-30,2021-08-06,13853000.0,4147885000.0,,,,,13.71,-2195000.0,398191000.0,398191000.0,0.0,18602000.0,,5.142,66412000.0,,,66412000.0,0.0,2782000.0,3309082000.0,0.0,0.0,29791000.0,32573000.0,0.459,32573000.0,29791000.0,29791000.0,0.39,0.38,0.39,664113000.0,,664113000.0,574376070.0,3.0,3.029,39629000.0,0.818,1.0,70989000.0,1.0,95435000.0,0.0,3720671000.0,,0.0,3556965000.0,,,3414987000.0,,,978497070.0,-332491000.0,-30000000.0,-19199000.0,0.0,0.0,-358341000.0,-15974000.0,16221000.0,41824000.0,0.0,18602000.0,18602000.0,18602000.0,0.0,0.0,0.262,42528000.0,28461000.0,0.0,0.0,1.473,8.752,8.783,22431000.0,0.0,20.2,2.68,2.68,0.0,411168000.0,70989000.0,70989000.0,0.0,,,,,0.0,40861000.0,1.0,48440449.0,48440449.0,,1.465,4052450000.0,0.0,11189000.0,0.0,83.658,
80,SIVB,MRQ,2001-06-30,2001-06-30,2001-06-30,2021-08-06,5566000.0,4422761000.0,,,,,13.274,-2956000.0,404121000.0,404121000.0,0.0,24132000.0,,5.647,0.0,,,0.0,0.0,1502000.0,3650278000.0,0.0,0.0,38248000.0,39750000.0,0.484,39750000.0,38248000.0,38248000.0,0.5,0.48,0.5,655017000.0,,655017000.0,842509470.0,4.0,3.895,31598000.0,0.64,1.0,82207000.0,1.0,0.0,0.0,4018640000.0,,0.0,3899841000.0,,,3698802000.0,,,1085587470.0,-527114000.0,0.0,-28874000.0,0.0,0.0,-420375000.0,-141293000.0,-138337000.0,34554000.0,0.0,24132000.0,24132000.0,24132000.0,0.0,0.0,0.294,43429000.0,38778000.0,0.0,0.0,1.657,8.471,8.302,22829000.0,0.0,22.0,2.698,2.698,0.0,392566000.0,82207000.0,82207000.0,0.0,,,,,0.0,39924000.0,1.0,49344885.0,49344885.0,,1.666,4422761000.0,0.0,14116000.0,0.0,89.63,
81,SIVB,MRQ,2001-03-31,2001-03-31,2001-03-31,2021-08-06,7836000.0,4842755000.0,,,,,13.383,-4230000.0,243078000.0,243078000.0,0.0,33336000.0,,6.233,0.0,,,0.0,0.0,1348000.0,4042205000.0,0.0,0.0,55058000.0,56406000.0,0.56,56406000.0,55058000.0,55058000.0,0.68,0.65,0.68,659970000.0,,659970000.0,826215792.0,4.0,3.532,29765000.0,0.604,1.0,100708000.0,1.0,0.0,0.0,4599677000.0,,0.0,4458396000.0,,,4113569000.0,,,1158847792.0,-403186000.0,0.0,7200000.0,0.0,0.0,-812405000.0,375224000.0,379454000.0,33995000.0,0.0,33336000.0,33336000.0,33336000.0,0.0,0.0,0.331,44928000.0,55780000.0,0.0,0.0,1.756,8.413,8.131,21375000.0,0.0,23.5,2.723,2.723,0.0,368434000.0,100708000.0,100708000.0,0.0,,,,,0.0,40379000.0,1.0,49312672.0,49312672.0,,2.042,4842755000.0,0.0,21722000.0,0.0,98.205,
82,SIVB,MRQ,2000-12-31,2000-12-31,2000-12-31,2021-08-06,2600000.0,5626775000.0,,,,,12.563,-7967000.0,332632000.0,332632000.0,0.0,35739000.0,,8.05,0.0,,,0.0,0.0,1219000.0,4862259000.0,0.0,0.0,59668000.0,60887000.0,0.547,60887000.0,59668000.0,59668000.0,0.73,0.69,0.73,614121000.0,,614121000.0,1363326707.0,5.0,5.031,39252000.0,0.803,1.0,111234000.0,1.0,0.0,0.0,5294143000.0,,0.0,5140073000.0,,,4943397000.0,,,1689420707.0,-82871000.0,0.0,2075000.0,0.0,0.0,78004000.0,-208094000.0,-200127000.0,47219000.0,0.0,35739000.0,35739000.0,35739000.0,0.0,0.0,0.321,49321000.0,61913000.0,0.0,0.0,2.751,10.621,10.135,18493000.0,0.0,34.56,3.634,3.634,0.0,335098000.0,111234000.0,111234000.0,0.0,,,,,0.0,46733000.0,1.0,48883701.0,48883701.0,,2.275,5626775000.0,0.0,23929000.0,0.0,115.105,
83,SIVB,MRQ,2000-09-30,2000-09-30,2000-09-30,2021-08-06,1326000.0,5504131000.0,,,,,12.327,-2696000.0,364670000.0,364670000.0,0.0,34939000.0,,8.531,38576000.0,,,38576000.0,0.0,959000.0,4799894000.0,0.0,0.0,58330000.0,59289000.0,0.548,59289000.0,58330000.0,58330000.0,0.74,0.69,0.74,571610000.0,,571610000.0,2392621560.0,10.0,9.461,8724000.0,0.188,1.0,108145000.0,1.0,0.0,0.0,5178037000.0,,0.0,4984536000.0,,,4876590000.0,,,2700166560.0,255350000.0,0.0,94112000.0,0.0,0.0,66348000.0,177582000.0,180278000.0,11420000.0,0.0,34939000.0,34939000.0,34939000.0,0.0,0.0,0.323,46344000.0,61801000.0,0.0,0.0,4.724,18.216,17.645,11745000.0,0.0,58.23,6.162,6.162,0.0,299359000.0,108145000.0,108145000.0,0.0,,,,,0.0,44457000.0,1.0,46370712.0,46370712.0,,2.332,5504131000.0,0.0,23391000.0,0.0,118.698,
84,SIVB,MRQ,2000-06-30,2000-06-30,2000-06-30,2021-08-06,-3041000.0,5393225000.0,,,,,9.473,-653000.0,346108000.0,346108000.0,0.0,33735000.0,,11.276,38563000.0,,,38563000.0,0.0,915000.0,4845222000.0,0.0,0.0,56435000.0,57350000.0,0.544,57350000.0,56435000.0,56435000.0,0.74,0.7,0.74,436183000.0,,436183000.0,1608238439.0,8.0,7.625,-2842000.0,-0.062,1.0,105435000.0,1.0,0.0,0.0,5085680000.0,,0.0,4912861000.0,,,4918479000.0,,,1962983439.0,86050000.0,0.0,4100000.0,0.0,0.0,333471000.0,-245232000.0,-244579000.0,-2189000.0,0.0,33735000.0,33735000.0,33735000.0,0.0,0.0,0.32,45239000.0,60196000.0,0.0,0.0,4.5,15.856,15.117,10008000.0,0.0,42.63,5.217,5.217,0.0,264420000.0,105435000.0,105435000.0,0.0,,,,,0.0,43375000.0,1.0,46046996.0,46046996.0,,2.29,5393225000.0,0.0,22700000.0,0.0,117.124,
85,SIVB,MRQ,2000-03-31,2000-03-31,2000-03-31,2021-08-06,3055000.0,5064525000.0,,,,,8.748,-451000.0,393295000.0,393295000.0,0.0,54655000.0,,11.543,38550000.0,,,38550000.0,0.0,923000.0,4515851000.0,0.0,0.0,92543000.0,93466000.0,0.667,93466000.0,92543000.0,92543000.0,1.21,1.15,1.21,400684000.0,,400684000.0,1368046419.0,8.0,8.094,44070000.0,0.962,1.0,140062000.0,1.0,0.0,0.0,4709780000.0,,0.0,4539583000.0,,,4625291000.0,,,1646107419.0,287735000.0,0.0,15287000.0,0.0,0.0,421733000.0,-178519000.0,-178068000.0,44521000.0,0.0,54655000.0,54655000.0,54655000.0,0.0,0.0,0.39,36844000.0,103218000.0,0.0,0.0,4.108,16.625,15.626,10270000.0,0.0,35.94,5.255,5.255,0.0,230708000.0,140062000.0,140062000.0,0.0,,,,,0.0,34961000.0,1.0,45801542.0,45801542.0,,3.058,5064525000.0,0.0,37888000.0,0.0,110.575,
86,SIVB,MRQ,1999-12-31,1999-12-31,1999-12-31,2021-08-06,41662000.0,4596398000.0,,,,,8.83,-547000.0,278061000.0,278061000.0,0.0,24899000.0,,11.357,0.0,,,0.0,0.0,864000.0,4109405000.0,0.0,0.0,41923000.0,42787000.0,0.506,42787000.0,41923000.0,41923000.0,0.61,0.58,0.61,368850000.0,,368850000.0,848248617.0,10.0,9.478,29023000.0,0.695,1.0,84532000.0,1.0,0.0,0.0,4318337000.0,,0.0,4196654000.0,,,4189011000.0,,,1033825617.0,887084000.0,0.0,57061000.0,0.0,0.0,761666000.0,95848000.0,96395000.0,29570000.0,0.0,24899000.0,24899000.0,24899000.0,0.0,0.0,0.295,40896000.0,43636000.0,0.0,0.0,2.803,19.806,19.488,10742000.0,0.0,24.75,4.879,4.879,0.0,176030000.0,84532000.0,84532000.0,0.0,,,,,0.0,37217000.0,1.0,41770732.0,41770732.0,,2.024,4596398000.0,0.0,17024000.0,0.0,110.039,
87,SIVB,MRQ,1999-09-30,1999-09-30,1999-09-30,2021-08-06,-969000.0,3721755000.0,,,,,5.84,-144000.0,185577000.0,185577000.0,0.0,10509000.0,,14.126,0.0,,,0.0,0.0,784000.0,3404801000.0,0.0,0.0,16524000.0,17308000.0,0.374,17308000.0,16524000.0,16524000.0,0.26,0.25,0.26,243496000.0,,243496000.0,410332506.0,8.0,7.488,25725000.0,0.617,1.0,46240000.0,1.0,0.0,0.0,3536178000.0,,0.0,3438919000.0,,,3439735000.0,,,503071506.0,-594896000.0,0.0,346000.0,0.0,0.0,-385828000.0,-234937000.0,-234793000.0,25869000.0,0.0,10509000.0,10509000.0,10509000.0,0.0,0.0,0.227,28332000.0,17908000.0,0.0,0.0,2.066,15.808,15.468,11059000.0,0.0,12.065,3.21,3.21,0.0,151154000.0,46240000.0,46240000.0,0.0,,,,,0.0,26317000.0,1.0,41696768.0,41696768.0,,1.109,3721755000.0,0.0,6015000.0,0.0,89.258,
88,SIVB,MRQ,1999-06-30,1999-06-30,1999-06-30,2021-08-06,-6217000.0,4081426000.0,,,,,5.465,-900000.0,131250000.0,131250000.0,-5000.0,8953000.0,,16.813,38511000.0,,,38511000.0,0.0,834000.0,3790974000.0,0.0,0.0,14631000.0,15465000.0,0.364,15465000.0,14631000.0,14631000.0,0.22,0.21,0.22,226967000.0,,226967000.0,418423840.0,8.0,7.964,10156000.0,0.245,1.0,42433000.0,1.0,0.0,0.0,3988687000.0,,0.0,3866415000.0,,,3815948000.0,,,513976840.0,85180000.0,0.0,1161000.0,0.0,0.0,137848000.0,-63724000.0,-63224000.0,11056000.0,0.0,8953000.0,8953000.0,8953000.0,0.0,0.0,0.211,26642000.0,15791000.0,0.0,0.0,2.265,17.211,16.952,11699000.0,0.0,12.375,3.519,3.519,0.0,140645000.0,42428000.0,42428000.0,0.0,,,,,0.0,25172000.0,1.0,41533482.0,41533482.0,,1.022,4081426000.0,0.0,5678000.0,0.0,98.268,
89,SIVB,MRQ,1999-03-31,1999-03-31,1999-03-31,2021-08-06,799000.0,3938569000.0,,,,,5.381,-1063000.0,134051000.0,134051000.0,273000.0,7836000.0,,16.468,38498000.0,,,38498000.0,0.0,784000.0,3654287000.0,0.0,0.0,13149000.0,13933000.0,0.36,13933000.0,13149000.0,13149000.0,0.19,0.19,0.19,223273000.0,,223273000.0,344736968.0,7.0,6.697,10464000.0,0.252,1.0,38413000.0,0.993,0.0,0.0,3843016000.0,,0.0,3736157000.0,,,3676798000.0,,,429252968.0,276531000.0,0.0,366000.0,0.0,0.0,384900000.0,-119896000.0,-118833000.0,11527000.0,0.0,7836000.0,7836000.0,7836000.0,0.0,0.0,0.203,24119000.0,14294000.0,0.0,0.0,1.923,14.745,14.57,11633000.0,0.0,10.345,3.078,3.078,0.0,131691000.0,38686000.0,38686000.0,0.0,,,,,0.0,23076000.0,1.0,41493762.0,41493762.0,,0.932,3938569000.0,0.0,5313000.0,0.0,94.92,
90,SIVB,MRQ,1998-12-31,1998-12-31,1998-12-31,2021-08-06,2072000.0,3545452000.0,,,,,5.229,-2658000.0,123001000.0,123001000.0,15000.0,4525000.0,,15.246,0.0,,,0.0,0.0,650000.0,3269753000.0,0.0,0.0,7440000.0,8090000.0,0.276,8090000.0,7440000.0,7440000.0,0.11,0.11,0.11,215865000.0,,215865000.0,282041037.0,6.0,5.551,16358000.0,0.396,1.0,29330000.0,0.999,0.0,0.0,3422451000.0,,0.0,3362625000.0,,,3291102000.0,,,351522037.0,-296970000.0,0.0,896000.0,0.0,0.0,326793000.0,-642779000.0,-640121000.0,19016000.0,0.0,4525000.0,4525000.0,4525000.0,0.0,0.0,0.154,20855000.0,8475000.0,0.0,0.0,1.628,12.182,11.993,11354000.0,0.0,8.515,2.651,2.651,0.0,123855000.0,29345000.0,29345000.0,0.0,,,,,0.0,19493000.0,1.0,41282682.0,41282682.0,,0.711,3545452000.0,0.0,2915000.0,0.0,85.882,
91,SIVB,MRQ,1998-09-30,1998-09-30,1998-09-30,2021-08-06,3971000.0,3216182000.0,,,,,5.108,-2878000.0,107953000.0,107953000.0,19000.0,8550000.0,,14.115,38472000.0,,,38472000.0,0.0,502000.0,2943870000.0,0.0,0.0,14552000.0,15054000.0,0.423,15054000.0,14552000.0,14552000.0,0.21,0.205,0.21,210238000.0,,210238000.0,224700664.0,4.0,4.019,16668000.0,0.405,1.0,35596000.0,0.999,0.0,0.0,3146701000.0,,0.0,3054444000.0,,,2967472000.0,,,329263664.0,127913000.0,0.0,704000.0,0.0,0.0,77308000.0,31059000.0,33912000.0,19546000.0,0.0,8550000.0,8550000.0,8550000.0,0.0,0.0,0.24,20219000.0,15377000.0,0.0,0.0,1.566,10.363,10.127,9348000.0,0.0,8.0,2.45,2.45,0.0,119331000.0,35615000.0,35615000.0,0.0,,,,,0.0,19067000.0,1.0,41157958.0,41157958.0,,0.865,3216182000.0,0.0,6002000.0,0.0,78.142,
92,SIVB,MRQ,1998-06-30,1998-06-30,1998-06-30,2021-08-06,1913000.0,3123086000.0,,,,,4.839,-2259000.0,143022000.0,143022000.0,-1274000.0,8201000.0,,14.558,38459000.0,,,38459000.0,0.0,364000.0,2867279000.0,0.0,0.0,14037000.0,14401000.0,0.402,14401000.0,14037000.0,14037000.0,0.2,0.195,0.2,198263000.0,,198263000.0,598952460.0,11.0,11.152,10490000.0,0.256,1.0,37084000.0,1.036,0.0,0.0,3018523000.0,,0.0,2923107000.0,,,2886364000.0,,,729115460.0,200842000.0,0.0,1189000.0,0.0,0.0,309727000.0,-121634000.0,-120673000.0,12749000.0,0.0,8201000.0,8201000.0,8201000.0,0.0,0.0,0.229,22685000.0,14399000.0,0.0,0.0,3.678,23.914,23.261,7010000.0,0.0,17.795,5.656,5.656,0.0,110780000.0,35810000.0,35810000.0,0.0,,,,,0.0,21845000.0,1.0,40973052.0,40973052.0,,0.874,3123086000.0,0.0,5836000.0,0.0,76.223,
93,SIVB,MRQ,1998-03-31,1998-03-31,1998-03-31,2021-08-06,2556000.0,2800900000.0,,,,,4.629,-1114000.0,130163000.0,130163000.0,26000.0,7579000.0,,13.934,0.0,,,0.0,0.0,321000.0,2597200000.0,0.0,0.0,12944000.0,13265000.0,0.417,13265000.0,12944000.0,12944000.0,0.19,0.18,0.19,187556000.0,,187556000.0,513415114.0,10.0,10.008,8990000.0,0.222,1.0,31822000.0,0.999,0.0,0.0,2670737000.0,,0.0,2620118000.0,,,2613344000.0,,,618474114.0,63586000.0,0.0,2917000.0,0.0,0.0,167710000.0,-114228000.0,-113114000.0,10104000.0,0.0,7579000.0,7579000.0,7579000.0,0.0,0.0,0.238,18878000.0,12944000.0,0.0,0.0,3.298,21.278,20.628,5216000.0,0.0,15.265,5.131,5.131,0.0,102579000.0,31848000.0,31848000.0,0.0,,,,,0.0,17976000.0,1.0,40515828.0,40515828.0,,0.786,2800900000.0,0.0,5365000.0,0.0,69.131,
94,SIVB,MRQ,1997-12-31,1997-12-31,1997-12-31,2021-08-06,2419000.0,2625123000.0,,,,,4.306,-1265000.0,105059000.0,105059000.0,20000.0,7444000.0,,14.045,0.0,,,0.0,0.0,360000.0,2432407000.0,0.0,0.0,12835000.0,13195000.0,0.424,13195000.0,12835000.0,12835000.0,0.19,0.18,0.19,174481000.0,,174481000.0,,,,8781000.0,0.217,1.0,31077000.0,0.999,0.0,0.0,2520064000.0,,0.0,2472622000.0,,,2450642000.0,,,569753831.0,-101489000.0,0.0,1342000.0,0.0,0.0,205539000.0,-317074000.0,-315920000.0,10046000.0,0.0,7444000.0,7444000.0,7444000.0,0.0,0.0,0.239,18242000.0,12835000.0,0.0,0.0,3.265,20.585,19.668,4460000.0,0.0,14.062,4.997,4.997,0.0,94999000.0,31097000.0,31097000.0,0.0,,,,,0.0,17276000.0,1.0,40515828.0,40515828.0,,0.768,2625123000.0,0.0,5391000.0,0.0,64.793,
95,SIVB,MRQ,1997-09-30,1997-09-30,1997-09-30,2021-08-06,,,,,,,,-204000.0,,,30000.0,7265000.0,,,,,,,,319000.0,,0.0,0.0,12526000.0,12845000.0,0.426,12845000.0,12526000.0,12526000.0,0.185,0.175,0.185,,,,,,,11815000.0,,1.0,30114000.0,0.999,,0.0,,,,,,,,,,,46121000.0,0.0,1097000.0,0.0,0.0,174291000.0,-140189000.0,-140321000.0,12019000.0,0.0,7265000.0,7265000.0,7265000.0,0.0,0.0,0.241,17588000.0,12526000.0,,0.0,,,,,0.0,14.625,,,,,30144000.0,30144000.0,0.0,,,,,0.0,16822000.0,1.0,,,,,,,5261000.0,,,
96,SIVB,MRQ,1997-06-30,1997-06-30,1997-06-30,2021-08-06,,,,,,,,-116000.0,,,34000.0,6779000.0,,,,,,,,311000.0,,0.0,0.0,11687000.0,11998000.0,0.437,11998000.0,11687000.0,11687000.0,0.175,0.17,0.175,,,,,,,4985000.0,,1.0,27407000.0,0.999,,0.0,,,,,,,,,,,99012000.0,0.0,1237000.0,0.0,0.0,256570000.0,-162659000.0,-162833000.0,5101000.0,0.0,6779000.0,6779000.0,6779000.0,0.0,0.0,0.247,15720000.0,11687000.0,,0.0,,,,,0.0,11.312,,,,,27441000.0,27441000.0,0.0,,,,,0.0,14917000.0,1.0,,,,,,,4908000.0,,,
97,SIVB,MRQ,1997-03-31,1997-03-31,1997-03-31,2021-08-06,,,,,,,,-106000.0,,,-8000.0,6190000.0,,,,,,,,344000.0,,0.0,0.0,10672000.0,11016000.0,0.435,11016000.0,10672000.0,10672000.0,0.165,0.155,0.165,,,,,,,6111000.0,,1.0,25347000.0,1.0,,0.0,,,,,,,,,,,-49989000.0,0.0,1147000.0,0.0,0.0,26526000.0,-82732000.0,-83193000.0,6217000.0,0.0,6190000.0,6190000.0,6190000.0,0.0,0.0,0.244,14675000.0,10672000.0,,0.0,,,,,0.0,8.875,,,,,25339000.0,25339000.0,0.0,,,,,0.0,13818000.0,1.0,,,,,,,4482000.0,,,
98,SIVB,MRQ,1996-12-31,1996-12-31,1996-12-31,2021-08-06,2456000.0,1924544000.0,,,,,,,122836000.0,122836000.0,,,,13.214,0.0,,,0.0,0.0,,1774304000.0,0.0,0.0,,,,,,,,,,135400000.0,,135400000.0,,,,,,1.0,,,0.0,,1801708000.0,,0.0,1766155000.0,,,1789144000.0,,,,,,,,,,,,,,,,,,,,,,0.0,,,,13.782,4155000.0,,8.062,,,0.0,67321000.0,,,,,,,,,,1.0,,,,,1924544000.0,0.0,,0.0,,
0,SIVB,MRT,2021-06-30,2021-06-30,2021-06-30,2021-08-06,142000000.0,163399000000.0,129543347750.0,,,0.04,214.802,-77193000.0,23959000000.0,23959000000.0,0.0,2102620000.0,,12.98,2145000000.0,,,2145000000.0,0.0,112190000.0,145838000000.0,0.0,0.0,2561707000.0,2673897000.0,0.512,2673897000.0,2561707000.0,2561707000.0,35.46,35.0,35.46,11667000000.0,9393706750.0,11667000000.0,10631744350.0,4.0,3.976,1317816000.0,24.262,1.0,5218117000.0,1.0,200000000.0,0.0,141385000000.0,111212430750.0,0.0,136169000000.0,,,151432000000.0,,,30222573350.0,9756657000.0,-26700000.0,1132805000.0,972629000.0,0.0,75075501000.0,-66713853000.0,-66609960000.0,1395009000.0,0.0,1891031000.0,1864249000.0,1864249000.0,0.0,211589000.0,0.357,2444821000.0,2773296000.0,0.0,0.0,2.59,16.212,15.692,421000000.0,26782000.0,556.43,5.792,5.792,0.0,6706000000.0,5218117000.0,5218117000.0,0.0,0.014,0.198,0.023,0.491,65985000.0,2190543000.0,1.0,54315140.0,54315140.0,,96.071,163199000000.0,0.0,670676000.0,0.0,3004.669,
1,SIVB,MRT,2021-03-31,2021-03-31,2021-03-31,2021-08-06,20960000.0,142346620000.0,110126344000.0,,,0.042,190.47,-75956000.0,21254859000.0,21254859000.0,0.0,1722620000.0,,13.363,1664030000.0,,,1664030000.0,0.0,107315000.0,124150106000.0,0.0,0.0,2195707000.0,2303022000.0,0.503,2303022000.0,2195707000.0,2195707000.0,30.67,30.33,30.67,9894892000.0,8306800000.0,9894892000.0,9094559634.0,4.0,3.949,1414850000.0,27.235,1.0,4580117000.0,1.0,202010000.0,0.0,122553781000.0,93985638500.0,0.0,116292267000.0,,,132225841000.0,,,25645587634.0,11693088000.0,-26700000.0,1005240000.0,-2109867000.0,0.0,61819033000.0,-51616751000.0,-51514095000.0,1490806000.0,0.0,1610031000.0,1591249000.0,1591249000.0,0.0,112589000.0,0.347,2271821000.0,2308296000.0,0.0,0.0,2.592,16.117,16.096,413370000.0,18782000.0,493.66,5.599,5.599,0.0,6203969000.0,4580117000.0,4580117000.0,0.0,0.014,0.192,0.023,0.479,77192000.0,2045543000.0,1.0,51949900.0,51949900.0,,88.164,142144610000.0,0.0,585676000.0,0.0,2736.186,
2,SIVB,MRT,2020-12-31,2020-12-31,2020-12-31,2021-08-06,623000000.0,115511000000.0,93292099000.0,,,0.04,158.697,-87407000.0,17675000000.0,17675000000.0,0.0,1294294000.0,,13.027,1124000000.0,,,1124000000.0,0.0,100840000.0,101982000000.0,0.0,0.0,1655955000.0,1756795000.0,0.465,1756795000.0,1655955000.0,1655955000.0,23.05,22.87,23.05,8220000000.0,7591764250.0,8220000000.0,5509766503.0,3.0,3.136,1358080000.0,26.219,1.0,3776922000.0,1.0,204000000.0,0.0,98756000000.0,80591144750.0,0.0,94040000000.0,,,107078000000.0,,,20088392503.0,10892980000.0,-26700000.0,-28874000.0,498147000.0,0.0,40653214000.0,-31205721000.0,-31091614000.0,1445487000.0,0.0,1208368000.0,1191217000.0,1191217000.0,0.0,85926000.0,0.315,2035041000.0,1741881000.0,0.0,0.0,2.444,16.864,16.826,386000000.0,17151000.0,387.83,5.319,5.319,0.0,5672000000.0,3776922000.0,3776922000.0,0.0,0.013,0.157,0.021,0.438,78129000.0,1817279000.0,1.0,51796902.0,51796902.0,,72.918,115307000000.0,0.0,447587000.0,0.0,2226.137,
3,SIVB,MRT,2020-09-30,2020-09-30,2020-09-30,2021-08-06,620394000.0,96916771000.0,82165574750.0,,,0.041,150.556,-97397000.0,15687776000.0,15687776000.0,0.0,1130520000.0,,11.414,1109150000.0,,,1109150000.0,0.0,96266000.0,84773020000.0,0.0,0.0,1472468000.0,1568734000.0,0.468,1568734000.0,1472468000.0,1472468000.0,20.63,20.5,20.63,7792935000.0,7154341000.0,7792935000.0,-613887858.0,0.0,-0.391,1409801000.0,27.237,1.0,3355561000.0,1.0,183203000.0,0.0,82154942000.0,72057180750.0,0.0,78334843000.0,,,88949391000.0,,,12454717142.0,8741257000.0,0.0,-30127000.0,137281000.0,0.0,25629668000.0,-18395609000.0,-18298212000.0,1507198000.0,0.0,1078785000.0,1065822000.0,1065822000.0,0.0,51735000.0,0.318,1831358000.0,1524203000.0,0.0,0.0,1.598,11.686,11.664,393970000.0,12963000.0,240.62,3.712,3.712,0.0,5283433000.0,3355561000.0,3355561000.0,0.0,0.013,0.149,0.02,0.439,71748000.0,1642249000.0,1.0,51760939.0,51760939.0,,64.828,96733568000.0,0.0,393683000.0,0.0,1868.853,
4,SIVB,MRT,2020-06-30,2020-06-30,2020-06-30,2021-08-06,614735000.0,85730985000.0,74994190250.0,,,0.04,142.087,-97847000.0,14202106000.0,14202106000.0,0.0,938183000.0,,10.693,1133501000.0,,,1133501000.0,0.0,91893000.0,74505764000.0,0.0,0.0,1236252000.0,1328145000.0,0.442,1328145000.0,1236252000.0,1236252000.0,17.29,17.18,17.29,7319373000.0,6678777250.0,7319373000.0,5254706815.0,4.0,3.956,1360711000.0,26.415,1.0,3006337000.0,1.0,184549000.0,0.0,72477831000.0,67019343750.0,0.0,68718708000.0,,,78262672000.0,,,11102645815.0,5180858000.0,0.0,-39271000.0,163783000.0,0.0,19310161000.0,-15587861000.0,-15490014000.0,1458558000.0,0.0,899759000.0,891390000.0,891390000.0,0.0,38424000.0,0.297,1731661000.0,1274676000.0,0.0,0.0,1.517,12.455,12.466,384632000.0,8369000.0,215.53,3.693,3.693,0.0,4841720000.0,3006337000.0,3006337000.0,0.0,0.012,0.133,0.018,0.411,69828000.0,1548051000.0,1.0,51513227.0,51513227.0,,58.36,85546436000.0,0.0,336493000.0,0.0,1660.669,
5,SIVB,MRT,2020-03-31,2020-03-31,2020-03-31,2021-08-06,592534000.0,75009640000.0,69504878750.0,,,0.044,136.272,-85063000.0,9561448000.0,9561448000.0,0.0,1026754000.0,,9.642,3713509000.0,,,3713509000.0,0.0,86711000.0,61911957000.0,0.0,0.0,1351353000.0,1438064000.0,0.475,1438064000.0,1351353000.0,1351353000.0,18.97,18.84,18.97,7034749000.0,6237444750.0,7034749000.0,1601659818.0,1.0,1.114,906441000.0,17.559,1.0,3029544000.0,1.0,185895000.0,0.0,68975806000.0,62768981250.0,0.0,62842070000.0,,,67826419000.0,,,7799178818.0,2494565000.0,-2291000.0,-272844000.0,2765312000.0,0.0,12378411000.0,-10875350000.0,-10787996000.0,991504000.0,0.0,983746000.0,980377000.0,980377000.0,0.0,43008000.0,0.324,1635183000.0,1394361000.0,0.0,0.0,1.109,7.955,7.964,361172000.0,3369000.0,151.08,2.574,2.574,0.0,4612785000.0,3029544000.0,3029544000.0,0.0,0.014,0.157,0.022,0.446,61505000.0,1455673000.0,1.0,51622841.0,51622841.0,,58.686,74823745000.0,0.0,367607000.0,0.0,1449.431,
6,SIVB,MRT,2019-12-31,2019-12-31,2019-12-31,2021-08-06,84445000.0,71004903000.0,65792540000.0,,,0.049,125.471,-65479000.0,6781783000.0,6781783000.0,0.0,1184717000.0,,9.951,584264000.0,,,584264000.0,0.0,82717000.0,61757807000.0,0.0,0.0,1562541000.0,1645258000.0,0.512,1645258000.0,1562541000.0,1562541000.0,21.9,21.73,21.9,6470307000.0,5814450750.0,6470307000.0,6908105230.0,4.0,4.199,1098650000.0,21.305,1.0,3211664000.0,1.0,187240000.0,0.0,64620144000.0,58979159750.0,0.0,61931406000.0,,,64383823000.0,,,12945633230.0,3210244000.0,-102328000.0,-327693000.0,-972377000.0,0.0,11417997000.0,-9371882000.0,-9204075000.0,1164129000.0,0.0,1136856000.0,1136856000.0,1136856000.0,0.0,47861000.0,0.354,1601262000.0,1610402000.0,0.0,0.0,2.001,11.387,11.463,359241000.0,0.0,251.04,4.031,4.031,0.0,4575601000.0,3211664000.0,3211664000.0,0.0,0.017,0.196,0.026,0.487,57227000.0,1430174000.0,1.0,51568010.0,51568010.0,,62.28,70817663000.0,0.0,425685000.0,0.0,1373.287,
7,SIVB,MRT,2019-09-30,2019-09-30,2019-09-30,2021-08-06,136153000.0,68231233000.0,62273309000.0,,,0.049,114.297,-51018000.0,6946196000.0,6946196000.0,0.0,1184832000.0,,10.556,908668000.0,,,908668000.0,0.0,74925000.0,59542874000.0,0.0,0.0,1576888000.0,1651813000.0,0.538,1651813000.0,1576888000.0,1576888000.0,21.82,21.63,21.82,5890680000.0,5475926250.0,5890680000.0,2664603649.0,2.0,1.613,888384000.0,17.237,1.0,3069558000.0,1.0,190111000.0,0.0,62003594000.0,56495203000.0,0.0,59183613000.0,,,62182764000.0,,,10768980649.0,3127055000.0,-102328000.0,-480190000.0,-2612354000.0,0.0,7816508000.0,-5628855000.0,-5475509000.0,939402000.0,0.0,1140264000.0,1140264000.0,1140264000.0,0.0,44568000.0,0.371,1448102000.0,1621456000.0,0.0,0.0,1.828,9.444,9.576,325245000.0,0.0,208.95,3.508,3.508,0.0,4312745000.0,3069558000.0,3069558000.0,0.0,0.018,0.208,0.028,0.514,53880000.0,1299324000.0,1.0,51538553.0,51538553.0,,59.558,68041122000.0,0.0,436624000.0,0.0,1320.199,
8,SIVB,MRT,2019-06-30,2019-06-30,2019-06-30,2021-08-06,81232000.0,63773739000.0,59750434250.0,,,0.05,106.753,-49646000.0,9020925000.0,9020925000.0,0.0,1184479000.0,,10.455,916548000.0,,,916548000.0,0.0,69828000.0,55610540000.0,0.0,0.0,1574657000.0,1644485000.0,0.552,1644485000.0,1574657000.0,1574657000.0,21.79,21.58,21.79,5554043000.0,5234348500.0,5554043000.0,5534240602.0,4.0,3.365,987107000.0,18.973,1.0,2977559000.0,1.0,192981000.0,0.0,55476381000.0,55406320000.0,0.0,52796517000.0,,,58067564000.0,,,11684786602.0,6308824000.0,-102328000.0,-473900000.0,-392994000.0,0.0,5819360000.0,-547289000.0,-395315000.0,1036753000.0,0.0,1147800000.0,1147800000.0,1147800000.0,0.0,36679000.0,0.385,1366223000.0,1611336000.0,0.0,0.0,2.104,10.18,10.307,298235000.0,0.0,224.59,3.924,3.924,0.0,4051194000.0,2977559000.0,2977559000.0,0.0,0.019,0.219,0.028,0.529,44106000.0,1225230000.0,1.0,52027190.0,52027190.0,,57.231,63580758000.0,0.0,426857000.0,0.0,1222.068,
9,SIVB,MRT,2019-03-31,2019-03-31,2019-03-31,2021-08-06,-15374000.0,60160285000.0,57773935750.0,,,0.048,101.514,-43652000.0,7066883000.0,7066883000.0,0.0,1094934000.0,,10.234,916337000.0,,,916337000.0,0.0,64359000.0,52327197000.0,0.0,0.0,1452641000.0,1517000000.0,0.548,1517000000.0,1452641000.0,1452641000.0,20.15,19.92,20.15,5342773000.0,5010251000.0,5342773000.0,9459337364.0,7.0,6.236,882256000.0,16.763,1.0,2768404000.0,1.0,193219000.0,0.0,53816520000.0,55104440250.0,0.0,51335622000.0,,,54676462000.0,,,11702999364.0,4447499000.0,-100037000.0,-246287000.0,-1087685000.0,0.0,5020886000.0,-1499295000.0,-1355606000.0,925908000.0,0.0,1067611000.0,1067611000.0,1067611000.0,0.0,27323000.0,0.386,1288440000.0,1479964000.0,0.0,0.0,2.19,10.962,11.035,303662000.0,0.0,222.36,4.227,4.227,0.0,3963965000.0,2768404000.0,2768404000.0,0.0,0.018,0.213,0.026,0.525,32024000.0,1156932000.0,1.0,52630866.0,52630866.0,,52.6,59967066000.0,0.0,385030000.0,0.0,1139.39,
10,SIVB,MRT,2018-12-31,2018-12-31,2018-12-31,2021-08-06,-54120000.0,56927979000.0,56109061250.0,,,0.045,96.078,-45865000.0,3571539000.0,3571539000.0,0.0,1011348000.0,,10.098,1327877000.0,,,1327877000.0,0.0,57906000.0,49328900000.0,0.0,0.0,1325401000.0,1383307000.0,0.542,1383307000.0,1325401000.0,1325401000.0,18.35,18.11,18.35,5116209000.0,4778419250.0,5116209000.0,9621730192.0,7.0,6.956,887697000.0,16.67,1.0,2551102000.0,1.0,0.0,0.0,54684317000.0,54820128750.0,0.0,52275966000.0,,,51663136000.0,,,10113402192.0,648464000.0,0.0,-128736000.0,-402318000.0,0.0,4515277000.0,-4800375000.0,-4754510000.0,933562000.0,0.0,973840000.0,973840000.0,973840000.0,0.0,37508000.0,0.382,1188193000.0,1362909000.0,0.0,0.0,1.977,10.385,10.35,129213000.0,0.0,189.92,3.964,3.964,0.0,3791838000.0,2551102000.0,2551102000.0,0.0,0.017,0.204,0.024,0.52,27686000.0,1066666000.0,1.0,53250854.0,53250854.0,,47.907,56927979000.0,0.0,351561000.0,0.0,1069.053,
11,SIVB,MRT,2018-09-30,2018-09-30,2018-09-30,2021-08-06,-108410000.0,58139734000.0,54680683250.0,,,0.044,92.539,-44132000.0,3819141000.0,3819141000.0,0.0,861081000.0,,10.777,3327469000.0,,,3327469000.0,0.0,60247000.0,48596111000.0,0.0,0.0,1206398000.0,1266645000.0,0.531,1266645000.0,1206398000.0,1206398000.0,15.55,15.34,15.55,4924369000.0,4544315750.0,4924369000.0,14941542872.0,12.0,11.796,785564000.0,14.762,1.0,2387309000.0,1.0,0.0,0.0,57648062000.0,53654203000.0,0.0,53092786000.0,,,53069689000.0,,,16540425872.0,263570000.0,0.0,22402000.0,2574866000.0,0.0,6353242000.0,-6919368000.0,-6875236000.0,829696000.0,0.0,824786000.0,824786000.0,824786000.0,0.0,36295000.0,0.345,1144616000.0,1242693000.0,0.0,0.0,3.359,20.054,19.989,121890000.0,0.0,310.83,6.928,6.928,0.0,3672696000.0,2387309000.0,2387309000.0,0.0,0.015,0.181,0.022,0.505,21971000.0,1024069000.0,1.0,53213737.0,53213737.0,,44.863,58139734000.0,0.0,381612000.0,0.0,1092.57,
12,SIVB,MRT,2018-06-30,2018-06-30,2018-06-30,2021-08-06,-86865000.0,55867745000.0,52834321500.0,,,0.042,87.924,-44239000.0,2712101000.0,2712101000.0,0.0,733834000.0,,10.963,1113218000.0,,,1113218000.0,0.0,58757000.0,48887295000.0,0.0,0.0,1082244000.0,1141001000.0,0.516,1141001000.0,1082244000.0,1082244000.0,13.21,13.03,13.21,4657653000.0,4328176750.0,4657653000.0,14475235562.0,13.0,12.686,553285000.0,10.444,1.0,2210421000.0,1.0,0.0,0.0,54268862000.0,51230481000.0,0.0,52053617000.0,,,51062904000.0,,,15296748562.0,-1142143000.0,3000000.0,22829000.0,365230000.0,0.0,6781406000.0,-8521073000.0,-8479834000.0,597524000.0,0.0,698589000.0,698589000.0,698589000.0,0.0,35245000.0,0.316,1092932000.0,1117489000.0,0.0,0.0,3.284,21.897,21.859,117603000.0,0.0,288.76,6.92,6.92,0.0,3397879000.0,2210421000.0,2210421000.0,0.0,0.013,0.161,0.021,0.49,20798000.0,974002000.0,1.0,52973918.0,52973918.0,,41.727,55867745000.0,0.0,383655000.0,0.0,1054.627,
13,SIVB,MRT,2018-03-31,2018-03-31,2018-03-31,2021-08-06,-71686000.0,53500787000.0,50967480000.0,,,0.04,83.509,-48002000.0,2619384000.0,2619384000.0,0.0,619324000.0,,11.084,1797871000.0,,,1797871000.0,0.0,58109000.0,45936532000.0,0.0,0.0,962008000.0,1020117000.0,0.501,1020117000.0,962008000.0,962008000.0,11.07,10.93,11.07,4415446000.0,4138622250.0,4415446000.0,11496480862.0,12.0,11.27,835330000.0,15.798,1.0,2035787000.0,1.0,0.0,0.0,52679274000.0,48987274000.0,0.0,49767826000.0,,,48941063000.0,,,12690333862.0,-1176295000.0,3000000.0,20264000.0,999196000.0,0.0,5846105000.0,-7905732000.0,-7860730000.0,883332000.0,0.0,583984000.0,583984000.0,583984000.0,0.0,35340000.0,0.287,1038439000.0,997348000.0,0.0,0.0,2.874,21.731,21.681,127054000.0,0.0,240.01,6.234,6.234,0.0,3160081000.0,2035787000.0,2035787000.0,0.0,0.011,0.141,0.02,0.473,23726000.0,919049000.0,1.0,52874188.0,52874188.0,,38.502,53500787000.0,0.0,378024000.0,0.0,1011.851,
14,SIVB,MRT,2017-12-31,2017-12-31,2017-12-31,2021-08-06,-1472000.0,51214467000.0,49195618000.0,,,0.038,79.252,-50884000.0,2923075000.0,2923075000.0,0.0,519178000.0,,11.219,1729222000.0,,,1729222000.0,0.0,56123000.0,44254075000.0,0.0,0.0,845969000.0,902092000.0,0.478,902092000.0,845969000.0,845969000.0,9.33,9.2,9.33,4179795000.0,3975843500.0,4179795000.0,9528087218.0,11.0,10.562,595981000.0,11.3,1.0,1885296000.0,1.0,0.0,0.0,50020614000.0,46672027500.0,0.0,47286464000.0,,,46895052000.0,,,12329200218.0,377325000.0,3000000.0,27003000.0,423281000.0,0.0,5700956000.0,-5970496000.0,-5922612000.0,646865000.0,0.0,490506000.0,490506000.0,490506000.0,0.0,28672000.0,0.26,1010655000.0,874641000.0,0.0,0.0,2.95,25.136,25.056,128682000.0,0.0,233.77,6.54,6.54,0.0,2866837000.0,1885296000.0,1885296000.0,0.0,0.01,0.123,0.018,0.449,18886000.0,890465000.0,1.0,52740729.0,52740729.0,,35.746,51214467000.0,0.0,355463000.0,0.0,971.061,
15,SIVB,MRT,2017-09-30,2017-09-30,2017-09-30,2021-08-06,15634000.0,50754287000.0,47562916250.0,,,0.037,77.046,-51597000.0,3555571000.0,3555571000.0,0.0,498156000.0,,11.468,754458000.0,,,754458000.0,0.0,50970000.0,44812033000.0,0.0,0.0,747999000.0,798969000.0,0.455,798969000.0,747999000.0,747999000.0,9.01,8.91,9.01,4059813000.0,3841533250.0,4059813000.0,6754017369.0,9.0,8.453,668232000.0,12.682,1.0,1755219000.0,1.0,0.0,0.0,47953174000.0,45028444500.0,0.0,46226129000.0,,,46556989000.0,,,9858362369.0,1034252000.0,3000000.0,29444000.0,-43816000.0,0.0,6592730000.0,-6278307000.0,-6229710000.0,719829000.0,0.0,472762000.0,472762000.0,472762000.0,0.0,25394000.0,0.269,981826000.0,773393000.0,0.0,0.0,2.428,20.853,20.765,122826000.0,0.0,187.09,5.617,5.617,0.0,2749627000.0,1755219000.0,1755219000.0,0.0,0.01,0.123,0.017,0.426,26492000.0,861432000.0,1.0,52693155.0,52693155.0,,33.31,50754287000.0,0.0,275237000.0,0.0,963.205,
16,SIVB,MRT,2017-06-30,2017-06-30,2017-06-30,2021-08-06,14890000.0,48400379000.0,45692853750.0,,,0.036,74.282,-50750000.0,3854244000.0,3854244000.0,0.0,459685000.0,,11.376,749899000.0,,,749899000.0,0.0,49319000.0,42465291000.0,0.0,0.0,689986000.0,739305000.0,0.446,739305000.0,689986000.0,689986000.0,8.32,8.24,8.32,3899435000.0,3724842750.0,3899435000.0,6233084427.0,9.0,8.431,675664000.0,12.871,1.0,1659286000.0,1.0,0.0,0.0,45296034000.0,43427928500.0,0.0,43380063000.0,,,44360344000.0,,,9228135427.0,1999787000.0,0.0,28883000.0,-548984000.0,0.0,4339493000.0,-3066120000.0,-3015370000.0,726414000.0,0.0,435223000.0,435223000.0,435223000.0,0.0,24462000.0,0.262,944838000.0,714448000.0,0.0,0.0,2.367,21.203,21.129,121947000.0,0.0,175.79,5.562,5.562,0.0,2601007000.0,1659286000.0,1659286000.0,0.0,0.01,0.117,0.016,0.416,27136000.0,827587000.0,1.0,52495224.0,52495224.0,,31.608,48400379000.0,0.0,254763000.0,0.0,921.996,
17,SIVB,MRT,2017-03-31,2017-03-31,2017-03-31,2021-08-06,17958000.0,46413339000.0,44375922500.0,,,0.035,71.961,-50230000.0,3795679000.0,3795679000.0,0.0,421549000.0,,11.293,800628000.0,,,800628000.0,0.0,47674000.0,41079700000.0,0.0,0.0,653148000.0,700822000.0,0.448,700822000.0,653148000.0,653148000.0,7.77,7.7,7.77,3764331000.0,3626378500.0,3764331000.0,8497076618.0,13.0,12.124,477406000.0,9.126,1.0,1563234000.0,1.0,0.0,0.0,43418288000.0,42748356250.0,0.0,41819573000.0,,,42509883000.0,,,9734454618.0,1927167000.0,0.0,30906000.0,5163000.0,0.0,2353465000.0,-953934000.0,-903704000.0,527636000.0,0.0,404994000.0,404994000.0,404994000.0,0.0,16555000.0,0.259,893531000.0,669703000.0,0.0,0.0,2.586,24.036,23.95,122304000.0,0.0,186.09,6.227,6.227,0.0,2477814000.0,1563234000.0,1563234000.0,0.0,0.009,0.112,0.015,0.418,31757000.0,785584000.0,1.0,52310466.0,52310466.0,,29.884,46413339000.0,0.0,248154000.0,0.0,887.267,
18,SIVB,MRT,2016-12-31,2016-12-31,2016-12-31,2021-08-06,23430000.0,44683660000.0,43666063250.0,,,0.034,69.93,-53311000.0,2545750000.0,2545750000.0,0.0,390266000.0,,11.23,1308372000.0,,,1308372000.0,0.0,46819000.0,38979868000.0,0.0,0.0,633018000.0,679837000.0,0.453,679837000.0,633018000.0,633018000.0,7.37,7.31,7.37,3642554000.0,3530556750.0,3642554000.0,7218578215.0,11.0,10.618,418449000.0,8.033,1.0,1500396000.0,1.0,0.0,0.0,43446282000.0,42519274250.0,0.0,41344539000.0,,,40906623000.0,,,8941505215.0,1042493000.0,0.0,26147000.0,-262232000.0,0.0,-410828000.0,981561000.0,1034872000.0,471760000.0,0.0,382685000.0,382685000.0,382685000.0,0.0,7581000.0,0.255,859797000.0,640599000.0,0.0,0.0,2.455,23.365,23.292,120683000.0,0.0,171.66,5.959,5.959,0.0,2376331000.0,1500396000.0,1500396000.0,0.0,0.009,0.108,0.015,0.422,35494000.0,754812000.0,1.0,52088461.0,52088461.0,,28.805,44683660000.0,0.0,250333000.0,0.0,857.842,
19,SIVB,MRT,2016-09-30,2016-09-30,2016-09-30,2021-08-06,96579000.0,43274037000.0,43666824000.0,,,0.033,69.047,-53637000.0,2521319000.0,2521319000.0,0.0,376633000.0,,11.008,798392000.0,,,798392000.0,0.0,46618000.0,38189416000.0,0.0,0.0,619936000.0,666554000.0,0.456,666554000.0,619936000.0,619936000.0,7.15,7.1,7.15,3593051000.0,3419451750.0,3593051000.0,5197321998.0,8.0,7.797,304357000.0,5.849,1.0,1461003000.0,1.0,0.0,0.0,41551110000.0,42846465750.0,0.0,39954524000.0,,,39550720000.0,,,5752230998.0,847174000.0,0.0,17175000.0,-1335000.0,0.0,1140363000.0,-651183000.0,-597546000.0,357994000.0,0.0,370731000.0,370731000.0,370731000.0,0.0,5902000.0,0.254,835165000.0,625838000.0,0.0,0.0,1.601,15.516,15.46,115014000.0,0.0,110.54,3.937,3.937,0.0,2276865000.0,1461003000.0,1461003000.0,0.0,0.008,0.108,0.014,0.424,30407000.0,733453000.0,1.0,52037552.0,52037552.0,,28.076,43274037000.0,0.0,249205000.0,0.0,831.592,
20,SIVB,MRT,2016-06-30,2016-06-30,2016-06-30,2021-08-06,129921000.0,43132654000.0,43281060250.0,,,0.032,67.669,-53436000.0,1854457000.0,1854457000.0,0.0,348948000.0,,11.267,1299548000.0,,,1299548000.0,0.0,44023000.0,37596567000.0,0.0,0.0,570728000.0,614751000.0,0.446,614751000.0,570728000.0,570728000.0,6.61,6.55,6.61,3505578000.0,3314913750.0,3505578000.0,3857832648.0,7.0,6.275,216949000.0,4.188,1.0,1377440000.0,1.0,0.0,0.0,42577745000.0,42673139250.0,0.0,40512169000.0,,,39498861000.0,,,4929774648.0,-771093000.0,0.0,16499000.0,500682000.0,0.0,2468921000.0,-3510399000.0,-3456963000.0,270385000.0,0.0,341383000.0,341383000.0,341383000.0,0.0,7565000.0,0.248,799147000.0,578293000.0,0.0,0.0,1.406,14.441,14.396,110485000.0,0.0,95.16,3.579,3.579,0.0,2165784000.0,1377440000.0,1377440000.0,0.0,0.008,0.103,0.013,0.414,30678000.0,698536000.0,1.0,51805114.0,51805114.0,,26.589,43132654000.0,0.0,229345000.0,0.0,832.595,
21,SIVB,MRT,2016-03-31,2016-03-31,2016-03-31,2021-08-06,115390000.0,43573902000.0,42556926250.0,,,0.032,65.506,-55560000.0,1868512000.0,1868512000.0,0.0,349027000.0,,11.849,796570000.0,,,796570000.0,0.0,41652000.0,38759721000.0,0.0,0.0,553834000.0,595486000.0,0.437,595486000.0,553834000.0,553834000.0,6.5,6.43,6.5,3381044000.0,3201294750.0,3381044000.0,5335541658.0,10.0,8.96,286492000.0,5.551,1.0,1361619000.0,1.0,0.0,0.0,42501960000.0,41632592750.0,0.0,41048712000.0,,,40062862000.0,,,5267196658.0,604666000.0,39284000.0,16381000.0,-77766000.0,0.0,4746062000.0,-4483448000.0,-4467172000.0,342052000.0,0.0,334562000.0,334562000.0,334562000.0,0.0,14465000.0,0.246,793320000.0,568299000.0,0.0,0.0,1.558,15.744,15.7,108570000.0,0.0,102.05,3.868,3.868,0.0,2072820000.0,1361619000.0,1361619000.0,0.0,0.008,0.105,0.013,0.407,31345000.0,695733000.0,1.0,51613882.0,51613882.0,,26.381,43573902000.0,0.0,219272000.0,0.0,844.228,
22,SIVB,MRT,2015-12-31,2015-12-31,2015-12-31,2021-08-06,15404000.0,44686703000.0,41587448250.0,,,0.033,62.108,-53918000.0,1503257000.0,1503257000.0,0.0,374820000.0,,12.931,1571602000.0,,,1571602000.0,0.0,40008000.0,39142776000.0,0.0,0.0,572658000.0,612666000.0,0.443,612666000.0,572658000.0,572658000.0,6.7,6.62,6.7,3198134000.0,3098943000.0,3198134000.0,5249364788.0,9.0,8.568,285279000.0,5.54,1.0,1383536000.0,1.0,0.0,0.0,44755048000.0,40824270250.0,0.0,42371114000.0,,,41353472000.0,,,6122542788.0,-307757000.0,55279000.0,22410000.0,1113550000.0,0.0,5848782000.0,-6495736000.0,-6497097000.0,339197000.0,0.0,343904000.0,343904000.0,343904000.0,0.0,30916000.0,0.249,779962000.0,603574000.0,0.0,0.0,1.914,17.803,17.746,102625000.0,0.0,118.9,4.425,4.425,0.0,1993646000.0,1383536000.0,1383536000.0,0.0,0.008,0.111,0.014,0.414,32239000.0,682805000.0,1.0,51493211.0,51493211.0,,26.868,44686703000.0,0.0,228754000.0,0.0,867.817,
23,SIVB,MRT,2015-09-30,2015-09-30,2015-09-30,2021-08-06,97064000.0,41730982000.0,40250239750.0,,,0.035,61.678,-50564000.0,1674145000.0,1674145000.0,0.0,414606000.0,,12.1,800967000.0,,,800967000.0,0.0,38576000.0,37049417000.0,0.0,0.0,535516000.0,574092000.0,0.413,574092000.0,535516000.0,535516000.0,6.14,6.07,6.14,3174899000.0,3002677500.0,3174899000.0,4126938987.0,8.0,7.189,222537000.0,4.323,1.0,1391215000.0,1.0,0.0,0.0,40857804000.0,39135745750.0,0.0,39381815000.0,,,38416754000.0,,,5947497987.0,-198392000.0,55279000.0,22602000.0,343557000.0,0.0,6157353000.0,-6628846000.0,-6633561000.0,273101000.0,0.0,314382000.0,314382000.0,314382000.0,0.0,100224000.0,0.226,755475000.0,635740000.0,0.0,0.0,1.873,18.918,18.818,94652000.0,0.0,115.54,4.275,4.275,0.0,1906135000.0,1391215000.0,1391215000.0,0.0,0.008,0.105,0.014,0.385,31434000.0,663408000.0,1.0,51475662.0,51475662.0,,27.027,41730982000.0,0.0,221134000.0,0.0,810.693,
24,SIVB,MRT,2015-06-30,2015-06-30,2015-06-30,2021-08-06,63917000.0,40236118000.0,38827746000.0,,,0.035,59.545,-48226000.0,2625550000.0,2625550000.0,0.0,390798000.0,,12.142,804991000.0,,,804991000.0,0.0,39917000.0,35626965000.0,0.0,0.0,500950000.0,540867000.0,0.402,540867000.0,500950000.0,500950000.0,5.81,5.74,5.81,3051102000.0,2889442000.0,3051102000.0,6950230318.0,14.0,12.85,199832000.0,3.9,1.0,1345603000.0,1.0,0.0,0.0,38415559000.0,37578510750.0,0.0,36945942000.0,,,37046646000.0,,,7377550318.0,-24281000.0,55279000.0,27219000.0,344058000.0,0.0,7472627000.0,-7744966000.0,-7752019000.0,248058000.0,0.0,296626000.0,296626000.0,296626000.0,0.0,94172000.0,0.22,750481000.0,595122000.0,0.0,0.0,2.418,24.872,24.781,88284000.0,0.0,143.98,5.483,5.483,0.0,1824626000.0,1345603000.0,1345603000.0,0.0,0.008,0.103,0.013,0.372,30766000.0,660097000.0,1.0,51240105.0,51240105.0,,26.261,40236118000.0,0.0,204324000.0,0.0,785.247,
25,SIVB,MRT,2015-03-31,2015-03-31,2015-03-31,2021-08-06,92668000.0,39695990000.0,37095970500.0,,,0.033,58.31,-48495000.0,1308003000.0,1308003000.0,0.0,306695000.0,,11.919,880683000.0,,,880683000.0,0.0,39472000.0,33851575000.0,0.0,0.0,446714000.0,486186000.0,0.399,486186000.0,446714000.0,446714000.0,5.19,5.12,5.19,2971637000.0,2795601250.0,2971637000.0,5139468363.0,12.0,10.571,209989000.0,4.12,1.0,1219286000.0,1.0,0.0,0.0,39268670000.0,35754260250.0,0.0,37542292000.0,,,35418759000.0,,,6474306363.0,-2598618000.0,15995000.0,458975000.0,419387000.0,0.0,9198171000.0,-12055273000.0,-12022773000.0,258484000.0,0.0,261436000.0,261436000.0,261436000.0,0.0,45259000.0,0.214,727313000.0,491973000.0,0.0,0.0,2.179,24.764,24.478,82724000.0,0.0,127.04,5.31,5.31,0.0,1738483000.0,1219286000.0,1219286000.0,0.0,0.007,0.094,0.012,0.366,30238000.0,636447000.0,1.0,50962739.0,50962739.0,,23.925,39695990000.0,0.0,185278000.0,0.0,778.922,
26,SIVB,MRT,2014-12-31,2014-12-31,2014-12-31,2021-08-06,42704000.0,39337869000.0,34599732750.0,,,0.04,55.322,-42431000.0,1796062000.0,1796062000.0,0.0,478660000.0,,12.544,459143000.0,,,459143000.0,0.0,39345000.0,34343499000.0,0.0,0.0,447378000.0,486723000.0,0.355,486723000.0,447378000.0,447378000.0,5.39,5.31,5.39,2813072000.0,2576192000.0,2813072000.0,4489932697.0,10.0,9.225,212837000.0,4.186,1.0,1369348000.0,1.0,0.0,0.0,38000950000.0,32514131500.0,0.0,36908754000.0,,,35286135000.0,,,5902075697.0,272235000.0,0.0,457012000.0,2701000.0,0.0,12250649000.0,-12233682000.0,-12191251000.0,255268000.0,0.0,263870000.0,263870000.0,263870000.0,0.0,214790000.0,0.193,707180000.0,662168000.0,0.0,0.0,2.098,22.367,21.534,79845000.0,0.0,116.07,4.31,4.31,0.0,1649967000.0,1369348000.0,1369348000.0,0.0,0.008,0.102,0.014,0.327,29545000.0,623640000.0,1.0,50849278.0,50849278.0,,26.93,39337869000.0,0.0,183508000.0,0.0,773.617,
27,SIVB,MRT,2014-09-30,2014-09-30,2014-09-30,2021-08-06,18744000.0,36041007000.0,31369562750.0,,,0.045,53.654,-38499000.0,1872537000.0,1872537000.0,0.0,540435000.0,,11.793,460394000.0,,,460394000.0,0.0,39059000.0,31123135000.0,0.0,0.0,443789000.0,482848000.0,0.344,482848000.0,443789000.0,443789000.0,5.55,5.47,5.55,2721957000.0,2364491500.0,2721957000.0,3496099847.0,8.0,7.241,271611000.0,5.354,1.0,1404450000.0,1.0,0.0,0.0,34628864000.0,29348570500.0,0.0,33587131000.0,,,32100991000.0,,,5686558847.0,-70207000.0,0.0,460795000.0,1050000.0,0.0,11560495000.0,-11940812000.0,-11902313000.0,310110000.0,0.0,263301000.0,263301000.0,263301000.0,0.0,277134000.0,0.187,683527000.0,720923000.0,0.0,0.0,2.089,21.597,20.196,74375000.0,0.0,112.09,4.049,4.049,0.0,1595825000.0,1404450000.0,1404450000.0,0.0,0.008,0.111,0.015,0.316,30106000.0,607730000.0,1.0,50732080.0,50732080.0,,27.684,36041007000.0,0.0,180488000.0,0.0,710.418,
28,SIVB,MRT,2014-06-30,2014-06-30,2014-06-30,2021-08-06,50276000.0,33309016000.0,28294527000.0,,,0.055,58.124,-35202000.0,2649831000.0,2649831000.0,0.0,692461000.0,,10.977,459372000.0,,,459372000.0,0.0,38160000.0,28352547000.0,0.0,0.0,454630000.0,492790000.0,0.319,492790000.0,454630000.0,454630000.0,5.77,5.69,5.77,2675739000.0,2170234000.0,2675739000.0,1965699274.0,4.0,3.989,322293000.0,7.001,1.0,1544436000.0,1.0,0.0,0.0,31118557000.0,26256215500.0,0.0,30121928000.0,,,29370992000.0,,,5368583274.0,1776580000.0,0.0,461167000.0,-490000.0,0.0,10145909000.0,-8726824000.0,-8691622000.0,357495000.0,0.0,266945000.0,266945000.0,266945000.0,0.0,425516000.0,0.173,664290000.0,880146000.0,0.0,0.0,2.006,20.111,20.211,71465000.0,0.0,116.62,3.476,3.476,0.0,1532830000.0,1544436000.0,1544436000.0,0.0,0.009,0.123,0.017,0.294,29302000.0,592909000.0,1.0,46034842.0,46034842.0,,33.549,33309016000.0,0.0,187685000.0,0.0,723.561,
29,SIVB,MRT,2014-03-31,2014-03-31,2014-03-31,2021-08-06,-30390000.0,29711039000.0,25505748250.0,,,0.062,45.662,-29372000.0,3862464000.0,3862464000.0,0.0,758593000.0,,12.581,459580000.0,,,459580000.0,0.0,37546000.0,25476905000.0,0.0,0.0,446301000.0,483847000.0,0.307,483847000.0,446301000.0,446301000.0,5.79,5.71,5.79,2094000000.0,1963288250.0,2094000000.0,4827264003.0,11.0,9.977,193440000.0,4.218,1.0,1576956000.0,1.0,0.0,0.0,26308155000.0,23912073250.0,0.0,25323921000.0,,,26344058000.0,,,5905747003.0,2343215000.0,0.0,36652000.0,-2650000.0,0.0,6208336000.0,-4087933000.0,-4058561000.0,222812000.0,0.0,264576000.0,264576000.0,264576000.0,0.0,494017000.0,0.168,636638000.0,940318000.0,0.0,0.0,2.82,22.322,22.242,66123000.0,0.0,128.78,3.745,3.745,0.0,1482033000.0,1576956000.0,1576956000.0,0.0,0.01,0.135,0.019,0.283,27912000.0,569349000.0,1.0,45859194.0,45859194.0,,34.387,29711039000.0,0.0,181725000.0,0.0,647.875,
30,SIVB,MRT,2013-12-31,2013-12-31,2013-12-31,2021-08-06,-48764000.0,26417189000.0,23776988500.0,,,0.055,43.057,-30004000.0,1538779000.0,1538779000.0,0.0,544783000.0,,11.869,460296000.0,,,460296000.0,0.0,36260000.0,22472979000.0,0.0,0.0,361347000.0,397607000.0,0.304,397607000.0,361347000.0,361347000.0,4.73,4.67,4.73,1966270000.0,1910343000.0,1966270000.0,3307167303.0,9.0,8.318,141774000.0,3.105,1.0,1306857000.0,1.0,0.0,0.0,25338706000.0,22770385750.0,0.0,24345815000.0,,,23337861000.0,,,4788587303.0,529796000.0,0.0,46569000.0,-161030000.0,0.0,3197006000.0,-2838988000.0,-2808984000.0,171778000.0,0.0,214517000.0,214517000.0,214517000.0,0.0,330266000.0,0.164,615244000.0,691613000.0,0.0,0.0,2.435,22.323,22.169,67485000.0,0.0,104.86,3.664,3.664,0.0,1390732000.0,1306857000.0,1306857000.0,0.0,0.009,0.112,0.016,0.277,25413000.0,547185000.0,1.0,45666482.0,45666482.0,,28.617,26417189000.0,0.0,146830000.0,0.0,578.481,
31,SIVB,MRT,2013-09-30,2013-09-30,2013-09-30,2021-08-06,5443000.0,23740864000.0,22864222000.0,,,0.052,42.698,-21608000.0,1942744000.0,1942744000.0,0.0,452875000.0,,10.703,461324000.0,,,461324000.0,0.0,31945000.0,19996991000.0,0.0,0.0,340816000.0,372761000.0,0.315,372761000.0,340816000.0,340816000.0,4.61,4.54,4.61,1944927000.0,1876414250.0,1944927000.0,3522346044.0,10.0,9.449,144936000.0,3.182,1.0,1182053000.0,1.0,0.0,0.0,22259444000.0,22030962250.0,0.0,21335303000.0,,,20817220000.0,,,3934259044.0,1036064000.0,0.0,40340000.0,-502590000.0,0.0,1817713000.0,-948193000.0,-926585000.0,166544000.0,0.0,207517000.0,207517000.0,207517000.0,0.0,245358000.0,0.176,595879000.0,586174000.0,0.0,0.0,2.023,18.959,18.735,65385000.0,0.0,86.37,3.328,3.328,0.0,1331975000.0,1182053000.0,1182053000.0,0.0,0.009,0.111,0.015,0.288,23803000.0,526782000.0,1.0,45551222.0,45551222.0,,25.95,23740864000.0,0.0,133299000.0,0.0,521.19,
32,SIVB,MRT,2013-06-30,2013-06-30,2013-06-30,2021-08-06,-9771000.0,22153901000.0,22323239500.0,,,0.044,40.994,-27790000.0,873251000.0,873251000.0,0.0,289835000.0,,10.542,461338000.0,,,461338000.0,0.0,31809000.0,18690074000.0,0.0,0.0,296550000.0,328359000.0,0.337,328359000.0,296550000.0,296550000.0,4.08,4.02,4.08,1847956000.0,1836413500.0,1847956000.0,2701402611.0,9.0,8.227,206792000.0,4.587,1.0,974726000.0,1.0,0.0,0.0,21741988000.0,21875285750.0,0.0,20801367000.0,,,19481806000.0,,,3755997611.0,-538474000.0,0.0,37265000.0,-480000.0,0.0,689919000.0,-1462975000.0,-1435185000.0,234582000.0,0.0,182185000.0,182185000.0,182185000.0,0.0,107650000.0,0.187,570526000.0,404200000.0,0.0,0.0,2.033,20.616,20.422,65644000.0,0.0,83.32,3.853,3.853,0.0,1264354000.0,974726000.0,974726000.0,0.0,0.008,0.099,0.014,0.304,22806000.0,506272000.0,1.0,45079184.0,45079184.0,,21.623,22153901000.0,0.0,114365000.0,0.0,491.444,
33,SIVB,MRT,2013-03-31,2013-03-31,2013-03-31,2021-08-06,95615000.0,22796000000.0,22107207250.0,,,0.043,42.052,-32812000.0,1519249000.0,1519249000.0,0.0,270425000.0,,10.697,464654000.0,,,464654000.0,0.0,30147000.0,19309908000.0,0.0,0.0,297118000.0,327265000.0,0.345,327265000.0,297118000.0,297118000.0,4.08,4.02,4.08,1882219000.0,1803264500.0,1882219000.0,2790089339.0,9.0,8.525,173124000.0,3.868,1.0,949339000.0,1.0,0.0,0.0,21741405000.0,21525328500.0,0.0,20856636000.0,,,20133942000.0,,,3175200339.0,668625000.0,0.0,29443000.0,-984571000.0,0.0,1668551000.0,-1205862000.0,-1175920000.0,205936000.0,0.0,181204000.0,181204000.0,181204000.0,0.0,89221000.0,0.191,563000000.0,386339000.0,0.0,0.0,1.687,17.523,17.387,65713000.0,0.0,70.94,3.345,3.345,0.0,1215770000.0,949339000.0,949339000.0,0.0,0.008,0.1,0.014,0.313,22690000.0,498772000.0,1.0,44758956.0,44758956.0,,21.21,22796000000.0,0.0,115914000.0,0.0,509.306,
34,SIVB,MRT,2012-12-31,2012-12-31,2012-12-31,2021-08-06,108553000.0,22766123000.0,21612791500.0,,,0.042,41.12,-34260000.0,1008983000.0,1008983000.0,0.0,249813000.0,,11.014,623872000.0,,,623872000.0,0.0,28122000.0,19176452000.0,0.0,0.0,288372000.0,316494000.0,0.348,316494000.0,288372000.0,288372000.0,3.96,3.91,3.96,1830555000.0,1742582250.0,1830555000.0,2551427934.0,9.0,8.062,161848000.0,3.636,1.0,909080000.0,1.0,0.0,0.0,22381012000.0,21444709250.0,0.0,21363724000.0,,,20160890000.0,,,2491623934.0,-105965000.0,0.0,29282000.0,23459000.0,0.0,2584295000.0,-2886368000.0,-2854978000.0,196108000.0,0.0,175103000.0,175103000.0,175103000.0,0.0,74710000.0,0.193,545998000.0,363082000.0,0.0,0.0,1.361,14.229,14.134,66545000.0,0.0,55.97,2.741,2.741,0.0,1174878000.0,909080000.0,909080000.0,0.0,0.008,0.1,0.013,0.317,24050000.0,487421000.0,1.0,44517133.0,44517133.0,,20.421,22766123000.0,0.0,113269000.0,0.0,511.401,
35,SIVB,MRT,2012-09-30,2012-09-30,2012-09-30,2021-08-06,122010000.0,21576934000.0,20913484250.0,,,0.04,40.192,-42745000.0,906680000.0,906680000.0,0.0,194041000.0,,10.657,966484000.0,,,966484000.0,0.0,30142000.0,17725066000.0,0.0,0.0,270283000.0,300425000.0,0.357,300425000.0,270283000.0,270283000.0,3.64,3.6,3.64,1784924000.0,1677291500.0,1784924000.0,1737430050.0,6.0,5.783,161065000.0,3.627,1.0,841727000.0,1.0,0.0,0.0,21636738000.0,20713854750.0,0.0,20302390000.0,,,19021588000.0,,,2685043050.0,-1135292000.0,0.0,33952000.0,361340000.0,0.0,2067258000.0,-3406360000.0,-3366485000.0,203810000.0,0.0,160256000.0,160256000.0,160256000.0,0.0,33785000.0,0.19,537659000.0,304068000.0,0.0,0.0,1.504,16.755,16.61,68270000.0,0.0,60.46,3.19,3.19,0.0,1124415000.0,841727000.0,841727000.0,0.0,0.008,0.096,0.013,0.321,22503000.0,478270000.0,1.0,44410239.0,44410239.0,,18.953,21576934000.0,0.0,110027000.0,0.0,485.855,
36,SIVB,MRT,2012-06-30,2012-06-30,2012-06-30,2021-08-06,104077000.0,21289772000.0,20318091500.0,,,0.042,38.796,-38029000.0,1411725000.0,1411725000.0,0.0,216977000.0,,10.986,464112000.0,,,464112000.0,0.0,27250000.0,18068812000.0,0.0,0.0,263865000.0,291115000.0,0.34,291115000.0,263865000.0,263865000.0,3.56,3.52,3.56,1715360000.0,1615085000.0,1715360000.0,3196915706.0,12.0,10.982,-49545000.0,-1.121,1.0,855243000.0,1.0,0.0,0.0,20342159000.0,19745407250.0,0.0,19444849000.0,,,18845447000.0,,,2596324706.0,-1153494000.0,0.0,35046000.0,-140950000.0,0.0,1778520000.0,-2920498000.0,-2885339000.0,-11516000.0,0.0,155538000.0,155538000.0,155538000.0,0.0,61439000.0,0.182,529939000.0,325304000.0,0.0,0.0,1.514,16.693,16.494,64773000.0,0.0,58.72,3.036,3.036,0.0,1082126000.0,855243000.0,855243000.0,0.0,0.008,0.096,0.013,0.309,21431000.0,468702000.0,1.0,44215339.0,44215339.0,,19.343,21289772000.0,0.0,108327000.0,0.0,481.502,
37,SIVB,MRT,2012-03-31,2012-03-31,2012-03-31,2021-08-06,89309000.0,20818337000.0,19837332250.0,,,0.045,37.572,-33299000.0,850624000.0,850624000.0,0.0,249631000.0,,11.269,1451215000.0,,,1451215000.0,0.0,27425000.0,16716882000.0,0.0,0.0,293758000.0,321183000.0,0.363,321183000.0,293758000.0,293758000.0,4.01,3.96,4.01,1639490000.0,1545468250.0,1639490000.0,2296243393.0,8.0,7.149,116098000.0,2.661,1.0,884909000.0,1.0,0.0,0.0,21418928000.0,19012645500.0,0.0,19569849000.0,,,18475634000.0,,,2807543393.0,-1499436000.0,0.0,40339000.0,463343000.0,0.0,1778219000.0,-3427052000.0,-3393753000.0,149397000.0,0.0,173685000.0,173685000.0,173685000.0,0.0,75946000.0,0.196,515205000.0,369704000.0,0.0,0.0,1.712,16.165,16.045,59320000.0,0.0,64.34,3.173,3.173,0.0,1034523000.0,884909000.0,884909000.0,0.0,0.009,0.112,0.015,0.332,20405000.0,460502000.0,1.0,43636049.0,43636049.0,,20.279,20818337000.0,0.0,120073000.0,0.0,477.09,
38,SIVB,MRT,2011-12-31,2011-12-31,2011-12-31,2021-08-06,85399000.0,19968894000.0,19287314500.0,,,0.047,36.209,-30856000.0,1114948000.0,1114948000.0,0.0,282793000.0,,11.29,603648000.0,,,603648000.0,0.0,27490000.0,16709536000.0,0.0,0.0,290989000.0,318479000.0,0.353,318479000.0,290989000.0,290989000.0,4.0,3.94,4.0,1569392000.0,1463989250.0,1569392000.0,634600700.0,2.0,1.993,135536000.0,3.127,1.0,902508000.0,1.0,0.0,0.0,19457594000.0,18035002000.0,0.0,18420621000.0,,,17718505000.0,,,2067015700.0,-1961484000.0,0.0,36873000.0,-387867000.0,0.0,1911080000.0,-4038956000.0,-4008100000.0,166392000.0,0.0,171902000.0,171902000.0,171902000.0,0.0,110891000.0,0.19,500628000.0,401880000.0,0.0,0.0,1.317,12.024,11.922,56471000.0,0.0,47.69,2.29,2.29,0.0,999733000.0,902508000.0,902508000.0,0.0,0.009,0.117,0.016,0.322,19019000.0,446059000.0,1.0,43342749.0,43342749.0,,20.823,19968894000.0,0.0,119087000.0,0.0,460.721,
39,SIVB,MRT,2011-09-30,2011-09-30,2011-09-30,2021-08-06,99453000.0,19195363000.0,18677031250.0,,,0.046,35.541,-27625000.0,2041972000.0,2041972000.0,0.0,272885000.0,,11.069,609557000.0,,,609557000.0,0.0,25669000.0,16139222000.0,0.0,0.0,257623000.0,283292000.0,0.33,283292000.0,257623000.0,257623000.0,3.59,3.53,3.59,1536098000.0,1390228750.0,1536098000.0,-356472159.0,-1.0,-1.258,80929000.0,1.872,1.0,858502000.0,1.0,0.0,0.0,17762948000.0,17095062000.0,0.0,16834691000.0,,,17003035000.0,,,1599150841.0,-1736397000.0,-1300000.0,39080000.0,-407957000.0,0.0,3257886000.0,-5102837000.0,-5073912000.0,108554000.0,0.0,153815000.0,153815000.0,153815000.0,0.0,119070000.0,0.179,481809000.0,376693000.0,0.0,0.0,1.041,10.397,10.306,53458000.0,0.0,37.0,1.863,1.863,0.0,964159000.0,858502000.0,858502000.0,0.0,0.008,0.111,0.015,0.3,18329000.0,429048000.0,1.0,43220293.0,43220293.0,,19.863,19195363000.0,0.0,103808000.0,0.0,444.128,
40,SIVB,MRT,2011-06-30,2011-06-30,2011-06-30,2021-08-06,47377000.0,19366735000.0,17793207750.0,,,0.046,33.504,-26679000.0,2565219000.0,2565219000.0,0.0,249248000.0,,12.075,609596000.0,,,609596000.0,0.0,25870000.0,16278474000.0,0.0,0.0,256065000.0,281935000.0,0.348,281935000.0,256065000.0,256065000.0,3.62,3.56,3.62,1436893000.0,1323357000.0,1436893000.0,1450867964.0,6.0,5.146,213363000.0,4.975,1.0,809811000.0,1.0,0.0,0.0,17411112000.0,15946136250.0,0.0,16352590000.0,,,17350684000.0,,,2560779964.0,-1625124000.0,-1300000.0,36945000.0,-48663000.0,0.0,4012975000.0,-5878141000.0,-5850162000.0,240042000.0,0.0,154031000.0,154031000.0,154031000.0,0.0,95217000.0,0.19,458529000.0,351282000.0,0.0,0.0,1.782,16.625,16.494,49452000.0,0.0,59.71,3.162,3.162,0.0,926588000.0,809811000.0,809811000.0,0.0,0.009,0.116,0.016,0.316,17314000.0,408464000.0,1.0,42886953.0,42886953.0,,18.882,19366735000.0,0.0,102034000.0,0.0,451.576,
41,SIVB,MRT,2011-03-31,2011-03-31,2011-03-31,2021-08-06,9240000.0,18618266000.0,16677520500.0,,,0.042,30.966,-25904000.0,2350060000.0,2350060000.0,0.0,180702000.0,,12.768,1240148000.0,,,1240148000.0,0.0,24144000.0,15330319000.0,0.0,0.0,181991000.0,206135000.0,0.297,206135000.0,181991000.0,181991000.0,2.6,2.56,2.6,1313574000.0,1273409500.0,1313574000.0,585021967.0,3.0,2.838,95594000.0,2.254,1.0,694969000.0,1.0,0.0,0.0,17508354000.0,14500405250.0,0.0,15868011000.0,,,16771235000.0,,,2414948967.0,-2341643000.0,-1300000.0,33388000.0,338035000.0,0.0,4272733000.0,-6735874000.0,-6708670000.0,121498000.0,0.0,109401000.0,109401000.0,109401000.0,0.0,71301000.0,0.157,441677000.0,253292000.0,0.0,0.0,1.838,22.074,21.896,46161000.0,0.0,56.93,3.475,3.475,0.0,860838000.0,694969000.0,694969000.0,0.0,0.007,0.086,0.013,0.262,15147000.0,385515000.0,1.0,42419620.0,42419620.0,,16.383,18618266000.0,0.0,72590000.0,0.0,438.907,
42,SIVB,MRT,2010-12-31,2010-12-31,2010-12-31,2021-08-06,24143000.0,17527761000.0,15554266250.0,,,0.04,30.347,-27056000.0,3076432000.0,3076432000.0,0.0,136817000.0,,12.382,1246505000.0,,,1246505000.0,0.0,23224000.0,14336941000.0,0.0,0.0,156353000.0,179577000.0,0.289,179577000.0,156353000.0,156353000.0,2.27,2.24,2.27,1274350000.0,1238386000.0,1274350000.0,-265120867.0,-2.0,-1.476,136172000.0,3.243,1.0,621037000.0,1.0,0.0,0.0,15697834000.0,12706605250.0,0.0,14078597000.0,,,15779483000.0,,,2227703133.0,-436421000.0,-1660000.0,24019000.0,341005000.0,0.0,4453058000.0,-5052707000.0,-5023991000.0,163228000.0,0.0,94951000.0,94951000.0,94951000.0,0.0,41866000.0,0.153,422818000.0,198219000.0,0.0,0.0,1.748,23.462,23.37,44545000.0,0.0,53.05,3.587,3.587,0.0,827831000.0,621037000.0,621037000.0,0.0,0.006,0.077,0.012,0.252,13572000.0,367367000.0,1.0,41992519.0,41992519.0,,14.789,17527761000.0,0.0,61402000.0,0.0,417.402,
43,SIVB,MRT,2010-09-30,2010-09-30,2010-09-30,2021-08-06,47600000.0,15660069000.0,14382675750.0,,,0.041,30.245,-25449000.0,3778369000.0,3778369000.0,0.0,126917000.0,,11.007,1285545000.0,,,1285545000.0,0.0,26888000.0,12414945000.0,0.0,0.0,162207000.0,189095000.0,0.323,189095000.0,162207000.0,162207000.0,2.03,1.99,2.03,1268611000.0,1201884250.0,1268611000.0,-1500724788.0,-9.0,-7.936,103575000.0,2.469,1.0,585750000.0,1.0,0.0,0.0,13167245000.0,11338134500.0,0.0,11444101000.0,,,13963773000.0,,,1775073212.0,-332459000.0,-360000.0,309074000.0,350438000.0,0.0,2849726000.0,-3311209000.0,-3285400000.0,129024000.0,0.0,98208000.0,83508000.0,83508000.0,0.0,28709000.0,0.143,394834000.0,190916000.0,0.0,0.0,1.399,21.256,20.847,41917000.0,14700000.0,42.32,3.03,3.03,0.0,810379000.0,585750000.0,585750000.0,0.0,0.006,0.069,0.014,0.277,12365000.0,339944000.0,1.0,41944074.0,41944074.0,,13.965,15660069000.0,0.0,63999000.0,0.0,373.356,
44,SIVB,MRT,2010-06-30,2010-06-30,2010-06-30,2021-08-06,59948000.0,14903986000.0,13602309250.0,,,0.039,29.638,-22372000.0,4190343000.0,4190343000.0,0.0,100887000.0,,10.732,914545000.0,,,914545000.0,0.0,26079000.0,12140413000.0,0.0,0.0,140466000.0,166545000.0,0.316,166545000.0,140466000.0,140466000.0,1.75,1.71,1.75,1237103000.0,1151575750.0,1237103000.0,-2071136453.0,-15.0,-12.436,72981000.0,1.748,1.0,527239000.0,1.0,0.0,0.0,11628188000.0,10395157750.0,0.0,10332972000.0,,,13277031000.0,,,1720958547.0,480973000.0,-360000.0,308530000.0,-38298000.0,0.0,3237856000.0,-2852236000.0,-2829504000.0,95353000.0,0.0,84584000.0,66329000.0,66329000.0,0.0,16303000.0,0.126,370470000.0,156769000.0,0.0,0.0,1.391,25.946,23.56,38123000.0,18255000.0,41.23,3.264,3.264,0.0,772592000.0,527239000.0,527239000.0,0.0,0.005,0.058,0.014,0.266,12676000.0,320240000.0,1.0,41740445.0,41740445.0,,12.631,14903986000.0,0.0,55882000.0,0.0,357.063,
45,SIVB,MRT,2010-03-31,2010-03-31,2010-03-31,2021-08-06,23456000.0,14125249000.0,12742784500.0,,,0.038,28.376,-20251000.0,4691703000.0,4691703000.0,0.0,82078000.0,,10.717,899608000.0,,,899608000.0,0.0,25285000.0,11513294000.0,0.0,0.0,124039000.0,149324000.0,0.307,149324000.0,124039000.0,124039000.0,1.48,1.45,1.48,1173480000.0,1097104750.0,1173480000.0,-687849550.0,-6.0,-4.606,101307000.0,2.45,1.0,486617000.0,1.0,0.0,0.0,10333154000.0,9778187750.0,0.0,9076058000.0,,,12576089000.0,,,1929598450.0,1044717000.0,-360000.0,302960000.0,-118628000.0,0.0,3039868000.0,-2116709000.0,-2096098000.0,121558000.0,0.0,74802000.0,53002000.0,53002000.0,0.0,7276000.0,0.109,355302000.0,131315000.0,0.0,0.0,1.644,36.406,31.527,34966000.0,21800000.0,46.66,3.965,3.965,0.0,751472000.0,486617000.0,486617000.0,0.0,0.004,0.048,0.013,0.255,11930000.0,304684000.0,1.0,41354446.0,41354446.0,,11.767,14125249000.0,0.0,49237000.0,0.0,341.565,
46,SIVB,MRT,2009-12-31,2009-12-31,2009-12-31,2021-08-06,5905000.0,12841399000.0,11951164250.0,,,0.033,33.977,-15963000.0,3512853000.0,3512853000.0,0.0,10640000.0,,10.074,895405000.0,,,895405000.0,0.0,24931000.0,10331937000.0,0.0,0.0,83217000.0,108148000.0,0.278,108148000.0,83217000.0,83217000.0,0.67,0.66,0.67,1128343000.0,1051765500.0,1128343000.0,-1759788058.0,-21.0,-16.272,71000000.0,2.138,1.0,389713000.0,1.0,0.0,0.0,10223951000.0,9349193500.0,0.0,8967363000.0,,,11367289000.0,,,1383476942.0,1076128000.0,0.0,297980000.0,-125943000.0,0.0,2846631000.0,-1857466000.0,-1841503000.0,86963000.0,0.0,48010000.0,22674000.0,22674000.0,0.0,-37370000.0,0.058,343866000.0,45847000.0,0.0,0.0,1.226,61.016,62.179,31736000.0,25336000.0,41.66,3.55,3.55,0.0,732907000.0,389713000.0,389713000.0,0.0,0.002,0.022,0.009,0.214,13017000.0,291343000.0,1.0,33208760.0,33208760.0,,11.735,12841399000.0,0.0,35207000.0,0.0,386.687,
47,SIVB,MRT,2009-09-30,2009-09-30,2009-09-30,2021-08-06,25513000.0,12538603000.0,11245384500.0,,,0.028,32.176,-14130000.0,4062298000.0,4062298000.0,0.0,-25022000.0,,10.442,919033000.0,,,919033000.0,0.0,17027000.0,10055632000.0,0.0,0.0,49848000.0,66875000.0,0.212,66875000.0,49848000.0,49848000.0,0.47,0.48,0.47,1067377000.0,1017518750.0,1067377000.0,-870199040.0,-17.0,-13.012,99728000.0,3.006,1.0,315235000.0,1.0,0.0,0.0,9395338000.0,8951957250.0,0.0,8108915000.0,,,11145831000.0,,,1435379960.0,3360315000.0,0.0,7108000.0,-524352000.0,0.0,4386462000.0,-1140005000.0,-1125875000.0,113858000.0,0.0,27380000.0,16037000.0,16037000.0,0.0,-52402000.0,0.051,317789000.0,-2554000.0,0.0,0.0,1.345,89.504,92.064,30722000.0,11343000.0,43.27,4.553,4.553,0.0,726455000.0,315235000.0,315235000.0,0.0,0.001,0.016,0.006,0.158,13003000.0,267284000.0,1.0,33172636.0,33172636.0,,9.503,12538603000.0,0.0,22468000.0,0.0,377.98,
48,SIVB,MRT,2009-06-30,2009-06-30,2009-06-30,2021-08-06,4470000.0,11465887000.0,10128470000.0,,,0.031,30.906,-11167000.0,3246560000.0,3246560000.0,0.0,-27206000.0,,9.949,940981000.0,,,940981000.0,0.0,18178000.0,8994583000.0,0.0,0.0,51435000.0,69613000.0,0.222,69613000.0,51435000.0,51435000.0,0.65,0.64,0.65,1019219000.0,933337500.0,1019219000.0,-1443926873.0,-28.0,-20.742,154631000.0,4.689,1.0,313507000.0,1.0,0.0,0.0,9160308000.0,8878195000.0,0.0,7834970000.0,,,10140677000.0,,,897664127.0,3080590000.0,0.0,19569000.0,-400268000.0,0.0,4055655000.0,-1140863000.0,-1129696000.0,165798000.0,0.0,29135000.0,21347000.0,21347000.0,0.0,-56341000.0,0.068,318413000.0,-4906000.0,0.0,0.0,0.881,42.051,41.877,30196000.0,7788000.0,27.22,2.863,2.863,0.0,705847000.0,313507000.0,313507000.0,0.0,0.002,0.023,0.006,0.164,12295000.0,268894000.0,1.0,32978109.0,32978109.0,,9.507,11465887000.0,0.0,22300000.0,0.0,347.682,
49,SIVB,MRT,2009-03-31,2009-03-31,2009-03-31,2021-08-06,-3162000.0,10958768000.0,9089466000.0,,,0.037,30.125,-9036000.0,3362216000.0,3362216000.0,0.0,-10103000.0,,9.743,1020625000.0,,,1020625000.0,0.0,20958000.0,8482324000.0,0.0,0.0,70228000.0,91186000.0,0.27,91186000.0,70228000.0,70228000.0,1.07,1.01,1.07,992123000.0,849814500.0,992123000.0,-69643428.0,-1.0,-0.764,102937000.0,3.126,1.0,337904000.0,1.0,0.0,0.0,8617177000.0,8583316000.0,0.0,7212003000.0,,,9666371000.0,,,658992572.0,2971743000.0,0.0,26383000.0,-42123000.0,0.0,4011908000.0,-1152138000.0,-1143102000.0,111973000.0,0.0,38811000.0,34568000.0,34568000.0,0.0,-48914000.0,0.102,312732000.0,25172000.0,0.0,0.0,0.664,19.064,18.701,29341000.0,4243000.0,20.01,1.95,1.95,0.0,701708000.0,337904000.0,337904000.0,0.0,0.004,0.041,0.008,0.208,14840000.0,269496000.0,1.0,32933162.0,32933162.0,,10.26,10958768000.0,0.0,31417000.0,0.0,332.758,
50,SIVB,MRT,2008-12-31,2008-12-31,2008-12-31,2021-08-06,-5789000.0,10018280000.0,8074099750.0,,,0.052,30.233,-8544000.0,2436725000.0,2436725000.0,0.0,55147000.0,,8.782,1057543000.0,,,1057543000.0,0.0,22922000.0,7473472000.0,0.0,0.0,126499000.0,149421000.0,0.356,149421000.0,126499000.0,126499000.0,2.27,2.16,2.27,991356000.0,770572750.0,991356000.0,1893530002.0,15.0,12.672,118501000.0,3.614,1.0,420247000.0,1.0,4092000.0,0.0,8635006000.0,8236588750.0,0.0,7184957000.0,,,8706568000.0,,,860094002.0,1753551000.0,0.0,-12812000.0,-6192000.0,0.0,3184019000.0,-1557513000.0,-1548969000.0,127045000.0,0.0,74286000.0,73579000.0,73579000.0,0.0,-19139000.0,0.175,309029000.0,111218000.0,0.0,0.0,0.868,11.689,11.555,30589000.0,707000.0,26.23,2.047,2.047,0.0,709726000.0,420247000.0,420247000.0,0.0,0.009,0.095,0.015,0.301,15042000.0,271691000.0,1.0,32790469.0,32790469.0,,12.816,10014188000.0,0.0,52213000.0,0.0,305.399,
51,SIVB,MRT,2008-09-30,2008-09-30,2008-09-30,2021-08-06,-18934000.0,8070945000.0,7242643750.0,,,0.07,22.485,-8327000.0,373510000.0,373510000.0,0.0,126158000.0,,9.601,1406946000.0,,,1406946000.0,0.0,31701000.0,5432609000.0,0.0,0.0,178898000.0,210599000.0,0.415,210599000.0,178898000.0,178898000.0,3.23,3.03,3.23,730652000.0,691897250.0,730652000.0,2557141587.0,14.0,12.142,151229000.0,4.654,1.0,507944000.0,1.0,4092000.0,0.0,9100289000.0,7909892000.0,0.0,7383877000.0,,,7015295000.0,,,1882128587.0,91394000.0,-395000.0,-59581000.0,126953000.0,0.0,1631414000.0,-1699576000.0,-1690854000.0,159556000.0,0.0,105007000.0,105007000.0,105007000.0,0.0,21151000.0,0.207,330676000.0,177268000.0,0.0,0.0,2.576,17.924,17.932,32344000.0,0.0,57.92,3.705,3.705,0.0,725737000.0,507944000.0,507944000.0,0.0,0.014,0.152,0.023,0.352,15466000.0,288234000.0,1.0,32495314.0,32495314.0,,15.631,8066853000.0,0.0,73891000.0,0.0,248.247,
52,SIVB,MRT,2008-06-30,2008-06-30,2008-06-30,2021-08-06,-13634000.0,7309871000.0,6800929500.0,,,0.08,21.404,-7889000.0,630865000.0,630865000.0,0.0,140049000.0,,9.244,1305878000.0,,,1305878000.0,0.0,29149000.0,4863580000.0,0.0,0.0,200439000.0,229588000.0,0.422,229588000.0,200439000.0,200439000.0,3.55,3.29,3.55,685127000.0,677392750.0,685127000.0,1877043715.0,9.0,8.176,147831000.0,4.618,1.0,544164000.0,1.0,4092000.0,0.0,7980792000.0,7351381500.0,0.0,6368809000.0,,,6333369000.0,,,1539986715.0,-377499000.0,-395000.0,-125633000.0,97311000.0,0.0,503987000.0,-1037206000.0,-1028922000.0,155720000.0,0.0,117205000.0,117205000.0,117205000.0,0.0,22844000.0,0.215,333204000.0,210960000.0,0.0,0.0,2.248,13.139,13.552,34787000.0,0.0,48.11,2.83,2.83,0.0,698729000.0,544164000.0,544164000.0,0.0,0.017,0.173,0.027,0.368,16672000.0,294392000.0,1.0,32009701.0,32009701.0,,17.0,7305779000.0,0.0,83234000.0,0.0,228.236,
53,SIVB,MRT,2008-03-31,2008-03-31,2008-03-31,2021-08-06,-2954000.0,6897303000.0,6624731750.0,,,0.085,20.861,-10976000.0,676132000.0,676132000.0,0.0,143434000.0,,8.812,1013189000.0,,,1013189000.0,0.0,26979000.0,4769213000.0,0.0,0.0,201552000.0,228531000.0,0.406,228531000.0,201552000.0,201552000.0,3.56,3.29,3.56,675156000.0,673338500.0,675156000.0,1693578435.0,8.0,7.411,177931000.0,5.498,1.0,563363000.0,1.0,4092000.0,0.0,7230268000.0,7040639750.0,0.0,5918144000.0,,,5949418000.0,,,1412387435.0,110369000.0,-186000.0,-141438000.0,30785000.0,0.0,832697000.0,-911235000.0,-900073000.0,188907000.0,0.0,119056000.0,119056000.0,119056000.0,0.0,24378000.0,0.211,347789000.0,215574000.0,0.0,0.0,2.092,11.863,12.258,36725000.0,0.0,43.64,2.507,2.507,0.0,678078000.0,563363000.0,563363000.0,0.0,0.018,0.177,0.029,0.358,17101000.0,297353000.0,1.0,32364515.0,32364515.0,,17.407,6893211000.0,0.0,82496000.0,0.0,212.987,
54,SIVB,MRT,2007-12-31,2007-12-31,2007-12-31,2021-08-06,-6290000.0,6692456000.0,6362370000.0,,,0.091,20.388,-12852000.0,325399000.0,325399000.0,0.0,148925000.0,,8.536,965254000.0,,,965254000.0,0.0,24541000.0,4611203000.0,0.0,0.0,204910000.0,229451000.0,0.396,229451000.0,204910000.0,204910000.0,3.54,3.28,3.54,676654000.0,667915750.0,676654000.0,2238989150.0,11.0,9.758,161139000.0,4.855,1.0,579975000.0,1.0,4092000.0,0.0,7328219000.0,6782757250.0,0.0,6065675000.0,,,5775700000.0,,,1672738150.0,50589000.0,-395000.0,-115542000.0,-98607000.0,0.0,392104000.0,-515506000.0,-502259000.0,173991000.0,0.0,120329000.0,120329000.0,120329000.0,0.0,28596000.0,0.207,346469000.0,233506000.0,0.0,0.0,2.472,13.901,14.237,38628000.0,0.0,50.4,2.884,2.884,0.0,682911000.0,579975000.0,579975000.0,0.0,0.019,0.18,0.03,0.353,16803000.0,299645000.0,1.0,33189249.0,33189249.0,,17.475,6688364000.0,0.0,84581000.0,0.0,201.522,
55,SIVB,MRT,2007-09-30,2007-09-30,2007-09-30,2021-08-06,-14749000.0,6304088000.0,6209619000.0,,,0.093,19.598,-13398000.0,659119000.0,659119000.0,0.0,117722000.0,,8.021,1225370000.0,,,1225370000.0,0.0,23147000.0,3973240000.0,0.0,0.0,200893000.0,224040000.0,0.39,224040000.0,200893000.0,200893000.0,3.44,3.17,3.44,672634000.0,655880750.0,672634000.0,1762293531.0,9.0,7.866,161286000.0,4.699,1.0,574863000.0,1.0,4092000.0,0.0,6866247000.0,6566595750.0,0.0,5345662000.0,,,5395323000.0,,,1625456531.0,58618000.0,0.0,-81459000.0,205159000.0,0.0,184595000.0,-300661000.0,-287263000.0,174684000.0,0.0,117722000.0,117722000.0,117722000.0,0.0,0.0,0.205,346162000.0,228701000.0,0.0,0.0,2.417,13.808,13.767,39016000.0,0.0,47.36,2.828,2.828,0.0,687350000.0,574863000.0,574863000.0,0.0,0.019,0.179,0.031,0.349,12341000.0,308472000.0,1.0,34321295.0,34321295.0,,16.749,6299996000.0,0.0,83171000.0,0.0,183.559,
56,SIVB,MRT,2007-06-30,2007-06-30,2007-06-30,2021-08-06,-25325000.0,6605080000.0,6101874250.0,,,0.088,19.513,-19544000.0,1006279000.0,1006279000.0,0.0,104776000.0,,8.55,1143116000.0,,,1143116000.0,0.0,22286000.0,4406489000.0,0.0,0.0,180644000.0,202930000.0,0.379,202930000.0,180644000.0,180644000.0,3.05,2.82,3.05,668910000.0,636666750.0,668910000.0,2192839095.0,12.0,10.806,139909000.0,4.081,1.0,535285000.0,1.0,4092000.0,0.0,6737825000.0,6415838250.0,0.0,5313051000.0,,,5718998000.0,,,1820661095.0,462008000.0,-3994000.0,-46350000.0,416115000.0,0.0,916120000.0,-613565000.0,-590027000.0,159453000.0,0.0,104776000.0,104776000.0,104776000.0,0.0,0.0,0.196,338210000.0,197075000.0,0.0,0.0,2.722,17.377,17.413,40028000.0,0.0,53.11,3.401,3.401,0.0,690350000.0,535285000.0,535285000.0,0.0,0.017,0.165,0.028,0.337,13642000.0,299664000.0,1.0,34280947.0,34280947.0,,15.615,6600988000.0,0.0,75868000.0,0.0,192.556,
57,SIVB,MRT,2007-03-31,2007-03-31,2007-03-31,2021-08-06,-15055000.0,5847856000.0,5818517000.0,,,0.089,18.938,-20862000.0,564874000.0,564874000.0,0.0,95505000.0,,7.651,937052000.0,,,937052000.0,0.0,20465000.0,3875199000.0,0.0,0.0,164912000.0,185377000.0,0.36,185377000.0,164912000.0,164912000.0,2.77,2.57,2.77,653465000.0,611469500.0,653465000.0,2080063054.0,13.0,11.221,123935000.0,3.592,1.0,515264000.0,1.0,21296000.0,0.0,6198738000.0,6141840500.0,0.0,4975673000.0,,,4999398000.0,,,1676646054.0,14879000.0,-4203000.0,-75438000.0,441619000.0,0.0,161345000.0,-291263000.0,-266198000.0,144797000.0,0.0,95505000.0,95505000.0,95505000.0,0.0,0.0,0.185,333932000.0,181332000.0,0.0,0.0,2.566,17.556,17.542,37868000.0,0.0,48.59,3.254,3.254,0.0,668486000.0,515264000.0,515264000.0,0.0,0.016,0.156,0.027,0.32,15899000.0,295397000.0,1.0,34505990.0,34505990.0,,14.933,5826560000.0,0.0,69407000.0,0.0,168.856,
58,SIVB,MRT,2006-12-31,2006-12-31,2006-12-31,2021-08-06,-17921000.0,6081452000.0,5718120000.0,,,0.085,18.315,-20697000.0,632585000.0,632585000.0,0.0,89385000.0,,8.412,1036002000.0,,,1036002000.0,0.0,17566000.0,4057625000.0,0.0,0.0,155167000.0,172733000.0,0.357,172733000.0,155167000.0,155167000.0,2.58,2.38,2.58,628514000.0,594632750.0,628514000.0,2011236113.0,13.0,11.644,107012000.0,3.118,1.0,483786000.0,1.0,21296000.0,0.0,6463573000.0,5929701750.0,0.0,5131998000.0,,,5286923000.0,,,1599885113.0,170487000.0,-3994000.0,-69887000.0,553958000.0,0.0,342347000.0,-299569000.0,-274878000.0,127709000.0,0.0,89385000.0,89385000.0,89385000.0,0.0,0.0,0.185,322503000.0,161283000.0,0.0,0.0,2.546,17.899,18.07,37306000.0,0.0,46.62,3.307,3.307,0.0,641528000.0,483786000.0,483786000.0,0.0,0.016,0.15,0.026,0.321,21237000.0,283139000.0,1.0,34317570.0,34317570.0,,14.097,6060156000.0,0.0,65782000.0,0.0,176.59,
59,SIVB,MRT,2006-09-30,2006-09-30,2006-09-30,2021-08-06,-19220000.0,5873109000.0,5583185750.0,,,0.083,17.253,-21573000.0,600501000.0,600501000.0,0.0,86681000.0,,8.595,1011852000.0,,,1011852000.0,0.0,11029000.0,3974460000.0,0.0,0.0,147959000.0,158988000.0,0.341,158988000.0,147959000.0,147959000.0,2.49,2.29,2.49,595778000.0,579829500.0,595778000.0,1728855081.0,12.0,10.874,91449000.0,2.648,1.0,465904000.0,1.0,21243000.0,0.0,6263217000.0,5693630000.0,0.0,5006465000.0,,,5120641000.0,,,1541468081.0,181810000.0,-3994000.0,-57224000.0,688122000.0,0.0,357922000.0,-289134000.0,-263567000.0,113022000.0,0.0,86681000.0,86681000.0,86681000.0,0.0,0.0,0.186,310070000.0,155834000.0,0.0,0.0,2.587,17.783,17.928,36236000.0,0.0,44.64,3.309,3.309,0.0,614964000.0,465904000.0,465904000.0,0.0,0.016,0.149,0.026,0.318,22474000.0,272051000.0,1.0,34531095.0,34531095.0,,13.492,5851866000.0,0.0,61278000.0,0.0,169.467,
60,SIVB,MRT,2006-06-30,2006-06-30,2006-06-30,2021-08-06,-36918000.0,5471651000.0,5457175000.0,,,0.082,15.988,-20314000.0,544271000.0,544271000.0,0.0,84570000.0,,8.362,731658000.0,,,731658000.0,0.0,9519000.0,3913304000.0,0.0,0.0,142004000.0,151523000.0,0.337,151523000.0,142004000.0,142004000.0,2.42,2.21,2.42,568121000.0,567346750.0,568121000.0,1554942960.0,11.0,10.262,84814000.0,2.387,1.0,449125000.0,1.0,17204000.0,0.0,5641834000.0,5435957750.0,0.0,4672106000.0,,,4750497000.0,,,1615389960.0,6026000.0,0.0,-41991000.0,522329000.0,0.0,74417000.0,-173519000.0,-153205000.0,105128000.0,0.0,84570000.0,84570000.0,84570000.0,0.0,0.0,0.188,297046000.0,152079000.0,0.0,0.0,2.843,19.101,18.785,31328000.0,0.0,45.46,3.597,3.597,0.0,596128000.0,449125000.0,449125000.0,0.0,0.015,0.149,0.026,0.316,20794000.0,257958000.0,1.0,35534315.0,35534315.0,,12.639,5454447000.0,0.0,57434000.0,0.0,153.498,
61,SIVB,MRT,2006-03-31,2006-03-31,2006-03-31,2021-08-06,-31493000.0,5446268000.0,5416218750.0,,,0.079,16.532,-18366000.0,549995000.0,549995000.0,0.0,91872000.0,,8.056,489548000.0,,,489548000.0,0.0,7972000.0,4148506000.0,0.0,0.0,154374000.0,162346000.0,0.379,162346000.0,154374000.0,154374000.0,2.63,2.39,2.63,586118000.0,558549000.0,586118000.0,1894052772.0,12.0,11.667,79648000.0,2.247,1.0,427996000.0,1.0,35638000.0,0.0,5350183000.0,5261214000.0,0.0,4666333000.0,,,4721785000.0,,,1880843772.0,94963000.0,0.0,-38475000.0,280199000.0,0.0,290845000.0,-293896000.0,-275530000.0,98014000.0,0.0,91872000.0,91872000.0,91872000.0,0.0,0.0,0.215,269733000.0,158263000.0,0.0,0.0,3.209,20.472,20.171,26922000.0,0.0,53.05,4.395,4.395,0.0,609764000.0,427996000.0,427996000.0,0.0,0.017,0.164,0.029,0.361,19431000.0,248675000.0,1.0,35454171.0,35454171.0,,12.072,5410630000.0,0.0,62502000.0,0.0,152.609,
62,SIVB,MRT,2005-12-31,2005-12-31,2005-12-31,2021-08-06,-21094000.0,5541715000.0,5322157750.0,,,0.078,16.307,-18255000.0,462098000.0,462098000.0,0.0,92537000.0,,8.524,475307000.0,,,475307000.0,0.0,8236000.0,4252730000.0,0.0,0.0,153295000.0,161531000.0,0.388,161531000.0,153295000.0,153295000.0,2.64,2.4,2.64,569301000.0,543771500.0,569301000.0,1534327259.0,10.0,9.499,95373000.0,2.732,1.0,416551000.0,1.0,35638000.0,0.0,5519286000.0,5120405500.0,0.0,4843838000.0,,,4852958000.0,,,1635227259.0,-165120000.0,0.0,-59037000.0,269591000.0,0.0,289145000.0,-567893000.0,-549638000.0,113628000.0,0.0,92537000.0,92537000.0,92537000.0,0.0,0.0,0.222,259860000.0,156691000.0,0.0,0.0,2.872,17.671,17.742,25099000.0,0.0,46.84,3.926,3.926,0.0,587713000.0,416551000.0,416551000.0,0.0,0.017,0.17,0.03,0.368,14653000.0,239808000.0,1.0,34910915.0,34910915.0,,11.932,5506077000.0,0.0,60758000.0,0.0,157.718,
63,SIVB,MRT,2005-09-30,2005-09-30,2005-09-30,2021-08-06,-14840000.0,5369066000.0,5223148750.0,,,0.077,15.382,-17072000.0,418691000.0,418691000.0,0.0,87684000.0,,8.636,317791000.0,,,317791000.0,0.0,8396000.0,4292139000.0,0.0,0.0,145406000.0,153802000.0,0.382,153802000.0,145406000.0,145406000.0,2.48,2.27,2.48,545847000.0,536933250.0,545847000.0,1682577936.0,12.0,10.94,98874000.0,2.786,1.0,402723000.0,1.0,35638000.0,0.0,5232528000.0,4912797250.0,0.0,4759562000.0,,,4713903000.0,,,1726074936.0,-121755000.0,0.0,-64642000.0,111953000.0,0.0,333404000.0,-571105000.0,-554033000.0,115946000.0,0.0,87684000.0,87684000.0,87684000.0,0.0,0.0,0.218,254494000.0,148229000.0,0.0,0.0,3.162,19.685,19.613,23148000.0,0.0,48.64,4.286,4.286,0.0,562067000.0,402723000.0,402723000.0,0.0,0.017,0.163,0.03,0.361,17797000.0,233908000.0,1.0,35486738.0,35486738.0,,11.349,5333428000.0,0.0,57722000.0,0.0,150.294,
64,SIVB,MRT,2005-06-30,2005-06-30,2005-06-30,2021-08-06,-2232000.0,5307826000.0,5113540500.0,,,0.075,15.018,-13414000.0,538245000.0,538245000.0,0.0,80016000.0,,8.776,208917000.0,,,208917000.0,0.0,8629000.0,4373119000.0,0.0,0.0,131356000.0,139985000.0,0.365,139985000.0,131356000.0,131356000.0,2.26,2.08,2.26,532930000.0,528486750.0,532930000.0,1656317750.0,13.0,11.832,96614000.0,2.723,1.0,383874000.0,1.0,35639000.0,0.0,4942859000.0,4822036250.0,0.0,4588609000.0,,,4676816000.0,,,1699814750.0,-96316000.0,0.0,-59469000.0,-31543000.0,0.0,304400000.0,-510744000.0,-497330000.0,110028000.0,0.0,80016000.0,80016000.0,80016000.0,0.0,0.0,0.208,250974000.0,132900000.0,0.0,0.0,3.19,21.243,21.195,18782000.0,0.0,47.9,4.428,4.428,0.0,539035000.0,383874000.0,383874000.0,0.0,0.016,0.151,0.027,0.342,16919000.0,231455000.0,1.0,35486738.0,35486738.0,,10.817,5272187000.0,0.0,51340000.0,0.0,148.568,
65,SIVB,MRT,2005-03-31,2005-03-31,2005-03-31,2021-08-06,-12967000.0,5070024000.0,5000964250.0,,,0.075,14.679,-10727000.0,455032000.0,455032000.0,0.0,73581000.0,,8.459,207596000.0,,,207596000.0,0.0,8877000.0,4156275000.0,0.0,0.0,119890000.0,128767000.0,0.345,128767000.0,119890000.0,119890000.0,2.07,1.93,2.07,527008000.0,513623500.0,527008000.0,1508132405.0,13.0,11.712,91571000.0,2.551,1.0,372871000.0,1.0,35639000.0,0.0,4786949000.0,4797949000.0,0.0,4433417000.0,,,4457906000.0,,,1581804405.0,-295100000.0,0.0,-20409000.0,-6613000.0,0.0,479977000.0,-877375000.0,-866648000.0,102298000.0,0.0,73581000.0,73581000.0,73581000.0,0.0,0.0,0.197,250998000.0,121873000.0,0.0,0.0,3.001,21.497,21.285,16088000.0,0.0,44.06,4.242,4.242,0.0,522847000.0,372871000.0,372871000.0,0.0,0.015,0.143,0.025,0.322,13004000.0,226827000.0,1.0,35901144.0,35901144.0,,10.386,5034385000.0,0.0,46309000.0,0.0,140.229,
66,SIVB,MRT,2004-12-31,2004-12-31,2004-12-31,2021-08-06,1287000.0,5145679000.0,4856522000.0,,,0.072,15.06,-8421000.0,627218000.0,627218000.0,0.0,63866000.0,,8.364,206030000.0,,,206030000.0,0.0,8779000.0,4219514000.0,0.0,0.0,102620000.0,111399000.0,0.321,111399000.0,102620000.0,102620000.0,1.81,1.7,1.81,541948000.0,500979750.0,541948000.0,1587411563.0,15.0,14.25,85915000.0,2.387,1.0,347540000.0,1.0,35638000.0,0.0,4688853000.0,4717777750.0,0.0,4325177000.0,,,4533046000.0,,,1612921563.0,-208095000.0,0.0,12506000.0,-8141000.0,0.0,573889000.0,-876320000.0,-867899000.0,94336000.0,0.0,63866000.0,63866000.0,63866000.0,0.0,0.0,0.184,241830000.0,105710000.0,0.0,0.0,2.976,25.255,24.762,14641000.0,0.0,44.82,4.641,4.641,0.0,499911000.0,347540000.0,347540000.0,0.0,0.013,0.127,0.022,0.295,10560000.0,218234000.0,1.0,35986648.0,35986648.0,,9.657,5110041000.0,0.0,38754000.0,0.0,141.998,
67,SIVB,MRT,2004-09-30,2004-09-30,2004-09-30,2021-08-06,5576000.0,4930633000.0,4687204750.0,,,0.068,14.366,-7746000.0,231656000.0,231656000.0,0.0,28844000.0,,8.483,206146000.0,,,206146000.0,0.0,8310000.0,4037615000.0,0.0,0.0,45105000.0,53415000.0,0.167,53415000.0,45105000.0,45105000.0,0.85,0.79,0.85,512061000.0,479981000.0,512061000.0,1351413288.0,30.0,25.3,64215000.0,1.802,1.0,319642000.0,1.0,35639000.0,0.0,4869484000.0,4497670500.0,0.0,4523202000.0,,,4343833000.0,,,1324875288.0,-547285000.0,0.0,23006000.0,-1349000.0,0.0,615731000.0,-1234977000.0,-1227231000.0,71961000.0,0.0,28844000.0,28844000.0,28844000.0,0.0,0.0,0.09,273269000.0,46373000.0,0.0,0.0,2.587,45.932,43.729,14705000.0,0.0,37.17,4.145,4.145,0.0,467954000.0,319642000.0,319642000.0,0.0,0.006,0.06,0.01,0.141,15332000.0,204101000.0,1.0,35643672.0,35643672.0,,8.968,4894994000.0,0.0,16261000.0,0.0,137.331,
68,SIVB,MRT,2004-06-30,2004-06-30,2004-06-30,2021-08-06,-10338000.0,4857521000.0,4519500500.0,,,0.069,13.406,-6349000.0,213530000.0,213530000.0,0.0,30882000.0,,9.114,240068000.0,,,240068000.0,0.0,8006000.0,4005386000.0,0.0,0.0,47455000.0,55461000.0,0.178,55461000.0,47455000.0,47455000.0,0.92,0.87,0.92,473477000.0,465742250.0,473477000.0,1411918564.0,30.0,25.458,14843000.0,0.42,1.0,312324000.0,1.0,37549000.0,0.0,4846510000.0,4307974000.0,0.0,4471634000.0,,,4315352000.0,,,1400360564.0,-291031000.0,0.0,22554000.0,23353000.0,0.0,581800000.0,-894023000.0,-887674000.0,21192000.0,0.0,30882000.0,30882000.0,30882000.0,0.0,0.0,0.099,262898000.0,49426000.0,0.0,0.0,2.958,45.346,43.098,14083000.0,0.0,39.65,4.484,4.484,0.0,451851000.0,312324000.0,312324000.0,0.0,0.007,0.066,0.011,0.152,12148000.0,197360000.0,1.0,35318047.0,35318047.0,,8.843,4819972000.0,0.0,16573000.0,0.0,136.473,
69,SIVB,MRT,2004-03-31,2004-03-31,2004-03-31,2021-08-06,17593000.0,4492255000.0,4378767750.0,,,0.065,13.56,-5690000.0,200966000.0,200966000.0,0.0,15845000.0,,8.312,212524000.0,,,212524000.0,0.0,7675000.0,3676293000.0,0.0,0.0,22470000.0,30145000.0,0.106,30145000.0,22470000.0,22470000.0,0.49,0.46,0.49,476433000.0,455406750.0,476433000.0,1100705446.0,49.0,36.514,56108000.0,1.597,1.0,285361000.0,1.0,37549000.0,0.0,4466264000.0,4132636750.0,0.0,4128040000.0,,,3959887000.0,,,1139816446.0,-130636000.0,0.0,-97044000.0,122413000.0,0.0,463545000.0,-655979000.0,-650289000.0,61798000.0,0.0,15845000.0,15845000.0,15845000.0,0.0,0.0,0.056,262723000.0,22638000.0,0.0,0.0,2.392,71.935,66.204,14316000.0,0.0,32.44,3.994,3.994,0.0,436144000.0,285361000.0,285361000.0,0.0,0.004,0.035,0.005,0.079,9953000.0,185643000.0,1.0,35136142.0,35136142.0,,8.122,4454706000.0,0.0,6625000.0,0.0,126.784,
70,SIVB,MRT,2003-12-31,2003-12-31,2003-12-31,2021-08-06,5595000.0,4468410000.0,4252726000.0,,,0.065,13.186,-4723000.0,835313000.0,835313000.0,0.0,13042000.0,,8.647,212876000.0,,,212876000.0,0.0,7610000.0,3666841000.0,0.0,0.0,17216000.0,24826000.0,0.09,24826000.0,17216000.0,17216000.0,0.36,0.35,0.36,457953000.0,477832500.0,457953000.0,1187113146.0,69.0,47.817,71562000.0,2.061,1.0,274423000.0,1.0,37549000.0,0.0,3808424000.0,3958183250.0,0.0,3467695000.0,,,3959713000.0,,,1252683146.0,10943000.0,0.0,-133726000.0,121846000.0,0.0,234186000.0,-299528000.0,-294805000.0,76285000.0,0.0,13042000.0,13042000.0,13042000.0,0.0,0.0,0.048,260597000.0,13826000.0,0.0,0.0,2.735,96.05,100.194,14999000.0,0.0,36.07,4.565,4.565,0.0,436047000.0,274423000.0,274423000.0,0.0,0.003,0.027,0.004,0.063,7868000.0,183025000.0,1.0,34729225.0,34729225.0,,7.902,4430861000.0,0.0,4174000.0,0.0,127.583,
71,SIVB,MRT,2003-09-30,2003-09-30,2003-09-30,2021-08-06,13601000.0,4259816000.0,4181418750.0,,,0.063,13.187,-3984000.0,229001000.0,229001000.0,0.0,40330000.0,,8.255,163431000.0,,,163431000.0,0.0,8328000.0,3472326000.0,0.0,0.0,60010000.0,68338000.0,0.26,68338000.0,60010000.0,60010000.0,1.08,1.04,1.08,455106000.0,510931750.0,455106000.0,886667202.0,15.0,12.975,90044000.0,2.609,1.0,262536000.0,1.0,83548000.0,0.0,4110698000.0,3973384500.0,0.0,3843465000.0,,,3756739000.0,,,952548202.0,59469000.0,-4169000.0,-185723000.0,113436000.0,0.0,327704000.0,-362263000.0,-354110000.0,94028000.0,0.0,40330000.0,40330000.0,40330000.0,0.0,0.0,0.154,206033000.0,56503000.0,0.0,0.0,2.093,23.619,25.556,15036000.0,0.0,27.6,3.628,3.628,0.0,437428000.0,262536000.0,262536000.0,0.0,0.01,0.079,0.015,0.229,4910000.0,181208000.0,1.0,34512616.0,34512616.0,,7.607,4176268000.0,0.0,19680000.0,0.0,121.007,
72,SIVB,MRT,2003-06-30,2003-06-30,2003-06-30,2021-08-06,12183000.0,4294590000.0,4082364500.0,,,0.061,11.138,-3469000.0,238202000.0,238202000.0,0.0,35997000.0,,8.739,172321000.0,,,172321000.0,0.0,8379000.0,3488384000.0,0.0,0.0,51765000.0,60144000.0,0.241,60144000.0,51765000.0,51765000.0,0.87,0.84,0.87,432135000.0,552731250.0,432135000.0,804716118.0,16.0,13.38,124493000.0,3.209,1.0,249292000.0,1.0,83548000.0,0.0,4145161000.0,3848914000.0,0.0,3864829000.0,,,3776256000.0,,,923787118.0,45246000.0,-4169000.0,-243040000.0,81493000.0,0.0,364754000.0,-447470000.0,-439832000.0,127962000.0,0.0,35997000.0,35997000.0,35997000.0,0.0,0.0,0.144,202870000.0,46422000.0,0.0,0.0,2.138,25.663,27.368,15585000.0,0.0,23.81,3.706,3.706,0.0,419999000.0,249292000.0,249292000.0,0.0,0.009,0.065,0.013,0.208,4910000.0,177768000.0,1.0,38798283.0,38798283.0,,6.425,4211042000.0,0.0,15768000.0,0.0,108.537,
73,SIVB,MRT,2003-03-31,2003-03-31,2003-03-31,2021-08-06,11668000.0,3988088000.0,3966659500.0,,,0.065,14.549,-3010000.0,145805000.0,145805000.0,0.0,51558000.0,,5.898,26734000.0,,,26734000.0,0.0,8171000.0,3251094000.0,0.0,0.0,76673000.0,84844000.0,0.33,84844000.0,76673000.0,76673000.0,1.22,1.18,1.22,566136000.0,609408250.0,566136000.0,494419886.0,6.0,5.827,85790000.0,2.205,1.0,257383000.0,1.0,100567000.0,0.0,3768450000.0,3705054750.0,0.0,3644796000.0,,,3338848000.0,,,707822886.0,47012000.0,-4169000.0,-133653000.0,-42476000.0,0.0,-76699000.0,34911000.0,42090000.0,88800000.0,0.0,51558000.0,51558000.0,51558000.0,0.0,0.0,0.2,184132000.0,73251000.0,0.0,0.0,1.25,13.729,14.91,16223000.0,0.0,18.19,2.75,2.75,0.0,487028000.0,257383000.0,257383000.0,0.0,0.013,0.085,0.021,0.298,4910000.0,177486000.0,1.0,38912748.0,38912748.0,,6.614,3887521000.0,0.0,25115000.0,0.0,99.904,
74,SIVB,MRT,2002-12-31,2002-12-31,2002-12-31,2021-08-06,14372000.0,4183181000.0,3966506250.0,,,0.065,13.783,-4131000.0,239927000.0,239927000.0,0.0,54500000.0,,5.946,26524000.0,,,26524000.0,0.0,7964000.0,3436127000.0,0.0,0.0,82261000.0,90225000.0,0.35,90225000.0,82261000.0,82261000.0,1.24,1.21,1.24,590350000.0,628063000.0,590350000.0,629513523.0,8.0,6.977,98394000.0,2.297,1.0,257820000.0,1.0,100549000.0,0.0,3869229000.0,3668490250.0,0.0,3753936000.0,,,3510201000.0,,,781658523.0,-110392000.0,-4169000.0,-99625000.0,-42000000.0,0.0,-63702000.0,-149215000.0,-140915000.0,102525000.0,0.0,54500000.0,54500000.0,54500000.0,0.0,0.0,0.211,177063000.0,80757000.0,0.0,0.0,1.324,14.342,14.718,17886000.0,0.0,18.25,3.032,3.032,0.0,476610000.0,257820000.0,257820000.0,0.0,0.014,0.087,0.022,0.319,4910000.0,170942000.0,1.0,42830604.0,42830604.0,,6.02,4082632000.0,0.0,27761000.0,0.0,95.32,
75,SIVB,MRT,2002-09-30,2002-09-30,2002-09-30,2021-08-06,14609000.0,3863599000.0,3963730250.0,,,0.065,14.003,-2310000.0,178459000.0,178459000.0,0.0,53525000.0,,5.093,26314000.0,,,26314000.0,0.0,5362000.0,3095390000.0,0.0,0.0,80588000.0,85950000.0,0.332,85950000.0,80588000.0,80588000.0,1.21,1.17,1.21,622304000.0,637354250.0,622304000.0,588997295.0,7.0,6.853,75138000.0,1.691,1.0,258620000.0,1.0,98638000.0,0.0,3612816000.0,3679749750.0,0.0,3490479000.0,,,3169336000.0,,,752405295.0,74457000.0,0.0,-101107000.0,-40574000.0,0.0,-343419000.0,340428000.0,342738000.0,77448000.0,0.0,53525000.0,53525000.0,53525000.0,0.0,0.0,0.207,180956000.0,77664000.0,0.0,0.0,1.209,14.057,13.992,19380000.0,0.0,16.93,2.909,2.909,0.0,464693000.0,258620000.0,258620000.0,0.0,0.014,0.084,0.022,0.312,0.0,171862000.0,1.0,44442132.0,44442132.0,,5.819,3764961000.0,0.0,27063000.0,0.0,84.716,
76,SIVB,MRT,2002-06-30,2002-06-30,2002-06-30,2021-08-06,11875000.0,3831770000.0,4034801750.0,,,0.066,14.428,-3855000.0,231247000.0,231247000.0,0.0,59031000.0,,4.711,67839000.0,,,67839000.0,0.0,6379000.0,2993179000.0,0.0,0.0,92358000.0,98737000.0,0.369,98737000.0,92358000.0,92358000.0,1.3,1.26,1.3,658843000.0,647806500.0,658843000.0,935650421.0,10.0,9.476,96992000.0,2.124,1.0,267790000.0,1.0,98638000.0,0.0,3569724000.0,3706713500.0,0.0,3408405000.0,,,3103591000.0,,,1203710421.0,-405950000.0,-30000000.0,-65923000.0,0.0,0.0,-713226000.0,206429000.0,240284000.0,100847000.0,0.0,59031000.0,59031000.0,59031000.0,0.0,0.0,0.22,178555000.0,89235000.0,0.0,0.0,1.827,20.391,20.277,20495000.0,0.0,26.36,4.495,4.495,0.0,451597000.0,267790000.0,267790000.0,0.0,0.015,0.091,0.025,0.345,0.0,169574000.0,1.0,45664280.0,45664280.0,,5.864,3733132000.0,0.0,33327000.0,0.0,81.752,
77,SIVB,MRT,2002-03-31,2002-03-31,2002-03-31,2021-08-06,6763000.0,3987475000.0,4182549500.0,,,0.067,14.116,-5954000.0,335424000.0,335424000.0,0.0,68178000.0,,5.122,67364000.0,,,67364000.0,0.0,6135000.0,3181512000.0,0.0,0.0,107093000.0,113228000.0,0.406,113228000.0,107093000.0,107093000.0,1.47,1.42,1.47,640755000.0,646850000.0,640755000.0,1211675398.0,11.0,10.701,104797000.0,2.309,1.0,278863000.0,1.0,97223000.0,0.0,3622192000.0,3818942500.0,0.0,3456476000.0,,,3281630000.0,,,1373105398.0,-979654000.0,-30000000.0,-91652000.0,476000.0,0.0,-947165000.0,-143240000.0,-107286000.0,110751000.0,0.0,68178000.0,68178000.0,68178000.0,0.0,0.0,0.244,174548000.0,104315000.0,0.0,0.0,2.143,20.14,20.578,21384000.0,0.0,30.25,4.924,4.924,0.0,436612000.0,278863000.0,278863000.0,0.0,0.016,0.105,0.028,0.384,0.0,163962000.0,1.0,45391914.0,45391914.0,,6.143,3890252000.0,0.0,38915000.0,0.0,85.704,
78,SIVB,MRT,2001-12-31,2001-12-31,2001-12-31,2021-08-06,9675000.0,4172077000.0,4396369500.0,,,0.072,13.58,-8753000.0,228318000.0,228318000.0,0.0,88154000.0,,5.542,66888000.0,,,66888000.0,0.0,5717000.0,3380977000.0,0.0,0.0,141152000.0,146869000.0,0.463,146869000.0,141152000.0,141152000.0,1.85,1.79,1.85,627515000.0,651653750.0,627515000.0,903361722.0,6.0,6.151,103803000.0,2.246,1.0,317094000.0,1.0,96380000.0,0.0,3914267000.0,4063313750.0,0.0,3740039000.0,,,3477646000.0,,,1235140722.0,-1281834000.0,-30000000.0,-86488000.0,0.0,0.0,-1562617000.0,168227000.0,206980000.0,112556000.0,0.0,88154000.0,88154000.0,88154000.0,0.0,0.0,0.278,177432000.0,139662000.0,0.0,0.0,1.968,14.011,14.449,21719000.0,0.0,26.73,3.895,3.895,0.0,423252000.0,317094000.0,317094000.0,0.0,0.02,0.135,0.035,0.445,0.0,165956000.0,1.0,46208033.0,46208033.0,,6.862,4075697000.0,0.0,52998000.0,0.0,88.203,
79,SIVB,MRT,2001-09-30,2001-09-30,2001-09-30,2021-08-06,13853000.0,4147885000.0,4760044000.0,,,0.077,13.71,-17348000.0,398191000.0,398191000.0,0.0,111809000.0,,5.142,66412000.0,,,66412000.0,0.0,6851000.0,3309082000.0,0.0,0.0,182765000.0,189616000.0,0.519,189616000.0,182765000.0,182765000.0,2.3,2.2,2.3,664113000.0,648305250.0,664113000.0,574376070.0,3.0,3.029,140244000.0,2.895,1.0,365138000.0,1.0,95435000.0,0.0,3720671000.0,4408282750.0,0.0,3556965000.0,,,3414987000.0,,,978497070.0,-1345662000.0,-30000000.0,-38798000.0,0.0,0.0,-1513117000.0,9863000.0,57211000.0,157592000.0,0.0,111809000.0,111809000.0,111809000.0,0.0,0.0,0.306,180206000.0,184932000.0,0.0,0.0,1.473,8.752,8.783,22431000.0,0.0,20.2,2.68,2.68,0.0,411168000.0,365138000.0,365138000.0,0.0,0.023,0.172,0.041,0.501,0.0,167897000.0,1.0,48440449.0,48440449.0,,7.538,4052450000.0,0.0,70956000.0,0.0,83.658,
80,SIVB,MRT,2001-06-30,2001-06-30,2001-06-30,2021-08-06,5566000.0,4422761000.0,5099105500.0,,,0.079,13.274,-17849000.0,404121000.0,404121000.0,0.0,128146000.0,,5.647,0.0,,,0.0,0.0,5028000.0,3650278000.0,0.0,0.0,211304000.0,216332000.0,0.538,216332000.0,211304000.0,211304000.0,2.65,2.51,2.65,655017000.0,625179500.0,655017000.0,842509470.0,4.0,3.895,109339000.0,2.216,1.0,402294000.0,1.0,0.0,0.0,4018640000.0,4772624250.0,0.0,3899841000.0,,,3698802000.0,,,1085587470.0,-757821000.0,0.0,74513000.0,0.0,0.0,-1088428000.0,203419000.0,221268000.0,127188000.0,0.0,128146000.0,128146000.0,128146000.0,0.0,0.0,0.319,184022000.0,218272000.0,0.0,0.0,1.657,8.471,8.302,22829000.0,0.0,22.0,2.698,2.698,0.0,392566000.0,402294000.0,402294000.0,0.0,0.025,0.205,0.044,0.525,0.0,171493000.0,1.0,49344885.0,49344885.0,,8.153,4422761000.0,0.0,83158000.0,0.0,89.63,
81,SIVB,MRT,2001-03-31,2001-03-31,2001-03-31,2021-08-06,7836000.0,4842755000.0,5341721500.0,,,0.08,13.383,-15546000.0,243078000.0,243078000.0,0.0,137749000.0,,6.233,0.0,,,0.0,0.0,4441000.0,4042205000.0,0.0,0.0,229491000.0,233932000.0,0.55,233932000.0,229491000.0,229491000.0,2.89,2.73,2.89,659970000.0,570471000.0,659970000.0,826215792.0,4.0,3.532,74899000.0,1.519,1.0,425522000.0,1.0,0.0,0.0,4599677000.0,5039384250.0,0.0,4458396000.0,,,4113569000.0,,,1158847792.0,-144657000.0,0.0,107487000.0,0.0,0.0,-334582000.0,99480000.0,115026000.0,90445000.0,0.0,137749000.0,137749000.0,137749000.0,0.0,0.0,0.324,185832000.0,239690000.0,0.0,0.0,1.756,8.413,8.131,21375000.0,0.0,23.5,2.723,2.723,0.0,368434000.0,425522000.0,425522000.0,0.0,0.026,0.241,0.046,0.539,0.0,174944000.0,1.0,49312672.0,49312672.0,,8.629,4842755000.0,0.0,91742000.0,0.0,98.205,
82,SIVB,MRT,2000-12-31,2000-12-31,2000-12-31,2021-08-06,2600000.0,5626775000.0,5397164000.0,,,0.086,12.563,-11767000.0,332632000.0,332632000.0,0.0,159068000.0,,8.05,0.0,,,0.0,0.0,4016000.0,4862259000.0,0.0,0.0,266975000.0,270991000.0,0.583,270991000.0,266975000.0,266975000.0,3.41,3.23,3.41,614121000.0,505649500.0,614121000.0,1363326707.0,5.0,5.031,89204000.0,1.825,1.0,464876000.0,1.0,0.0,0.0,5294143000.0,5066910000.0,0.0,5140073000.0,,,4943397000.0,,,1689420707.0,546264000.0,0.0,115574000.0,0.0,0.0,899556000.0,-454263000.0,-442496000.0,100971000.0,0.0,159068000.0,159068000.0,159068000.0,0.0,0.0,0.342,177750000.0,287126000.0,0.0,0.0,2.751,10.621,10.135,18493000.0,0.0,34.56,3.634,3.634,0.0,335098000.0,464876000.0,464876000.0,0.0,0.029,0.315,0.053,0.574,0.0,169527000.0,1.0,48883701.0,48883701.0,,9.51,5626775000.0,0.0,107907000.0,0.0,115.105,
83,SIVB,MRT,2000-09-30,2000-09-30,2000-09-30,2021-08-06,1326000.0,5504131000.0,5139569750.0,,,0.085,12.327,-4347000.0,364670000.0,364670000.0,0.0,148228000.0,,8.531,38576000.0,,,38576000.0,0.0,3661000.0,4799894000.0,0.0,0.0,249231000.0,252892000.0,0.577,252892000.0,249231000.0,249231000.0,3.3,3.12,3.3,571610000.0,444331750.0,571610000.0,2392621560.0,10.0,9.461,78975000.0,1.703,1.0,438174000.0,1.0,0.0,0.0,5178037000.0,4822958500.0,0.0,4984536000.0,,,4876590000.0,,,2700166560.0,1516219000.0,0.0,170560000.0,0.0,0.0,1583218000.0,-150321000.0,-145974000.0,83322000.0,0.0,148228000.0,148228000.0,148228000.0,0.0,0.0,0.338,169323000.0,268851000.0,0.0,0.0,4.724,18.216,17.645,11745000.0,0.0,58.23,6.162,6.162,0.0,299359000.0,438174000.0,438174000.0,0.0,0.029,0.334,0.052,0.569,0.0,160010000.0,1.0,46370712.0,46370712.0,,9.449,5504131000.0,0.0,101003000.0,0.0,118.698,
84,SIVB,MRT,2000-06-30,2000-06-30,2000-06-30,2021-08-06,-3041000.0,5393225000.0,4693975750.0,,,0.08,9.473,-1795000.0,346108000.0,346108000.0,0.0,123798000.0,,11.276,38563000.0,,,38563000.0,0.0,3486000.0,4845222000.0,0.0,0.0,207425000.0,210911000.0,0.561,210911000.0,207425000.0,207425000.0,2.82,2.68,2.82,436183000.0,362303250.0,436183000.0,1608238439.0,8.0,7.625,95976000.0,2.084,1.0,376269000.0,1.0,0.0,0.0,5085680000.0,4412493750.0,0.0,4912861000.0,,,4918479000.0,,,1962983439.0,665973000.0,0.0,76794000.0,0.0,0.0,1131042000.0,-562840000.0,-561045000.0,97771000.0,0.0,123798000.0,123798000.0,123798000.0,0.0,0.0,0.329,151311000.0,224958000.0,0.0,0.0,4.5,15.856,15.117,10008000.0,0.0,42.63,5.217,5.217,0.0,264420000.0,376269000.0,376269000.0,0.0,0.026,0.342,0.047,0.551,0.0,141870000.0,1.0,46046996.0,46046996.0,,8.171,5393225000.0,0.0,83627000.0,0.0,117.124,
85,SIVB,MRT,2000-03-31,2000-03-31,2000-03-31,2021-08-06,3055000.0,5064525000.0,4366026000.0,,,0.072,8.748,-2042000.0,393295000.0,393295000.0,-5000.0,99016000.0,,11.543,38550000.0,,,38550000.0,0.0,3405000.0,4515851000.0,0.0,0.0,165621000.0,169026000.0,0.54,169026000.0,165621000.0,165621000.0,2.3,2.19,2.3,400684000.0,309999250.0,400684000.0,1368046419.0,8.0,8.094,108974000.0,2.379,1.0,313267000.0,1.0,0.0,0.0,4709780000.0,4138245500.0,0.0,4539583000.0,,,4625291000.0,,,1646107419.0,665103000.0,0.0,73855000.0,0.0,0.0,935419000.0,-381332000.0,-379690000.0,111016000.0,0.0,99016000.0,99016000.0,99016000.0,0.0,0.0,0.316,132714000.0,180553000.0,0.0,0.0,4.108,16.625,15.626,10270000.0,0.0,35.94,5.255,5.255,0.0,230708000.0,313262000.0,313262000.0,0.0,0.023,0.319,0.04,0.529,0.0,123667000.0,1.0,45801542.0,45801542.0,,6.84,5064525000.0,0.0,66605000.0,0.0,110.575,
86,SIVB,MRT,1999-12-31,1999-12-31,1999-12-31,2021-08-06,41662000.0,4596398000.0,4084537000.0,,,0.052,8.83,-2654000.0,278061000.0,278061000.0,268000.0,52198000.0,,11.357,0.0,,,0.0,0.0,3266000.0,4109405000.0,0.0,0.0,86228000.0,89494000.0,0.422,89494000.0,86228000.0,86228000.0,1.27,1.23,1.27,368850000.0,265646500.0,368850000.0,848248617.0,10.0,9.478,75368000.0,1.804,1.0,211619000.0,0.999,0.0,0.0,4318337000.0,3921554500.0,0.0,4196654000.0,,,4189011000.0,,,1033825617.0,653899000.0,0.0,58934000.0,0.0,0.0,898586000.0,-322709000.0,-320455000.0,78022000.0,0.0,52198000.0,52198000.0,52198000.0,0.0,0.0,0.246,119989000.0,91630000.0,0.0,0.0,2.803,19.806,19.488,10742000.0,0.0,24.75,4.879,4.879,0.0,176030000.0,211887000.0,211887000.0,0.0,0.013,0.196,0.022,0.407,0.0,111784000.0,1.0,41770732.0,41770732.0,,5.073,4596398000.0,0.0,34030000.0,0.0,110.039,
87,SIVB,MRT,1999-09-30,1999-09-30,1999-09-30,2021-08-06,-969000.0,3721755000.0,3821800500.0,,,0.041,5.84,-4765000.0,185577000.0,185577000.0,283000.0,31823000.0,,14.126,0.0,,,0.0,0.0,3052000.0,3404801000.0,0.0,0.0,51744000.0,54796000.0,0.35,54796000.0,51744000.0,51744000.0,0.78,0.76,0.78,243496000.0,227400250.0,243496000.0,410332506.0,8.0,7.488,62703000.0,1.504,1.0,156416000.0,0.998,0.0,0.0,3536178000.0,3697583000.0,0.0,3438919000.0,,,3439735000.0,,,503071506.0,-530155000.0,0.0,2769000.0,0.0,0.0,463713000.0,-1061336000.0,-1056971000.0,67468000.0,0.0,31823000.0,31823000.0,31823000.0,0.0,0.0,0.203,99948000.0,56468000.0,0.0,0.0,2.066,15.808,15.468,11059000.0,0.0,12.065,3.21,3.21,0.0,151154000.0,156699000.0,156699000.0,0.0,0.008,0.14,0.014,0.33,0.0,94058000.0,1.0,41696768.0,41696768.0,,3.758,3721755000.0,0.0,19921000.0,0.0,89.258,
88,SIVB,MRT,1999-06-30,1999-06-30,1999-06-30,2021-08-06,-6217000.0,4081426000.0,3695407250.0,,,0.04,5.465,-7499000.0,131250000.0,131250000.0,302000.0,29864000.0,,16.813,38511000.0,,,38511000.0,0.0,2770000.0,3790974000.0,0.0,0.0,49772000.0,52542000.0,0.36,52542000.0,49772000.0,49772000.0,0.73,0.715,0.73,226967000.0,219085750.0,226967000.0,418423840.0,8.0,7.964,53646000.0,1.292,1.0,145772000.0,0.998,0.0,0.0,3988687000.0,3600213750.0,0.0,3866415000.0,,,3815948000.0,,,513976840.0,192654000.0,0.0,3127000.0,0.0,0.0,926849000.0,-795340000.0,-788266000.0,61145000.0,0.0,29864000.0,29864000.0,29864000.0,0.0,0.0,0.204,91835000.0,53937000.0,0.0,0.0,2.265,17.211,16.952,11699000.0,0.0,12.375,3.519,3.519,0.0,140645000.0,146074000.0,146074000.0,0.0,0.008,0.136,0.014,0.341,0.0,86808000.0,1.0,41533482.0,41533482.0,,3.517,4081426000.0,0.0,19908000.0,0.0,98.268,
89,SIVB,MRT,1999-03-31,1999-03-31,1999-03-31,2021-08-06,799000.0,3938569000.0,3455822250.0,,,0.04,5.381,-8858000.0,134051000.0,134051000.0,-967000.0,29112000.0,,16.468,38498000.0,,,38498000.0,0.0,2300000.0,3654287000.0,0.0,0.0,49178000.0,51478000.0,0.369,51478000.0,49178000.0,49178000.0,0.71,0.7,0.71,223273000.0,211909750.0,223273000.0,344736968.0,7.0,6.697,53980000.0,1.301,1.0,140423000.0,1.007,0.0,0.0,3843016000.0,3357672750.0,0.0,3736157000.0,,,3676798000.0,,,429252968.0,308316000.0,0.0,3155000.0,0.0,0.0,1098728000.0,-853250000.0,-845715000.0,62838000.0,0.0,29112000.0,29112000.0,29112000.0,0.0,0.0,0.209,87878000.0,52545000.0,0.0,0.0,1.923,14.745,14.57,11633000.0,0.0,10.345,3.078,3.078,0.0,131691000.0,139456000.0,139456000.0,0.0,0.008,0.137,0.015,0.353,0.0,83481000.0,1.0,41493762.0,41493762.0,,3.361,3938569000.0,0.0,20066000.0,0.0,94.92,
90,SIVB,MRT,1998-12-31,1998-12-31,1998-12-31,2021-08-06,2072000.0,3545452000.0,3171405000.0,,,0.042,5.229,-8909000.0,123001000.0,123001000.0,-1214000.0,28856000.0,,15.246,0.0,,,0.0,0.0,1837000.0,3269753000.0,0.0,0.0,48973000.0,50810000.0,0.383,50810000.0,48973000.0,48973000.0,0.71,0.69,0.71,215865000.0,202980500.0,215865000.0,282041037.0,6.0,5.551,52506000.0,1.272,1.0,133832000.0,1.009,0.0,0.0,3422451000.0,3064603000.0,0.0,3362625000.0,,,3291102000.0,,,351522037.0,95371000.0,0.0,5706000.0,0.0,0.0,881538000.0,-847582000.0,-839996000.0,61415000.0,0.0,28856000.0,28856000.0,28856000.0,0.0,0.0,0.218,82637000.0,51195000.0,0.0,0.0,1.628,12.182,11.993,11354000.0,0.0,8.515,2.651,2.651,0.0,123855000.0,132618000.0,132618000.0,0.0,0.009,0.142,0.016,0.369,0.0,78382000.0,1.0,41282682.0,41282682.0,,3.212,3545452000.0,0.0,20117000.0,0.0,85.882,
91,SIVB,MRT,1998-09-30,1998-09-30,1998-09-30,2021-08-06,3971000.0,3216182000.0,2941322750.0,,,0.046,5.108,-7516000.0,107953000.0,107953000.0,-1209000.0,31774000.0,,14.115,38472000.0,,,38472000.0,0.0,1547000.0,2943870000.0,0.0,0.0,54368000.0,55915000.0,0.416,55915000.0,54368000.0,54368000.0,0.79,0.76,0.79,210238000.0,192634500.0,210238000.0,224700664.0,4.0,4.019,44929000.0,1.092,1.0,135579000.0,1.009,0.0,0.0,3146701000.0,2839006250.0,0.0,3054444000.0,,,2967472000.0,,,329263664.0,290852000.0,0.0,6152000.0,0.0,0.0,760284000.0,-521877000.0,-515795000.0,52445000.0,0.0,31774000.0,31774000.0,31774000.0,0.0,0.0,0.236,80024000.0,55555000.0,0.0,0.0,1.566,10.363,10.127,9348000.0,0.0,8.0,2.45,2.45,0.0,119331000.0,134370000.0,134370000.0,0.0,0.011,0.165,0.019,0.405,0.0,76164000.0,1.0,41157958.0,41157958.0,,3.265,3216182000.0,0.0,22594000.0,0.0,78.142,
92,SIVB,MRT,1998-06-30,1998-06-30,1998-06-30,2021-08-06,1913000.0,3123086000.0,,,,,4.839,-4842000.0,143022000.0,143022000.0,-1198000.0,30489000.0,,14.558,38459000.0,,,38459000.0,0.0,1364000.0,2867279000.0,0.0,0.0,52342000.0,53706000.0,0.417,53706000.0,52342000.0,52342000.0,0.765,0.73,0.765,198263000.0,,198263000.0,598952460.0,11.0,11.152,40076000.0,0.978,1.0,130097000.0,1.009,0.0,0.0,3018523000.0,,0.0,2923107000.0,,,2886364000.0,,,729115460.0,209060000.0,0.0,6545000.0,0.0,0.0,857267000.0,-693125000.0,-690028000.0,44918000.0,0.0,30489000.0,30489000.0,30489000.0,0.0,0.0,0.237,77393000.0,52704000.0,0.0,0.0,3.678,23.914,23.261,7010000.0,0.0,17.795,5.656,5.656,0.0,110780000.0,128899000.0,128899000.0,0.0,,,,0.406,0.0,73919000.0,1.0,40973052.0,40973052.0,,3.146,3123086000.0,0.0,21853000.0,0.0,76.223,
93,SIVB,MRT,1998-03-31,1998-03-31,1998-03-31,2021-08-06,2556000.0,2800900000.0,,,,,4.629,-2699000.0,130163000.0,130163000.0,110000.0,29067000.0,,13.934,0.0,,,0.0,0.0,1311000.0,2597200000.0,0.0,0.0,49992000.0,51303000.0,0.426,51303000.0,49992000.0,49992000.0,0.74,0.705,0.74,187556000.0,,187556000.0,513415114.0,10.0,10.008,34571000.0,0.853,1.0,120420000.0,0.999,0.0,0.0,2670737000.0,,0.0,2620118000.0,,,2613344000.0,,,618474114.0,107230000.0,0.0,6593000.0,0.0,0.0,804110000.0,-734150000.0,-732188000.0,37270000.0,0.0,29067000.0,29067000.0,29067000.0,0.0,0.0,0.241,70428000.0,49992000.0,0.0,0.0,3.298,21.278,20.628,5216000.0,0.0,15.265,5.131,5.131,0.0,102579000.0,120530000.0,120530000.0,0.0,,,,0.415,0.0,66991000.0,1.0,40515828.0,40515828.0,,2.975,2800900000.0,0.0,20925000.0,0.0,69.131,
94,SIVB,MRT,1997-12-31,1997-12-31,1997-12-31,2021-08-06,2419000.0,2625123000.0,2274833500.0,,,0.05,4.306,-1691000.0,105059000.0,105059000.0,76000.0,27678000.0,,14.045,0.0,,,0.0,0.0,1334000.0,2432407000.0,0.0,0.0,47721000.0,49055000.0,0.43,49055000.0,47721000.0,47721000.0,0.715,0.68,0.715,174481000.0,154940500.0,174481000.0,,,,31692000.0,0.782,1.0,113946000.0,0.999,0.0,0.0,2520064000.0,2160886000.0,0.0,2472622000.0,,,2450642000.0,,,569753831.0,-6345000.0,0.0,4823000.0,0.0,0.0,662926000.0,-702654000.0,-702267000.0,33383000.0,0.0,27678000.0,27678000.0,27678000.0,0.0,0.0,0.243,66225000.0,47721000.0,0.0,0.0,3.265,20.585,19.668,4460000.0,0.0,14.062,4.997,4.997,0.0,94999000.0,114022000.0,114022000.0,0.0,0.012,0.179,0.022,0.419,0.0,62830000.0,1.0,40515828.0,40515828.0,,2.814,2625123000.0,0.0,20043000.0,0.0,64.793,
95,SIVB,MRT,1997-09-30,1997-09-30,1997-09-30,2021-08-06,,,,,,,,,,,,,,,,,,,,,,0.0,0.0,,,,,,,,,,,,,,,,,,1.0,,,,,,,,,,,,,,,,,,,,,,,,,,,,,,,,,,,,,,,,14.625,,,,,,,,,,,,,,1.0,,,,,,,,,,
96,SIVB,MRT,1997-06-30,1997-06-30,1997-06-30,2021-08-06,,,,,,,,,,,,,,,,,,,,,,0.0,0.0,,,,,,,,,,,,,,,,,,1.0,,,,,,,,,,,,,,,,,,,,,,,,,,,,,,,,,,,,,,,,11.312,,,,,,,,,,,,,,1.0,,,,,,,,,,
97,SIVB,MRT,1997-03-31,1997-03-31,1997-03-31,2021-08-06,,,,,,,,,,,,,,,,,,,,,,0.0,0.0,,,,,,,,,,,,,,,,,,1.0,,,,,,,,,,,,,,,,,,,,,,,,,,,,,,,,,,,,,,,,8.875,,,,,,,,,,,,,,1.0,,,,,,,,,,
98,SIVB,MRT,1996-12-31,1996-12-31,1996-12-31,2021-08-06,2456000.0,1924544000.0,,,,,,-641000.0,122836000.0,122836000.0,398000.0,21466000.0,,13.214,0.0,,,0.0,0.0,1183000.0,1774304000.0,0.0,0.0,35776000.0,36959000.0,0.418,36959000.0,35776000.0,35776000.0,0.585,0.555,0.585,135400000.0,,135400000.0,,,,27416000.0,,1.0,88060000.0,0.996,0.0,0.0,1801708000.0,,0.0,1766155000.0,,,1789144000.0,,,,90852000.0,0.0,2479000.0,0.0,0.0,486723000.0,-423928000.0,-426160000.0,28057000.0,0.0,21466000.0,21466000.0,21466000.0,0.0,0.0,0.243,52284000.0,35776000.0,0.0,0.0,,,13.782,4155000.0,0.0,8.062,,,0.0,67321000.0,88458000.0,88458000.0,0.0,,,,0.404,0.0,49564000.0,1.0,,,,,1924544000.0,0.0,14310000.0,0.0,,
99,SIVB,MRT,1995-12-31,1995-12-31,1995-12-31,2021-08-06,,,,,,,,-5561000.0,,,-12000.0,18153000.0,,,,,,,,1944000.0,,0.0,0.0,29855000.0,31799000.0,0.409,31799000.0,29855000.0,29855000.0,0.52,0.495,0.52,,,,,,,22718000.0,,1.0,77792000.0,1.0,,0.0,,,,,,,,,,,52476000.0,0.0,2450000.0,0.0,0.0,217137000.0,-192940000.0,-190216000.0,28279000.0,0.0,18153000.0,18153000.0,18153000.0,0.0,0.0,0.233,47937000.0,29855000.0,,0.0,,,11.538,,0.0,6.0,,,,,77780000.0,77780000.0,0.0,,,,0.384,0.0,43964000.0,1.0,,,,,,,11702000.0,,,
