None,ticker,dimension,calendardate,datekey,reportperiod,lastupdated,accoci,assets,assetsavg,assetsc,assetsnc,assetturnover,bvps,capex,cashneq,cashnequsd,cor,consolinc,currentratio,de,debt,debtc,debtnc,debtusd,deferredrev,depamor,deposits,divyield,dps,ebit,ebitda,ebitdamargin,ebitdausd,ebitusd,ebt,eps,epsdil,epsusd,equity,equityavg,equityusd,ev,evebit,evebitda,fcf,fcfps,fxusd,gp,grossmargin,intangibles,intexp,invcap,invcapavg,inventory,investments,investmentsc,investmentsnc,liabilities,liabilitiesc,liabilitiesnc,marketcap,ncf,ncfbus,ncfcommon,ncfdebt,ncfdiv,ncff,ncfi,ncfinv,ncfo,ncfx,netinc,netinccmn,netinccmnusd,netincdis,netincnci,netmargin,opex,opinc,payables,payoutratio,pb,pe,pe1,ppnenet,prefdivis,price,ps,ps1,receivables,retearn,revenue,revenueusd,rnd,roa,roe,roic,ros,sbcomp,sgna,sharefactor,sharesbas,shareswa,shareswadil,sps,tangibles,taxassets,taxexp,taxliabilities,tbvps,workingcapital
0,APA,MRY,2020-12-31,2020-12-31,2020-12-31,2021-09-07,14000000.0,12746000000.0,13002750000.0,1846000000.0,10900000000.0,0.331,-4.336,-1302000000.0,262000000.0,262000000.0,3927000000.0,-4904000000.0,1.411,-8.17,8772000000.0,2000000.0,8770000000.0,8772000000.0,0.0,1772000000.0,0.0,0.023,0.325,-4453000000.0,-2681000000.0,-0.622,-2681000000.0,-4453000000.0,-4720000000.0,-12.86,-12.86,-12.86,-1639000000.0,-1540250000.0,-1639000000.0,14128415403.0,-3.0,-5.27,86000000.0,0.228,1.0,381000000.0,0.088,0.0,267000000.0,19948000000.0,20000500000.0,0.0,1555000000.0,0.0,1555000000.0,13391000000.0,1308000000.0,12083000000.0,5356415403.0,15000000.0,166000000.0,1000000.0,373000000.0,-123000000.0,93000000.0,-1466000000.0,-327000000.0,1388000000.0,0.0,-4784000000.0,-4860000000.0,-4860000000.0,0.0,-120000000.0,-1.128,4954000000.0,-4573000000.0,444000000.0,-0.025,-3.268,-1.102,-1.103,8819000000.0,76000000.0,14.19,1.243,1.245,908000000.0,-10461000000.0,4308000000.0,4308000000.0,0.0,-0.374,3.155,-0.223,-1.034,0.0,290000000.0,1.0,377478182.0,378000000,378000000.0,11.397,12746000000.0,0.0,64000000.0,215000000.0,33.72,538000000.0
1,APA,MRY,2019-12-31,2019-12-31,2019-12-31,2021-09-07,16000000.0,18107000000.0,20767250000.0,1961000000.0,16146000000.0,0.316,8.634,-2961000000.0,247000000.0,247000000.0,5587000000.0,-3682000000.0,1.057,4.191,8566000000.0,11000000.0,8555000000.0,8566000000.0,0.0,2680000000.0,0.0,0.039,1.0,-2379000000.0,301000000.0,0.046,301000000.0,-2379000000.0,-2841000000.0,-9.43,-9.43,-9.43,3255000000.0,5774000000.0,3255000000.0,17871768584.0,-8.0,59.375,-94000000.0,-0.249,1.0,966000000.0,0.147,0.0,462000000.0,24571000000.0,26778500000.0,0.0,1258000000.0,0.0,1258000000.0,13642000000.0,1855000000.0,11787000000.0,9622768584.0,-467000000.0,718000000.0,2000000.0,235000000.0,-376000000.0,112000000.0,-3446000000.0,-1172000000.0,2867000000.0,0.0,-3515000000.0,-3553000000.0,-3553000000.0,0.0,-167000000.0,-0.542,3512000000.0,-2546000000.0,695000000.0,-0.106,2.956,-2.708,-2.714,14158000000.0,38000000.0,25.59,1.468,1.472,1062000000.0,-5601000000.0,6553000000.0,6553000000.0,0.0,-0.171,-0.615,-0.089,-0.363,0.0,406000000.0,1.0,376036287.0,377000000,377000000.0,17.382,18107000000.0,0.0,674000000.0,346000000.0,48.029,106000000.0
2,APA,MRY,2018-12-31,2018-12-31,2018-12-31,2021-09-07,4000000.0,21582000000.0,21788250000.0,2687000000.0,18895000000.0,0.356,18.665,-3904000000.0,714000000.0,714000000.0,5250000000.0,286000000.0,1.221,1.791,8244000000.0,151000000.0,8093000000.0,8244000000.0,0.0,2405000000.0,0.0,0.038,1.0,1190000000.0,3595000000.0,0.463,3595000000.0,1190000000.0,712000000.0,0.11,0.11,0.11,7130000000.0,7471000000.0,7130000000.0,17573020602.0,15.0,4.888,-127000000.0,-0.332,1.0,2514000000.0,0.324,0.0,478000000.0,26911000000.0,26963750000.0,0.0,121000000.0,0.0,121000000.0,12770000000.0,2201000000.0,10569000000.0,9963020602.0,-954000000.0,138000000.0,-305000000.0,-378000000.0,-382000000.0,-787000000.0,-3944000000.0,-91000000.0,3777000000.0,0.0,40000000.0,40000000.0,40000000.0,0.0,246000000.0,0.005,1078000000.0,1436000000.0,709000000.0,9.091,1.397,249.076,238.636,18421000000.0,0.0,26.25,1.283,1.292,1194000000.0,-2048000000.0,7764000000.0,7764000000.0,0.0,0.002,0.005,0.044,0.153,0.0,431000000.0,1.0,379543642.0,382000000,384000000.0,20.325,21582000000.0,0.0,672000000.0,391000000.0,56.497,486000000.0
3,APA,MRY,2017-12-31,2017-12-31,2017-12-31,2021-09-07,4000000.0,21922000000.0,22242250000.0,3725000000.0,18197000000.0,0.265,19.465,-2002000000.0,1668000000.0,1668000000.0,4559000000.0,1503000000.0,1.453,1.771,8484000000.0,550000000.0,7934000000.0,8484000000.0,0.0,2280000000.0,0.0,0.024,1.0,1116000000.0,3396000000.0,0.577,3396000000.0,1116000000.0,719000000.0,3.42,3.41,3.42,7416000000.0,6927750000.0,7416000000.0,22624397796.0,20.0,6.662,426000000.0,1.118,1.0,1328000000.0,0.226,0.0,397000000.0,26174000000.0,26498500000.0,368000000.0,0.0,0.0,0.0,13131000000.0,2564000000.0,10567000000.0,16083397796.0,291000000.0,661000000.0,0.0,-70000000.0,-380000000.0,-721000000.0,-1416000000.0,0.0,2428000000.0,0.0,1304000000.0,1304000000.0,1304000000.0,0.0,199000000.0,0.222,549000000.0,779000000.0,641000000.0,0.292,2.169,12.334,12.345,17759000000.0,0.0,42.22,2.732,2.732,1345000000.0,-2088000000.0,5887000000.0,5887000000.0,0.0,0.059,0.188,0.042,0.19,0.0,395000000.0,1.0,380942629.0,381000000,383000000.0,15.451,21922000000.0,0.0,-585000000.0,545000000.0,57.538,1161000000.0
4,APA,MRY,2016-12-31,2016-12-31,2016-12-31,2021-09-07,-112000000.0,22519000000.0,21923250000.0,3241000000.0,19278000000.0,0.245,16.459,-1815000000.0,1377000000.0,1377000000.0,4911000000.0,-1273000000.0,1.759,2.379,8544000000.0,0.0,8544000000.0,8544000000.0,0.0,2618000000.0,0.0,0.016,1.0,-1430000000.0,1188000000.0,0.221,1188000000.0,-1430000000.0,-1847000000.0,-3.71,-3.71,-3.71,6238000000.0,5466750000.0,6238000000.0,31573379829.0,-22.0,26.577,615000000.0,1.623,1.0,456000000.0,0.085,0.0,417000000.0,27843000000.0,27736000000.0,476000000.0,0.0,0.0,0.0,14840000000.0,1843000000.0,12997000000.0,24082379829.0,-90000000.0,0.0,0.0,-181000000.0,-379000000.0,-860000000.0,-1660000000.0,0.0,2430000000.0,0.0,-1405000000.0,-1405000000.0,-1405000000.0,33000000.0,132000000.0,-0.262,1708000000.0,-1252000000.0,585000000.0,-0.27,3.861,-17.14,-17.108,18867000000.0,0.0,63.47,4.487,4.482,1128000000.0,-3385000000.0,5367000000.0,5367000000.0,0.0,-0.064,-0.257,-0.052,-0.266,0.0,410000000.0,1.0,379429334.0,379000000,379000000.0,14.161,22519000000.0,0.0,-442000000.0,1710000000.0,59.417,1398000000.0
5,APA,MRY,2015-12-31,2015-12-31,2015-12-31,2021-09-07,-119000000.0,25500000000.0,34318500000.0,3752000000.0,21748000000.0,0.19,20.868,-4540000000.0,1467000000.0,1467000000.0,8418000000.0,-10667000000.0,2.038,2.03,8716000000.0,0.0,8716000000.0,8716000000.0,0.0,3300000000.0,0.0,0.022,1.0,-10851000000.0,-7551000000.0,-1.16,-7551000000.0,-10851000000.0,-11362000000.0,-27.4,-27.4,-27.4,7888000000.0,13613000000.0,7888000000.0,23932290407.0,-2.0,-3.169,-1873000000.0,-4.955,1.0,-1908000000.0,-0.293,0.0,511000000.0,30908000000.0,39611000000.0,570000000.0,0.0,0.0,0.0,16010000000.0,1841000000.0,14169000000.0,16810290407.0,788000000.0,1245000000.0,0.0,-2509000000.0,-377000000.0,-2962000000.0,1083000000.0,0.0,2667000000.0,0.0,-10352000000.0,-10352000000.0,-10352000000.0,0.0,-315000000.0,-1.59,10129000000.0,-12037000000.0,618000000.0,-0.036,2.131,-1.624,-1.623,20838000000.0,0.0,44.47,2.582,2.582,1253000000.0,-1980000000.0,6510000000.0,6510000000.0,0.0,-0.302,-0.76,-0.274,-1.667,0.0,380000000.0,1.0,378014176.0,378000000,378000000.0,17.222,25500000000.0,0.0,-1010000000.0,2529000000.0,67.46,1911000000.0
6,APA,MRY,2014-12-31,2014-12-31,2014-12-31,2021-09-07,-116000000.0,55952000000.0,59808500000.0,6415000000.0,49537000000.0,0.214,67.544,-9134000000.0,769000000.0,769000000.0,10113000000.0,-8019000000.0,1.751,1.072,11245000000.0,0.0,11245000000.0,11245000000.0,0.0,4526000000.0,0.0,0.015,0.95,-8465000000.0,-3939000000.0,-0.308,-3939000000.0,-8465000000.0,-8878000000.0,-21.76,-21.76,-21.76,25937000000.0,30648000000.0,25937000000.0,33932138158.0,-4.0,-8.614,-1177000000.0,-3.065,1.0,2682000000.0,0.21,0.0,413000000.0,62764000000.0,63985750000.0,708000000.0,0.0,0.0,0.0,27815000000.0,3664000000.0,24151000000.0,23594138158.0,-1227000000.0,1262000000.0,-1864000000.0,1568000000.0,-365000000.0,-794000000.0,-8390000000.0,0.0,7957000000.0,0.0,-8360000000.0,-8360000000.0,-8360000000.0,0.0,341000000.0,-0.653,7776000000.0,-5094000000.0,1210000000.0,-0.044,0.91,-2.822,-2.88,48076000000.0,0.0,62.67,1.844,1.881,2024000000.0,16249000000.0,12795000000.0,12795000000.0,0.0,-0.14,-0.273,-0.132,-0.662,0.0,453000000.0,1.0,376482179.0,384000000,384000000.0,33.32,55952000000.0,769000000.0,-518000000.0,9499000000.0,145.708,2751000000.0
7,APA,MRY,2013-12-31,2013-12-31,2013-12-31,2021-09-07,-115000000.0,61637000000.0,61754500000.0,6366000000.0,55271000000.0,0.239,84.547,-9249000000.0,1906000000.0,1906000000.0,8581000000.0,2288000000.0,1.354,0.786,10024000000.0,352000000.0,9672000000.0,10024000000.0,0.0,5866000000.0,0.0,0.009,0.77,4389000000.0,10255000000.0,0.694,10255000000.0,4389000000.0,4160000000.0,5.53,5.5,5.53,33396000000.0,32771250000.0,33396000000.0,44189359801.0,10.0,4.309,586000000.0,1.484,1.0,6190000000.0,0.419,1369000000.0,229000000.0,63686000000.0,66147750000.0,891000000.0,0.0,0.0,0.0,26244000000.0,4700000000.0,21544000000.0,34310359801.0,1746000000.0,4098000000.0,-997000000.0,-2581000000.0,-360000000.0,-973000000.0,-7116000000.0,0.0,9835000000.0,0.0,2232000000.0,2188000000.0,2188000000.0,0.0,56000000.0,0.148,1720000000.0,4470000000.0,1616000000.0,0.139,1.027,15.681,15.541,52421000000.0,44000000.0,85.94,2.323,2.298,2952000000.0,22032000000.0,14771000000.0,14771000000.0,0.0,0.035,0.067,0.066,0.297,0.0,481000000.0,1.0,399236209.0,395000000,406000000.0,37.395,60268000000.0,134000000.0,1928000000.0,8364000000.0,152.577,1666000000.0
8,APA,MRY,2012-12-31,2012-12-31,2012-12-31,2021-09-07,-131000000.0,60737000000.0,57500250000.0,4962000000.0,55775000000.0,0.286,80.542,-9437000000.0,160000000.0,160000000.0,8852000000.0,2001000000.0,0.896,0.939,12461000000.0,1106000000.0,11355000000.0,12461000000.0,0.0,6881000000.0,0.0,0.008,0.66,5026000000.0,11907000000.0,0.725,11907000000.0,5026000000.0,4854000000.0,4.95,4.92,4.95,31331000000.0,30608250000.0,31331000000.0,42087756242.0,8.0,3.535,-933000000.0,-2.398,1.0,7576000000.0,0.461,1289000000.0,172000000.0,66213000000.0,61498500000.0,908000000.0,31000000.0,31000000.0,0.0,29406000000.0,5536000000.0,23870000000.0,30715756242.0,-135000000.0,-3105000000.0,0.0,5089000000.0,-332000000.0,4785000000.0,-13424000000.0,0.0,8504000000.0,0.0,2001000000.0,1925000000.0,1925000000.0,0.0,0.0,0.117,2700000000.0,4876000000.0,1092000000.0,0.133,0.98,15.956,15.859,53280000000.0,76000000.0,78.5,1.87,1.859,3086000000.0,20161000000.0,16428000000.0,16428000000.0,0.0,0.033,0.063,0.082,0.306,0.0,515000000.0,1.0,391283519.0,389000000,391000000.0,42.231,59448000000.0,0.0,2853000000.0,8024000000.0,152.823,-574000000.0
9,APA,MRY,2011-12-31,2011-12-31,2011-12-31,2021-09-07,-9000000.0,52051000000.0,47732000000.0,4803000000.0,47248000000.0,0.352,75.503,-6656000000.0,295000000.0,295000000.0,7895000000.0,4584000000.0,0.968,0.795,7329000000.0,544000000.0,6785000000.0,7329000000.0,0.0,4204000000.0,0.0,0.007,0.6,8251000000.0,12455000000.0,0.741,12455000000.0,8251000000.0,8093000000.0,11.75,11.47,11.75,28993000000.0,27190250000.0,28993000000.0,41454109238.0,5.0,3.328,3297000000.0,8.586,1.0,8915000000.0,0.53,1114000000.0,158000000.0,53008000000.0,49564750000.0,655000000.0,304000000.0,304000000.0,0.0,23058000000.0,4963000000.0,18095000000.0,34788109238.0,161000000.0,-1813000000.0,0.0,-925000000.0,-306000000.0,-1147000000.0,-8645000000.0,0.0,9953000000.0,0.0,4584000000.0,4508000000.0,4508000000.0,0.0,0.0,0.268,742000000.0,8173000000.0,1048000000.0,0.051,1.2,7.717,7.709,45448000000.0,76000000.0,90.58,2.069,2.069,3079000000.0,18500000000.0,16810000000.0,16810000000.0,0.0,0.094,0.166,0.166,0.491,0.0,459000000.0,1.0,384059497.0,384000000,400000000.0,43.776,50937000000.0,0.0,3509000000.0,7197000000.0,132.648,-160000000.0
10,APA,MRY,2010-12-31,2010-12-31,2010-12-31,2021-09-07,-141000000.0,43425000000.0,35003479250.0,3480000000.0,39945000000.0,0.345,69.253,-12369000000.0,134000000.0,134000000.0,5983000000.0,3032000000.0,0.988,0.781,8335000000.0,240000000.0,8095000000.0,8335000000.0,0.0,3083000000.0,0.0,0.005,0.6,5435000000.0,8518000000.0,0.704,8518000000.0,5435000000.0,5206000000.0,8.53,8.46,8.53,24377000000.0,20189169500.0,24377000000.0,48833690349.0,9.0,5.733,-5643000000.0,-16.031,1.0,6109000000.0,0.505,1032000000.0,229000000.0,47070000000.0,36907518750.0,564000000.0,167000000.0,167000000.0,0.0,19048000000.0,3524000000.0,15524000000.0,43470225349.0,-1914000000.0,-913000000.0,2258000000.0,1415000000.0,-226000000.0,4763000000.0,-13403000000.0,0.0,6726000000.0,0.0,3032000000.0,3000000000.0,3000000000.0,0.0,0.0,0.248,674000000.0,5435000000.0,779000000.0,0.07,1.783,14.49,13.978,38151000000.0,32000000.0,119.23,3.595,3.471,2134000000.0,14223000000.0,12092000000.0,12092000000.0,0.0,0.086,0.149,0.147,0.449,0.0,380000000.0,1.0,364591339.0,352000000,359000000.0,34.352,42393000000.0,0.0,2174000000.0,4249000000.0,120.435,-44000000.0
11,APA,MRY,2009-12-31,2009-12-31,2009-12-31,2021-09-07,-290000000.0,28186000000.0,27026556750.0,4586000000.0,23600000000.0,0.319,46.961,-3810000000.0,2048000000.0,2048000000.0,4780000000.0,-285000000.0,1.916,0.786,5195000000.0,245000000.0,4950000000.0,5195000000.0,0.0,5213000000.0,0.0,0.006,0.6,568000000.0,5781000000.0,0.671,5781000000.0,568000000.0,326000000.0,-0.87,-0.87,-0.87,15779000000.0,15208541750.0,15779000000.0,38439285824.0,68.0,6.649,414000000.0,1.232,1.0,3835000000.0,0.445,189000000.0,242000000.0,28751000000.0,28636557250.0,533000000.0,0.0,0.0,0.0,12407000000.0,2393000000.0,10014000000.0,34683108824.0,867000000.0,-129000000.0,28000000.0,148000000.0,-209000000.0,-110000000.0,-3247000000.0,792000000.0,4224000000.0,0.0,-285000000.0,-292000000.0,-292000000.0,0.0,0.0,-0.034,3267000000.0,568000000.0,397000000.0,-0.69,2.198,-118.778,-118.586,22901000000.0,7000000.0,103.17,4.026,4.024,1546000000.0,11437000000.0,8615000000.0,8615000000.0,0.0,-0.011,-0.019,0.02,0.066,0.0,344000000.0,1.0,336174361.0,336000000,336000000.0,25.64,27997000000.0,0.0,611000000.0,2765000000.0,83.324,2193000000.0
12,APA,MRY,2008-12-31,2008-12-31,2008-12-31,2021-09-07,21764000.0,29186485000.0,30968037750.0,4450974000.0,24735511000.0,0.4,49.328,-5515000000.0,1195330000.0,1195330000.0,5568000000.0,712000000.0,1.766,0.768,4921573000.0,112598000.0,4808975000.0,4921573000.0,0.0,7850000000.0,0.0,0.009,0.7,1098000000.0,8948000000.0,0.722,8948000000.0,1098000000.0,932000000.0,2.11,2.09,2.11,16508721000.0,16966575750.0,16508721000.0,28288456018.0,26.0,3.161,1550000000.0,4.631,1.0,6822000000.0,0.551,189252000.0,166000000.0,30203041000.0,31912847250.0,498567000.0,791999000.0,791999000.0,0.0,12677764000.0,2520435000.0,10157329000.0,24942972018.0,1055000000.0,-150000000.0,31000000.0,696000000.0,-239000000.0,525000000.0,-6535000000.0,-792000000.0,7065000000.0,0.0,712000000.0,706000000.0,706000000.0,0.0,0.0,0.057,5724000000.0,1098000000.0,548945000.0,0.332,1.511,35.33,35.322,23958517000.0,6000000.0,74.53,2.013,2.013,1356979000.0,11929827000.0,12390000000.0,12390000000.0,0.0,0.023,0.042,0.034,0.089,0.0,289000000.0,1.0,334670227.0,334670227,,37.022,28997233000.0,303203000.0,220000000.0,3166657000.0,86.644,1930539000.0
13,APA,MRY,2007-12-31,2007-12-31,2007-12-31,2021-09-07,-520211000.0,28634651000.0,27317826750.0,2752251000.0,25882400000.0,0.366,46.229,-5719090000.0,125823000.0,125823000.0,4735700000.0,2812358000.0,1.033,0.862,4894696000.0,501300000.0,4393396000.0,4894696000.0,0.0,2347791000.0,0.0,0.006,0.6,4892549000.0,7240340000.0,0.724,7240340000.0,4892549000.0,4672612000.0,8.45,8.39,8.45,15377979000.0,14400954000.0,15377979000.0,40667558698.0,8.0,5.617,-41657000.0,-0.125,1.0,5264052000.0,0.526,189252000.0,219937000.0,30549256000.0,28950950750.0,461211000.0,20889000.0,20889000.0,0.0,13256672000.0,2665016000.0,10591656000.0,35772905698.0,-14701000.0,-20363000.0,43961000.0,407040000.0,-204753000.0,253795000.0,-5945929000.0,0.0,5677433000.0,0.0,2812358000.0,2806678000.0,2806678000.0,0.0,0.0,0.281,371503000.0,4892549000.0,617937000.0,0.071,2.326,12.746,12.727,25231593000.0,5680000.0,107.54,3.577,3.577,1936977000.0,11457592000.0,9999752000.0,9999752000.0,0.0,0.103,0.195,0.169,0.489,0.0,275065000.0,1.0,332647440.0,332647440,,30.061,28445399000.0,21077000.0,1860254000.0,3998167000.0,85.512,87235000.0
14,APA,MRY,2006-12-31,2006-12-31,2006-12-31,2021-09-07,-31332000.0,24308175000.0,22411139500.0,2490271000.0,21817904000.0,0.371,40.044,-4135488000.0,140524000.0,140524000.0,3857385000.0,2552451000.0,0.653,0.843,3892053000.0,1872222000.0,2019831000.0,3892053000.0,0.0,1816359000.0,0.0,0.007,0.45,4151481000.0,5967840000.0,0.718,5967840000.0,4151481000.0,4009595000.0,7.72,7.64,7.72,13191053000.0,12228121500.0,13191053000.0,25509399227.0,6.0,4.274,177418000.0,0.539,1.0,4451746000.0,0.536,189252000.0,141886000.0,24058840000.0,22339473000.0,320386000.0,139756000.0,139756000.0,0.0,11117122000.0,3811612000.0,7305510000.0,21909288227.0,-88336000.0,-1490535000.0,-134944000.0,1629697000.0,-154143000.0,1374340000.0,-5775582000.0,0.0,4312906000.0,0.0,2552451000.0,2546771000.0,2546771000.0,0.0,0.0,0.307,300265000.0,4151481000.0,644889000.0,0.058,1.661,8.603,8.615,21346252000.0,5680000.0,66.51,2.637,2.637,1651664000.0,8898577000.0,8309131000.0,8309131000.0,0.0,0.114,0.208,0.186,0.5,0.0,211334000.0,1.0,329413445.0,329413445,,25.224,24118923000.0,0.0,1457144000.0,3621122000.0,73.218,-1321341000.0
15,APA,MRY,2005-12-31,2005-12-31,2005-12-31,2021-09-07,-365608000.0,19271796000.0,17565635250.0,2162077000.0,17109719000.0,0.432,32.012,-3636193000.0,228860000.0,228860000.0,2556417000.0,2623730000.0,0.989,0.828,2600773000.0,256389000.0,2344384000.0,2600773000.0,0.0,1415682000.0,0.0,0.005,0.34,4322577000.0,5738259000.0,0.757,5738259000.0,4322577000.0,4206254000.0,7.96,7.84,7.96,10541215000.0,9518660750.0,10541215000.0,25192880335.0,6.0,4.39,696077000.0,2.114,1.0,5027827000.0,0.663,189252000.0,116323000.0,19267893000.0,18027272000.0,209670000.0,16319000.0,16319000.0,0.0,8730581000.0,2186564000.0,6544017000.0,22563197335.0,117767000.0,0.0,25484000.0,-396162000.0,-117395000.0,-482661000.0,-3731842000.0,0.0,4332270000.0,0.0,2623730000.0,2618050000.0,2618050000.0,0.0,0.0,0.345,705250000.0,4322577000.0,714598000.0,0.043,2.14,8.618,8.608,16791340000.0,5680000.0,68.52,2.975,2.975,1444545000.0,6516863000.0,7584244000.0,7584244000.0,0.0,0.149,0.275,0.24,0.57,0.0,198272000.0,1.0,329293598.0,329293598,,23.032,19082544000.0,0.0,1582524000.0,2875273000.0,57.95,-24487000.0
16,APA,MRY,2004-12-31,2004-12-31,2004-12-31,2021-09-07,-129482000.0,15502480000.0,14040214000.0,1348782000.0,14153698000.0,0.38,25.131,-2984409000.0,111093000.0,111093000.0,2168791000.0,1668754000.0,1.051,0.89,2641080000.0,21273000.0,2619807000.0,2641080000.0,0.0,1222152000.0,0.0,0.005,0.26,2829856000.0,4052008000.0,0.76,4052008000.0,2829856000.0,2661766000.0,5.1,5.03,5.1,8204421000.0,7505666500.0,8204421000.0,18805075692.0,7.0,4.641,247110000.0,0.757,1.0,3163786000.0,0.593,189252000.0,168090000.0,16560324000.0,15034183000.0,157293000.0,0.0,0.0,0.0,7298059000.0,1282891000.0,6015168000.0,16509653692.0,77590000.0,-348173000.0,34067000.0,261424000.0,-90369000.0,257084000.0,-3411013000.0,0.0,3231519000.0,0.0,1668754000.0,1663074000.0,1663074000.0,0.0,0.0,0.312,384218000.0,2779568000.0,542074000.0,0.051,2.012,9.927,9.916,13860359000.0,5680000.0,50.57,3.096,3.096,939736000.0,4017339000.0,5332577000.0,5332577000.0,0.0,0.118,0.222,0.188,0.531,0.0,173194000.0,1.0,326471301.0,326471301,,16.334,15313228000.0,0.0,993012000.0,2224679000.0,46.905,65891000.0
17,APA,MRY,2003-12-31,2003-12-31,2003-12-31,2021-09-07,-151943000.0,12416126000.0,11856122000.0,899072000.0,11517054000.0,0.353,20.158,-2901181000.0,33503000.0,33503000.0,1833409000.0,1121885000.0,1.096,0.901,2396439000.0,63542000.0,2332897000.0,2396439000.0,0.0,1073286000.0,0.0,0.005,0.21,2117979000.0,3191265000.0,0.762,3191265000.0,2117979000.0,1948889000.0,3.46,3.43,3.46,6532798000.0,6158126750.0,6532798000.0,15612757285.0,7.0,4.892,-195281000.0,-0.603,1.0,2356890000.0,0.562,189252000.0,169090000.0,13769432000.0,13148162500.0,125867000.0,0.0,0.0,0.0,5883328000.0,820378000.0,5062950000.0,13141276285.0,-18383000.0,0.0,588215000.0,167508000.0,-72832000.0,234474000.0,-2958757000.0,0.0,2705900000.0,0.0,1121885000.0,1116205000.0,1116205000.0,0.0,0.0,0.266,310893000.0,2045997000.0,300598000.0,0.061,2.012,11.773,11.72,11260085000.0,5680000.0,40.55,3.136,3.136,639055000.0,2445698000.0,4190299000.0,4190299000.0,0.0,0.094,0.181,0.161,0.505,0.0,138524000.0,1.0,324075864.0,324075864,,12.93,12226874000.0,0.0,827004000.0,1716174000.0,37.728,78694000.0
18,APA,MRY,2002-12-31,2002-12-31,2002-12-31,2021-09-07,-112936000.0,9459851000.0,9209708250.0,766781000.0,8693070000.0,0.278,17.102,-1030325000.0,51886000.0,51886000.0,1340349000.0,554329000.0,1.441,0.921,2158815000.0,0.0,2158815000.0,2158815000.0,0.0,843879000.0,0.0,0.007,0.2,1054637000.0,1898516000.0,0.742,1898516000.0,1054637000.0,898970000.0,1.83,1.8,1.83,4924280000.0,4718787750.0,4924280000.0,10200373974.0,10.0,5.373,350393000.0,1.217,1.0,1219524000.0,0.476,189252000.0,155667000.0,10845293000.0,10623179750.0,109204000.0,0.0,0.0,0.0,4535571000.0,532235000.0,4003336000.0,8204662974.0,16261000.0,-269885000.0,32699000.0,-85542000.0,-68879000.0,-128450000.0,-1236007000.0,101723000.0,1380718000.0,0.0,554329000.0,543514000.0,543514000.0,0.0,0.0,0.212,191497000.0,1028027000.0,214288000.0,0.109,1.666,15.096,15.571,8465585000.0,10815000.0,28.495,3.205,3.205,527687000.0,1427607000.0,2559873000.0,2559873000.0,0.0,0.059,0.115,0.099,0.412,0.0,104588000.0,1.0,287933426.0,287933426,,8.891,9270599000.0,0.0,344641000.0,1164865000.0,32.197,234546000.0
19,APA,MRY,2001-12-31,2001-12-31,2001-12-31,2021-09-07,-101817000.0,8933656000.0,8955519500.0,697749000.0,8235907000.0,0.314,17.727,-1180688000.0,35625000.0,35625000.0,1255334000.0,723399000.0,1.336,1.022,2244357000.0,0.0,2244357000.0,2244357000.0,0.0,820831000.0,0.0,0.009,0.218,1378169000.0,2199000000.0,0.783,2199000000.0,1378169000.0,1199254000.0,2.44,2.37,2.44,4418483000.0,4297447500.0,4418483000.0,8460081747.0,6.0,3.847,724312000.0,2.906,1.0,1554057000.0,0.553,188812000.0,178915000.0,10431118000.0,10447736750.0,102536000.0,102950000.0,102950000.0,0.0,4515173000.0,522458000.0,3992715000.0,6216420747.0,-1548000.0,-922951000.0,-32754000.0,26099000.0,-54492000.0,377789000.0,-2284337000.0,-103863000.0,1905000000.0,0.0,723399000.0,703798000.0,703798000.0,0.0,0.0,0.251,228432000.0,1325625000.0,179778000.0,0.089,1.407,8.833,10.221,8013072000.0,19601000.0,24.94,2.213,2.213,404793000.0,1336478000.0,2809391000.0,2809391000.0,0.0,0.079,0.164,0.132,0.491,0.0,88710000.0,1.0,249255042.0,249255042,,11.271,8744844000.0,0.0,475855000.0,1031753000.0,35.084,175291000.0
20,APA,MRY,2000-12-31,2000-12-31,2000-12-31,2021-09-07,-40232000.0,7481950000.0,6541199250.0,630020000.0,6851930000.0,0.352,15.2,-929305000.0,37173000.0,37173000.0,856871000.0,713056000.0,1.139,0.993,2218258000.0,25000000.0,2193258000.0,2218258000.0,0.0,583546000.0,0.0,0.003,0.101,1364263000.0,1947809000.0,0.846,1947809000.0,1364263000.0,1196142000.0,2.54,2.46,2.54,3754640000.0,3225912750.0,3754640000.0,10589861659.0,8.0,5.437,588063000.0,2.381,1.0,1445107000.0,0.628,0.0,168121000.0,9109688000.0,8177226000.0,54764000.0,0.0,0.0,0.0,3727310000.0,553347000.0,3173963000.0,8653191659.0,24002000.0,-1250816000.0,447576000.0,332450000.0,-52945000.0,723630000.0,-2216996000.0,0.0,1517368000.0,0.0,713056000.0,693068000.0,693068000.0,0.0,0.0,0.301,134788000.0,1310319000.0,259120000.0,0.04,2.305,12.485,13.791,6812462000.0,19988000.0,35.03,3.759,3.759,506723000.0,1226531000.0,2301978000.0,2301978000.0,0.0,0.106,0.215,0.167,0.593,0.0,75615000.0,1.0,247022314.0,247022314,,9.319,7481950000.0,0.0,483086000.0,708956000.0,30.289,76673000.0
21,APA,MRY,1999-12-31,1999-12-31,1999-12-31,2021-09-07,-8446000.0,5502543000.0,4854142000.0,343068000.0,5159475000.0,0.236,11.699,-436090000.0,13171000.0,13171000.0,633420000.0,200855000.0,1.019,1.061,1885808000.0,6158000.0,1879650000.0,1885808000.0,0.0,442844000.0,0.0,0.007,0.122,477559000.0,920403000.0,0.803,920403000.0,477559000.0,344573000.0,0.785,0.78,0.785,2669427000.0,2384600250.0,2669427000.0,5644204959.0,12.0,6.132,202084000.0,0.886,1.0,513133000.0,0.448,0.0,132986000.0,7038402000.0,6150458250.0,45113000.0,0.0,0.0,0.0,2833116000.0,336778000.0,2496338000.0,4214234959.0,-1366000.0,-1294840000.0,439778000.0,527050000.0,-42264000.0,1130211000.0,-1769751000.0,0.0,638174000.0,0.0,200855000.0,186406000.0,186406000.0,0.0,0.0,0.163,86294000.0,426839000.0,148309000.0,0.155,1.579,22.608,23.529,5115858000.0,14449000.0,18.47,3.676,3.676,259530000.0,558721000.0,1146553000.0,1146553000.0,0.0,0.038,0.078,0.078,0.417,0.0,53894000.0,1.0,228166484.0,228166484,,5.025,5502543000.0,0.0,143718000.0,360324000.0,24.116,6290000.0
22,APA,MRY,1998-12-31,1998-12-31,1998-12-31,2021-09-07,-33204000.0,3996062000.0,4115034500.0,226970000.0,3769092000.0,0.185,9.216,-505362000.0,14537000.0,14537000.0,564945000.0,-129387000.0,0.742,1.218,1358758000.0,15500000.0,1343258000.0,1358758000.0,0.0,625985000.0,0.0,0.012,0.152,-67860000.0,558125000.0,0.734,558125000.0,-67860000.0,-187563000.0,-0.67,-0.67,-0.67,1801833000.0,1890830750.0,1801833000.0,3725776442.0,-55.0,6.676,-33851000.0,-0.173,1.0,195525000.0,0.257,0.0,119703000.0,5034509000.0,5144028500.0,40948000.0,0.0,0.0,0.0,2194229000.0,305774000.0,1888455000.0,2474231442.0,4851000.0,-48499000.0,-20178000.0,-4244000.0,-28204000.0,45460000.0,-512120000.0,0.0,471511000.0,0.0,-129387000.0,-131391000.0,-131391000.0,0.0,0.0,-0.173,312551000.0,-117026000.0,115111000.0,-0.227,1.373,-18.831,-18.888,3727541000.0,2004000.0,12.655,3.254,3.254,159806000.0,403098000.0,760470000.0,760470000.0,0.0,-0.032,-0.069,-0.013,-0.089,0.0,40731000.0,1.0,195514140.0,195514140,,3.89,3996062000.0,0.0,-58176000.0,270493000.0,20.439,-78804000.0
23,APA,MRY,1997-12-31,1997-12-31,1997-12-31,2021-09-07,-20459000.0,4138633000.0,3739611250.0,348329000.0,3790304000.0,0.315,9.56,-741285000.0,9686000.0,9686000.0,807065000.0,154896000.0,1.013,1.393,1518580000.0,17200000.0,1501380000.0,1518580000.0,0.0,381416000.0,0.0,0.007,0.122,363788000.0,745204000.0,0.634,745204000.0,363788000.0,258640000.0,0.855,0.825,0.855,1729177000.0,1625297500.0,1729177000.0,4458923708.0,12.0,5.983,-17477000.0,-0.097,1.0,369208000.0,0.314,0.0,105148000.0,5303744000.0,4763436250.0,36041000.0,0.0,0.0,0.0,2409456000.0,343783000.0,2065673000.0,3170924708.0,-3475000.0,-299852000.0,11237000.0,355874000.0,-25275000.0,338942000.0,-1066225000.0,13000.0,723808000.0,0.0,154896000.0,154896000.0,154896000.0,0.0,0.0,0.132,38243000.0,330965000.0,178361000.0,0.143,1.834,20.471,20.503,3733185000.0,0.0,17.53,2.696,2.696,224025000.0,561981000.0,1176273000.0,1176273000.0,0.0,0.041,0.095,0.076,0.309,0.0,38243000.0,1.0,180885608.0,180885608,,6.503,4138633000.0,0.0,103744000.0,355619000.0,22.88,4546000.0
24,APA,MRY,1996-12-31,1996-12-31,1996-12-31,2021-09-07,-15490000.0,3432430000.0,3056940000.0,268156000.0,3164274000.0,0.32,8.852,-611877000.0,13161000.0,13161000.0,679439000.0,121427000.0,0.866,1.26,1237706000.0,2000000.0,1235706000.0,1237706000.0,0.0,315144000.0,0.0,0.007,0.122,290024000.0,605168000.0,0.619,605168000.0,290024000.0,200195000.0,0.71,0.69,0.71,1518516000.0,1305160500.0,1518516000.0,,,,-121373000.0,-0.707,1.0,297712000.0,0.305,0.0,89829000.0,4347318000.0,3929931000.0,13963000.0,0.0,0.0,0.0,1913914000.0,309657000.0,1604257000.0,3169023551.0,-472000.0,-43294000.0,6447000.0,150130000.0,-23420000.0,127251000.0,-618227000.0,7193000.0,490504000.0,0.0,121427000.0,121427000.0,121427000.0,0.0,0.0,0.124,35911000.0,261801000.0,174941000.0,0.172,2.087,26.098,24.739,3100061000.0,0.0,17.565,3.243,3.084,234646000.0,432588000.0,977151000.0,977151000.0,0.0,0.04,0.093,0.074,0.297,0.0,35911000.0,1.0,180416940.0,171554000,,5.696,3432430000.0,0.0,78768000.0,254789000.0,20.008,-41501000.0
25,APA,MRY,1995-12-31,1995-12-31,1995-12-31,2021-09-07,-15776000.0,2681450000.0,,208336000.0,2473114000.0,,7.604,-903101000.0,13633000.0,13633000.0,600470000.0,20207000.0,0.904,1.456,1075076000.0,3000000.0,1072076000.0,1075076000.0,0.0,297485000.0,0.0,0.008,0.122,121200000.0,418685000.0,0.558,418685000.0,121200000.0,33143000.0,0.14,0.14,0.14,1091805000.0,,1091805000.0,,,,-570978000.0,-3.977,1.0,150232000.0,0.2,0.0,88057000.0,3512544000.0,,9764000.0,0.0,0.0,0.0,1589645000.0,230349000.0,1359296000.0,,-16410000.0,25377000.0,196980000.0,355580000.0,-18915000.0,521571000.0,-870104000.0,2528000.0,332123000.0,0.0,20207000.0,20207000.0,20207000.0,0.0,0.0,0.027,46529000.0,103703000.0,138269000.0,0.871,,,105.357,2401561000.0,0.0,14.75,,2.821,175949000.0,335470000.0,750702000.0,750702000.0,0.0,,,,0.161,0.0,36552000.0,1.0,,143584000,,5.228,2681450000.0,0.0,12936000.0,181575000.0,18.675,-22013000.0
26,APA,MRY,1994-12-31,1994-12-31,1994-12-31,2021-09-07,,,,,,,,-517310000.0,,,445161000.0,45583000.0,,,,,,,,257821000.0,,0.01,0.122,104531000.0,362352000.0,0.611,362352000.0,104531000.0,66693000.0,0.325,,0.325,,,,,,,-159541000.0,-1.144,1.0,147465000.0,0.249,,37838000.0,,,,,,,,,,,-9685000.0,-39262000.0,1210000.0,200561000.0,-17131000.0,183765000.0,-551219000.0,1589000.0,357769000.0,0.0,45583000.0,45583000.0,45583000.0,0.0,0.0,0.077,46029000.0,101436000.0,,0.375,,,38.462,,0.0,12.5,,2.941,,,592626000.0,592626000.0,0.0,,,,0.176,0.0,38729000.0,1.0,,139430000,,4.25,,,21110000.0,,,
0,APA,MRQ,2021-06-30,2021-06-30,2021-06-30,2021-09-07,15000000.0,13512000000.0,,2945000000.0,10567000000.0,,-2.55,-128000000.0,1249000000.0,1249000000.0,1062000000.0,408000000.0,1.661,-13.938,8635000000.0,215000000.0,8420000000.0,8635000000.0,0.0,351000000.0,0.0,0.005,0.025,534000000.0,885000000.0,0.497,885000000.0,534000000.0,427000000.0,0.83,0.82,0.83,-964000000.0,,-964000000.0,16352552421.0,11.0,5.467,841000000.0,2.225,1.0,720000000.0,0.404,0.0,107000000.0,19125000000.0,,0.0,1554000000.0,0.0,1554000000.0,13436000000.0,1773000000.0,11663000000.0,8175552421.0,711000000.0,0.0,0.0,-79000000.0,-10000000.0,-132000000.0,-126000000.0,-3000000.0,969000000.0,0.0,340000000.0,316000000.0,316000000.0,0.0,68000000.0,0.177,118000000.0,602000000.0,603000000.0,0.03,-8.481,11.515,11.567,8501000000.0,24000000.0,21.63,1.296,1.296,1068000000.0,-9757000000.0,1782000000.0,1782000000.0,0.0,,,,,0.0,86000000.0,1.0,377972835.0,378000000,379000000.0,4.714,13512000000.0,0.0,87000000.0,194000000.0,35.746,1172000000.0
1,APA,MRQ,2021-03-31,2021-03-31,2021-03-31,2021-09-07,15000000.0,13127000000.0,,2345000000.0,10782000000.0,,-3.328,-253000000.0,538000000.0,538000000.0,1251000000.0,450000000.0,1.753,-10.642,8715000000.0,2000000.0,8713000000.0,8715000000.0,0.0,342000000.0,0.0,0.006,0.025,687000000.0,1029000000.0,0.492,1029000000.0,687000000.0,577000000.0,1.02,1.02,1.02,-1258000000.0,,-1258000000.0,15273711381.0,28.0,7.326,418000000.0,1.106,1.0,841000000.0,0.402,0.0,110000000.0,19966000000.0,,0.0,1567000000.0,0.0,1567000000.0,13388000000.0,1338000000.0,12050000000.0,6763711381.0,276000000.0,0.0,0.0,-58000000.0,-9000000.0,-128000000.0,-267000000.0,-21000000.0,671000000.0,0.0,407000000.0,388000000.0,388000000.0,0.0,43000000.0,0.185,111000000.0,730000000.0,524000000.0,0.025,-5.377,845.464,895.0,8718000000.0,19000000.0,17.9,1.321,1.321,1071000000.0,-10073000000.0,2092000000.0,2092000000.0,0.0,,,,,0.0,83000000.0,1.0,377860971.0,378000000,379000000.0,5.534,13127000000.0,0.0,170000000.0,237000000.0,34.728,1007000000.0
2,APA,MRQ,2020-12-31,2020-12-31,2020-12-31,2021-09-07,14000000.0,12746000000.0,,1846000000.0,10900000000.0,,-4.336,-329000000.0,262000000.0,262000000.0,997000000.0,55000000.0,1.411,-8.17,8772000000.0,2000000.0,8770000000.0,8772000000.0,0.0,390000000.0,0.0,0.023,0.025,144000000.0,534000000.0,0.414,534000000.0,144000000.0,45000000.0,0.03,0.03,0.03,-1639000000.0,,-1639000000.0,14128415403.0,-3.0,-5.27,169000000.0,0.447,1.0,292000000.0,0.227,0.0,99000000.0,19948000000.0,,0.0,1555000000.0,0.0,1555000000.0,13391000000.0,1308000000.0,12083000000.0,5356415403.0,100000000.0,166000000.0,1000000.0,-156000000.0,-10000000.0,-208000000.0,-190000000.0,-41000000.0,498000000.0,0.0,30000000.0,10000000.0,10000000.0,0.0,25000000.0,0.008,123000000.0,169000000.0,444000000.0,0.833,-3.268,-1.102,-1.103,8819000000.0,20000000.0,14.19,1.243,1.245,908000000.0,-10461000000.0,1289000000.0,1289000000.0,0.0,,,,,0.0,76000000.0,1.0,377478182.0,378000000,378000000.0,3.41,12746000000.0,0.0,15000000.0,215000000.0,33.72,538000000.0
3,APA,MRQ,2020-09-30,2020-09-30,2020-09-30,2021-09-07,16000000.0,12875000000.0,,1719000000.0,11156000000.0,,-4.341,-233000000.0,162000000.0,162000000.0,887000000.0,41000000.0,1.244,-8.234,8934000000.0,184000000.0,8750000000.0,8934000000.0,0.0,398000000.0,0.0,0.058,0.025,145000000.0,543000000.0,0.475,543000000.0,145000000.0,46000000.0,-0.01,-0.02,-0.01,-1641000000.0,,-1641000000.0,12256533472.0,-2.0,-2.382,71000000.0,0.188,1.0,257000000.0,0.225,0.0,99000000.0,20265000000.0,,0.0,1524000000.0,0.0,1524000000.0,13512000000.0,1382000000.0,12130000000.0,3574533472.0,27000000.0,0.0,0.0,131000000.0,-9000000.0,82000000.0,-359000000.0,-132000000.0,304000000.0,0.0,15000000.0,-4000000.0,-4000000.0,0.0,26000000.0,-0.003,86000000.0,171000000.0,395000000.0,-2.5,-2.178,-0.456,-0.456,9067000000.0,19000000.0,9.47,0.745,0.746,899000000.0,-10471000000.0,1144000000.0,1144000000.0,0.0,,,,,0.0,52000000.0,1.0,377458656.0,378000000,378000000.0,3.026,12875000000.0,0.0,31000000.0,271000000.0,34.061,337000000.0
4,APA,MRQ,2020-06-30,2020-06-30,2020-06-30,2021-09-07,15000000.0,12999000000.0,,1658000000.0,11341000000.0,,-4.325,-335000000.0,135000000.0,135000000.0,895000000.0,-378000000.0,0.97,-8.339,8817000000.0,294000000.0,8523000000.0,8817000000.0,0.0,418000000.0,0.0,0.057,0.025,-439000000.0,-21000000.0,-0.035,-21000000.0,-439000000.0,-405000000.0,-1.02,-1.02,-1.02,-1635000000.0,,-1635000000.0,13547251446.0,-2.0,-2.763,-251000000.0,-0.664,1.0,-299000000.0,-0.502,0.0,-34000000.0,19971000000.0,,0.0,1408000000.0,0.0,1408000000.0,13635000000.0,1710000000.0,11925000000.0,5095251446.0,-293000000.0,0.0,0.0,76000000.0,-10000000.0,31000000.0,-408000000.0,-71000000.0,84000000.0,0.0,-367000000.0,-386000000.0,-386000000.0,0.0,-11000000.0,-0.648,151000000.0,-450000000.0,459000000.0,-0.025,-3.116,-0.636,-0.636,9344000000.0,19000000.0,13.5,0.989,0.99,871000000.0,-10467000000.0,596000000.0,596000000.0,0.0,,,,,0.0,94000000.0,1.0,377426033.0,378000000,378000000.0,1.577,12999000000.0,0.0,-38000000.0,299000000.0,34.389,-52000000.0
5,APA,MRQ,2020-03-31,2020-03-31,2020-03-31,2021-09-07,15000000.0,13391000000.0,,1908000000.0,11483000000.0,,-3.296,-405000000.0,428000000.0,428000000.0,1148000000.0,-4622000000.0,0.942,-10.93,8880000000.0,544000000.0,8336000000.0,8880000000.0,0.0,566000000.0,0.0,0.239,0.25,-4303000000.0,-3737000000.0,-2.922,-3737000000.0,-4303000000.0,-4406000000.0,-11.86,-11.86,-11.86,-1246000000.0,,-1246000000.0,9896181545.0,-1.0,-2.302,97000000.0,0.257,1.0,131000000.0,0.102,0.0,103000000.0,19818000000.0,,0.0,1337000000.0,0.0,1337000000.0,13619000000.0,2025000000.0,11594000000.0,1577181545.0,181000000.0,0.0,0.0,322000000.0,-94000000.0,188000000.0,-509000000.0,-83000000.0,502000000.0,0.0,-4462000000.0,-4480000000.0,-4480000000.0,0.0,-160000000.0,-3.503,4594000000.0,-4463000000.0,528000000.0,-0.021,-1.266,-0.197,-0.197,9586000000.0,18000000.0,4.18,0.255,0.256,838000000.0,-10081000000.0,1279000000.0,1279000000.0,0.0,,,,,0.0,68000000.0,1.0,377316159.0,378000000,378000000.0,3.384,13391000000.0,0.0,56000000.0,309000000.0,35.426,-117000000.0
6,APA,MRQ,2019-12-31,2019-12-31,2019-12-31,2021-09-07,16000000.0,18107000000.0,,1961000000.0,16146000000.0,,8.634,-1203000000.0,247000000.0,247000000.0,1873000000.0,-3247000000.0,1.057,4.191,8566000000.0,11000000.0,8555000000.0,8566000000.0,0.0,721000000.0,0.0,0.039,0.25,-2651000000.0,-1930000000.0,-1.085,-1930000000.0,-2651000000.0,-2748000000.0,-7.9,-7.9,-7.9,3255000000.0,,3255000000.0,17871768584.0,-8.0,59.375,-425000000.0,-1.127,1.0,-95000000.0,-0.053,0.0,97000000.0,24571000000.0,,0.0,1258000000.0,0.0,1258000000.0,13642000000.0,1855000000.0,11787000000.0,9622768584.0,84000000.0,718000000.0,2000000.0,161000000.0,-94000000.0,-31000000.0,-663000000.0,-164000000.0,778000000.0,0.0,-2960000000.0,-2976000000.0,-2976000000.0,0.0,-287000000.0,-1.674,2843000000.0,-2938000000.0,695000000.0,-0.032,2.956,-2.708,-2.714,14158000000.0,16000000.0,25.59,1.468,1.472,1062000000.0,-5601000000.0,1778000000.0,1778000000.0,0.0,,,,,0.0,83000000.0,1.0,376036287.0,377000000,377000000.0,4.716,18107000000.0,0.0,212000000.0,346000000.0,48.029,106000000.0
7,APA,MRQ,2019-09-30,2019-09-30,2019-09-30,2021-09-07,3000000.0,21405000000.0,,1971000000.0,19434000000.0,,16.714,-339000000.0,163000000.0,163000000.0,1250000000.0,-117000000.0,1.026,2.148,8412000000.0,19000000.0,8393000000.0,8412000000.0,0.0,711000000.0,0.0,0.039,0.25,74000000.0,785000000.0,0.523,785000000.0,74000000.0,-21000000.0,-0.45,-0.45,-0.45,6301000000.0,,6301000000.0,17407549811.0,-1741.0,6.739,296000000.0,0.785,1.0,250000000.0,0.167,0.0,95000000.0,27733000000.0,,0.0,1095000000.0,0.0,1095000000.0,13537000000.0,1921000000.0,11616000000.0,9624549811.0,-386000000.0,0.0,0.0,85000000.0,-94000000.0,-70000000.0,-951000000.0,-570000000.0,635000000.0,0.0,-152000000.0,-170000000.0,-170000000.0,0.0,35000000.0,-0.113,141000000.0,109000000.0,661000000.0,-0.556,1.527,-10.047,-10.159,17655000000.0,18000000.0,25.6,1.396,1.4,1070000000.0,-2625000000.0,1500000000.0,1500000000.0,0.0,,,,,0.0,98000000.0,1.0,375958977.0,377000000,377000000.0,3.979,21405000000.0,0.0,131000000.0,340000000.0,56.777,50000000.0
8,APA,MRQ,2019-06-30,2019-06-30,2019-06-30,2021-09-07,4000000.0,21806000000.0,,2791000000.0,19015000000.0,,17.377,-565000000.0,549000000.0,549000000.0,1223000000.0,-316000000.0,1.234,2.084,8332000000.0,175000000.0,8157000000.0,8332000000.0,0.0,602000000.0,0.0,0.035,0.25,-19000000.0,583000000.0,0.36,583000000.0,-19000000.0,-192000000.0,-0.96,-0.96,-0.96,6551000000.0,,6551000000.0,18996419579.0,44.0,6.492,291000000.0,0.772,1.0,395000000.0,0.244,0.0,173000000.0,27327000000.0,,0.0,527000000.0,0.0,527000000.0,13652000000.0,2262000000.0,11390000000.0,10890419579.0,222000000.0,0.0,0.0,-170000000.0,-94000000.0,260000000.0,-894000000.0,-320000000.0,856000000.0,0.0,-356000000.0,-360000000.0,-360000000.0,0.0,40000000.0,-0.222,374000000.0,21000000.0,644000000.0,-0.26,1.662,-15.404,-15.575,17756000000.0,4000000.0,28.97,1.478,1.482,1098000000.0,-2455000000.0,1618000000.0,1618000000.0,0.0,,,,,0.0,102000000.0,1.0,375920593.0,377000000,377000000.0,4.292,21806000000.0,0.0,164000000.0,348000000.0,57.841,529000000.0
9,APA,MRQ,2019-03-31,2019-03-31,2019-03-31,2021-09-07,4000000.0,21751000000.0,,2504000000.0,19247000000.0,,18.588,-854000000.0,327000000.0,327000000.0,1241000000.0,-2000000.0,1.055,1.88,8433000000.0,339000000.0,8094000000.0,8433000000.0,0.0,646000000.0,0.0,0.029,0.25,217000000.0,863000000.0,0.521,863000000.0,217000000.0,120000000.0,-0.12,-0.12,-0.12,6989000000.0,,6989000000.0,20501557645.0,21.0,5.893,-256000000.0,-0.681,1.0,416000000.0,0.251,0.0,97000000.0,27483000000.0,,438000000.0,209000000.0,0.0,209000000.0,13142000000.0,2374000000.0,10768000000.0,13011557645.0,-387000000.0,0.0,0.0,159000000.0,-94000000.0,-47000000.0,-938000000.0,-118000000.0,598000000.0,0.0,-47000000.0,-47000000.0,-47000000.0,0.0,45000000.0,-0.028,154000000.0,262000000.0,679000000.0,-2.083,1.862,-85.602,-88.872,18291000000.0,0.0,34.66,1.692,1.695,1185000000.0,-2095000000.0,1657000000.0,1657000000.0,0.0,,,,,0.0,123000000.0,1.0,375405587.0,376000000,376000000.0,4.407,21751000000.0,0.0,167000000.0,370000000.0,57.848,130000000.0
10,APA,MRQ,2018-12-31,2018-12-31,2018-12-31,2021-09-07,4000000.0,21582000000.0,,2687000000.0,18895000000.0,,18.813,-1119000000.0,714000000.0,714000000.0,1719000000.0,-350000000.0,1.221,1.791,8244000000.0,151000000.0,8093000000.0,8244000000.0,0.0,634000000.0,0.0,0.038,0.25,-282000000.0,352000000.0,0.166,352000000.0,-282000000.0,-375000000.0,-0.99,-0.98,-0.99,7130000000.0,,7130000000.0,17573020602.0,15.0,4.888,-76000000.0,-0.201,1.0,400000000.0,0.189,0.0,93000000.0,26911000000.0,,0.0,121000000.0,0.0,121000000.0,12770000000.0,2201000000.0,10569000000.0,9963020602.0,121000000.0,138000000.0,-305000000.0,0.0,-95000000.0,182000000.0,-1104000000.0,-91000000.0,1043000000.0,0.0,-381000000.0,-381000000.0,-381000000.0,0.0,31000000.0,-0.18,637000000.0,-237000000.0,709000000.0,-0.253,1.397,249.076,238.636,18421000000.0,0.0,26.25,1.283,1.292,1194000000.0,-2048000000.0,2119000000.0,2119000000.0,0.0,,,,,0.0,101000000.0,1.0,379543642.0,379000000,381000000.0,5.591,21582000000.0,0.0,6000000.0,391000000.0,56.945,486000000.0
11,APA,MRQ,2018-09-30,2018-09-30,2018-09-30,2021-09-07,4000000.0,21870000000.0,,2785000000.0,19085000000.0,,19.875,-904000000.0,593000000.0,593000000.0,1241000000.0,161000000.0,1.262,1.698,8203000000.0,150000000.0,8053000000.0,8203000000.0,0.0,610000000.0,0.0,0.021,0.25,518000000.0,1128000000.0,0.571,1128000000.0,518000000.0,326000000.0,0.21,0.21,0.21,7612000000.0,,7612000000.0,25598105380.0,14.0,6.2,102000000.0,0.266,1.0,735000000.0,0.372,0.0,192000000.0,27273000000.0,,362000000.0,0.0,0.0,0.0,12924000000.0,2207000000.0,10717000000.0,18233105380.0,-379000000.0,0.0,0.0,-228000000.0,-96000000.0,-459000000.0,-926000000.0,0.0,1006000000.0,0.0,81000000.0,81000000.0,81000000.0,0.0,80000000.0,0.041,144000000.0,591000000.0,744000000.0,1.19,2.395,20.79,20.817,18646000000.0,0.0,47.67,2.503,2.506,1457000000.0,-1667000000.0,1976000000.0,1976000000.0,0.0,,,,,0.0,99000000.0,1.0,382485953.0,383000000,385000000.0,5.159,21870000000.0,0.0,245000000.0,502000000.0,57.102,578000000.0
12,APA,MRQ,2018-06-30,2018-06-30,2018-06-30,2021-09-07,4000000.0,21910000000.0,,3139000000.0,18771000000.0,,20.0,-1013000000.0,972000000.0,972000000.0,1171000000.0,269000000.0,1.358,1.69,8337000000.0,400000000.0,7937000000.0,8337000000.0,0.0,608000000.0,0.0,0.021,0.25,528000000.0,1136000000.0,0.587,1136000000.0,528000000.0,434000000.0,0.51,0.51,0.51,7640000000.0,,7640000000.0,25124713151.0,18.0,6.769,100000000.0,0.262,1.0,765000000.0,0.395,0.0,94000000.0,26963000000.0,,361000000.0,0.0,0.0,0.0,12915000000.0,2312000000.0,10603000000.0,17865713151.0,-105000000.0,0.0,0.0,0.0,-96000000.0,-194000000.0,-1024000000.0,0.0,1113000000.0,0.0,195000000.0,195000000.0,195000000.0,0.0,74000000.0,0.101,156000000.0,609000000.0,682000000.0,0.49,2.338,20.798,20.871,18336000000.0,0.0,46.75,2.667,2.666,1446000000.0,-1748000000.0,1936000000.0,1936000000.0,0.0,,,,,0.0,117000000.0,1.0,382154292.0,382000000,385000000.0,5.068,21910000000.0,0.0,239000000.0,518000000.0,57.356,827000000.0
13,APA,MRQ,2018-03-31,2018-03-31,2018-03-31,2021-09-07,4000000.0,21791000000.0,,3253000000.0,18538000000.0,,19.639,-868000000.0,1077000000.0,1077000000.0,1119000000.0,206000000.0,1.389,1.722,8336000000.0,400000000.0,7936000000.0,8336000000.0,0.0,553000000.0,0.0,0.026,0.25,426000000.0,979000000.0,0.565,979000000.0,426000000.0,327000000.0,0.38,0.38,0.38,7502000000.0,,7502000000.0,21494112191.0,22.0,6.686,-253000000.0,-0.662,1.0,614000000.0,0.354,0.0,99000000.0,26708000000.0,,386000000.0,0.0,0.0,0.0,12922000000.0,2342000000.0,10580000000.0,14678112191.0,-591000000.0,0.0,0.0,-150000000.0,-95000000.0,-316000000.0,-890000000.0,0.0,615000000.0,0.0,145000000.0,145000000.0,145000000.0,0.0,61000000.0,0.084,141000000.0,473000000.0,708000000.0,0.658,1.957,11.875,11.913,18086000000.0,0.0,38.48,2.403,2.407,1409000000.0,-1943000000.0,1733000000.0,1733000000.0,0.0,,,,,0.0,114000000.0,1.0,381447822.0,382000000,384000000.0,4.537,21791000000.0,0.0,182000000.0,528000000.0,57.045,911000000.0
14,APA,MRQ,2017-12-31,2017-12-31,2017-12-31,2021-09-07,4000000.0,21922000000.0,,3725000000.0,18197000000.0,,19.465,-748000000.0,1668000000.0,1668000000.0,1094000000.0,518000000.0,1.453,1.771,8484000000.0,550000000.0,7934000000.0,8484000000.0,0.0,573000000.0,0.0,0.024,0.25,313000000.0,886000000.0,0.54,886000000.0,313000000.0,216000000.0,1.19,1.19,1.19,7416000000.0,,7416000000.0,22624397796.0,20.0,6.662,-80000000.0,-0.21,1.0,546000000.0,0.333,0.0,97000000.0,26174000000.0,,368000000.0,0.0,0.0,0.0,13131000000.0,2564000000.0,10567000000.0,16083397796.0,-274000000.0,0.0,0.0,0.0,-95000000.0,-149000000.0,-793000000.0,0.0,668000000.0,0.0,456000000.0,456000000.0,456000000.0,0.0,62000000.0,0.278,117000000.0,429000000.0,641000000.0,0.21,2.169,12.334,12.345,17759000000.0,0.0,42.22,2.732,2.732,1345000000.0,-2088000000.0,1640000000.0,1640000000.0,0.0,,,,,0.0,88000000.0,1.0,380942629.0,381000000,383000000.0,4.304,21922000000.0,0.0,-240000000.0,545000000.0,57.538,1161000000.0
15,APA,MRQ,2017-09-30,2017-09-30,2017-09-30,2021-09-07,-3000000.0,21835000000.0,,3769000000.0,18066000000.0,,18.402,-513000000.0,1942000000.0,1942000000.0,1233000000.0,105000000.0,1.529,1.92,8483000000.0,550000000.0,7933000000.0,8483000000.0,0.0,559000000.0,0.0,0.022,0.25,152000000.0,711000000.0,0.512,711000000.0,152000000.0,51000000.0,0.16,0.16,0.16,7011000000.0,,7011000000.0,24108783200.0,32.0,7.812,41000000.0,0.108,1.0,156000000.0,0.112,0.0,101000000.0,25911000000.0,,396000000.0,0.0,0.0,0.0,13458000000.0,2465000000.0,10993000000.0,17446783200.0,275000000.0,433000000.0,0.0,0.0,-95000000.0,-185000000.0,-94000000.0,0.0,554000000.0,0.0,63000000.0,63000000.0,63000000.0,0.0,42000000.0,0.045,148000000.0,8000000.0,583000000.0,1.562,2.488,26.196,26.474,17655000000.0,0.0,45.8,3.06,3.06,1145000000.0,-2544000000.0,1389000000.0,1389000000.0,0.0,,,,,0.0,98000000.0,1.0,380934131.0,381000000,383000000.0,3.646,21835000000.0,0.0,-12000000.0,948000000.0,57.31,1304000000.0
16,APA,MRQ,2017-06-30,2017-06-30,2017-06-30,2021-09-07,-112000000.0,22602000000.0,,4647000000.0,17955000000.0,,18.108,-654000000.0,1667000000.0,1667000000.0,1129000000.0,613000000.0,1.617,2.078,8329000000.0,0.0,8329000000.0,8329000000.0,0.0,572000000.0,0.0,0.021,0.25,67000000.0,639000000.0,0.475,639000000.0,67000000.0,-32000000.0,1.5,1.5,1.5,6899000000.0,,6899000000.0,25040364342.0,-89.0,11.707,97000000.0,0.255,1.0,217000000.0,0.161,0.0,99000000.0,26391000000.0,,416000000.0,0.0,0.0,0.0,14337000000.0,2873000000.0,11464000000.0,18234364342.0,146000000.0,228000000.0,0.0,0.0,-95000000.0,-169000000.0,-436000000.0,0.0,751000000.0,0.0,572000000.0,572000000.0,572000000.0,0.0,41000000.0,0.425,147000000.0,70000000.0,533000000.0,0.167,2.643,-4558.591,-1597.667,17551000000.0,0.0,47.93,3.17,3.175,1015000000.0,-2607000000.0,1346000000.0,1346000000.0,0.0,,,,,0.0,106000000.0,1.0,380437395.0,381000000,383000000.0,3.533,22602000000.0,0.0,-604000000.0,1058000000.0,59.323,1774000000.0
17,APA,MRQ,2017-03-31,2017-03-31,2017-03-31,2021-09-07,-112000000.0,22610000000.0,,3426000000.0,19184000000.0,,16.803,-87000000.0,1521000000.0,1521000000.0,1103000000.0,267000000.0,1.805,2.316,8327000000.0,0.0,8327000000.0,8327000000.0,0.0,576000000.0,0.0,0.019,0.25,584000000.0,1160000000.0,0.767,1160000000.0,584000000.0,484000000.0,0.56,0.56,0.56,6385000000.0,,6385000000.0,26679121559.0,-47.0,13.696,368000000.0,0.968,1.0,409000000.0,0.271,0.0,100000000.0,27518000000.0,,454000000.0,0.0,0.0,0.0,14787000000.0,1898000000.0,12889000000.0,19512121559.0,144000000.0,0.0,0.0,-70000000.0,-95000000.0,-218000000.0,-93000000.0,0.0,455000000.0,0.0,213000000.0,213000000.0,213000000.0,0.0,54000000.0,0.141,137000000.0,272000000.0,564000000.0,0.446,3.056,-23.795,-23.573,18780000000.0,0.0,51.39,3.369,3.372,1171000000.0,-3179000000.0,1512000000.0,1512000000.0,0.0,,,,,0.0,103000000.0,1.0,379687129.0,380000000,383000000.0,3.979,22610000000.0,0.0,271000000.0,1789000000.0,59.5,1528000000.0
18,APA,MRQ,2016-12-31,2016-12-31,2016-12-31,2021-09-07,-112000000.0,22519000000.0,,3241000000.0,19278000000.0,,16.459,-406000000.0,1377000000.0,1377000000.0,1210000000.0,-143000000.0,1.759,2.379,8544000000.0,0.0,8544000000.0,8544000000.0,0.0,623000000.0,0.0,0.016,0.25,-47000000.0,576000000.0,0.396,576000000.0,-47000000.0,-153000000.0,-0.49,-0.49,-0.49,6238000000.0,,6238000000.0,31573379829.0,-22.0,26.577,390000000.0,1.029,1.0,245000000.0,0.168,0.0,106000000.0,27843000000.0,,476000000.0,0.0,0.0,0.0,14840000000.0,1843000000.0,12997000000.0,24082379829.0,147000000.0,0.0,0.0,-180000000.0,-95000000.0,-351000000.0,-298000000.0,0.0,796000000.0,0.0,-182000000.0,-182000000.0,-182000000.0,0.0,39000000.0,-0.125,249000000.0,-4000000.0,585000000.0,-0.51,3.861,-17.14,-17.108,18867000000.0,0.0,63.47,4.487,4.482,1128000000.0,-3385000000.0,1455000000.0,1455000000.0,0.0,,,,,0.0,112000000.0,1.0,379429334.0,379000000,379000000.0,3.839,22519000000.0,0.0,29000000.0,1710000000.0,59.417,1398000000.0
19,APA,MRQ,2016-09-30,2016-09-30,2016-09-30,2021-09-07,-119000000.0,23149000000.0,,3272000000.0,19877000000.0,,17.024,-414000000.0,1230000000.0,1230000000.0,1251000000.0,-559000000.0,2.01,2.35,8721000000.0,0.0,8721000000.0,8721000000.0,0.0,648000000.0,0.0,0.016,0.25,-884000000.0,-236000000.0,-0.164,-236000000.0,-884000000.0,-986000000.0,-1.6,-1.6,-1.6,6469000000.0,,6469000000.0,31751751417.0,-6.0,-11.446,237000000.0,0.624,1.0,188000000.0,0.131,0.0,102000000.0,29012000000.0,,513000000.0,0.0,0.0,0.0,15200000000.0,1628000000.0,13572000000.0,24233751417.0,29000000.0,0.0,0.0,-1000000.0,-95000000.0,-226000000.0,-396000000.0,0.0,651000000.0,0.0,-607000000.0,-607000000.0,-607000000.0,33000000.0,48000000.0,-0.422,990000000.0,-802000000.0,557000000.0,-0.156,3.746,-4.627,-4.612,19462000000.0,0.0,63.87,4.691,4.698,1064000000.0,-3203000000.0,1439000000.0,1439000000.0,0.0,,,,,0.0,102000000.0,1.0,379423069.0,380000000,380000000.0,3.787,23149000000.0,0.0,-379000000.0,1783000000.0,60.918,1644000000.0
20,APA,MRQ,2016-06-30,2016-06-30,2016-06-30,2021-09-07,-119000000.0,24346000000.0,,3292000000.0,21054000000.0,,18.844,-430000000.0,1201000000.0,1201000000.0,1236000000.0,-200000000.0,2.097,2.191,8719000000.0,0.0,8719000000.0,8719000000.0,0.0,669000000.0,0.0,0.018,0.25,-221000000.0,448000000.0,0.323,448000000.0,-221000000.0,-325000000.0,-0.65,-0.65,-0.65,7142000000.0,,7142000000.0,28786965345.0,-3.0,-4.879,314000000.0,0.828,1.0,150000000.0,0.108,0.0,104000000.0,30294000000.0,,530000000.0,0.0,0.0,0.0,15650000000.0,1570000000.0,14080000000.0,21072965345.0,197000000.0,0.0,0.0,0.0,-94000000.0,-136000000.0,-411000000.0,0.0,744000000.0,0.0,-244000000.0,-244000000.0,-244000000.0,0.0,44000000.0,-0.176,323000000.0,-173000000.0,544000000.0,-0.385,2.951,-2.402,-2.4,20143000000.0,0.0,55.67,3.951,3.956,1016000000.0,-2596000000.0,1386000000.0,1386000000.0,0.0,,,,,0.0,103000000.0,1.0,378533597.0,379000000,379000000.0,3.657,24346000000.0,0.0,-81000000.0,2308000000.0,64.237,1722000000.0
21,APA,MRQ,2016-03-31,2016-03-31,2016-03-31,2021-09-07,-116000000.0,17679000000.0,,3222000000.0,14457000000.0,,5.339,-565000000.0,1004000000.0,1004000000.0,1214000000.0,-371000000.0,2.016,7.0,8718000000.0,0.0,8718000000.0,8718000000.0,0.0,678000000.0,0.0,0.02,0.25,-278000000.0,400000000.0,0.368,400000000.0,-278000000.0,-383000000.0,-0.98,-0.98,-0.98,2018000000.0,,2018000000.0,25774714837.0,-3.0,-1.976,-326000000.0,-0.862,1.0,-127000000.0,-0.117,0.0,105000000.0,23795000000.0,,547000000.0,0.0,0.0,0.0,14125000000.0,1598000000.0,12527000000.0,18464714837.0,-463000000.0,0.0,0.0,0.0,-95000000.0,-147000000.0,-555000000.0,0.0,239000000.0,0.0,-372000000.0,-372000000.0,-372000000.0,0.0,1000000.0,-0.342,146000000.0,-273000000.0,571000000.0,-0.255,9.15,-1.966,-1.966,13542000000.0,0.0,48.81,3.11,3.107,1120000000.0,-7642000000.0,1087000000.0,1087000000.0,0.0,,,,,0.0,93000000.0,1.0,378297784.0,378000000,378000000.0,2.876,17679000000.0,0.0,-11000000.0,891000000.0,46.77,1624000000.0
22,APA,MRQ,2015-12-31,2015-12-31,2015-12-31,2021-09-07,-119000000.0,25500000000.0,,3752000000.0,21748000000.0,,20.868,-759000000.0,1467000000.0,1467000000.0,3427000000.0,-4428000000.0,2.038,2.03,8716000000.0,0.0,8716000000.0,8716000000.0,0.0,808000000.0,0.0,0.022,0.25,-4194000000.0,-3386000000.0,-2.7,-3386000000.0,-4194000000.0,-4304000000.0,-10.62,-10.62,-10.62,7888000000.0,,7888000000.0,23932290407.0,-2.0,-3.169,-585000000.0,-1.548,1.0,-2173000000.0,-1.733,0.0,110000000.0,30908000000.0,,570000000.0,0.0,0.0,0.0,16010000000.0,1841000000.0,14169000000.0,16810290407.0,-188000000.0,391000000.0,0.0,0.0,-94000000.0,-99000000.0,-263000000.0,0.0,174000000.0,0.0,-4015000000.0,-4015000000.0,-4015000000.0,0.0,-413000000.0,-3.202,3289000000.0,-5462000000.0,618000000.0,-0.024,2.131,-1.624,-1.623,20838000000.0,0.0,44.47,2.582,2.582,1253000000.0,-1980000000.0,1254000000.0,1254000000.0,0.0,,,,,0.0,96000000.0,1.0,378014176.0,378000000,378000000.0,3.317,25500000000.0,0.0,-289000000.0,2529000000.0,67.46,1911000000.0
23,APA,MRQ,2015-09-30,2015-09-30,2015-09-30,2021-09-07,-116000000.0,27812000000.0,,4079000000.0,23733000000.0,,25.95,-895000000.0,1655000000.0,1655000000.0,1707000000.0,-4136000000.0,1.882,1.615,8777000000.0,0.0,8777000000.0,8777000000.0,0.0,872000000.0,0.0,0.026,0.25,-4234000000.0,-3362000000.0,-2.093,-3362000000.0,-4234000000.0,-4394000000.0,-10.95,-10.95,-10.95,9809000000.0,,9809000000.0,21527989952.0,-1.0,-1.092,-184000000.0,-0.487,1.0,-101000000.0,-0.063,0.0,160000000.0,32767000000.0,,667000000.0,0.0,0.0,0.0,15840000000.0,2167000000.0,13673000000.0,14801989952.0,-1295000000.0,0.0,0.0,-939000000.0,-94000000.0,-1079000000.0,-927000000.0,0.0,711000000.0,0.0,-4143000000.0,-4143000000.0,-4143000000.0,0.0,7000000.0,-2.58,4029000000.0,-4130000000.0,659000000.0,-0.023,1.509,-0.849,-0.855,22377000000.0,0.0,39.16,1.853,1.853,1332000000.0,60000000.0,1606000000.0,1606000000.0,0.0,,,,,0.0,89000000.0,1.0,377987486.0,378000000,378000000.0,4.249,27812000000.0,84000000.0,-251000000.0,1997000000.0,73.577,1912000000.0
24,APA,MRQ,2015-06-30,2015-06-30,2015-06-30,2021-09-07,-116000000.0,35312000000.0,,5493000000.0,29819000000.0,,41.122,-1105000000.0,2950000000.0,2950000000.0,1590000000.0,-797000000.0,2.305,1.13,9676000000.0,0.0,9676000000.0,9676000000.0,0.0,-6682000000.0,0.0,0.017,0.25,-12000000.0,-6694000000.0,-3.362,-6694000000.0,-12000000.0,-129000000.0,-2.28,-2.28,-2.28,15544000000.0,,15544000000.0,33775968368.0,-2.0,-2.393,27000000.0,0.071,1.0,401000000.0,0.201,0.0,117000000.0,39655000000.0,,629000000.0,0.0,0.0,0.0,17557000000.0,2383000000.0,15174000000.0,21731968368.0,2811000000.0,854000000.0,0.0,-2598000000.0,-95000000.0,-2712000000.0,4391000000.0,0.0,1132000000.0,0.0,-860000000.0,-860000000.0,-860000000.0,-120000000.0,63000000.0,-0.432,725000000.0,-324000000.0,710000000.0,-0.11,1.398,-1.487,-1.502,28315000000.0,0.0,57.63,2.273,2.278,1589000000.0,5809000000.0,1991000000.0,1991000000.0,0.0,,,,,0.0,111000000.0,1.0,377094714.0,378000000,378000000.0,5.267,35312000000.0,84000000.0,731000000.0,2644000000.0,93.418,3110000000.0
25,APA,MRQ,2015-03-31,2015-03-31,2015-03-31,2021-09-07,-116000000.0,48650000000.0,,5906000000.0,42744000000.0,,56.263,-1781000000.0,229000000.0,229000000.0,1693000000.0,-4636000000.0,1.075,1.19,12273000000.0,2598000000.0,9675000000.0,12273000000.0,0.0,8302000000.0,0.0,0.017,0.25,-7602000000.0,700000000.0,0.427,700000000.0,-7602000000.0,-7671000000.0,-12.34,-12.34,-12.34,21211000000.0,,21211000000.0,33209753791.0,-2.0,-6.318,-1131000000.0,-3.0,1.0,-55000000.0,-0.034,87000000.0,69000000.0,55114000000.0,,666000000.0,0.0,0.0,0.0,25245000000.0,5493000000.0,19752000000.0,22733753791.0,-540000000.0,0.0,0.0,1028000000.0,-94000000.0,928000000.0,-2118000000.0,0.0,650000000.0,0.0,-4651000000.0,-4651000000.0,-4651000000.0,0.0,15000000.0,-2.839,7392000000.0,-7447000000.0,1010000000.0,-0.02,1.072,-1.716,-1.735,41230000000.0,0.0,60.33,2.059,2.06,1767000000.0,11504000000.0,1638000000.0,1638000000.0,0.0,,,,,0.0,82000000.0,1.0,376823368.0,377000000,377000000.0,4.345,48563000000.0,769000000.0,-3020000000.0,6611000000.0,128.814,413000000.0
26,APA,MRQ,2014-12-31,2014-12-31,2014-12-31,2021-09-07,-116000000.0,55952000000.0,,6415000000.0,49537000000.0,,69.165,-3165000000.0,769000000.0,769000000.0,4304000000.0,-7725000000.0,1.751,1.072,11245000000.0,0.0,11245000000.0,11245000000.0,0.0,-667000000.0,0.0,0.015,0.25,-9685000000.0,-10352000000.0,-3.762,-10352000000.0,-9685000000.0,-9941000000.0,-20.24,-20.24,-20.24,25937000000.0,,25937000000.0,33932138158.0,-4.0,-8.614,-1736000000.0,-4.629,1.0,-1552000000.0,-0.564,0.0,256000000.0,62764000000.0,,708000000.0,0.0,0.0,0.0,27815000000.0,3664000000.0,24151000000.0,23594138158.0,169000000.0,1807000000.0,-34000000.0,322000000.0,-94000000.0,189000000.0,-1449000000.0,0.0,1429000000.0,0.0,-7771000000.0,-7771000000.0,-7771000000.0,0.0,46000000.0,-2.824,5498000000.0,-7050000000.0,1210000000.0,-0.012,0.91,-2.822,-2.88,48076000000.0,0.0,62.67,1.844,1.881,2024000000.0,16249000000.0,2752000000.0,2752000000.0,0.0,,,,,0.0,121000000.0,1.0,376482179.0,375000000,375000000.0,7.339,55952000000.0,769000000.0,-2170000000.0,9499000000.0,149.205,2751000000.0
27,APA,MRQ,2014-09-30,2014-09-30,2014-09-30,2021-09-07,-116000000.0,60990000000.0,,4426000000.0,56564000000.0,,80.887,-2891000000.0,584000000.0,584000000.0,1952000000.0,-1241000000.0,1.028,0.909,10922000000.0,20000000.0,10902000000.0,10922000000.0,0.0,2735000000.0,0.0,0.01,0.25,-502000000.0,2233000000.0,0.702,2233000000.0,-502000000.0,-562000000.0,-3.5,-3.5,-3.5,30818000000.0,,30818000000.0,44547744077.0,22.0,5.299,-995000000.0,-2.612,1.0,1229000000.0,0.386,1369000000.0,60000000.0,65652000000.0,,713000000.0,471000000.0,0.0,471000000.0,28004000000.0,4307000000.0,23697000000.0,35902744077.0,-14000000.0,822000000.0,-567000000.0,1247000000.0,-95000000.0,540000000.0,-2450000000.0,0.0,1896000000.0,0.0,-1330000000.0,-1330000000.0,-1330000000.0,0.0,89000000.0,-0.418,1746000000.0,-517000000.0,1316000000.0,-0.071,1.165,-86.513,-80.231,53035000000.0,0.0,93.87,2.814,2.803,2287000000.0,21156000000.0,3181000000.0,3181000000.0,0.0,,,,,0.0,111000000.0,1.0,382473038.0,381000000,381000000.0,8.349,59621000000.0,0.0,768000000.0,9298000000.0,156.486,119000000.0
28,APA,MRQ,2014-06-30,2014-06-30,2014-06-30,2021-09-07,-116000000.0,61171000000.0,,5126000000.0,56045000000.0,,85.078,-372000000.0,1302000000.0,1302000000.0,1958000000.0,613000000.0,1.122,0.802,9947000000.0,273000000.0,9674000000.0,9947000000.0,0.0,1252000000.0,0.0,0.008,0.25,911000000.0,2163000000.0,0.623,2163000000.0,911000000.0,859000000.0,1.31,1.31,1.31,32755000000.0,,32755000000.0,47063678958.0,15.0,5.39,1967000000.0,5.109,1.0,1513000000.0,0.436,1369000000.0,52000000.0,63877000000.0,,794000000.0,589000000.0,0.0,589000000.0,26279000000.0,4570000000.0,21709000000.0,38809678958.0,-1119000000.0,-1367000000.0,-779000000.0,1000000.0,-97000000.0,-916000000.0,-2542000000.0,0.0,2339000000.0,0.0,505000000.0,505000000.0,505000000.0,0.0,108000000.0,0.145,368000000.0,1145000000.0,1491000000.0,0.191,1.185,31.942,32.669,52470000000.0,0.0,100.62,2.799,2.794,2407000000.0,22581000000.0,3471000000.0,3471000000.0,0.0,,,,,0.0,113000000.0,1.0,385705416.0,385000000,387000000.0,9.016,59802000000.0,0.0,354000000.0,8566000000.0,155.33,556000000.0
29,APA,MRQ,2014-03-31,2014-03-31,2014-03-31,2021-09-07,-116000000.0,61121000000.0,,5463000000.0,55658000000.0,,83.964,-2706000000.0,1643000000.0,1643000000.0,2054000000.0,334000000.0,1.254,0.784,9897000000.0,224000000.0,9673000000.0,9897000000.0,0.0,1206000000.0,0.0,0.01,0.2,841000000.0,2047000000.0,0.561,2047000000.0,841000000.0,814000000.0,0.6,0.6,0.6,33082000000.0,,33082000000.0,40860437340.0,11.0,4.249,-413000000.0,-1.048,1.0,1593000000.0,0.437,1369000000.0,27000000.0,63650000000.0,,727000000.0,0.0,0.0,0.0,25944000000.0,4356000000.0,21588000000.0,32742437340.0,-263000000.0,0.0,-484000000.0,-2000000.0,-79000000.0,-607000000.0,-1949000000.0,0.0,2293000000.0,0.0,236000000.0,236000000.0,236000000.0,0.0,98000000.0,0.065,165000000.0,1428000000.0,1438000000.0,0.333,0.99,18.97,19.025,52752000000.0,0.0,82.95,2.274,2.27,2479000000.0,22170000000.0,3647000000.0,3647000000.0,0.0,,,,,0.0,103000000.0,1.0,394724983.0,394000000,396000000.0,9.256,59752000000.0,0.0,578000000.0,8517000000.0,151.655,1107000000.0
30,APA,MRQ,2013-12-31,2013-12-31,2013-12-31,2021-09-07,-115000000.0,61637000000.0,,6366000000.0,55271000000.0,,83.91,-4691000000.0,1906000000.0,1906000000.0,1471000000.0,230000000.0,1.354,0.786,10024000000.0,352000000.0,9672000000.0,10024000000.0,0.0,1209000000.0,0.0,0.009,0.2,755000000.0,1964000000.0,0.798,1964000000.0,755000000.0,683000000.0,0.42,0.44,0.42,33396000000.0,,33396000000.0,44189359801.0,10.0,4.309,-2214000000.0,-5.563,1.0,989000000.0,0.402,1369000000.0,72000000.0,63686000000.0,,891000000.0,0.0,0.0,0.0,26244000000.0,4700000000.0,21544000000.0,34310359801.0,655000000.0,3702000000.0,-748000000.0,-1142000000.0,-80000000.0,960000000.0,-2782000000.0,0.0,2477000000.0,0.0,174000000.0,174000000.0,174000000.0,0.0,56000000.0,0.071,542000000.0,447000000.0,1616000000.0,0.476,1.027,15.681,15.541,52421000000.0,0.0,85.94,2.323,2.298,2952000000.0,22032000000.0,2460000000.0,2460000000.0,0.0,,,,,0.0,122000000.0,1.0,399236209.0,398000000,403000000.0,6.181,60268000000.0,134000000.0,509000000.0,8364000000.0,151.427,1666000000.0
31,APA,MRQ,2013-09-30,2013-09-30,2013-09-30,2021-09-07,-123000000.0,60239000000.0,,6016000000.0,54223000000.0,,82.659,983000000.0,1251000000.0,1251000000.0,2397000000.0,306000000.0,1.33,0.826,11130000000.0,262000000.0,10868000000.0,11130000000.0,0.0,1995000000.0,0.0,0.009,0.2,562000000.0,2557000000.0,0.596,2557000000.0,562000000.0,512000000.0,0.75,0.75,0.75,32981000000.0,,32981000000.0,45768469282.0,9.0,4.11,2961000000.0,7.421,1.0,1891000000.0,0.441,1369000000.0,50000000.0,64226000000.0,,889000000.0,3000000.0,3000000.0,0.0,27258000000.0,4523000000.0,22735000000.0,33155469282.0,1067000000.0,139000000.0,0.0,-1884000000.0,-97000000.0,-1941000000.0,1030000000.0,0.0,1978000000.0,0.0,306000000.0,300000000.0,300000000.0,0.0,0.0,0.07,812000000.0,1079000000.0,1345000000.0,0.267,1.005,12.45,12.558,51462000000.0,6000000.0,85.14,2.066,2.116,3086000000.0,21938000000.0,4288000000.0,4288000000.0,0.0,,,,,0.0,120000000.0,1.0,389422942.0,399000000,401000000.0,10.747,58870000000.0,0.0,206000000.0,8297000000.0,147.544,1493000000.0
32,APA,MRQ,2013-06-30,2013-06-30,2013-06-30,2021-09-07,-118000000.0,63350000000.0,,4758000000.0,58592000000.0,,83.472,-2776000000.0,184000000.0,184000000.0,2378000000.0,1035000000.0,0.922,0.936,12797000000.0,500000000.0,12297000000.0,12797000000.0,0.0,1350000000.0,0.0,0.008,0.2,1698000000.0,3048000000.0,0.762,3048000000.0,1698000000.0,1646000000.0,2.59,2.54,2.59,32721000000.0,,32721000000.0,45231324359.0,8.0,3.929,-17000000.0,-0.043,1.0,1623000000.0,0.406,1369000000.0,52000000.0,69436000000.0,,973000000.0,87000000.0,87000000.0,0.0,30629000000.0,5158000000.0,25471000000.0,32849324359.0,-64000000.0,0.0,-249000000.0,290000000.0,-97000000.0,-51000000.0,-2772000000.0,0.0,2759000000.0,0.0,1035000000.0,1016000000.0,1016000000.0,0.0,0.0,0.254,190000000.0,1433000000.0,1346000000.0,0.077,1.004,13.015,13.017,55821000000.0,19000000.0,83.83,2.061,2.061,2914000000.0,21718000000.0,4001000000.0,4001000000.0,0.0,,,,,0.0,126000000.0,1.0,391856428.0,392000000,408000000.0,10.207,61981000000.0,0.0,611000000.0,8496000000.0,158.115,-400000000.0
33,APA,MRQ,2013-03-31,2013-03-31,2013-03-31,2021-09-07,-133000000.0,61792000000.0,,4848000000.0,56944000000.0,,81.599,-2765000000.0,248000000.0,248000000.0,2336000000.0,717000000.0,0.872,0.932,12630000000.0,1145000000.0,11485000000.0,12630000000.0,0.0,1312000000.0,0.0,0.009,0.17,1374000000.0,2686000000.0,0.668,2686000000.0,1374000000.0,1319000000.0,1.78,1.76,1.78,31987000000.0,,31987000000.0,42529115412.0,9.0,3.779,-144000000.0,-0.367,1.0,1685000000.0,0.419,1369000000.0,55000000.0,67243000000.0,,885000000.0,16000000.0,16000000.0,0.0,29805000000.0,5562000000.0,24243000000.0,30228115412.0,88000000.0,257000000.0,0.0,155000000.0,-86000000.0,59000000.0,-2592000000.0,0.0,2621000000.0,0.0,717000000.0,698000000.0,698000000.0,0.0,0.0,0.174,175000000.0,1510000000.0,1226000000.0,0.096,0.945,16.384,16.347,54289000000.0,19000000.0,77.16,1.9,1.901,3106000000.0,20781000000.0,4021000000.0,4021000000.0,0.0,,,,,0.0,112000000.0,1.0,391758883.0,392000000,408000000.0,10.258,60423000000.0,0.0,602000000.0,8163000000.0,154.14,-714000000.0
34,APA,MRQ,2012-12-31,2012-12-31,2012-12-31,2021-09-07,-131000000.0,60737000000.0,,4962000000.0,55775000000.0,,79.926,-2490000000.0,160000000.0,160000000.0,2009000000.0,668000000.0,0.896,0.939,12461000000.0,1106000000.0,11355000000.0,12461000000.0,0.0,1180000000.0,0.0,0.008,0.17,1665000000.0,2845000000.0,0.76,2845000000.0,1665000000.0,1618000000.0,1.66,1.65,1.66,31331000000.0,,31331000000.0,42087756242.0,8.0,3.535,-408000000.0,-1.041,1.0,1732000000.0,0.463,1289000000.0,47000000.0,66213000000.0,,908000000.0,31000000.0,31000000.0,0.0,29406000000.0,5536000000.0,23870000000.0,30715756242.0,-158000000.0,122000000.0,-2000000.0,671000000.0,-86000000.0,624000000.0,-2864000000.0,0.0,2082000000.0,0.0,668000000.0,649000000.0,649000000.0,0.0,0.0,0.173,217000000.0,1515000000.0,1092000000.0,0.102,0.98,15.956,15.859,53280000000.0,19000000.0,78.5,1.87,1.859,3086000000.0,20161000000.0,3741000000.0,3741000000.0,0.0,,,,,0.0,131000000.0,1.0,391283519.0,392000000,394000000.0,9.543,59448000000.0,0.0,950000000.0,8024000000.0,151.653,-574000000.0
35,APA,MRQ,2012-09-30,2012-09-30,2012-09-30,2021-09-07,-89000000.0,58810000000.0,,5044000000.0,53766000000.0,,78.552,-2749000000.0,318000000.0,318000000.0,2354000000.0,180000000.0,0.936,0.915,11690000000.0,1020000000.0,10670000000.0,11690000000.0,0.0,2029000000.0,0.0,0.007,0.17,905000000.0,2934000000.0,0.702,2934000000.0,905000000.0,865000000.0,0.41,0.41,0.41,30714000000.0,,30714000000.0,43746392784.0,8.0,3.582,-1126000000.0,-2.88,1.0,1825000000.0,0.437,1114000000.0,40000000.0,63678000000.0,,774000000.0,104000000.0,104000000.0,0.0,28096000000.0,5390000000.0,22706000000.0,33828392784.0,-43000000.0,-116000000.0,0.0,1396000000.0,-85000000.0,1308000000.0,-2974000000.0,0.0,1623000000.0,0.0,180000000.0,161000000.0,161000000.0,0.0,0.0,0.039,920000000.0,905000000.0,1137000000.0,0.415,1.101,13.83,13.617,51164000000.0,19000000.0,86.47,2.001,2.0,2976000000.0,19578000000.0,4179000000.0,4179000000.0,0.0,,,,,0.0,124000000.0,1.0,391215367.0,391000000,393000000.0,10.688,57696000000.0,0.0,685000000.0,7602000000.0,147.56,-346000000.0
36,APA,MRQ,2012-06-30,2012-06-30,2012-06-30,2021-09-07,11000000.0,57217000000.0,,4639000000.0,52578000000.0,,78.851,-2231000000.0,361000000.0,361000000.0,2263000000.0,356000000.0,0.906,0.865,10279000000.0,609000000.0,9670000000.0,10279000000.0,0.0,1932000000.0,0.0,0.007,0.17,856000000.0,2788000000.0,0.702,2788000000.0,856000000.0,811000000.0,0.87,0.86,0.87,30673000000.0,,30673000000.0,42128320368.0,6.0,3.377,561000000.0,1.442,1.0,1709000000.0,0.43,1114000000.0,45000000.0,60900000000.0,,745000000.0,232000000.0,232000000.0,0.0,26544000000.0,5121000000.0,21423000000.0,34350320368.0,116000000.0,-2472000000.0,2000000.0,2365000000.0,-84000000.0,2268000000.0,-4944000000.0,0.0,2792000000.0,0.0,356000000.0,337000000.0,337000000.0,0.0,0.0,0.085,853000000.0,856000000.0,1061000000.0,0.195,1.12,10.511,10.34,50135000000.0,19000000.0,87.89,2.014,2.005,2625000000.0,19484000000.0,3972000000.0,3972000000.0,0.0,,,,,0.0,132000000.0,1.0,390833091.0,389000000,390000000.0,10.211,56103000000.0,0.0,455000000.0,7383000000.0,144.224,-482000000.0
37,APA,MRQ,2012-03-31,2012-03-31,2012-03-31,2021-09-07,-42000000.0,53237000000.0,,4954000000.0,48283000000.0,,77.182,-1967000000.0,245000000.0,245000000.0,2226000000.0,797000000.0,1.054,0.792,8023000000.0,579000000.0,7444000000.0,8023000000.0,0.0,1740000000.0,0.0,0.006,0.15,1600000000.0,3340000000.0,0.736,3340000000.0,1600000000.0,1560000000.0,2.02,2.0,2.02,29715000000.0,,29715000000.0,45635298667.0,6.0,3.541,40000000.0,0.104,1.0,2310000000.0,0.509,1114000000.0,40000000.0,55203000000.0,,607000000.0,284000000.0,284000000.0,0.0,23522000000.0,4698000000.0,18824000000.0,38601298667.0,-50000000.0,-639000000.0,0.0,657000000.0,-77000000.0,585000000.0,-2642000000.0,0.0,2007000000.0,0.0,797000000.0,778000000.0,778000000.0,0.0,0.0,0.172,710000000.0,1600000000.0,1059000000.0,0.074,1.299,9.255,9.249,45829000000.0,19000000.0,100.44,2.216,2.22,3163000000.0,19213000000.0,4536000000.0,4536000000.0,0.0,,,,,0.0,128000000.0,1.0,384321970.0,385000000,399000000.0,11.782,52123000000.0,0.0,763000000.0,7217000000.0,135.384,256000000.0
38,APA,MRQ,2011-12-31,2011-12-31,2011-12-31,2021-09-07,-9000000.0,52051000000.0,,4803000000.0,47248000000.0,,75.503,-1628000000.0,295000000.0,295000000.0,2081000000.0,1189000000.0,0.968,0.795,7329000000.0,544000000.0,6785000000.0,7329000000.0,0.0,1174000000.0,0.0,0.007,0.15,1976000000.0,3150000000.0,0.747,3150000000.0,1976000000.0,1941000000.0,3.05,2.98,3.05,28993000000.0,,28993000000.0,41454109238.0,5.0,3.328,1154000000.0,3.005,1.0,2138000000.0,0.507,1114000000.0,35000000.0,53008000000.0,,655000000.0,304000000.0,304000000.0,0.0,23058000000.0,4963000000.0,18095000000.0,34788109238.0,-291000000.0,-1304000000.0,0.0,15000000.0,-76000000.0,-54000000.0,-3019000000.0,0.0,2782000000.0,0.0,1189000000.0,1170000000.0,1170000000.0,0.0,0.0,0.277,240000000.0,1898000000.0,1048000000.0,0.049,1.2,7.717,7.709,45448000000.0,19000000.0,90.58,2.069,2.069,3079000000.0,18500000000.0,4219000000.0,4219000000.0,0.0,,,,,0.0,132000000.0,1.0,384059497.0,384000000,400000000.0,10.987,50937000000.0,0.0,752000000.0,7197000000.0,132.648,-160000000.0
39,APA,MRQ,2011-09-30,2011-09-30,2011-09-30,2021-09-07,62000000.0,47482000000.0,,4576000000.0,42906000000.0,,72.664,-1781000000.0,586000000.0,586000000.0,2022000000.0,1002000000.0,1.137,0.702,7252000000.0,467000000.0,6785000000.0,7252000000.0,0.0,1065000000.0,0.0,0.007,0.15,2131000000.0,3196000000.0,0.738,3196000000.0,2131000000.0,2094000000.0,2.56,2.5,2.56,27903000000.0,,27903000000.0,37780359611.0,5.0,3.269,666000000.0,1.734,1.0,2306000000.0,0.533,1032000000.0,37000000.0,49092000000.0,,566000000.0,0.0,0.0,0.0,19579000000.0,4024000000.0,15555000000.0,30806359611.0,-521000000.0,-431000000.0,-42000000.0,-651000000.0,-77000000.0,-719000000.0,-2249000000.0,0.0,2447000000.0,0.0,1002000000.0,983000000.0,983000000.0,0.0,0.0,0.227,175000000.0,2131000000.0,852000000.0,0.059,1.104,7.686,7.678,41136000000.0,19000000.0,80.24,1.922,1.923,2560000000.0,17388000000.0,4328000000.0,4328000000.0,0.0,,,,,0.0,112000000.0,1.0,383927712.0,384000000,400000000.0,11.271,46450000000.0,0.0,1092000000.0,5802000000.0,120.964,552000000.0
40,APA,MRQ,2011-06-30,2011-06-30,2011-06-30,2021-09-07,-200000000.0,46529000000.0,,4900000000.0,41629000000.0,,69.445,-1551000000.0,1107000000.0,1107000000.0,1993000000.0,1259000000.0,1.093,0.745,8081000000.0,677000000.0,7404000000.0,8081000000.0,0.0,1029000000.0,0.0,0.005,0.15,2172000000.0,3201000000.0,0.738,3201000000.0,2172000000.0,2131000000.0,3.23,3.17,3.23,26667000000.0,,26667000000.0,55608475851.0,8.0,5.274,1194000000.0,3.109,1.0,2345000000.0,0.541,1032000000.0,41000000.0,47987000000.0,,633000000.0,0.0,0.0,0.0,19862000000.0,4484000000.0,15378000000.0,47313475851.0,751000000.0,-78000000.0,16000000.0,-308000000.0,-77000000.0,-366000000.0,-1628000000.0,0.0,2745000000.0,0.0,1259000000.0,1240000000.0,1240000000.0,0.0,0.0,0.286,173000000.0,2172000000.0,1029000000.0,0.046,1.774,12.484,12.302,39838000000.0,19000000.0,123.39,3.216,3.221,2495000000.0,16463000000.0,4338000000.0,4338000000.0,0.0,,,,,0.0,103000000.0,1.0,383446599.0,384000000,397000000.0,11.297,45497000000.0,0.0,872000000.0,4964000000.0,118.482,416000000.0
41,APA,MRQ,2011-03-31,2011-03-31,2011-03-31,2021-09-07,-445000000.0,44866000000.0,,4001000000.0,40865000000.0,,65.791,-1696000000.0,356000000.0,356000000.0,1799000000.0,1134000000.0,1.011,0.781,8651000000.0,521000000.0,8130000000.0,8651000000.0,0.0,936000000.0,0.0,0.005,0.15,1972000000.0,2908000000.0,0.741,2908000000.0,1972000000.0,1927000000.0,2.91,2.86,2.91,25198000000.0,,25198000000.0,58310920250.0,9.0,6.124,283000000.0,0.739,1.0,2126000000.0,0.542,1032000000.0,45000000.0,48172000000.0,,593000000.0,0.0,0.0,0.0,19668000000.0,3957000000.0,15711000000.0,50109920250.0,222000000.0,0.0,26000000.0,19000000.0,-76000000.0,-8000000.0,-1749000000.0,0.0,1979000000.0,0.0,1134000000.0,1115000000.0,1115000000.0,0.0,0.0,0.284,154000000.0,1972000000.0,906000000.0,0.052,1.989,14.695,14.002,39046000000.0,19000000.0,130.92,3.755,3.758,2490000000.0,15281000000.0,3925000000.0,3925000000.0,0.0,,,,,0.0,112000000.0,1.0,382752217.0,383000000,397000000.0,10.248,43834000000.0,0.0,793000000.0,4265000000.0,114.449,44000000.0
42,APA,MRQ,2010-12-31,2010-12-31,2010-12-31,2021-09-07,-141000000.0,43425000000.0,,3480000000.0,39945000000.0,,64.832,-2010000000.0,134000000.0,134000000.0,1787000000.0,689000000.0,0.988,0.781,8335000000.0,240000000.0,8095000000.0,8335000000.0,0.0,928000000.0,0.0,0.005,0.15,1323000000.0,2251000000.0,0.656,2251000000.0,1323000000.0,1268000000.0,1.75,1.74,1.75,24377000000.0,,24377000000.0,48833690349.0,9.0,5.733,-84000000.0,-0.223,1.0,1647000000.0,0.48,1032000000.0,55000000.0,47070000000.0,,564000000.0,167000000.0,167000000.0,0.0,19048000000.0,3524000000.0,15524000000.0,43470225349.0,-1077000000.0,-853000000.0,-33000000.0,-32000000.0,-74000000.0,-56000000.0,-2947000000.0,0.0,1926000000.0,0.0,689000000.0,670000000.0,670000000.0,0.0,0.0,0.195,324000000.0,1323000000.0,779000000.0,0.086,1.783,14.49,13.978,38151000000.0,19000000.0,119.23,3.595,3.471,2134000000.0,14223000000.0,3434000000.0,3434000000.0,0.0,,,,,0.0,120000000.0,1.0,364591339.0,376000000,389000000.0,9.133,42393000000.0,0.0,579000000.0,4249000000.0,112.747,-44000000.0
43,APA,MRQ,2010-09-30,2010-09-30,2010-09-30,2021-09-07,49828000.0,36928349000.0,,4250460000.0,32677889000.0,,61.472,-7164000000.0,1211439000.0,1211439000.0,1495000000.0,778000000.0,1.682,0.683,6574904000.0,194325000.0,6380579000.0,6574904000.0,0.0,787000000.0,0.0,0.006,0.15,1396000000.0,2183000000.0,0.725,2183000000.0,1396000000.0,1337000000.0,2.14,2.12,2.14,21945382000.0,,21945382000.0,38818852529.0,7.0,4.813,-5449000000.0,-15.263,1.0,1518000000.0,0.504,189252000.0,59000000.0,39575832000.0,,528725000.0,218119000.0,218119000.0,0.0,14982967000.0,2526730000.0,12456237000.0,35611867529.0,-594000000.0,-44000000.0,2267000000.0,1502000000.0,-51000000.0,4929000000.0,-7238000000.0,0.0,1715000000.0,0.0,778000000.0,765000000.0,765000000.0,0.0,0.0,0.254,122000000.0,1396000000.0,598037000.0,0.07,1.623,12.227,11.474,28346116000.0,13000000.0,97.76,3.176,3.112,1756874000.0,13610838000.0,3013000000.0,3013000000.0,0.0,,,,,0.0,89000000.0,1.0,364278514.0,357000000,367000000.0,8.44,36739097000.0,254242000.0,559000000.0,3581675000.0,102.911,1723730000.0
44,APA,MRQ,2010-06-30,2010-06-30,2010-06-30,2021-09-07,22950000.0,30432407000.0,,4506940000.0,25925467000.0,,52.295,-2121000000.0,1805347000.0,1805347000.0,1405000000.0,860000000.0,2.046,0.722,5012332000.0,116205000.0,4896127000.0,5012332000.0,0.0,729000000.0,0.0,0.007,0.15,1450000000.0,2179000000.0,0.733,2179000000.0,1450000000.0,1394000000.0,2.55,2.53,2.55,17675760000.0,,17675760000.0,31333373430.0,6.0,4.212,-190000000.0,-0.562,1.0,1567000000.0,0.527,189252000.0,56000000.0,31247305000.0,,508702000.0,0.0,0.0,0.0,12756647000.0,2202835000.0,10553812000.0,28394618430.0,-321000000.0,-16000000.0,12000000.0,-52000000.0,-51000000.0,-82000000.0,-2170000000.0,0.0,1931000000.0,0.0,860000000.0,860000000.0,860000000.0,0.0,0.0,0.289,117000000.0,1450000000.0,485601000.0,0.059,1.606,10.971,10.948,25123455000.0,0.0,84.19,2.696,2.702,1647952000.0,12900582000.0,2972000000.0,2972000000.0,0.0,,,,,0.0,84000000.0,1.0,337268303.0,338000000,339000000.0,8.793,30243155000.0,137556000.0,534000000.0,3247065000.0,89.477,2304105000.0
45,APA,MRQ,2010-03-31,2010-03-31,2010-03-31,2021-09-07,-40374000.0,29228161000.0,,5038255000.0,24189906000.0,,49.795,-1074000000.0,2125634000.0,2125634000.0,1296000000.0,705000000.0,2.248,0.744,5064389000.0,113634000.0,4950755000.0,5064389000.0,0.0,639000000.0,0.0,0.006,0.15,1266000000.0,1905000000.0,0.713,1905000000.0,1266000000.0,1207000000.0,2.09,2.08,2.09,16758536000.0,,16758536000.0,37307666751.0,9.0,5.583,80000000.0,0.238,1.0,1377000000.0,0.515,189252000.0,59000000.0,29736938000.0,,497749000.0,0.0,0.0,0.0,12469625000.0,2240726000.0,10228899000.0,34159848751.0,78000000.0,0.0,12000000.0,-3000000.0,-50000000.0,-28000000.0,-1048000000.0,0.0,1154000000.0,0.0,705000000.0,705000000.0,705000000.0,0.0,0.0,0.264,111000000.0,1266000000.0,536613000.0,0.072,2.038,15.732,15.712,23404857000.0,0.0,101.5,3.538,3.538,1818139000.0,12091022000.0,2673000000.0,2673000000.0,0.0,,,,,0.0,87000000.0,1.0,336550234.0,336550234,,7.942,29038909000.0,130119000.0,502000000.0,3015580000.0,86.284,2797529000.0
46,APA,MRQ,2009-12-31,2009-12-31,2009-12-31,2021-09-07,-290000000.0,28186000000.0,,4586000000.0,23600000000.0,,46.961,-663757000.0,2048000000.0,2048000000.0,1261568000.0,585204000.0,1.916,0.786,5195000000.0,245000000.0,4950000000.0,5195000000.0,0.0,614965000.0,0.0,0.006,0.15,1182676000.0,1797641000.0,0.703,1797641000.0,1182676000.0,1122102000.0,1.74,1.74,1.74,15779000000.0,,15779000000.0,38439285824.0,68.0,6.649,880772000.0,2.621,1.0,1293798000.0,0.506,189000000.0,60574000.0,28751000000.0,,533000000.0,0.0,0.0,0.0,12407000000.0,2393000000.0,10014000000.0,34683108824.0,691086000.0,-51790000.0,3628000.0,17824000.0,-53875000.0,-122113000.0,-731330000.0,1000.0,1544529000.0,0.0,585204000.0,582464000.0,582464000.0,0.0,0.0,0.228,111122000.0,1182676000.0,397000000.0,0.086,2.198,-118.778,-118.586,22901000000.0,2740000.0,103.17,4.026,4.024,1546000000.0,11437000000.0,2555366000.0,2555366000.0,0.0,,,,,0.0,85557000.0,1.0,336174361.0,336000000,,7.605,27997000000.0,0.0,536898000.0,2765000000.0,83.324,2193000000.0
47,APA,MRQ,2009-09-30,2009-09-30,2009-09-30,2021-09-07,-206706000.0,27225496000.0,,4019702000.0,23205794000.0,,45.735,-682972000.0,1357364000.0,1357364000.0,1291596000.0,442016000.0,2.023,0.773,5113541000.0,103511000.0,5010030000.0,5113541000.0,0.0,625898000.0,0.0,0.007,0.15,932290000.0,1558188000.0,0.668,1558188000.0,932290000.0,870606000.0,1.31,1.3,1.31,15355322000.0,,15355322000.0,35027420081.0,-6.0,6.824,629770000.0,1.876,1.0,1040835000.0,0.446,189252000.0,61684000.0,28805472000.0,,539442000.0,29166000.0,29166000.0,0.0,11870174000.0,1986949000.0,9883225000.0,30831654081.0,585807000.0,-77210000.0,11732000.0,82510000.0,-51794000.0,45944000.0,-772879000.0,0.0,1312742000.0,0.0,442016000.0,440596000.0,440596000.0,0.0,0.0,0.189,108545000.0,932290000.0,391900000.0,0.115,2.008,-8.067,-8.027,22545531000.0,1420000.0,91.83,3.855,3.855,1590913000.0,10904323000.0,2332431000.0,2332431000.0,0.0,,,,,0.0,82492000.0,1.0,335747077.0,335747077,,6.947,27036244000.0,292332000.0,428590000.0,2693833000.0,80.526,2032753000.0
48,APA,MRQ,2009-06-30,2009-06-30,2009-06-30,2021-09-07,-172744000.0,26401927000.0,,3485085000.0,22916842000.0,,44.628,-1404080000.0,771557000.0,771557000.0,1128052000.0,444720000.0,1.927,0.765,4967323000.0,12656000.0,4954667000.0,4967323000.0,0.0,573359000.0,0.0,0.008,0.15,847938000.0,1421297000.0,0.679,1421297000.0,847938000.0,786783000.0,1.32,1.31,1.32,14958695000.0,,14958695000.0,28506152420.0,-6.0,4.734,-580567000.0,-1.732,1.0,965326000.0,0.461,189252000.0,61155000.0,28600086000.0,,571612000.0,67915000.0,67915000.0,0.0,11443232000.0,1808355000.0,9634877000.0,24183650420.0,181864000.0,0.0,10640000.0,55103000.0,-51698000.0,19351000.0,-661000000.0,791999000.0,823513000.0,0.0,444720000.0,443300000.0,443300000.0,0.0,0.0,0.212,117388000.0,847938000.0,389347000.0,0.114,1.617,-7.87,-7.842,22290308000.0,1420000.0,72.15,2.678,2.678,1536649000.0,10514200000.0,2093378000.0,2093378000.0,0.0,,,,,0.0,90905000.0,1.0,335185730.0,335185730,,6.245,26212675000.0,308516000.0,342063000.0,2580643000.0,78.203,1676730000.0
49,APA,MRQ,2009-03-31,2009-03-31,2009-03-31,2021-09-07,37015000.0,26292804000.0,,3802596000.0,22490208000.0,,44.036,-1059191000.0,589693000.0,589693000.0,1098784000.0,-1756940000.0,1.867,0.784,4912195000.0,17877000.0,4894318000.0,4912195000.0,0.0,3398778000.0,0.0,0.009,0.15,-2394904000.0,1003874000.0,0.614,1003874000.0,-2394904000.0,-2453491000.0,-5.25,-5.25,-5.25,14741150000.0,,14741150000.0,25188316659.0,-8.0,3.309,-515975000.0,-1.541,1.0,535041000.0,0.327,189252000.0,58587000.0,28389671000.0,,522434000.0,967668000.0,967668000.0,0.0,11551654000.0,2036383000.0,9515271000.0,21454360659.0,-591757000.0,0.0,2000000.0,-7437000.0,-51633000.0,-53182000.0,-1081791000.0,0.0,543216000.0,0.0,-1756940000.0,-1758360000.0,-1758360000.0,0.0,0.0,-1.076,2929945000.0,-2394904000.0,388415000.0,-0.029,1.455,-10.352,-10.337,21732262000.0,1420000.0,64.09,1.98,1.98,1291083000.0,10121246000.0,1633825000.0,1633825000.0,0.0,,,,,0.0,85046000.0,1.0,334753638.0,334753638,,4.881,26103552000.0,259097000.0,-696551000.0,2493398000.0,77.978,1766213000.0
50,APA,MRQ,2008-12-31,2008-12-31,2008-12-31,2021-09-07,21764000.0,29186485000.0,,4450974000.0,24735511000.0,,49.328,-1337876000.0,1195330000.0,1195330000.0,1360890000.0,-2945567000.0,1.766,0.768,4921573000.0,112598000.0,4808975000.0,4921573000.0,0.0,6000956000.0,0.0,0.009,0.15,-4851704000.0,1149252000.0,0.593,1149252000.0,-4851704000.0,-4901110000.0,-8.82,-8.75,-8.82,16508721000.0,,16508721000.0,28288456018.0,26.0,3.161,-301444000.0,-0.901,1.0,576294000.0,0.297,189252000.0,49406000.0,30203041000.0,,498567000.0,791999000.0,791999000.0,0.0,12677764000.0,2520435000.0,10157329000.0,24942972018.0,-463781000.0,-150000000.0,-4378000.0,865395000.0,-51265000.0,801310000.0,-2301523000.0,-792000000.0,1036432000.0,0.0,-2945567000.0,-2947307000.0,-2947307000.0,0.0,0.0,-1.521,5427998000.0,-4851704000.0,548945000.0,-0.017,1.511,35.33,35.322,23958517000.0,1740000.0,74.53,2.013,2.013,1356979000.0,11929827000.0,1937184000.0,1937184000.0,0.0,,,,,0.0,70144000.0,1.0,334670227.0,334670227,,5.788,28997233000.0,303203000.0,-1955543000.0,3166657000.0,86.644,1930539000.0
51,APA,MRQ,2008-09-30,2008-09-30,2008-09-30,2021-09-07,-693200000.0,32992432000.0,,4172292000.0,28820140000.0,,56.101,-1688357000.0,1658448000.0,1658448000.0,1435708000.0,1190825000.0,1.431,0.758,5003932000.0,404823000.0,4599109000.0,5003932000.0,0.0,600887000.0,0.0,0.007,0.15,1846645000.0,2447532000.0,0.727,2447532000.0,1846645000.0,1813354000.0,3.55,3.52,3.55,18763106000.0,,18763106000.0,40375432326.0,5.0,4.028,602298000.0,1.801,1.0,1929176000.0,0.573,189252000.0,33291000.0,33232358000.0,,479723000.0,12929000.0,12929000.0,0.0,14229326000.0,2916306000.0,11313020000.0,34876573326.0,636162000.0,0.0,3436000.0,13309000.0,-51590000.0,-29578000.0,-1624915000.0,0.0,2290655000.0,0.0,1190825000.0,1189405000.0,1189405000.0,0.0,0.0,0.353,82531000.0,1846645000.0,702143000.0,0.042,1.859,7.382,7.37,28118818000.0,1420000.0,104.28,2.589,2.589,1680031000.0,14927178000.0,3364884000.0,3364884000.0,0.0,,,,,0.0,57561000.0,1.0,334451221.0,334451221,,10.061,32803180000.0,0.0,622529000.0,4803380000.0,98.081,1255986000.0
52,APA,MRQ,2008-06-30,2008-06-30,2008-06-30,2021-09-07,-1776540000.0,31877159000.0,,4156346000.0,27720813000.0,,49.505,-1435266000.0,1102799000.0,1102799000.0,1412721000.0,1445229000.0,1.008,0.93,6601658000.0,1147914000.0,5453744000.0,6601658000.0,0.0,627668000.0,0.0,0.005,0.15,2382919000.0,3010587000.0,0.772,3010587000.0,2382919000.0,2343869000.0,4.32,4.28,4.32,16514469000.0,,16514469000.0,50896046158.0,7.0,5.408,494243000.0,1.482,1.0,2487470000.0,0.638,189252000.0,39050000.0,33062463000.0,,468346000.0,864000.0,864000.0,0.0,15362690000.0,4124303000.0,11238387000.0,46368860158.0,625402000.0,0.0,23905000.0,-95308000.0,-51473000.0,-100444000.0,-1203663000.0,0.0,1929509000.0,0.0,1445229000.0,1443809000.0,1443809000.0,0.0,0.0,0.37,104551000.0,2382919000.0,894411000.0,0.035,2.808,11.181,11.174,26934253000.0,1420000.0,139.0,3.676,3.676,2266357000.0,13788073000.0,3900191000.0,3900191000.0,0.0,,,,,0.0,78872000.0,1.0,333588922.0,333588922,,11.692,31687907000.0,0.0,898640000.0,4056580000.0,94.991,32043000.0
53,APA,MRQ,2008-03-31,2008-03-31,2008-03-31,2021-09-07,-759605000.0,29816075000.0,,3053103000.0,26762972000.0,,48.29,-1053501000.0,611174000.0,611174000.0,1358681000.0,1021513000.0,1.018,0.854,5138360000.0,663149000.0,4475211000.0,5138360000.0,0.0,620489000.0,0.0,0.006,0.25,1720140000.0,2340629000.0,0.734,2340629000.0,1720140000.0,1675887000.0,3.06,3.03,3.06,16080007000.0,,16080007000.0,45000861810.0,8.0,5.492,754903000.0,2.267,1.0,1829060000.0,0.574,189252000.0,44253000.0,31153527000.0,,490423000.0,448000.0,448000.0,0.0,13736068000.0,3000482000.0,10735586000.0,40231988810.0,257217000.0,0.0,8037000.0,-87396000.0,-84672000.0,-146288000.0,-1404899000.0,0.0,1808404000.0,0.0,1021513000.0,1020093000.0,1020093000.0,0.0,0.0,0.32,108920000.0,1720140000.0,683581000.0,0.082,2.502,12.063,12.046,25865386000.0,1420000.0,120.82,3.597,3.597,1972318000.0,12394428000.0,3187741000.0,3187741000.0,0.0,,,,,0.0,82423000.0,1.0,332991134.0,332991134,,9.573,29626823000.0,0.0,654374000.0,4108646000.0,88.972,52621000.0
54,APA,MRQ,2007-12-31,2007-12-31,2007-12-31,2021-09-07,-520211000.0,28634651000.0,,2752251000.0,25882400000.0,,46.229,-2023256000.0,125823000.0,125823000.0,1320775000.0,1072523000.0,1.033,0.862,4894696000.0,501300000.0,4393396000.0,4894696000.0,0.0,624975000.0,0.0,0.006,0.15,1599796000.0,2224771000.0,0.737,2224771000.0,1599796000.0,1545647000.0,3.22,3.2,3.22,15377979000.0,,15377979000.0,40667558698.0,8.0,5.617,-223295000.0,-0.671,1.0,1698600000.0,0.563,189252000.0,54149000.0,30549256000.0,,461211000.0,20889000.0,20889000.0,0.0,13256672000.0,2665016000.0,10591656000.0,35772905698.0,14401000.0,984218000.0,8780000.0,-633998000.0,-51332000.0,-671826000.0,-1113734000.0,0.0,1799961000.0,0.0,1072523000.0,1071103000.0,1071103000.0,0.0,0.0,0.355,98804000.0,1599796000.0,617937000.0,0.047,2.326,12.746,12.727,25231593000.0,1420000.0,107.54,3.577,3.577,1936977000.0,11457592000.0,3019375000.0,3019375000.0,0.0,,,,,0.0,75000000.0,1.0,332647440.0,332647440,,9.077,28445399000.0,21077000.0,473124000.0,3998167000.0,85.512,87235000.0
55,APA,MRQ,2007-09-30,2007-09-30,2007-09-30,2021-09-07,-176841000.0,27650918000.0,,2553992000.0,25096926000.0,,44.194,-1298488000.0,111422000.0,111422000.0,1184672000.0,613348000.0,0.873,0.885,5006075000.0,904832000.0,4101243000.0,5006075000.0,0.0,600796000.0,0.0,0.007,0.15,1234445000.0,1835241000.0,0.733,1835241000.0,1234445000.0,1174078000.0,1.84,1.83,1.84,14672794000.0,,14672794000.0,34803706084.0,9.0,5.529,128979000.0,0.388,1.0,1320286000.0,0.527,189252000.0,60367000.0,29429542000.0,,418752000.0,33866000.0,33866000.0,0.0,12978124000.0,2926777000.0,10051347000.0,29900557084.0,-77220000.0,-4581000.0,5786000.0,-125186000.0,-51269000.0,-166230000.0,-1338457000.0,0.0,1427467000.0,0.0,613348000.0,611928000.0,611928000.0,0.0,0.0,0.244,85841000.0,1234445000.0,655476000.0,0.082,2.038,13.26,13.225,24455188000.0,1420000.0,90.06,3.334,3.334,1701230000.0,10436458000.0,2504958000.0,2504958000.0,0.0,,,,,0.0,61405000.0,1.0,332007074.0,332007074,,7.545,27461666000.0,0.0,560730000.0,3980768000.0,82.714,-372785000.0
56,APA,MRQ,2007-06-30,2007-06-30,2007-06-30,2021-09-07,-158180000.0,26931931000.0,,2540659000.0,24391272000.0,,42.593,-1198301000.0,188642000.0,188642000.0,1176000000.0,633538000.0,0.81,0.909,5091791000.0,1016985000.0,4074806000.0,5091791000.0,0.0,591107000.0,0.0,0.007,0.15,1201612000.0,1792719000.0,0.725,1792719000.0,1201612000.0,1138254000.0,1.91,1.89,1.91,14105188000.0,,14105188000.0,32062781465.0,8.0,5.206,188145000.0,0.568,1.0,1296544000.0,0.524,189252000.0,63358000.0,28509322000.0,,406024000.0,31548000.0,31548000.0,0.0,12826743000.0,3136506000.0,9690237000.0,27019376465.0,72174000.0,0.0,21625000.0,-26693000.0,-51120000.0,-49728000.0,-1264544000.0,0.0,1386446000.0,0.0,633538000.0,632118000.0,632118000.0,0.0,0.0,0.256,94932000.0,1201612000.0,607662000.0,0.079,1.916,11.805,11.773,23789528000.0,1420000.0,81.59,3.097,3.097,1686979000.0,9874555000.0,2472544000.0,2472544000.0,0.0,,,,,0.0,70798000.0,1.0,331160393.0,331160393,,7.466,26742679000.0,0.0,504716000.0,3685527000.0,80.754,-595847000.0
57,APA,MRQ,2007-03-31,2007-03-31,2007-03-31,2021-09-07,-193147000.0,26053807000.0,,2371771000.0,23682036000.0,,40.633,-1199045000.0,116468000.0,116468000.0,1054253000.0,492949000.0,0.66,0.937,5159873000.0,1599740000.0,3560133000.0,5159873000.0,0.0,530913000.0,0.0,0.007,0.15,856696000.0,1387609000.0,0.693,1387609000.0,856696000.0,814633000.0,1.48,1.47,1.48,13447855000.0,,13447855000.0,27150290213.0,7.0,4.628,-135486000.0,-0.409,1.0,948622000.0,0.474,189252000.0,42063000.0,27315683000.0,,373707000.0,21773000.0,21773000.0,0.0,12605952000.0,3592277000.0,9013675000.0,23398761213.0,-24056000.0,-1000000000.0,7770000.0,1192917000.0,-51032000.0,1141579000.0,-2229194000.0,0.0,1063559000.0,0.0,492949000.0,491529000.0,491529000.0,0.0,0.0,0.245,91926000.0,856696000.0,636025000.0,0.101,1.74,9.836,9.806,23106507000.0,1420000.0,70.7,2.815,2.815,1616073000.0,9292202000.0,2002875000.0,2002875000.0,0.0,,,,,0.0,67862000.0,1.0,330958433.0,330958433,,6.052,25864555000.0,0.0,321684000.0,3435532000.0,78.15,-1220506000.0
58,APA,MRQ,2006-12-31,2006-12-31,2006-12-31,2021-09-07,-31332000.0,24308175000.0,,2490271000.0,21817904000.0,,40.044,-1235265000.0,140524000.0,140524000.0,1513300000.0,520841000.0,0.653,0.843,3892053000.0,1872222000.0,2019831000.0,3892053000.0,0.0,514802000.0,0.0,0.007,0.15,764132000.0,1278934000.0,0.644,1278934000.0,764132000.0,776319000.0,1.58,1.56,1.58,13191053000.0,,13191053000.0,25509399227.0,6.0,4.274,-321371000.0,-0.976,1.0,473730000.0,0.238,189252000.0,-12187000.0,24058840000.0,,320386000.0,139756000.0,139756000.0,0.0,11117122000.0,3811612000.0,7305510000.0,21909288227.0,-20398000.0,-12571000.0,11274000.0,173521000.0,-50879000.0,154937000.0,-1089229000.0,0.0,913894000.0,0.0,520841000.0,519421000.0,519421000.0,0.0,0.0,0.261,-348167000.0,821897000.0,644889000.0,0.095,1.661,8.603,8.615,21346252000.0,1420000.0,66.51,2.637,2.637,1651664000.0,8898577000.0,1987030000.0,1987030000.0,0.0,,,,,0.0,59690000.0,1.0,329413445.0,329413445,,6.032,24118923000.0,0.0,255478000.0,3621122000.0,73.218,-1321341000.0
59,APA,MRQ,2006-09-30,2006-09-30,2006-09-30,2021-09-07,-87453000.0,23425925000.0,,2380231000.0,21045694000.0,,38.376,-882496000.0,160922000.0,160922000.0,874141000.0,647064000.0,0.682,0.854,3761033000.0,1571546000.0,2189487000.0,3761033000.0,0.0,487542000.0,0.0,0.006,0.1,1212181000.0,1699723000.0,0.752,1699723000.0,1212181000.0,1151107000.0,1.96,1.94,1.96,12635044000.0,,12635044000.0,24533422402.0,5.0,3.929,291208000.0,0.884,1.0,1387340000.0,0.613,189252000.0,61074000.0,23346965000.0,,284998000.0,81459000.0,81459000.0,0.0,10790881000.0,3489819000.0,7301062000.0,20807987402.0,118996000.0,-134155000.0,-7126000.0,172102000.0,-34376000.0,131841000.0,-1186549000.0,0.0,1173704000.0,0.0,647064000.0,645644000.0,645644000.0,0.0,0.0,0.285,194247000.0,1193093000.0,627412000.0,0.051,1.647,7.394,7.4,20637689000.0,1420000.0,63.2,2.47,2.47,1565606000.0,8428774000.0,2261481000.0,2261481000.0,0.0,,,,,0.0,53781000.0,1.0,329240307.0,329240307,,6.869,23236673000.0,158980000.0,504043000.0,3412707000.0,70.577,-1109588000.0
60,APA,MRQ,2006-06-30,2006-06-30,2006-06-30,2021-09-07,-288413000.0,21911355000.0,,2103139000.0,19808216000.0,,35.811,-775608000.0,41926000.0,41926000.0,779649000.0,723625000.0,0.636,0.852,3767361000.0,1507610000.0,2259751000.0,3767361000.0,0.0,441438000.0,0.0,0.006,0.1,1059043000.0,1500481000.0,0.728,1500481000.0,1059043000.0,1008907000.0,2.19,2.17,2.19,11829893000.0,,11829893000.0,24685113762.0,5.0,4.043,406416000.0,1.23,1.0,1281869000.0,0.622,189252000.0,50136000.0,22138372000.0,,257987000.0,0.0,0.0,0.0,10081462000.0,3309166000.0,6772296000.0,22545625762.0,-462089000.0,-1753006000.0,-143266000.0,1129601000.0,-34455000.0,969187000.0,-2613300000.0,0.0,1182024000.0,0.0,723625000.0,722205000.0,722205000.0,0.0,0.0,0.35,241454000.0,1040415000.0,616862000.0,0.046,1.906,7.899,7.881,19470400000.0,1420000.0,68.25,2.742,2.742,1506322000.0,7832485000.0,2061518000.0,2061518000.0,0.0,,,,,0.0,52191000.0,1.0,330338839.0,330338839,,6.241,21722103000.0,0.0,285282000.0,2905870000.0,65.757,-1206027000.0
61,APA,MRQ,2006-03-31,2006-03-31,2006-03-31,2021-09-07,-293998000.0,19999103000.0,,2357274000.0,17641829000.0,,34.079,-1242119000.0,504015000.0,504015000.0,690295000.0,660921000.0,1.104,0.777,2643503000.0,362171000.0,2281332000.0,2643503000.0,0.0,372577000.0,0.0,0.005,0.1,1116125000.0,1488702000.0,0.745,1488702000.0,1116125000.0,1073262000.0,2.0,1.97,2.0,11256496000.0,,11256496000.0,24010362893.0,5.0,4.04,-198835000.0,-0.602,1.0,1308807000.0,0.655,189252000.0,42863000.0,19813715000.0,,226761000.0,0.0,0.0,0.0,8742607000.0,2135624000.0,6606983000.0,21638449893.0,275155000.0,409197000.0,4174000.0,154473000.0,-34433000.0,118375000.0,-886504000.0,0.0,1043284000.0,0.0,660921000.0,659501000.0,659501000.0,0.0,0.0,0.33,212731000.0,1096076000.0,669371000.0,0.05,1.922,7.96,7.931,17316527000.0,1420000.0,65.51,2.732,2.732,1446970000.0,7143328000.0,1999102000.0,1999102000.0,0.0,,,,,0.0,45672000.0,1.0,330307585.0,330307585,,6.052,19809851000.0,0.0,412341000.0,2832733000.0,59.974,221650000.0
62,APA,MRQ,2005-12-31,2005-12-31,2005-12-31,2021-09-07,-365608000.0,19271796000.0,,2162077000.0,17109719000.0,,32.012,-899927000.0,228860000.0,228860000.0,658709000.0,788222000.0,0.989,0.828,2600773000.0,256389000.0,2344384000.0,2600773000.0,0.0,360099000.0,0.0,0.005,0.1,1195933000.0,1556032000.0,0.74,1556032000.0,1195933000.0,1213200000.0,2.39,2.35,2.39,10541215000.0,,10541215000.0,25192880335.0,6.0,4.39,272247000.0,0.827,1.0,1442964000.0,0.687,189252000.0,-17267000.0,19267893000.0,,209670000.0,16319000.0,16319000.0,0.0,8730581000.0,2186564000.0,6544017000.0,22563197335.0,132176000.0,0.0,1036000.0,169000.0,-34349000.0,-39186000.0,-1000812000.0,0.0,1172174000.0,0.0,788222000.0,786802000.0,786802000.0,0.0,0.0,0.374,203601000.0,1239363000.0,714598000.0,0.042,2.14,8.618,8.608,16791340000.0,1420000.0,68.52,2.975,2.975,1444545000.0,6516863000.0,2101673000.0,2101673000.0,0.0,,,,,0.0,45812000.0,1.0,329293598.0,329293598,,6.382,19082544000.0,0.0,424978000.0,2875273000.0,57.95,-24487000.0
63,APA,MRQ,2005-09-30,2005-09-30,2005-09-30,2021-09-07,-438926000.0,17853097000.0,,1786605000.0,16066492000.0,,29.536,-767983000.0,96684000.0,96684000.0,660725000.0,686995000.0,0.834,0.838,2726367000.0,321008000.0,2405359000.0,2726367000.0,0.0,357159000.0,0.0,0.004,0.08,1203029000.0,1560188000.0,0.757,1560188000.0,1203029000.0,1159512000.0,2.08,2.05,2.08,9712851000.0,,9712851000.0,27406978694.0,7.0,5.094,562932000.0,1.712,1.0,1400327000.0,0.679,189252000.0,43517000.0,18150264000.0,,198436000.0,0.0,0.0,0.0,8140246000.0,2143264000.0,5996982000.0,24735872694.0,17426000.0,0.0,-3855000.0,-286826000.0,-27739000.0,-318710000.0,-994779000.0,0.0,1330915000.0,0.0,686995000.0,685575000.0,685575000.0,0.0,0.0,0.333,213968000.0,1186359000.0,726646000.0,0.038,2.547,10.579,10.565,15745485000.0,1420000.0,75.22,3.525,3.525,1258387000.0,5763081000.0,2061052000.0,2061052000.0,0.0,,,,,0.0,50047000.0,1.0,328847018.0,328847018,,6.268,17663845000.0,0.0,472517000.0,2420973000.0,53.714,-356659000.0
64,APA,MRQ,2005-06-30,2005-06-30,2005-06-30,2021-09-07,-274279000.0,16880580000.0,,1583275000.0,15297305000.0,,28.022,-1177933000.0,79258000.0,79258000.0,640619000.0,588030000.0,0.87,0.836,2750364000.0,409554000.0,2340810000.0,2750364000.0,0.0,359011000.0,0.0,0.005,0.08,979769000.0,1338780000.0,0.761,1338780000.0,979769000.0,934962000.0,1.79,1.76,1.79,9196628000.0,,9196628000.0,23852339787.0,7.0,4.854,-184924000.0,-0.563,1.0,1118612000.0,0.636,189252000.0,44807000.0,17543207000.0,,186946000.0,0.0,0.0,0.0,7683952000.0,1819227000.0,5864725000.0,21200984787.0,-42093000.0,0.0,22617000.0,-52837000.0,-27676000.0,-56753000.0,-978349000.0,0.0,993009000.0,0.0,588030000.0,586610000.0,586610000.0,0.0,0.0,0.333,151925000.0,966687000.0,595290000.0,0.045,2.305,10.184,10.173,14993318000.0,1420000.0,64.6,3.332,3.332,1138781000.0,5110451000.0,1759231000.0,1759231000.0,0.0,,,,,0.0,52002000.0,1.0,328188619.0,328188619,,5.36,16691328000.0,0.0,346932000.0,2277811000.0,50.859,-235952000.0
65,APA,MRQ,2005-03-31,2005-03-31,2005-03-31,2021-09-07,-266479000.0,16257068000.0,,1589007000.0,14668061000.0,,26.285,-790350000.0,142403000.0,142403000.0,596364000.0,560483000.0,1.011,0.885,2793758000.0,127827000.0,2665931000.0,2793758000.0,0.0,339413000.0,0.0,0.005,0.08,943846000.0,1283259000.0,0.772,1283259000.0,943846000.0,898580000.0,1.7,1.67,1.7,8623949000.0,,8623949000.0,22619279425.0,7.0,5.065,45822000.0,0.14,1.0,1065924000.0,0.641,189252000.0,45266000.0,17147724000.0,,172537000.0,0.0,0.0,0.0,7633119000.0,1571447000.0,6061672000.0,20089292425.0,10258000.0,0.0,5686000.0,-56668000.0,-27631000.0,-68012000.0,-757902000.0,0.0,836172000.0,0.0,560483000.0,559063000.0,559063000.0,0.0,0.0,0.336,135756000.0,930168000.0,567571000.0,0.047,2.329,10.702,10.686,14369453000.0,1420000.0,61.23,3.437,3.437,1116608000.0,4550164000.0,1662288000.0,1662288000.0,0.0,,,,,0.0,50411000.0,1.0,328095581.0,328095581,,5.066,16067816000.0,0.0,338097000.0,2251108000.0,48.973,17560000.0
66,APA,MRQ,2004-12-31,2004-12-31,2004-12-31,2021-09-07,-129482000.0,15502480000.0,,1348782000.0,14153698000.0,,25.131,-1209673000.0,111093000.0,111093000.0,596221000.0,508428000.0,1.051,0.89,2641080000.0,21273000.0,2619807000.0,2641080000.0,0.0,326667000.0,0.0,0.005,0.08,871271000.0,1197938000.0,0.78,1197938000.0,871271000.0,825676000.0,1.55,1.52,1.55,8204421000.0,,8204421000.0,18805075692.0,7.0,4.641,-298692000.0,-0.915,1.0,938682000.0,0.612,189252000.0,45595000.0,16560324000.0,,157293000.0,0.0,0.0,0.0,7298059000.0,1282891000.0,6015168000.0,16509653692.0,5569000.0,443913000.0,3331000.0,-146642000.0,-27544000.0,-116643000.0,-788769000.0,0.0,910981000.0,0.0,508428000.0,507008000.0,507008000.0,0.0,0.0,0.33,78767000.0,859915000.0,542074000.0,0.052,2.012,9.927,9.916,13860359000.0,1420000.0,50.57,3.096,3.096,939736000.0,4017339000.0,1534903000.0,1534903000.0,0.0,,,,,0.0,49373000.0,1.0,326471301.0,326471301,,4.701,15313228000.0,0.0,317248000.0,2224679000.0,46.905,65891000.0
67,APA,MRQ,2004-09-30,2004-09-30,2004-09-30,2021-09-07,-179397000.0,14622715000.0,,1587190000.0,13035525000.0,,23.532,-716587000.0,550258000.0,550258000.0,542794000.0,430475000.0,1.386,0.906,2845680000.0,83898000.0,2761782000.0,2845680000.0,0.0,313520000.0,0.0,0.005,0.06,780309000.0,1093829000.0,0.777,1093829000.0,780309000.0,738556000.0,1.31,1.3,1.31,7671617000.0,,7671617000.0,18430562046.0,8.0,5.062,304899000.0,0.935,1.0,864208000.0,0.614,189252000.0,41753000.0,15584057000.0,,137453000.0,0.0,0.0,0.0,6951098000.0,1144828000.0,5806270000.0,16335972046.0,8044000.0,-792086000.0,9690000.0,542962000.0,-20987000.0,531465000.0,-1544907000.0,0.0,1021486000.0,0.0,430475000.0,429055000.0,429055000.0,0.0,0.0,0.305,96802000.0,767406000.0,440288000.0,0.046,2.129,11.535,11.546,12737292000.0,1420000.0,50.11,3.36,3.36,783681000.0,3532184000.0,1407002000.0,1407002000.0,0.0,,,,,0.0,38583000.0,1.0,326002236.0,326002236,,4.316,14433463000.0,0.0,308081000.0,2006503000.0,44.274,442362000.0
68,APA,MRQ,2004-06-30,2004-06-30,2004-06-30,2021-09-07,-153004000.0,13249951000.0,,1157864000.0,12092087000.0,,22.366,-588316000.0,97480000.0,97480000.0,515678000.0,383526000.0,1.187,0.822,2192070000.0,0.0,2192070000.0,2192070000.0,0.0,295737000.0,0.0,0.005,0.06,594798000.0,890535000.0,0.718,890535000.0,594798000.0,554605000.0,1.17,1.16,1.17,7274189000.0,,7274189000.0,16294486471.0,7.0,4.842,58404000.0,0.18,1.0,725055000.0,0.584,189252000.0,40193000.0,14179690000.0,,127837000.0,0.0,0.0,0.0,5975762000.0,975599000.0,5000163000.0,14163722471.0,36327000.0,0.0,9766000.0,153000.0,-20940000.0,-12398000.0,-597995000.0,0.0,646720000.0,0.0,383526000.0,382106000.0,382106000.0,0.0,0.0,0.308,142883000.0,582172000.0,414979000.0,0.051,1.947,11.217,11.224,11815438000.0,1420000.0,43.55,3.106,3.106,811633000.0,3126013000.0,1240733000.0,1240733000.0,0.0,,,,,0.0,39181000.0,1.0,325228989.0,325228989,,3.815,13060699000.0,0.0,171079000.0,1822115000.0,40.158,182265000.0
69,APA,MRQ,2004-03-31,2004-03-31,2004-03-31,2021-09-07,-158360000.0,12785710000.0,,987850000.0,11797860000.0,,21.144,-469833000.0,61153000.0,61153000.0,514098000.0,346325000.0,1.08,0.86,2191917000.0,0.0,2191917000.0,2191917000.0,0.0,286228000.0,0.0,0.005,0.06,583478000.0,869706000.0,0.756,869706000.0,583478000.0,542929000.0,1.06,1.05,1.06,6872439000.0,,6872439000.0,16325264012.0,8.0,5.003,182499000.0,0.561,1.0,635841000.0,0.553,189252000.0,40549000.0,13812661000.0,,118686000.0,0.0,0.0,0.0,5913271000.0,914561000.0,4998710000.0,14031801012.0,27650000.0,0.0,11280000.0,-135049000.0,-20898000.0,-145340000.0,-479342000.0,0.0,652332000.0,0.0,346325000.0,344905000.0,344905000.0,0.0,0.0,0.3,65766000.0,570075000.0,327373000.0,0.057,2.042,12.488,12.477,11532356000.0,1420000.0,43.17,3.208,3.208,704454000.0,2773359000.0,1149939000.0,1149939000.0,0.0,,,,,0.0,46057000.0,1.0,325035928.0,325035928,,3.538,12596458000.0,0.0,196604000.0,1839351000.0,38.754,73289000.0
70,APA,MRQ,2003-12-31,2003-12-31,2003-12-31,2021-09-07,-151943000.0,12416126000.0,,899072000.0,11517054000.0,,20.158,-445259000.0,33503000.0,33503000.0,494884000.0,261614000.0,1.096,0.901,2396439000.0,63542000.0,2332897000.0,2396439000.0,0.0,293696000.0,0.0,0.005,0.06,492917000.0,786613000.0,0.739,786613000.0,492917000.0,451735000.0,0.8,0.79,0.8,6532798000.0,,6532798000.0,15612757285.0,7.0,4.892,181532000.0,0.56,1.0,569909000.0,0.535,189252000.0,41182000.0,13769432000.0,,125867000.0,0.0,0.0,0.0,5883328000.0,820378000.0,5062950000.0,13141276285.0,-9134000.0,22000000.0,9591000.0,-187221000.0,-20865000.0,-199392000.0,-436533000.0,0.0,626791000.0,0.0,261614000.0,260194000.0,260194000.0,0.0,0.0,0.244,91813000.0,478096000.0,300598000.0,0.075,2.012,11.773,11.72,11260085000.0,1420000.0,40.55,3.136,3.136,639055000.0,2445698000.0,1064793000.0,1064793000.0,0.0,,,,,0.0,45427000.0,1.0,324075864.0,324075864,,3.286,12226874000.0,0.0,190121000.0,1716174000.0,37.728,78694000.0
71,APA,MRQ,2003-09-30,2003-09-30,2003-09-30,2021-09-07,-130466000.0,12240045000.0,,869339000.0,11370706000.0,,19.46,-527742000.0,42637000.0,42637000.0,504407000.0,276961000.0,1.048,0.944,2514118000.0,0.0,2514118000.0,2514118000.0,0.0,292885000.0,0.0,0.006,0.05,525449000.0,818334000.0,0.741,818334000.0,525449000.0,476665000.0,0.85,0.84,0.85,6297085000.0,,6297085000.0,13527540679.0,7.0,4.578,327202000.0,1.011,1.0,600134000.0,0.543,189252000.0,48784000.0,13692970000.0,,126180000.0,0.0,0.0,0.0,5942960000.0,829304000.0,5113656000.0,11219037679.0,1638000.0,-22000000.0,4862000.0,164616000.0,-17601000.0,-291604000.0,-561702000.0,0.0,854944000.0,0.0,276961000.0,275541000.0,275541000.0,0.0,0.0,0.249,87621000.0,512513000.0,284941000.0,0.059,1.782,10.835,10.635,11123304000.0,1420000.0,34.67,2.91,2.91,619508000.0,2204487000.0,1104541000.0,1104541000.0,0.0,,,,,0.0,34692000.0,1.0,323594972.0,323594972,,3.413,12050793000.0,0.0,199704000.0,1625586000.0,37.24,40035000.0
72,APA,MRQ,2003-06-30,2003-06-30,2003-06-30,2021-09-07,-164806000.0,11896035000.0,,952458000.0,10943577000.0,,18.563,-1583997000.0,40999000.0,40999000.0,473773000.0,244381000.0,1.282,0.983,2349502000.0,0.0,2349502000.0,2349502000.0,0.0,272356000.0,0.0,0.006,0.05,516002000.0,788358000.0,0.748,788358000.0,516002000.0,474574000.0,0.75,0.74,0.75,5999524000.0,,5999524000.0,12417207332.0,7.0,4.738,-897873000.0,-2.778,1.0,580583000.0,0.551,189252000.0,41428000.0,13272417000.0,,118272000.0,0.0,0.0,0.0,5896511000.0,742869000.0,5153642000.0,10513801332.0,1041000.0,527610000.0,6844000.0,405660000.0,-17579000.0,391420000.0,-1076503000.0,0.0,686124000.0,0.0,244381000.0,242961000.0,242961000.0,0.0,0.0,0.23,73761000.0,506822000.0,271216000.0,0.067,1.752,11.618,11.256,10705496000.0,1420000.0,32.53,3.095,3.095,698115000.0,1948452000.0,1054356000.0,1054356000.0,0.0,,,,,0.0,30574000.0,1.0,323203238.0,323203238,,3.262,11706783000.0,0.0,230193000.0,1465254000.0,36.221,209589000.0
73,APA,MRQ,2003-03-31,2003-03-31,2003-03-31,2021-09-07,-125795000.0,10872282000.0,,998166000.0,9874116000.0,,18.86,-344183000.0,39958000.0,39958000.0,360345000.0,338929000.0,1.37,0.874,1943364000.0,0.0,1943364000.0,1943364000.0,0.0,214349000.0,0.0,0.006,0.05,583611000.0,797960000.0,0.826,797960000.0,583611000.0,545915000.0,1.06,1.05,1.06,5803100000.0,,5803100000.0,11605636397.0,8.0,4.99,193858000.0,0.63,1.0,606264000.0,0.627,189252000.0,37696000.0,11857831000.0,,113658000.0,0.0,0.0,0.0,5069182000.0,728605000.0,4340577000.0,9498707397.0,-11928000.0,-527610000.0,566918000.0,-215547000.0,-16787000.0,334050000.0,-884019000.0,0.0,538041000.0,0.0,338929000.0,337509000.0,337509000.0,0.0,0.0,0.349,57698000.0,548566000.0,315453000.0,0.047,1.637,11.796,11.782,9642951000.0,1420000.0,30.87,3.168,3.168,761342000.0,1722086000.0,966609000.0,966609000.0,0.0,,,,,0.0,27831000.0,1.0,307700272.0,307700272,,3.141,10683030000.0,0.0,206986000.0,1313087000.0,34.719,269561000.0
74,APA,MRQ,2002-12-31,2002-12-31,2002-12-31,2021-09-07,-112936000.0,9459851000.0,,766781000.0,8693070000.0,,17.102,-283109000.0,51886000.0,51886000.0,340974000.0,180819000.0,1.441,0.921,2158815000.0,0.0,2158815000.0,2158815000.0,0.0,213262000.0,0.0,0.007,0.05,336705000.0,549967000.0,0.753,549967000.0,336705000.0,298158000.0,0.6,0.59,0.6,4924280000.0,,4924280000.0,10200373974.0,10.0,5.373,88340000.0,0.307,1.0,389399000.0,0.533,189252000.0,38547000.0,10845293000.0,,109204000.0,0.0,0.0,0.0,4535571000.0,532235000.0,4003336000.0,8204662974.0,-115585000.0,-258885000.0,3431000.0,-4367000.0,-15820000.0,-16743000.0,-470291000.0,84717000.0,371449000.0,0.0,180819000.0,179399000.0,179399000.0,0.0,0.0,0.246,59298000.0,330101000.0,214288000.0,0.083,1.666,15.096,15.571,8465585000.0,1420000.0,28.495,3.205,3.205,527687000.0,1427607000.0,730373000.0,730373000.0,0.0,,,,,0.0,25758000.0,1.0,287933426.0,287933426,,2.537,9270599000.0,0.0,117339000.0,1164865000.0,32.197,234546000.0
75,APA,MRQ,2002-09-30,2002-09-30,2002-09-30,2021-09-07,-107914000.0,9248709000.0,,906408000.0,8342301000.0,,16.555,-282988000.0,167471000.0,167471000.0,334971000.0,146528000.0,1.687,0.943,2163182000.0,0.0,2163182000.0,2163182000.0,0.0,208788000.0,0.0,0.012,0.05,275483000.0,484271000.0,0.751,484271000.0,275483000.0,236696000.0,0.48,0.48,0.48,4761160000.0,,4761160000.0,10622144600.0,12.0,6.103,102196000.0,0.355,1.0,310218000.0,0.481,189252000.0,38787000.0,10517968000.0,,106060000.0,84810000.0,84810000.0,0.0,4487549000.0,537200000.0,3950349000.0,8548877600.0,35492000.0,-11000000.0,12011000.0,-42064000.0,-15802000.0,-46109000.0,-303583000.0,0.0,385184000.0,0.0,146528000.0,145122000.0,145122000.0,0.0,0.0,0.225,41527000.0,268691000.0,241479000.0,0.104,1.796,19.526,21.777,8114739000.0,1406000.0,29.725,3.612,3.612,477796000.0,1658081000.0,645189000.0,645189000.0,0.0,,,,,0.0,25463000.0,1.0,287598910.0,287598910,,2.243,9059457000.0,0.0,90168000.0,1106154000.0,31.5,369208000.0
76,APA,MRQ,2002-06-30,2002-06-30,2002-06-30,2021-09-07,-28517000.0,9165948000.0,,820432000.0,8345516000.0,,17.108,-219144000.0,131979000.0,131979000.0,333989000.0,146310000.0,1.737,0.949,2205246000.0,0.0,2205246000.0,2205246000.0,0.0,210790000.0,0.0,0.011,0.05,282856000.0,493646000.0,0.752,493646000.0,282856000.0,241405000.0,0.48,0.48,0.48,4701754000.0,,4701754000.0,10142893439.0,11.0,5.701,199676000.0,0.727,1.0,322326000.0,0.491,193792000.0,41451000.0,10573085000.0,,106074000.0,85364000.0,85364000.0,0.0,4464194000.0,472338000.0,3991856000.0,7898450439.0,98457000.0,0.0,8723000.0,-72719000.0,-19001000.0,-89466000.0,-230897000.0,0.0,418820000.0,0.0,146310000.0,143229000.0,143229000.0,0.0,0.0,0.218,45360000.0,276966000.0,224616000.0,0.104,1.68,17.764,19.958,8111883000.0,3081000.0,28.74,3.317,3.317,429835000.0,1528368000.0,656315000.0,656315000.0,0.0,,,,,0.0,28015000.0,1.0,274824302.0,274824302,,2.388,8972156000.0,0.0,95095000.0,1062623000.0,32.647,348094000.0
77,APA,MRQ,2002-03-31,2002-03-31,2002-03-31,2021-09-07,-107077000.0,8964325000.0,,725530000.0,8238795000.0,,16.351,-245084000.0,33522000.0,33522000.0,331576000.0,80672000.0,1.565,0.997,2277965000.0,0.0,2277965000.0,2277965000.0,0.0,211039000.0,0.0,0.009,0.05,159593000.0,370632000.0,0.702,370632000.0,159593000.0,122711000.0,0.26,0.26,0.26,4487957000.0,,4487957000.0,10014632863.0,10.0,5.296,-39819000.0,-0.145,1.0,196420000.0,0.372,188747000.0,36882000.0,10556373000.0,,101995000.0,85914000.0,85914000.0,0.0,4476368000.0,463648000.0,4012720000.0,7805900863.0,-2103000.0,0.0,8534000.0,33608000.0,-18256000.0,23868000.0,-231236000.0,17006000.0,205265000.0,0.0,80672000.0,75764000.0,75764000.0,0.0,0.0,0.143,44151000.0,152269000.0,192537000.0,0.192,1.739,15.541,16.828,8015924000.0,4908000.0,28.44,3.091,3.091,433726000.0,1398886000.0,527996000.0,527996000.0,0.0,,,,,0.0,25352000.0,1.0,274469088.0,274469088,,1.924,8775578000.0,0.0,42039000.0,1002747000.0,31.973,261882000.0
78,APA,MRQ,2001-12-31,2001-12-31,2001-12-31,2021-09-07,-101817000.0,8933656000.0,,697749000.0,8235907000.0,,17.727,-299645000.0,35625000.0,35625000.0,338200000.0,78620000.0,1.336,1.022,2244357000.0,0.0,2244357000.0,2244357000.0,0.0,222628000.0,0.0,0.009,0.218,169434000.0,392062000.0,0.73,392062000.0,169434000.0,128625000.0,0.145,0.155,0.145,4418483000.0,,4418483000.0,8460081747.0,6.0,3.847,77391000.0,0.31,1.0,199078000.0,0.371,188812000.0,40809000.0,10431118000.0,,102536000.0,102950000.0,102950000.0,0.0,4515173000.0,522458000.0,3992715000.0,6216420747.0,-32226000.0,0.0,2845000.0,-67155000.0,-39806000.0,-104186000.0,-305076000.0,12874000.0,377036000.0,0.0,78620000.0,73712000.0,73712000.0,0.0,0.0,0.137,38872000.0,160206000.0,179778000.0,1.503,1.407,8.833,10.221,8013072000.0,4908000.0,24.94,2.213,2.213,404793000.0,1336478000.0,537278000.0,537278000.0,0.0,,,,,0.0,22347000.0,1.0,249255042.0,249255042,,2.156,8744844000.0,0.0,50005000.0,1031753000.0,35.084,175291000.0
79,APA,MRQ,2001-09-30,2001-09-30,2001-09-30,2021-09-07,-59535000.0,9066735000.0,,704679000.0,8362056000.0,,17.596,-441689000.0,67851000.0,67851000.0,327815000.0,156833000.0,1.143,1.061,2311512000.0,0.0,2311512000.0,2311512000.0,0.0,217021000.0,0.0,0.003,0.0,305882000.0,522903000.0,0.792,522903000.0,305882000.0,261742000.0,0.555,0.54,0.555,4398202000.0,,4398202000.0,7882723908.0,5.0,3.235,-3804000.0,-0.015,1.0,332102000.0,0.503,192155000.0,44140000.0,10501776000.0,,86596000.0,116312000.0,0.0,116312000.0,4668533000.0,616465000.0,4052068000.0,5374120908.0,-61472000.0,-11000000.0,-26718000.0,-326414000.0,-4908000.0,82147000.0,-581504000.0,-116737000.0,437885000.0,0.0,156833000.0,151925000.0,151925000.0,0.0,0.0,0.23,39450000.0,292652000.0,289843000.0,0.0,1.222,6.091,7.313,7951111000.0,4908000.0,21.5,1.789,1.789,436605000.0,1276673000.0,659917000.0,659917000.0,0.0,,,,,0.0,22794000.0,1.0,249959112.0,249959112,,2.64,8874580000.0,0.0,104909000.0,994237000.0,35.504,88214000.0
80,APA,MRQ,2001-06-30,2001-06-30,2001-06-30,2021-09-07,-16811000.0,8965393000.0,,838008000.0,8127385000.0,,17.305,-223035000.0,129323000.0,129323000.0,310072000.0,205745000.0,1.03,1.066,2637926000.0,63000000.0,2574926000.0,2637926000.0,0.0,208652000.0,0.0,0.003,0.0,396556000.0,605208000.0,0.756,605208000.0,396556000.0,347302000.0,0.73,0.705,0.73,4340340000.0,,4340340000.0,9006180703.0,5.0,3.679,224499000.0,0.895,1.0,490371000.0,0.613,198893000.0,49254000.0,10461613000.0,,77452000.0,0.0,0.0,0.0,4625053000.0,813490000.0,3811563000.0,6364398703.0,22488000.0,0.0,-13132000.0,-110691000.0,-4908000.0,-129618000.0,-295428000.0,0.0,447534000.0,0.0,205745000.0,200868000.0,200868000.0,0.0,0.0,0.251,108441000.0,381930000.0,307543000.0,0.0,1.466,6.86,7.917,7825779000.0,4877000.0,25.375,2.148,2.148,569821000.0,1704692000.0,800443000.0,800443000.0,0.0,,,,,0.0,23193000.0,1.0,250813742.0,250813742,,3.191,8766500000.0,0.0,141557000.0,954110000.0,34.952,24518000.0
81,APA,MRQ,2001-03-31,2001-03-31,2001-03-31,2021-09-07,-146054000.0,8856294000.0,,816587000.0,8039707000.0,,16.297,-216319000.0,106835000.0,106835000.0,262637000.0,282201000.0,0.903,1.196,2748617000.0,30276000.0,2718341000.0,2748617000.0,0.0,172530000.0,0.0,0.002,0.0,506297000.0,678827000.0,0.854,678827000.0,506297000.0,461585000.0,1.015,0.975,1.015,4032765000.0,,4032765000.0,9308974772.0,6.0,4.123,426226000.0,1.722,1.0,532506000.0,0.67,197200000.0,44712000.0,10396440000.0,,72580000.0,0.0,0.0,0.0,4823529000.0,904436000.0,3919093000.0,7127889772.0,69662000.0,-911951000.0,4251000.0,530359000.0,-4870000.0,529446000.0,-1102329000.0,0.0,642545000.0,0.0,282201000.0,277293000.0,277293000.0,0.0,0.0,0.349,41669000.0,490837000.0,377518000.0,0.0,1.767,8.229,9.337,7700509000.0,4908000.0,28.805,2.691,2.691,553666000.0,1503824000.0,795143000.0,795143000.0,0.0,,,,,0.0,20376000.0,1.0,247453212.0,247453212,,3.213,8659094000.0,0.0,179384000.0,816650000.0,34.993,-87849000.0
82,APA,MRQ,2000-12-31,2000-12-31,2000-12-31,2021-09-07,-40232000.0,7481950000.0,,630020000.0,6851930000.0,,15.2,-270091000.0,37173000.0,37173000.0,248016000.0,257119000.0,1.139,0.993,2218258000.0,25000000.0,2193258000.0,2218258000.0,0.0,161154000.0,0.0,0.003,0.07,468687000.0,629841000.0,0.841,629841000.0,468687000.0,427524000.0,0.64,0.62,0.64,3754640000.0,,3754640000.0,10589861659.0,8.0,5.437,286156000.0,1.158,1.0,500845000.0,0.669,0.0,41163000.0,9109688000.0,,54764000.0,0.0,0.0,0.0,3727310000.0,553347000.0,3173963000.0,8653191659.0,9892000.0,-479469000.0,7828000.0,254307000.0,-22204000.0,239832000.0,-786187000.0,0.0,556247000.0,0.0,257119000.0,252211000.0,252211000.0,0.0,0.0,0.337,49353000.0,451492000.0,259120000.0,0.109,2.305,12.485,13.791,6812462000.0,4908000.0,35.03,3.759,3.759,506723000.0,1226531000.0,748861000.0,748861000.0,0.0,,,,,0.0,26284000.0,1.0,247022314.0,247022314,,3.032,7481950000.0,0.0,170405000.0,708956000.0,30.289,76673000.0
83,APA,MRQ,2000-09-30,2000-09-30,2000-09-30,2021-09-07,-44094000.0,6750936000.0,,539375000.0,6211561000.0,,15.326,-254700000.0,27281000.0,27281000.0,220415000.0,202248000.0,1.179,0.93,1963951000.0,22675000.0,1941276000.0,1963951000.0,0.0,153905000.0,0.0,0.002,0.0,380063000.0,533968000.0,0.863,533968000.0,380063000.0,336288000.0,0.82,0.79,0.82,3498445000.0,,3498445000.0,8954336798.0,8.0,5.44,159174000.0,0.697,1.0,398098000.0,0.644,0.0,43775000.0,8230145000.0,,54930000.0,0.0,0.0,0.0,3252491000.0,457461000.0,2795030000.0,6748668798.0,8284000.0,-337119000.0,439783000.0,-260714000.0,-4946000.0,173387000.0,-578977000.0,0.0,413874000.0,0.0,202248000.0,197340000.0,197340000.0,0.0,0.0,0.319,34110000.0,363988000.0,224926000.0,0.0,1.929,12.652,13.258,6164907000.0,4908000.0,29.565,3.463,3.463,429362000.0,986208000.0,618513000.0,618513000.0,0.0,,,,,0.0,18089000.0,1.0,228265476.0,228265476,,2.71,6750936000.0,0.0,134040000.0,564355000.0,29.575,81914000.0
84,APA,MRQ,2000-06-30,2000-06-30,2000-06-30,2021-09-07,-28275000.0,6214799000.0,,468152000.0,5746647000.0,,12.735,-247961000.0,18997000.0,18997000.0,194830000.0,144232000.0,1.247,1.146,2224665000.0,31850000.0,2192815000.0,2224665000.0,0.0,136338000.0,0.0,0.003,0.0,278808000.0,415146000.0,0.853,415146000.0,278808000.0,237193000.0,0.61,0.59,0.61,2896352000.0,,2896352000.0,8619057491.0,10.0,6.2,57044000.0,0.251,1.0,291583000.0,0.599,0.0,41615000.0,8045030000.0,,51546000.0,0.0,0.0,0.0,3318447000.0,375437000.0,2943010000.0,6687631491.0,-5514000.0,-314703000.0,11620000.0,268728000.0,-12869000.0,267479000.0,-577998000.0,0.0,305005000.0,0.0,144232000.0,139324000.0,139324000.0,0.0,0.0,0.286,27710000.0,263873000.0,183016000.0,0.0,2.309,16.559,17.246,5700010000.0,4908000.0,29.405,4.001,4.001,367843000.0,802229000.0,486413000.0,486413000.0,0.0,,,,,0.0,16593000.0,1.0,227431780.0,227431780,,2.139,6214799000.0,0.0,92961000.0,467894000.0,27.326,92715000.0
85,APA,MRQ,2000-03-31,2000-03-31,2000-03-31,2021-09-07,-13314000.0,5717112000.0,,387767000.0,5329345000.0,,12.118,-156553000.0,24511000.0,24511000.0,193610000.0,109457000.0,1.195,1.076,1955937000.0,8900000.0,1947037000.0,1955937000.0,0.0,132149000.0,0.0,0.005,0.03,236705000.0,368854000.0,0.823,368854000.0,236705000.0,195137000.0,0.46,0.45,0.46,2754214000.0,,2754214000.0,7526259188.0,11.0,6.429,85689000.0,0.377,1.0,254581000.0,0.568,0.0,41568000.0,7324041000.0,,47666000.0,0.0,0.0,0.0,2962898000.0,324497000.0,2638401000.0,5653622188.0,11340000.0,-119525000.0,-11655000.0,70129000.0,-12926000.0,42932000.0,-273834000.0,0.0,242242000.0,0.0,109457000.0,104193000.0,104193000.0,0.0,0.0,0.232,23615000.0,230966000.0,142968000.0,0.065,2.053,19.218,20.142,5284126000.0,5264000.0,24.875,3.95,3.95,286747000.0,661800000.0,448191000.0,448191000.0,0.0,,,,,0.0,14649000.0,1.0,227281294.0,227281294,,1.972,5717112000.0,0.0,85680000.0,411184000.0,25.154,63270000.0
86,APA,MRQ,1999-12-31,1999-12-31,1999-12-31,2021-09-07,-8446000.0,5502543000.0,,343068000.0,5159475000.0,,11.699,-160129000.0,13171000.0,13171000.0,162094000.0,97477000.0,1.019,1.061,1885808000.0,6158000.0,1879650000.0,1885808000.0,0.0,129834000.0,0.0,0.007,0.03,198166000.0,328000000.0,0.829,328000000.0,198166000.0,162766000.0,0.34,0.34,0.34,2669427000.0,,2669427000.0,5644204959.0,12.0,6.132,88664000.0,0.389,1.0,233798000.0,0.591,0.0,35400000.0,7038402000.0,,45113000.0,0.0,0.0,0.0,2833116000.0,336778000.0,2496338000.0,4214234959.0,-3503000.0,-523618000.0,-4609000.0,439164000.0,-12933000.0,418274000.0,-670570000.0,0.0,248793000.0,0.0,97477000.0,92531000.0,92531000.0,0.0,0.0,0.234,48609000.0,185189000.0,148309000.0,0.088,1.579,22.608,23.529,5115858000.0,4946000.0,18.47,3.676,3.676,259530000.0,558721000.0,395892000.0,395892000.0,0.0,,,,,0.0,16209000.0,1.0,228166484.0,228166484,,1.735,5502543000.0,0.0,65289000.0,360324000.0,24.116,6290000.0
87,APA,MRQ,1999-09-30,1999-09-30,1999-09-30,2021-09-07,-22784000.0,4927536000.0,,355171000.0,4572365000.0,,11.267,-100582000.0,16674000.0,16674000.0,179694000.0,72778000.0,1.037,0.92,1446644000.0,24307000.0,1422337000.0,1446644000.0,0.0,119189000.0,0.0,0.007,0.03,159071000.0,278260000.0,0.816,278260000.0,159071000.0,125592000.0,0.295,0.295,0.295,2565890000.0,,2565890000.0,6453295118.0,96.0,9.019,124871000.0,0.548,1.0,161127000.0,0.473,0.0,33479000.0,6014892000.0,,44935000.0,0.0,0.0,0.0,2361646000.0,342614000.0,2019032000.0,4918079118.0,-5753000.0,-1024000.0,-2458000.0,-110999000.0,-12799000.0,-126590000.0,-104616000.0,0.0,225453000.0,0.0,72778000.0,67831000.0,67831000.0,0.0,0.0,0.199,15221000.0,145906000.0,169908000.0,0.102,1.917,-73.707,-53.321,4531350000.0,4947000.0,21.595,5.901,5.901,272977000.0,474169000.0,340821000.0,340821000.0,0.0,,,,,0.0,15221000.0,1.0,227741566.0,227741566,,1.497,4927536000.0,0.0,52814000.0,332596000.0,21.637,12557000.0
88,APA,MRQ,1999-06-30,1999-06-30,1999-06-30,2021-09-07,-23699000.0,4894969000.0,,319061000.0,4575908000.0,,12.817,-13224000.0,22427000.0,22427000.0,156519000.0,32768000.0,1.169,0.952,1557643000.0,18378000.0,1539265000.0,1557643000.0,0.0,105398000.0,0.0,0.008,0.03,90120000.0,195518000.0,0.793,195518000.0,90120000.0,57461000.0,0.14,0.14,0.14,2507503000.0,,2507503000.0,5343007013.0,-98.0,9.38,105096000.0,0.537,1.0,89899000.0,0.365,0.0,32659000.0,6157360000.0,,47481000.0,0.0,0.0,0.0,2387466000.0,272825000.0,2114641000.0,3815006013.0,3346000.0,-764440000.0,446200000.0,10561000.0,-8268000.0,657822000.0,-772796000.0,0.0,118320000.0,0.0,32768000.0,29632000.0,29632000.0,0.0,0.0,0.12,12134000.0,77765000.0,113044000.0,0.214,1.521,-28.915,-28.467,4534435000.0,3136000.0,19.5,5.417,5.417,228145000.0,414324000.0,246418000.0,246418000.0,0.0,,,,,0.0,12134000.0,1.0,195641334.0,195641334,,1.26,4894969000.0,0.0,24693000.0,300501000.0,25.02,46236000.0
89,APA,MRQ,1999-03-31,1999-03-31,1999-03-31,2021-09-07,-29850000.0,4091520000.0,,240420000.0,3851100000.0,,9.18,-162155000.0,19081000.0,19081000.0,135113000.0,-2168000.0,1.053,1.279,1547082000.0,15034000.0,1532048000.0,1547082000.0,0.0,88423000.0,0.0,0.012,0.03,30202000.0,118625000.0,0.726,118625000.0,30202000.0,-1246000.0,-0.02,-0.02,-0.02,1795581000.0,,1795581000.0,3892742517.0,-40.0,7.513,-116547000.0,-0.596,1.0,28309000.0,0.173,0.0,31448000.0,5391179000.0,,42236000.0,0.0,0.0,0.0,2295939000.0,228342000.0,2067597000.0,2548521517.0,4544000.0,-5758000.0,645000.0,188324000.0,-8264000.0,180705000.0,-221769000.0,0.0,45608000.0,0.0,-2168000.0,-3588000.0,-3588000.0,0.0,0.0,-0.022,10330000.0,17979000.0,94361000.0,-1.5,1.419,-16.73,-16.705,3811011000.0,1420000.0,13.03,3.759,3.759,156830000.0,392662000.0,163422000.0,163422000.0,0.0,,,,,0.0,10330000.0,1.0,195588758.0,195588758,,0.836,4091520000.0,0.0,922000.0,270132000.0,20.919,12078000.0
90,APA,MRQ,1998-12-31,1998-12-31,1998-12-31,2021-09-07,-33204000.0,3996062000.0,,226970000.0,3769092000.0,,9.216,-123600000.0,14537000.0,14537000.0,29240000.0,-159180000.0,0.742,1.218,1358758000.0,15500000.0,1343258000.0,1358758000.0,0.0,335381000.0,0.0,0.012,0.061,-212301000.0,123080000.0,1.488,123080000.0,-212301000.0,-241506000.0,-0.82,-0.82,-0.82,1801833000.0,,1801833000.0,3725776442.0,-55.0,6.676,-33495000.0,-0.171,1.0,53474000.0,0.646,0.0,29205000.0,5034509000.0,,40948000.0,0.0,0.0,0.0,2194229000.0,305774000.0,1888455000.0,2474231442.0,-44748000.0,-48499000.0,167000.0,47928000.0,-7869000.0,40102000.0,-174955000.0,-26147000.0,90105000.0,0.0,-159180000.0,-160600000.0,-160600000.0,0.0,0.0,-1.942,278525000.0,-225051000.0,115111000.0,-0.074,1.373,-18.831,-18.888,3727541000.0,1420000.0,12.655,3.254,3.254,159806000.0,403098000.0,82714000.0,82714000.0,0.0,,,,,0.0,6705000.0,1.0,195514140.0,195514140,,0.423,3996062000.0,0.0,-82326000.0,270493000.0,20.439,-78804000.0
91,APA,MRQ,1998-09-30,1998-09-30,1998-09-30,2021-09-07,-32372000.0,4144294000.0,,282853000.0,3861441000.0,,9.952,-127966000.0,59285000.0,59285000.0,173132000.0,3201000.0,1.184,1.112,1310830000.0,6000000.0,1304830000.0,1310830000.0,0.0,94818000.0,0.0,0.009,0.03,37557000.0,132375000.0,0.625,132375000.0,37557000.0,7390000.0,0.015,0.015,0.015,1962661000.0,,1962661000.0,4000650905.0,16.0,6.241,22463000.0,0.114,1.0,38551000.0,0.182,0.0,30167000.0,5156946000.0,,35562000.0,0.0,0.0,0.0,2181633000.0,238893000.0,1942740000.0,2643587905.0,-29629000.0,-62998000.0,-21381000.0,-135147000.0,-6902000.0,-64780000.0,-115278000.0,26147000.0,150429000.0,0.0,3201000.0,2617000.0,2617000.0,0.0,0.0,0.012,13860000.0,24691000.0,117335000.0,2.0,1.347,35.391,33.513,3818290000.0,584000.0,13.405,2.653,2.653,168974000.0,570543000.0,211683000.0,211683000.0,0.0,,,,,0.0,13860000.0,1.0,197209094.0,197209094,,1.073,4144294000.0,0.0,4189000.0,355697000.0,21.015,43960000.0
92,APA,MRQ,1998-06-30,1998-06-30,1998-06-30,2021-09-07,-23478000.0,4177959000.0,,369369000.0,3808590000.0,,9.628,-168780000.0,88914000.0,88914000.0,176447000.0,9236000.0,1.265,1.2,1445977000.0,38600000.0,1407377000.0,1445977000.0,0.0,97414000.0,0.0,0.008,0.03,46624000.0,144038000.0,0.654,144038000.0,46624000.0,16437000.0,0.045,0.045,0.045,1898657000.0,,1898657000.0,4391079573.0,15.0,6.411,-43695000.0,-0.222,1.0,43685000.0,0.198,0.0,30187000.0,5243110000.0,,35951000.0,26994000.0,26994000.0,0.0,2279302000.0,291912000.0,1987390000.0,3105822573.0,-30959000.0,62998000.0,202000.0,40846000.0,-6902000.0,33987000.0,-190031000.0,0.0,125085000.0,0.0,9236000.0,9236000.0,9236000.0,0.0,0.0,0.042,10200000.0,33485000.0,140142000.0,0.667,1.636,30.193,28.378,3775429000.0,0.0,15.75,2.925,2.925,204972000.0,574769000.0,220132000.0,220132000.0,0.0,,,,,0.0,10200000.0,1.0,197195084.0,197195084,,1.116,4177959000.0,0.0,7201000.0,358994000.0,21.187,77457000.0
93,APA,MRQ,1998-03-31,1998-03-31,1998-03-31,2021-09-07,-19421000.0,4141823000.0,,354761000.0,3787062000.0,,9.655,-85016000.0,119873000.0,119873000.0,186126000.0,17356000.0,1.242,1.18,1405130000.0,11800000.0,1393330000.0,1405130000.0,0.0,98372000.0,0.0,0.007,0.03,60260000.0,158632000.0,0.645,158632000.0,60260000.0,30116000.0,0.09,0.09,0.09,1900172000.0,,1900172000.0,5125356579.0,16.0,7.293,20876000.0,0.106,1.0,59815000.0,0.243,0.0,30144000.0,5141549000.0,,37895000.0,0.0,0.0,0.0,2241651000.0,285531000.0,1956120000.0,3616462579.0,110187000.0,0.0,834000.0,42129000.0,-6531000.0,36151000.0,-31856000.0,0.0,105892000.0,0.0,17356000.0,17356000.0,17356000.0,0.0,0.0,0.071,9966000.0,49849000.0,138596000.0,0.333,1.903,30.295,28.053,3733387000.0,0.0,18.375,3.287,3.287,180707000.0,572435000.0,245941000.0,245941000.0,0.0,,,,,0.0,9966000.0,1.0,196814290.0,196814290,,1.25,4141823000.0,0.0,12760000.0,360235000.0,21.044,69230000.0
94,APA,MRQ,1997-12-31,1997-12-31,1997-12-31,2021-09-07,-20459000.0,4138633000.0,,348329000.0,3790304000.0,,9.56,-185377000.0,9686000.0,9686000.0,210713000.0,45488000.0,1.013,1.393,1518580000.0,17200000.0,1501380000.0,1518580000.0,0.0,100447000.0,0.0,0.007,0.03,105547000.0,205994000.0,0.646,205994000.0,105547000.0,75413000.0,0.25,0.24,0.25,1729177000.0,,1729177000.0,4458923708.0,12.0,5.983,-1225000.0,-0.007,1.0,108143000.0,0.339,0.0,30134000.0,5303744000.0,,36041000.0,0.0,0.0,0.0,2409456000.0,343783000.0,2065673000.0,3170924708.0,-15910000.0,-299852000.0,2653000.0,279985000.0,-6331000.0,275967000.0,-476029000.0,0.0,184152000.0,0.0,45488000.0,45488000.0,45488000.0,0.0,0.0,0.143,11453000.0,96690000.0,178361000.0,0.12,1.834,20.471,20.503,3733185000.0,0.0,17.53,2.696,2.696,224025000.0,561981000.0,318856000.0,318856000.0,0.0,,,,,0.0,11453000.0,1.0,180885608.0,180885608,,1.763,4138633000.0,0.0,29925000.0,355619000.0,22.88,4546000.0
95,APA,MRQ,1997-09-30,1997-09-30,1997-09-30,2021-09-07,-16966000.0,3726414000.0,,287798000.0,3438616000.0,,8.939,-185711000.0,25596000.0,25596000.0,197578000.0,30785000.0,1.017,1.306,1313595000.0,1000000.0,1312595000.0,1313595000.0,0.0,98170000.0,0.0,0.006,0.03,78067000.0,176237000.0,0.637,176237000.0,78067000.0,51516000.0,0.17,0.165,0.17,1616061000.0,,1616061000.0,5215290917.0,,,72011000.0,0.398,1.0,79170000.0,0.286,89000000.0,26551000.0,4642562000.0,,30191000.0,0.0,0.0,0.0,2110353000.0,282851000.0,1827502000.0,3872873917.0,11414000.0,0.0,3459000.0,-43004000.0,-6322000.0,-47451000.0,-198857000.0,13000.0,257722000.0,0.0,30785000.0,30785000.0,30785000.0,0.0,0.0,0.111,8707000.0,70463000.0,148192000.0,0.176,2.396,,23.691,9166725000.0,0.0,21.44,3.333,3.336,220820000.0,523025000.0,276748000.0,276748000.0,0.0,,,,,0.0,8707000.0,1.0,180637776.0,180792000,180792000.0,1.531,3637414000.0,0.0,20731000.0,301685000.0,20.119,4947000.0
96,APA,MRQ,1997-06-30,1997-06-30,1997-06-30,2021-09-07,-16466000.0,3599782000.0,,249250000.0,3350532000.0,,8.784,-195410000.0,14182000.0,14182000.0,190130000.0,25746000.0,0.928,1.266,1356599000.0,7500000.0,1349099000.0,1356599000.0,0.0,93481000.0,0.0,0.008,0.03,68451000.0,161932000.0,0.626,161932000.0,68451000.0,43629000.0,0.145,0.14,0.145,1588648000.0,,1588648000.0,4161943200.0,,,-100274000.0,-0.554,1.0,68711000.0,0.265,0.0,24822000.0,4673519000.0,,17664000.0,0.0,0.0,0.0,2011134000.0,268680000.0,1742454000.0,2933130200.0,-5691000.0,0.0,1619000.0,107913000.0,-6318000.0,102541000.0,-203368000.0,0.0,95136000.0,0.0,25746000.0,25746000.0,25746000.0,0.0,0.0,0.099,8941000.0,59770000.0,140219000.0,0.207,1.846,,,3292083000.0,0.0,16.25,,,201431000.0,498571000.0,258841000.0,258841000.0,0.0,,,,,0.0,8941000.0,1.0,180500320.0,180866000,180866000.0,1.431,3599782000.0,0.0,17883000.0,291059000.0,19.903,-19430000.0
97,APA,MRQ,1997-03-31,1997-03-31,1997-03-31,2021-09-07,-16767000.0,3493616000.0,,248155000.0,3245461000.0,,8.693,-174787000.0,19873000.0,19873000.0,208644000.0,52877000.0,0.86,1.229,1248686000.0,0.0,1248686000.0,1248686000.0,0.0,89318000.0,0.0,0.007,0.03,111723000.0,201041000.0,0.625,201041000.0,111723000.0,88082000.0,0.295,0.28,0.295,1567304000.0,,1567304000.0,4246528745.0,,,12011000.0,0.067,1.0,113184000.0,0.352,0.0,23641000.0,4433920000.0,,16047000.0,0.0,0.0,0.0,1926312000.0,288509000.0,1637803000.0,3021983745.0,6712000.0,0.0,3506000.0,10980000.0,-6304000.0,7885000.0,-187971000.0,0.0,186798000.0,0.0,52877000.0,52877000.0,52877000.0,0.0,0.0,0.164,9142000.0,104042000.0,166631000.0,0.102,1.928,,,3184926000.0,0.0,16.75,,,199166000.0,479147000.0,321828000.0,321828000.0,0.0,,,,,0.0,9142000.0,1.0,180416940.0,180286000,180286000.0,1.785,3493616000.0,0.0,35205000.0,281267000.0,19.378,-40354000.0
98,APA,MRQ,1996-12-31,1996-12-31,1996-12-31,2021-09-07,-15490000.0,3432430000.0,,268156000.0,3164274000.0,,8.852,,13161000.0,13161000.0,423565000.0,,0.866,1.26,1237706000.0,2000000.0,1235706000.0,1237706000.0,0.0,,0.0,0.007,0.03,,,,,,,0.295,0.275,0.295,1518516000.0,,1518516000.0,,,,,,1.0,-118924000.0,-0.39,0.0,25071000.0,4347318000.0,,13963000.0,0.0,0.0,0.0,1913914000.0,309657000.0,1604257000.0,3169023551.0,,,,,,,,,,,,,,,,,9862000.0,-128786000.0,174941000.0,0.102,2.087,26.098,24.739,3100061000.0,,17.565,3.243,3.084,234646000.0,432588000.0,304641000.0,304641000.0,,,,,,,9862000.0,1.0,180416940.0,171554000,,1.776,3432430000.0,0.0,32968000.0,254789000.0,20.008,-41501000.0
99,APA,MRQ,1995-12-31,1995-12-31,1995-12-31,2021-09-07,-15776000.0,2681450000.0,,208336000.0,2473114000.0,,7.604,,13633000.0,13633000.0,,,0.904,1.456,1075076000.0,3000000.0,1072076000.0,1075076000.0,0.0,,0.0,0.008,0.03,,,,,,,,,,1091805000.0,,1091805000.0,,,,,,1.0,,,0.0,,3512544000.0,,9764000.0,0.0,0.0,0.0,1589645000.0,230349000.0,1359296000.0,,,,,,,,,,,,,,,,,,,,138269000.0,,,,105.357,2401561000.0,,14.75,,2.821,175949000.0,335470000.0,,,,,,,,,,1.0,,143584000,,,2681450000.0,0.0,,181575000.0,18.675,-22013000.0
0,APA,MRT,2021-06-30,2021-06-30,2021-06-30,2021-09-07,15000000.0,13512000000.0,13065000000.0,2945000000.0,10567000000.0,0.483,-2.55,-943000000.0,1249000000.0,1249000000.0,4197000000.0,954000000.0,1.661,-13.938,8635000000.0,215000000.0,8420000000.0,8635000000.0,0.0,1481000000.0,0.0,0.005,0.1,1510000000.0,2991000000.0,0.474,2991000000.0,1510000000.0,1095000000.0,1.87,1.85,1.87,-964000000.0,-1375500000.0,-964000000.0,16352552421.0,11.0,5.467,1499000000.0,3.966,1.0,2110000000.0,0.335,0.0,415000000.0,19125000000.0,19826000000.0,0.0,1554000000.0,0.0,1554000000.0,13436000000.0,1773000000.0,11663000000.0,8175552421.0,1114000000.0,166000000.0,1000000.0,-162000000.0,-38000000.0,-386000000.0,-942000000.0,-197000000.0,2442000000.0,0.0,792000000.0,710000000.0,710000000.0,0.0,162000000.0,0.113,438000000.0,1672000000.0,603000000.0,0.053,-8.481,11.515,11.567,8501000000.0,82000000.0,21.63,1.296,1.296,1068000000.0,-9757000000.0,6307000000.0,6307000000.0,0.0,0.054,-0.516,0.076,0.239,0.0,297000000.0,1.0,377972835.0,378000000,379000000.0,16.685,13512000000.0,0.0,303000000.0,194000000.0,35.746,1172000000.0
1,APA,MRT,2021-03-31,2021-03-31,2021-03-31,2021-09-07,15000000.0,13127000000.0,12936750000.0,2345000000.0,10782000000.0,0.396,-3.328,-1150000000.0,538000000.0,538000000.0,4030000000.0,168000000.0,1.753,-10.642,8715000000.0,2000000.0,8713000000.0,8715000000.0,0.0,1548000000.0,0.0,0.006,0.1,537000000.0,2085000000.0,0.407,2085000000.0,537000000.0,263000000.0,0.02,0.01,0.02,-1258000000.0,-1543250000.0,-1258000000.0,15273711381.0,28.0,7.326,407000000.0,1.077,1.0,1091000000.0,0.213,0.0,274000000.0,19966000000.0,20037500000.0,0.0,1567000000.0,0.0,1567000000.0,13388000000.0,1338000000.0,12050000000.0,6763711381.0,110000000.0,166000000.0,1000000.0,-7000000.0,-38000000.0,-223000000.0,-1224000000.0,-265000000.0,1557000000.0,0.0,85000000.0,8000000.0,8000000.0,0.0,83000000.0,0.002,471000000.0,620000000.0,524000000.0,5.0,-5.377,845.464,895.0,8718000000.0,77000000.0,17.9,1.321,1.321,1071000000.0,-10073000000.0,5121000000.0,5121000000.0,0.0,0.001,-0.005,0.027,0.105,0.0,305000000.0,1.0,377860971.0,378000000,379000000.0,13.548,13127000000.0,0.0,178000000.0,237000000.0,34.728,1007000000.0
2,APA,MRT,2020-12-31,2020-12-31,2020-12-31,2021-09-07,14000000.0,12746000000.0,13002750000.0,1846000000.0,10900000000.0,0.331,-4.336,-1302000000.0,262000000.0,262000000.0,3927000000.0,-4904000000.0,1.411,-8.17,8772000000.0,2000000.0,8770000000.0,8772000000.0,0.0,1772000000.0,0.0,0.023,0.325,-4453000000.0,-2681000000.0,-0.622,-2681000000.0,-4453000000.0,-4720000000.0,-12.86,-12.86,-12.86,-1639000000.0,-1540250000.0,-1639000000.0,14128415403.0,-3.0,-5.27,86000000.0,0.228,1.0,381000000.0,0.088,0.0,267000000.0,19948000000.0,20000500000.0,0.0,1555000000.0,0.0,1555000000.0,13391000000.0,1308000000.0,12083000000.0,5356415403.0,15000000.0,166000000.0,1000000.0,373000000.0,-123000000.0,93000000.0,-1466000000.0,-327000000.0,1388000000.0,0.0,-4784000000.0,-4860000000.0,-4860000000.0,0.0,-120000000.0,-1.128,4954000000.0,-4573000000.0,444000000.0,-0.025,-3.268,-1.102,-1.103,8819000000.0,76000000.0,14.19,1.243,1.245,908000000.0,-10461000000.0,4308000000.0,4308000000.0,0.0,-0.374,3.155,-0.223,-1.034,0.0,290000000.0,1.0,377478182.0,378000000,378000000.0,11.397,12746000000.0,0.0,64000000.0,215000000.0,33.72,538000000.0
3,APA,MRT,2020-09-30,2020-09-30,2020-09-30,2021-09-07,16000000.0,12875000000.0,14343000000.0,1719000000.0,11156000000.0,0.334,-4.341,-2176000000.0,162000000.0,162000000.0,4803000000.0,-8206000000.0,1.244,-8.234,8934000000.0,184000000.0,8750000000.0,8934000000.0,0.0,2103000000.0,0.0,0.058,0.55,-7248000000.0,-5145000000.0,-1.073,-5145000000.0,-7248000000.0,-7513000000.0,-20.79,-20.8,-20.79,-1641000000.0,-316750000.0,-1641000000.0,12256533472.0,-2.0,-2.382,-508000000.0,-1.344,1.0,-6000000.0,-0.001,0.0,265000000.0,20265000000.0,21156250000.0,0.0,1524000000.0,0.0,1524000000.0,13512000000.0,1382000000.0,12130000000.0,3574533472.0,-1000000.0,718000000.0,2000000.0,690000000.0,-207000000.0,270000000.0,-1939000000.0,-450000000.0,1668000000.0,0.0,-7774000000.0,-7846000000.0,-7846000000.0,0.0,-432000000.0,-1.636,7674000000.0,-7680000000.0,395000000.0,-0.026,-2.178,-0.456,-0.456,9067000000.0,72000000.0,9.47,0.745,0.746,899000000.0,-10471000000.0,4797000000.0,4797000000.0,0.0,-0.547,24.77,-0.343,-1.511,0.0,297000000.0,1.0,377458656.0,378000000,378000000.0,12.69,12875000000.0,0.0,261000000.0,271000000.0,34.061,337000000.0
4,APA,MRT,2020-06-30,2020-06-30,2020-06-30,2021-09-07,15000000.0,12999000000.0,16475500000.0,1658000000.0,11341000000.0,0.313,-4.325,-2282000000.0,135000000.0,135000000.0,5166000000.0,-8364000000.0,0.97,-8.339,8817000000.0,294000000.0,8523000000.0,8817000000.0,0.0,2416000000.0,0.0,0.057,0.775,-7319000000.0,-4903000000.0,-0.951,-4903000000.0,-7319000000.0,-7580000000.0,-21.23,-21.23,-21.23,-1635000000.0,1668750000.0,-1635000000.0,13547251446.0,-2.0,-2.763,-283000000.0,-0.749,1.0,-13000000.0,-0.003,0.0,261000000.0,19971000000.0,23023250000.0,0.0,1408000000.0,0.0,1408000000.0,13635000000.0,1710000000.0,11925000000.0,5095251446.0,-414000000.0,718000000.0,2000000.0,644000000.0,-292000000.0,118000000.0,-2531000000.0,-888000000.0,1999000000.0,0.0,-7941000000.0,-8012000000.0,-8012000000.0,0.0,-423000000.0,-1.555,7729000000.0,-7742000000.0,459000000.0,-0.037,-3.116,-0.636,-0.636,9344000000.0,71000000.0,13.5,0.989,0.99,871000000.0,-10467000000.0,5153000000.0,5153000000.0,0.0,-0.486,-4.801,-0.318,-1.42,0.0,343000000.0,1.0,377426033.0,378000000,378000000.0,13.632,12999000000.0,0.0,361000000.0,299000000.0,34.389,-52000000.0
5,APA,MRT,2020-03-31,2020-03-31,2020-03-31,2021-09-07,15000000.0,13391000000.0,18677250000.0,1908000000.0,11483000000.0,0.331,-3.296,-2512000000.0,428000000.0,428000000.0,5494000000.0,-8302000000.0,0.942,-10.93,8880000000.0,544000000.0,8336000000.0,8880000000.0,0.0,2600000000.0,0.0,0.239,1.0,-6899000000.0,-4299000000.0,-0.696,-4299000000.0,-6899000000.0,-7367000000.0,-21.17,-21.17,-21.17,-1246000000.0,3715250000.0,-1246000000.0,9896181545.0,-1.0,-2.302,259000000.0,0.685,1.0,681000000.0,0.11,0.0,468000000.0,19818000000.0,24862250000.0,0.0,1337000000.0,0.0,1337000000.0,13619000000.0,2025000000.0,11594000000.0,1577181545.0,101000000.0,718000000.0,2000000.0,398000000.0,-376000000.0,347000000.0,-3017000000.0,-1137000000.0,2771000000.0,0.0,-7930000000.0,-7986000000.0,-7986000000.0,0.0,-372000000.0,-1.293,7952000000.0,-7271000000.0,528000000.0,-0.047,-1.266,-0.197,-0.197,9586000000.0,56000000.0,4.18,0.255,0.256,838000000.0,-10081000000.0,6175000000.0,6175000000.0,0.0,-0.428,-2.15,-0.277,-1.117,0.0,351000000.0,1.0,377316159.0,378000000,378000000.0,16.336,13391000000.0,0.0,563000000.0,309000000.0,35.426,-117000000.0
6,APA,MRT,2019-12-31,2019-12-31,2019-12-31,2021-09-07,16000000.0,18107000000.0,20767250000.0,1961000000.0,16146000000.0,0.316,8.634,-2961000000.0,247000000.0,247000000.0,5587000000.0,-3682000000.0,1.057,4.191,8566000000.0,11000000.0,8555000000.0,8566000000.0,0.0,2680000000.0,0.0,0.039,1.0,-2379000000.0,301000000.0,0.046,301000000.0,-2379000000.0,-2841000000.0,-9.43,-9.43,-9.43,3255000000.0,5774000000.0,3255000000.0,17871768584.0,-8.0,59.375,-94000000.0,-0.249,1.0,966000000.0,0.147,0.0,462000000.0,24571000000.0,26778500000.0,0.0,1258000000.0,0.0,1258000000.0,13642000000.0,1855000000.0,11787000000.0,9622768584.0,-467000000.0,718000000.0,2000000.0,235000000.0,-376000000.0,112000000.0,-3446000000.0,-1172000000.0,2867000000.0,0.0,-3515000000.0,-3553000000.0,-3553000000.0,0.0,-167000000.0,-0.542,3512000000.0,-2546000000.0,695000000.0,-0.106,2.956,-2.708,-2.714,14158000000.0,38000000.0,25.59,1.468,1.472,1062000000.0,-5601000000.0,6553000000.0,6553000000.0,0.0,-0.171,-0.615,-0.089,-0.363,0.0,406000000.0,1.0,376036287.0,377000000,377000000.0,17.382,18107000000.0,0.0,674000000.0,346000000.0,48.029,106000000.0
7,APA,MRT,2019-09-30,2019-09-30,2019-09-30,2021-09-07,3000000.0,21405000000.0,21636000000.0,1971000000.0,19434000000.0,0.319,16.714,-2877000000.0,163000000.0,163000000.0,5433000000.0,-785000000.0,1.026,2.148,8412000000.0,19000000.0,8393000000.0,8412000000.0,0.0,2593000000.0,0.0,0.039,1.0,-10000000.0,2583000000.0,0.375,2583000000.0,-10000000.0,-468000000.0,-2.52,-2.51,-2.52,6301000000.0,6742750000.0,6301000000.0,17407549811.0,-1741.0,6.739,255000000.0,0.676,1.0,1461000000.0,0.212,0.0,458000000.0,27733000000.0,27363500000.0,0.0,1095000000.0,0.0,1095000000.0,13537000000.0,1921000000.0,11616000000.0,9624549811.0,-430000000.0,138000000.0,-305000000.0,74000000.0,-377000000.0,325000000.0,-3887000000.0,-1099000000.0,3132000000.0,0.0,-936000000.0,-958000000.0,-958000000.0,0.0,151000000.0,-0.139,1306000000.0,155000000.0,661000000.0,-0.397,1.527,-10.047,-10.159,17655000000.0,22000000.0,25.6,1.396,1.4,1070000000.0,-2625000000.0,6894000000.0,6894000000.0,0.0,-0.044,-0.142,0.0,-0.001,0.0,424000000.0,1.0,375958977.0,377000000,377000000.0,18.286,21405000000.0,0.0,468000000.0,340000000.0,56.777,50000000.0
8,APA,MRT,2019-06-30,2019-06-30,2019-06-30,2021-09-07,4000000.0,21806000000.0,21752250000.0,2791000000.0,19015000000.0,0.339,17.377,-3442000000.0,549000000.0,549000000.0,5424000000.0,-507000000.0,1.234,2.084,8332000000.0,175000000.0,8157000000.0,8332000000.0,0.0,2492000000.0,0.0,0.035,1.0,434000000.0,2926000000.0,0.397,2926000000.0,434000000.0,-121000000.0,-1.86,-1.85,-1.86,6551000000.0,7070500000.0,6551000000.0,18996419579.0,44.0,6.492,61000000.0,0.162,1.0,1946000000.0,0.264,0.0,555000000.0,27327000000.0,27248500000.0,0.0,527000000.0,0.0,527000000.0,13652000000.0,2262000000.0,11390000000.0,10890419579.0,-423000000.0,138000000.0,-305000000.0,-239000000.0,-379000000.0,-64000000.0,-3862000000.0,-529000000.0,3503000000.0,0.0,-703000000.0,-707000000.0,-707000000.0,0.0,196000000.0,-0.096,1309000000.0,637000000.0,644000000.0,-0.538,1.662,-15.404,-15.575,17756000000.0,4000000.0,28.97,1.478,1.482,1098000000.0,-2455000000.0,7370000000.0,7370000000.0,0.0,-0.033,-0.1,0.016,0.059,0.0,425000000.0,1.0,375920593.0,377000000,377000000.0,19.549,21806000000.0,0.0,582000000.0,348000000.0,57.841,529000000.0
9,APA,MRT,2019-03-31,2019-03-31,2019-03-31,2021-09-07,4000000.0,21751000000.0,21778250000.0,2504000000.0,19247000000.0,0.353,18.588,-3890000000.0,327000000.0,327000000.0,5372000000.0,78000000.0,1.055,1.88,8433000000.0,339000000.0,8094000000.0,8433000000.0,0.0,2498000000.0,0.0,0.029,1.0,981000000.0,3479000000.0,0.453,3479000000.0,981000000.0,505000000.0,-0.39,-0.38,-0.39,6989000000.0,7342750000.0,6989000000.0,20501557645.0,21.0,5.893,-130000000.0,-0.346,1.0,2316000000.0,0.301,0.0,476000000.0,27483000000.0,27157500000.0,438000000.0,209000000.0,0.0,209000000.0,13142000000.0,2374000000.0,10768000000.0,13011557645.0,-750000000.0,138000000.0,-305000000.0,-69000000.0,-381000000.0,-518000000.0,-3992000000.0,-209000000.0,3760000000.0,0.0,-152000000.0,-152000000.0,-152000000.0,0.0,230000000.0,-0.02,1091000000.0,1225000000.0,679000000.0,-2.564,1.862,-85.602,-88.872,18291000000.0,0.0,34.66,1.692,1.695,1185000000.0,-2095000000.0,7688000000.0,7688000000.0,0.0,-0.007,-0.021,0.036,0.128,0.0,440000000.0,1.0,375405587.0,376000000,376000000.0,20.447,21751000000.0,0.0,657000000.0,370000000.0,57.848,130000000.0
10,APA,MRT,2018-12-31,2018-12-31,2018-12-31,2021-09-07,4000000.0,21582000000.0,21788250000.0,2687000000.0,18895000000.0,0.356,18.665,-3904000000.0,714000000.0,714000000.0,5250000000.0,286000000.0,1.221,1.791,8244000000.0,151000000.0,8093000000.0,8244000000.0,0.0,2405000000.0,0.0,0.038,1.0,1190000000.0,3595000000.0,0.463,3595000000.0,1190000000.0,712000000.0,0.11,0.11,0.11,7130000000.0,7471000000.0,7130000000.0,17573020602.0,15.0,4.888,-127000000.0,-0.332,1.0,2514000000.0,0.324,0.0,478000000.0,26911000000.0,26963750000.0,0.0,121000000.0,0.0,121000000.0,12770000000.0,2201000000.0,10569000000.0,9963020602.0,-954000000.0,138000000.0,-305000000.0,-378000000.0,-382000000.0,-787000000.0,-3944000000.0,-91000000.0,3777000000.0,0.0,40000000.0,40000000.0,40000000.0,0.0,246000000.0,0.005,1078000000.0,1436000000.0,709000000.0,9.091,1.397,249.076,238.636,18421000000.0,0.0,26.25,1.283,1.292,1194000000.0,-2048000000.0,7764000000.0,7764000000.0,0.0,0.002,0.005,0.044,0.153,0.0,431000000.0,1.0,379543642.0,382000000,384000000.0,20.325,21582000000.0,0.0,672000000.0,391000000.0,56.497,486000000.0
11,APA,MRT,2018-09-30,2018-09-30,2018-09-30,2021-09-07,4000000.0,21870000000.0,21873250000.0,2785000000.0,19085000000.0,0.333,19.875,-3533000000.0,593000000.0,593000000.0,4625000000.0,1154000000.0,1.262,1.698,8203000000.0,150000000.0,8053000000.0,8203000000.0,0.0,2344000000.0,0.0,0.021,1.0,1785000000.0,4129000000.0,0.567,4129000000.0,1785000000.0,1303000000.0,2.29,2.29,2.29,7612000000.0,7542500000.0,7612000000.0,25598105380.0,14.0,6.2,-131000000.0,-0.342,1.0,2660000000.0,0.365,0.0,482000000.0,27273000000.0,26779500000.0,362000000.0,0.0,0.0,0.0,12924000000.0,2207000000.0,10717000000.0,18233105380.0,-1349000000.0,0.0,0.0,-378000000.0,-382000000.0,-1118000000.0,-3633000000.0,0.0,3402000000.0,0.0,877000000.0,877000000.0,877000000.0,0.0,277000000.0,0.12,558000000.0,2102000000.0,744000000.0,0.437,2.395,20.79,20.817,18646000000.0,0.0,47.67,2.503,2.506,1457000000.0,-1667000000.0,7285000000.0,7285000000.0,0.0,0.04,0.116,0.067,0.245,0.0,418000000.0,1.0,382485953.0,383000000,385000000.0,19.021,21870000000.0,0.0,426000000.0,502000000.0,57.102,578000000.0
12,APA,MRT,2018-06-30,2018-06-30,2018-06-30,2021-09-07,4000000.0,21910000000.0,21864500000.0,3139000000.0,18771000000.0,0.306,20.0,-3142000000.0,972000000.0,972000000.0,4617000000.0,1098000000.0,1.358,1.69,8337000000.0,400000000.0,7937000000.0,8337000000.0,0.0,2293000000.0,0.0,0.021,1.0,1419000000.0,3712000000.0,0.554,3712000000.0,1419000000.0,1028000000.0,2.24,2.24,2.24,7640000000.0,7392250000.0,7640000000.0,25124713151.0,18.0,6.769,-192000000.0,-0.503,1.0,2081000000.0,0.311,0.0,391000000.0,26963000000.0,26439000000.0,361000000.0,0.0,0.0,0.0,12915000000.0,2312000000.0,10603000000.0,17865713151.0,-695000000.0,433000000.0,0.0,-150000000.0,-381000000.0,-844000000.0,-2801000000.0,0.0,2950000000.0,0.0,859000000.0,859000000.0,859000000.0,0.0,239000000.0,0.128,562000000.0,1519000000.0,682000000.0,0.446,2.338,20.798,20.871,18336000000.0,0.0,46.75,2.667,2.666,1446000000.0,-1748000000.0,6698000000.0,6698000000.0,0.0,0.039,0.116,0.054,0.212,0.0,417000000.0,1.0,382154292.0,382000000,385000000.0,17.534,21910000000.0,0.0,169000000.0,518000000.0,57.356,827000000.0
13,APA,MRT,2018-03-31,2018-03-31,2018-03-31,2021-09-07,4000000.0,21791000000.0,22037500000.0,3253000000.0,18538000000.0,0.277,19.639,-2783000000.0,1077000000.0,1077000000.0,4575000000.0,1442000000.0,1.389,1.722,8336000000.0,400000000.0,7936000000.0,8336000000.0,0.0,2257000000.0,0.0,0.026,1.0,958000000.0,3215000000.0,0.526,3215000000.0,958000000.0,562000000.0,3.23,3.23,3.23,7502000000.0,7207000000.0,7502000000.0,21494112191.0,22.0,6.686,-195000000.0,-0.51,1.0,1533000000.0,0.251,0.0,396000000.0,26708000000.0,26296000000.0,386000000.0,0.0,0.0,0.0,12922000000.0,2342000000.0,10580000000.0,14678112191.0,-444000000.0,661000000.0,0.0,-150000000.0,-380000000.0,-819000000.0,-2213000000.0,0.0,2588000000.0,0.0,1236000000.0,1236000000.0,1236000000.0,0.0,206000000.0,0.202,553000000.0,980000000.0,708000000.0,0.31,1.957,11.875,11.913,18086000000.0,0.0,38.48,2.403,2.407,1409000000.0,-1943000000.0,6108000000.0,6108000000.0,0.0,0.056,0.171,0.036,0.157,0.0,406000000.0,1.0,381447822.0,382000000,384000000.0,15.99,21791000000.0,0.0,-674000000.0,528000000.0,57.045,911000000.0
14,APA,MRT,2017-12-31,2017-12-31,2017-12-31,2021-09-07,4000000.0,21922000000.0,22242250000.0,3725000000.0,18197000000.0,0.265,19.465,-2002000000.0,1668000000.0,1668000000.0,4559000000.0,1503000000.0,1.453,1.771,8484000000.0,550000000.0,7934000000.0,8484000000.0,0.0,2280000000.0,0.0,0.024,1.0,1116000000.0,3396000000.0,0.577,3396000000.0,1116000000.0,719000000.0,3.42,3.41,3.42,7416000000.0,6927750000.0,7416000000.0,22624397796.0,20.0,6.662,426000000.0,1.118,1.0,1328000000.0,0.226,0.0,397000000.0,26174000000.0,26498500000.0,368000000.0,0.0,0.0,0.0,13131000000.0,2564000000.0,10567000000.0,16083397796.0,291000000.0,661000000.0,0.0,-70000000.0,-380000000.0,-721000000.0,-1416000000.0,0.0,2428000000.0,0.0,1304000000.0,1304000000.0,1304000000.0,0.0,199000000.0,0.222,549000000.0,779000000.0,641000000.0,0.292,2.169,12.334,12.345,17759000000.0,0.0,42.22,2.732,2.732,1345000000.0,-2088000000.0,5887000000.0,5887000000.0,0.0,0.059,0.188,0.042,0.19,0.0,395000000.0,1.0,380942629.0,381000000,383000000.0,15.451,21922000000.0,0.0,-585000000.0,545000000.0,57.538,1161000000.0
15,APA,MRT,2017-09-30,2017-09-30,2017-09-30,2021-09-07,-3000000.0,21835000000.0,22391500000.0,3769000000.0,18066000000.0,0.255,18.402,-1660000000.0,1942000000.0,1942000000.0,4675000000.0,842000000.0,1.529,1.92,8483000000.0,550000000.0,7933000000.0,8483000000.0,0.0,2330000000.0,0.0,0.022,1.0,756000000.0,3086000000.0,0.541,3086000000.0,756000000.0,350000000.0,1.73,1.73,1.73,7011000000.0,6633250000.0,7011000000.0,24108783200.0,32.0,7.812,896000000.0,2.352,1.0,1027000000.0,0.18,0.0,406000000.0,25911000000.0,26915750000.0,396000000.0,0.0,0.0,0.0,13458000000.0,2465000000.0,10993000000.0,17446783200.0,712000000.0,661000000.0,0.0,-250000000.0,-380000000.0,-923000000.0,-921000000.0,0.0,2556000000.0,0.0,666000000.0,666000000.0,666000000.0,0.0,176000000.0,0.117,681000000.0,346000000.0,583000000.0,0.578,2.488,26.196,26.474,17655000000.0,0.0,45.8,3.06,3.06,1145000000.0,-2544000000.0,5702000000.0,5702000000.0,0.0,0.03,0.1,0.028,0.133,0.0,419000000.0,1.0,380934131.0,381000000,383000000.0,14.966,21835000000.0,0.0,-316000000.0,948000000.0,57.31,1304000000.0
16,APA,MRT,2017-06-30,2017-06-30,2017-06-30,2021-09-07,-112000000.0,22602000000.0,22720000000.0,4647000000.0,17955000000.0,0.253,18.108,-1561000000.0,1667000000.0,1667000000.0,4693000000.0,178000000.0,1.617,2.078,8329000000.0,0.0,8329000000.0,8329000000.0,0.0,2419000000.0,0.0,0.021,1.0,-280000000.0,2139000000.0,0.372,2139000000.0,-280000000.0,-687000000.0,-0.03,-0.03,-0.03,6899000000.0,6497750000.0,6899000000.0,25040364342.0,-89.0,11.707,1092000000.0,2.866,1.0,1059000000.0,0.184,0.0,407000000.0,26391000000.0,27691000000.0,416000000.0,0.0,0.0,0.0,14337000000.0,2873000000.0,11464000000.0,18234364342.0,466000000.0,228000000.0,0.0,-251000000.0,-380000000.0,-964000000.0,-1223000000.0,0.0,2653000000.0,0.0,-4000000.0,-4000000.0,-4000000.0,33000000.0,182000000.0,-0.001,1523000000.0,-464000000.0,533000000.0,-33.333,2.643,-4558.591,-1597.667,17551000000.0,0.0,47.93,3.17,3.175,1015000000.0,-2607000000.0,5752000000.0,5752000000.0,0.0,0.0,-0.001,-0.01,-0.049,0.0,423000000.0,1.0,380437395.0,381000000,383000000.0,15.097,22602000000.0,0.0,-683000000.0,1058000000.0,59.323,1774000000.0
17,APA,MRT,2017-03-31,2017-03-31,2017-03-31,2021-09-07,-112000000.0,22610000000.0,23156000000.0,3426000000.0,19184000000.0,0.25,16.803,-1337000000.0,1521000000.0,1521000000.0,4800000000.0,-635000000.0,1.805,2.316,8327000000.0,0.0,8327000000.0,8327000000.0,0.0,2516000000.0,0.0,0.019,1.0,-568000000.0,1948000000.0,0.336,1948000000.0,-568000000.0,-980000000.0,-2.18,-2.18,-2.18,6385000000.0,6558500000.0,6385000000.0,26679121559.0,-47.0,13.696,1309000000.0,3.445,1.0,992000000.0,0.171,0.0,412000000.0,27518000000.0,28666750000.0,454000000.0,0.0,0.0,0.0,14787000000.0,1898000000.0,12889000000.0,19512121559.0,517000000.0,0.0,0.0,-251000000.0,-379000000.0,-931000000.0,-1198000000.0,0.0,2646000000.0,0.0,-820000000.0,-820000000.0,-820000000.0,33000000.0,185000000.0,-0.142,1699000000.0,-707000000.0,564000000.0,-0.459,3.056,-23.795,-23.573,18780000000.0,0.0,51.39,3.369,3.372,1171000000.0,-3179000000.0,5792000000.0,5792000000.0,0.0,-0.035,-0.125,-0.02,-0.098,0.0,420000000.0,1.0,379687129.0,380000000,383000000.0,15.242,22610000000.0,0.0,-160000000.0,1789000000.0,59.5,1528000000.0
18,APA,MRT,2016-12-31,2016-12-31,2016-12-31,2021-09-07,-112000000.0,22519000000.0,21923250000.0,3241000000.0,19278000000.0,0.245,16.459,-1815000000.0,1377000000.0,1377000000.0,4911000000.0,-1273000000.0,1.759,2.379,8544000000.0,0.0,8544000000.0,8544000000.0,0.0,2618000000.0,0.0,0.016,1.0,-1430000000.0,1188000000.0,0.221,1188000000.0,-1430000000.0,-1847000000.0,-3.71,-3.71,-3.71,6238000000.0,5466750000.0,6238000000.0,31573379829.0,-22.0,26.577,615000000.0,1.623,1.0,456000000.0,0.085,0.0,417000000.0,27843000000.0,27736000000.0,476000000.0,0.0,0.0,0.0,14840000000.0,1843000000.0,12997000000.0,24082379829.0,-90000000.0,0.0,0.0,-181000000.0,-379000000.0,-860000000.0,-1660000000.0,0.0,2430000000.0,0.0,-1405000000.0,-1405000000.0,-1405000000.0,33000000.0,132000000.0,-0.262,1708000000.0,-1252000000.0,585000000.0,-0.27,3.861,-17.14,-17.108,18867000000.0,0.0,63.47,4.487,4.482,1128000000.0,-3385000000.0,5367000000.0,5367000000.0,0.0,-0.064,-0.257,-0.052,-0.266,0.0,410000000.0,1.0,379429334.0,379000000,379000000.0,14.161,22519000000.0,0.0,-442000000.0,1710000000.0,59.417,1398000000.0
19,APA,MRT,2016-09-30,2016-09-30,2016-09-30,2021-09-07,-119000000.0,23149000000.0,22668500000.0,3272000000.0,19877000000.0,0.228,17.024,-2168000000.0,1230000000.0,1230000000.0,7128000000.0,-5558000000.0,2.01,2.35,8721000000.0,0.0,8721000000.0,8721000000.0,0.0,2803000000.0,0.0,0.016,1.0,-5577000000.0,-2774000000.0,-0.537,-2774000000.0,-5577000000.0,-5998000000.0,-13.85,-13.85,-13.85,6469000000.0,5879250000.0,6469000000.0,31751751417.0,-6.0,-11.446,-360000000.0,-0.947,1.0,-1962000000.0,-0.38,0.0,421000000.0,29012000000.0,28502250000.0,513000000.0,0.0,0.0,0.0,15200000000.0,1628000000.0,13572000000.0,24233751417.0,-425000000.0,391000000.0,0.0,-1000000.0,-378000000.0,-608000000.0,-1625000000.0,0.0,1808000000.0,0.0,-5238000000.0,-5238000000.0,-5238000000.0,33000000.0,-320000000.0,-1.014,4748000000.0,-6710000000.0,557000000.0,-0.072,3.746,-4.627,-4.612,19462000000.0,0.0,63.87,4.691,4.698,1064000000.0,-3203000000.0,5166000000.0,5166000000.0,0.0,-0.231,-0.891,-0.196,-1.08,0.0,394000000.0,1.0,379423069.0,380000000,380000000.0,13.595,23149000000.0,0.0,-760000000.0,1783000000.0,60.918,1644000000.0
20,APA,MRT,2016-06-30,2016-06-30,2016-06-30,2021-09-07,-119000000.0,24346000000.0,23834250000.0,3292000000.0,21054000000.0,0.224,18.844,-2649000000.0,1201000000.0,1201000000.0,7584000000.0,-9135000000.0,2.097,2.191,8719000000.0,0.0,8719000000.0,8719000000.0,0.0,3027000000.0,0.0,0.018,1.0,-8927000000.0,-5900000000.0,-1.106,-5900000000.0,-8927000000.0,-9406000000.0,-23.2,-23.2,-23.2,7142000000.0,6714250000.0,7142000000.0,28786965345.0,-3.0,-4.879,-781000000.0,-2.061,1.0,-2251000000.0,-0.422,0.0,479000000.0,30294000000.0,29441000000.0,530000000.0,0.0,0.0,0.0,15650000000.0,1570000000.0,14080000000.0,21072965345.0,-1749000000.0,391000000.0,0.0,-939000000.0,-377000000.0,-1461000000.0,-2156000000.0,0.0,1868000000.0,0.0,-8774000000.0,-8774000000.0,-8774000000.0,0.0,-361000000.0,-1.645,7787000000.0,-10038000000.0,544000000.0,-0.043,2.951,-2.402,-2.4,20143000000.0,0.0,55.67,3.951,3.956,1016000000.0,-2596000000.0,5333000000.0,5333000000.0,0.0,-0.368,-1.307,-0.303,-1.674,0.0,381000000.0,1.0,378533597.0,379000000,379000000.0,14.071,24346000000.0,0.0,-632000000.0,2308000000.0,64.237,1722000000.0
21,APA,MRT,2016-03-31,2016-03-31,2016-03-31,2021-09-07,-116000000.0,17679000000.0,26575750000.0,3222000000.0,14457000000.0,0.223,5.339,-3324000000.0,1004000000.0,1004000000.0,7938000000.0,-9732000000.0,2.016,7.0,8718000000.0,0.0,8718000000.0,8718000000.0,0.0,-4324000000.0,0.0,0.02,1.0,-8718000000.0,-13042000000.0,-2.196,-13042000000.0,-8718000000.0,-9210000000.0,-24.83,-24.83,-24.83,2018000000.0,8814750000.0,2018000000.0,25774714837.0,-3.0,-1.976,-1068000000.0,-2.825,1.0,-2000000000.0,-0.337,0.0,492000000.0,23795000000.0,31781250000.0,547000000.0,0.0,0.0,0.0,14125000000.0,1598000000.0,12527000000.0,18464714837.0,865000000.0,1245000000.0,0.0,-3537000000.0,-378000000.0,-4037000000.0,2646000000.0,0.0,2256000000.0,0.0,-9390000000.0,-9390000000.0,-9390000000.0,-120000000.0,-342000000.0,-1.581,8189000000.0,-10189000000.0,571000000.0,-0.04,9.15,-1.966,-1.966,13542000000.0,0.0,48.81,3.11,3.107,1120000000.0,-7642000000.0,5938000000.0,5938000000.0,0.0,-0.353,-1.065,-0.274,-1.468,0.0,389000000.0,1.0,378297784.0,378000000,378000000.0,15.709,17679000000.0,0.0,180000000.0,891000000.0,46.77,1624000000.0
22,APA,MRT,2015-12-31,2015-12-31,2015-12-31,2021-09-07,-119000000.0,25500000000.0,34318500000.0,3752000000.0,21748000000.0,0.19,20.868,-4540000000.0,1467000000.0,1467000000.0,8418000000.0,-10667000000.0,2.038,2.03,8716000000.0,0.0,8716000000.0,8716000000.0,0.0,3300000000.0,0.0,0.022,1.0,-10851000000.0,-7551000000.0,-1.16,-7551000000.0,-10851000000.0,-11362000000.0,-27.4,-27.4,-27.4,7888000000.0,13613000000.0,7888000000.0,23932290407.0,-2.0,-3.169,-1873000000.0,-4.955,1.0,-1908000000.0,-0.293,0.0,511000000.0,30908000000.0,39611000000.0,570000000.0,0.0,0.0,0.0,16010000000.0,1841000000.0,14169000000.0,16810290407.0,788000000.0,1245000000.0,0.0,-2509000000.0,-377000000.0,-2962000000.0,1083000000.0,0.0,2667000000.0,0.0,-10352000000.0,-10352000000.0,-10352000000.0,0.0,-315000000.0,-1.59,10129000000.0,-12037000000.0,618000000.0,-0.036,2.131,-1.624,-1.623,20838000000.0,0.0,44.47,2.582,2.582,1253000000.0,-1980000000.0,6510000000.0,6510000000.0,0.0,-0.302,-0.76,-0.274,-1.667,0.0,380000000.0,1.0,378014176.0,378000000,378000000.0,17.222,25500000000.0,0.0,-1010000000.0,2529000000.0,67.46,1911000000.0
23,APA,MRT,2015-09-30,2015-09-30,2015-09-30,2021-09-07,-116000000.0,27812000000.0,41931500000.0,4079000000.0,23733000000.0,0.19,25.95,-6946000000.0,1655000000.0,1655000000.0,9294000000.0,-17294000000.0,1.882,1.615,8777000000.0,0.0,8777000000.0,8777000000.0,0.0,1825000000.0,0.0,0.026,1.0,-21533000000.0,-19708000000.0,-2.468,-19708000000.0,-21533000000.0,-22135000000.0,-45.81,-45.81,-45.81,9809000000.0,18125250000.0,9809000000.0,21527989952.0,-1.0,-1.092,-3024000000.0,-8.0,1.0,-1307000000.0,-0.164,0.0,602000000.0,32767000000.0,47575000000.0,667000000.0,0.0,0.0,0.0,15840000000.0,2167000000.0,13673000000.0,14801989952.0,1145000000.0,2661000000.0,-34000000.0,-2187000000.0,-377000000.0,-2674000000.0,-103000000.0,0.0,3922000000.0,0.0,-17425000000.0,-17425000000.0,-17425000000.0,-120000000.0,131000000.0,-2.182,17644000000.0,-18951000000.0,659000000.0,-0.022,1.509,-0.849,-0.855,22377000000.0,0.0,39.16,1.853,1.853,1332000000.0,60000000.0,7987000000.0,7987000000.0,0.0,-0.416,-0.961,-0.453,-2.696,0.0,403000000.0,1.0,377987486.0,378000000,378000000.0,21.13,27812000000.0,84000000.0,-4710000000.0,1997000000.0,73.577,1912000000.0
24,APA,MRT,2015-06-30,2015-06-30,2015-06-30,2021-09-07,-116000000.0,35312000000.0,50226000000.0,5493000000.0,29819000000.0,0.19,41.122,-8942000000.0,2950000000.0,2950000000.0,9539000000.0,-14399000000.0,2.305,1.13,9676000000.0,0.0,9676000000.0,9676000000.0,0.0,3688000000.0,0.0,0.017,1.0,-17801000000.0,-14113000000.0,-1.476,-14113000000.0,-17801000000.0,-18303000000.0,-38.36,-38.36,-38.36,15544000000.0,23377500000.0,15544000000.0,33775968368.0,-2.0,-2.393,-3835000000.0,-10.146,1.0,23000000.0,0.002,0.0,502000000.0,39655000000.0,55796250000.0,629000000.0,0.0,0.0,0.0,17557000000.0,2383000000.0,15174000000.0,21731968368.0,2426000000.0,3483000000.0,-601000000.0,-1000000.0,-378000000.0,-1055000000.0,-1626000000.0,0.0,5107000000.0,0.0,-14612000000.0,-14612000000.0,-14612000000.0,-120000000.0,213000000.0,-1.528,15361000000.0,-15338000000.0,710000000.0,-0.026,1.398,-1.487,-1.502,28315000000.0,0.0,57.63,2.273,2.278,1589000000.0,5809000000.0,9562000000.0,9562000000.0,0.0,-0.291,-0.625,-0.319,-1.862,0.0,425000000.0,1.0,377094714.0,378000000,378000000.0,25.296,35312000000.0,84000000.0,-3691000000.0,2644000000.0,93.418,3110000000.0
25,APA,MRT,2015-03-31,2015-03-31,2015-03-31,2021-09-07,-116000000.0,48650000000.0,56690750000.0,5906000000.0,42744000000.0,0.195,56.263,-8209000000.0,229000000.0,229000000.0,9907000000.0,-12989000000.0,1.075,1.19,12273000000.0,2598000000.0,9675000000.0,12273000000.0,0.0,11622000000.0,0.0,0.017,1.0,-16878000000.0,-5256000000.0,-0.476,-5256000000.0,-16878000000.0,-17315000000.0,-34.77,-34.77,-34.77,21211000000.0,27680250000.0,21211000000.0,33209753791.0,-2.0,-6.318,-1895000000.0,-5.027,1.0,1135000000.0,0.103,87000000.0,437000000.0,55114000000.0,61851750000.0,666000000.0,0.0,0.0,0.0,25245000000.0,5493000000.0,19752000000.0,22733753791.0,-1504000000.0,1262000000.0,-1380000000.0,2598000000.0,-380000000.0,741000000.0,-8559000000.0,0.0,6314000000.0,0.0,-13247000000.0,-13247000000.0,-13247000000.0,0.0,258000000.0,-1.2,15004000000.0,-13869000000.0,1010000000.0,-0.029,1.072,-1.716,-1.735,41230000000.0,0.0,60.33,2.059,2.06,1767000000.0,11504000000.0,11042000000.0,11042000000.0,0.0,-0.234,-0.479,-0.273,-1.529,0.0,427000000.0,1.0,376823368.0,377000000,377000000.0,29.289,48563000000.0,769000000.0,-4068000000.0,6611000000.0,128.814,413000000.0
26,APA,MRT,2014-12-31,2014-12-31,2014-12-31,2021-09-07,-116000000.0,55952000000.0,59808500000.0,6415000000.0,49537000000.0,0.214,67.544,-9134000000.0,769000000.0,769000000.0,10113000000.0,-8019000000.0,1.751,1.072,11245000000.0,0.0,11245000000.0,11245000000.0,0.0,4526000000.0,0.0,0.015,0.95,-8465000000.0,-3939000000.0,-0.308,-3939000000.0,-8465000000.0,-8878000000.0,-21.76,-21.76,-21.76,25937000000.0,30648000000.0,25937000000.0,33932138158.0,-4.0,-8.614,-1177000000.0,-3.065,1.0,2682000000.0,0.21,0.0,413000000.0,62764000000.0,63985750000.0,708000000.0,0.0,0.0,0.0,27815000000.0,3664000000.0,24151000000.0,23594138158.0,-1227000000.0,1262000000.0,-1864000000.0,1568000000.0,-365000000.0,-794000000.0,-8390000000.0,0.0,7957000000.0,0.0,-8360000000.0,-8360000000.0,-8360000000.0,0.0,341000000.0,-0.653,7776000000.0,-5094000000.0,1210000000.0,-0.044,0.91,-2.822,-2.88,48076000000.0,0.0,62.67,1.844,1.881,2024000000.0,16249000000.0,12795000000.0,12795000000.0,0.0,-0.14,-0.273,-0.132,-0.662,0.0,453000000.0,1.0,376482179.0,384000000,384000000.0,33.32,55952000000.0,769000000.0,-518000000.0,9499000000.0,145.708,2751000000.0
27,APA,MRT,2014-09-30,2014-09-30,2014-09-30,2021-09-07,-116000000.0,60990000000.0,61229750000.0,4426000000.0,56564000000.0,0.208,80.887,-10660000000.0,584000000.0,584000000.0,7435000000.0,-64000000.0,1.028,0.909,10922000000.0,20000000.0,10902000000.0,10922000000.0,0.0,6402000000.0,0.0,0.01,0.9,2005000000.0,8407000000.0,0.659,8407000000.0,2005000000.0,1794000000.0,-1.17,-1.15,-1.17,30818000000.0,32512750000.0,30818000000.0,44547744077.0,22.0,5.299,-1655000000.0,-4.344,1.0,5324000000.0,0.417,1369000000.0,211000000.0,65652000000.0,64216250000.0,713000000.0,471000000.0,0.0,471000000.0,28004000000.0,4307000000.0,23697000000.0,35902744077.0,-741000000.0,3157000000.0,-2578000000.0,104000000.0,-351000000.0,-23000000.0,-9723000000.0,0.0,9005000000.0,0.0,-415000000.0,-415000000.0,-415000000.0,0.0,351000000.0,-0.033,2821000000.0,2503000000.0,1316000000.0,-0.769,1.165,-86.513,-80.231,53035000000.0,0.0,93.87,2.814,2.803,2287000000.0,21156000000.0,12759000000.0,12759000000.0,0.0,-0.007,-0.013,0.031,0.157,0.0,449000000.0,1.0,382473038.0,381000000,381000000.0,33.488,59621000000.0,0.0,2209000000.0,9298000000.0,156.486,119000000.0
28,APA,MRT,2014-06-30,2014-06-30,2014-06-30,2021-09-07,-116000000.0,61171000000.0,61042000000.0,5126000000.0,56045000000.0,0.227,85.078,-6786000000.0,1302000000.0,1302000000.0,7880000000.0,1483000000.0,1.122,0.802,9947000000.0,273000000.0,9674000000.0,9947000000.0,0.0,5662000000.0,0.0,0.008,0.85,3069000000.0,8731000000.0,0.63,8731000000.0,3069000000.0,2868000000.0,3.08,3.1,3.08,32755000000.0,33053500000.0,32755000000.0,47063678958.0,15.0,5.39,2301000000.0,5.977,1.0,5986000000.0,0.432,1369000000.0,201000000.0,63877000000.0,63859750000.0,794000000.0,589000000.0,0.0,589000000.0,26279000000.0,4570000000.0,21709000000.0,38809678958.0,340000000.0,2474000000.0,-2011000000.0,-3027000000.0,-353000000.0,-2504000000.0,-6243000000.0,0.0,9087000000.0,0.0,1221000000.0,1215000000.0,1215000000.0,0.0,262000000.0,0.088,1887000000.0,4099000000.0,1491000000.0,0.276,1.185,31.942,32.669,52470000000.0,6000000.0,100.62,2.799,2.794,2407000000.0,22581000000.0,13866000000.0,13866000000.0,0.0,0.02,0.037,0.048,0.221,0.0,458000000.0,1.0,385705416.0,385000000,387000000.0,36.016,59802000000.0,0.0,1647000000.0,8566000000.0,155.33,556000000.0
29,APA,MRT,2014-03-31,2014-03-31,2014-03-31,2021-09-07,-116000000.0,61121000000.0,61586750000.0,5463000000.0,55658000000.0,0.234,83.964,-9190000000.0,1643000000.0,1643000000.0,8300000000.0,1905000000.0,1.254,0.784,9897000000.0,224000000.0,9673000000.0,9897000000.0,0.0,5760000000.0,0.0,0.01,0.8,3856000000.0,9616000000.0,0.668,9616000000.0,3856000000.0,3655000000.0,4.36,4.33,4.36,33082000000.0,33045000000.0,33082000000.0,40860437340.0,11.0,4.249,317000000.0,0.805,1.0,6096000000.0,0.423,1369000000.0,201000000.0,63650000000.0,65249500000.0,727000000.0,0.0,0.0,0.0,25944000000.0,4356000000.0,21588000000.0,32742437340.0,1395000000.0,3841000000.0,-1481000000.0,-2738000000.0,-353000000.0,-1639000000.0,-6473000000.0,0.0,9507000000.0,0.0,1751000000.0,1726000000.0,1726000000.0,0.0,154000000.0,0.12,1709000000.0,4387000000.0,1438000000.0,0.183,0.99,18.97,19.025,52752000000.0,25000000.0,82.95,2.274,2.27,2479000000.0,22170000000.0,14396000000.0,14396000000.0,0.0,0.028,0.052,0.059,0.268,0.0,471000000.0,1.0,394724983.0,394000000,396000000.0,36.538,59752000000.0,0.0,1904000000.0,8517000000.0,151.655,1107000000.0
30,APA,MRT,2013-12-31,2013-12-31,2013-12-31,2021-09-07,-115000000.0,61637000000.0,61754500000.0,6366000000.0,55271000000.0,0.239,84.547,-9249000000.0,1906000000.0,1906000000.0,8581000000.0,2288000000.0,1.354,0.786,10024000000.0,352000000.0,9672000000.0,10024000000.0,0.0,5866000000.0,0.0,0.009,0.77,4389000000.0,10255000000.0,0.694,10255000000.0,4389000000.0,4160000000.0,5.53,5.5,5.53,33396000000.0,32771250000.0,33396000000.0,44189359801.0,10.0,4.309,586000000.0,1.484,1.0,6190000000.0,0.419,1369000000.0,229000000.0,63686000000.0,66147750000.0,891000000.0,0.0,0.0,0.0,26244000000.0,4700000000.0,21544000000.0,34310359801.0,1746000000.0,4098000000.0,-997000000.0,-2581000000.0,-360000000.0,-973000000.0,-7116000000.0,0.0,9835000000.0,0.0,2232000000.0,2188000000.0,2188000000.0,0.0,56000000.0,0.148,1720000000.0,4470000000.0,1616000000.0,0.139,1.027,15.681,15.541,52421000000.0,44000000.0,85.94,2.323,2.298,2952000000.0,22032000000.0,14771000000.0,14771000000.0,0.0,0.035,0.067,0.066,0.297,0.0,481000000.0,1.0,399236209.0,395000000,406000000.0,37.395,60268000000.0,134000000.0,1928000000.0,8364000000.0,152.577,1666000000.0
31,APA,MRT,2013-09-30,2013-09-30,2013-09-30,2021-09-07,-123000000.0,60239000000.0,61529500000.0,6016000000.0,54223000000.0,0.261,82.659,-7048000000.0,1251000000.0,1251000000.0,9120000000.0,2726000000.0,1.33,0.826,11130000000.0,262000000.0,10868000000.0,11130000000.0,0.0,5837000000.0,0.0,0.009,0.74,5299000000.0,11136000000.0,0.694,11136000000.0,5299000000.0,5095000000.0,6.78,6.7,6.78,32981000000.0,32255000000.0,32981000000.0,45768469282.0,9.0,4.11,2392000000.0,5.995,1.0,6931000000.0,0.432,1369000000.0,204000000.0,64226000000.0,66779500000.0,889000000.0,3000000.0,3000000.0,0.0,27258000000.0,4523000000.0,22735000000.0,33155469282.0,933000000.0,518000000.0,-251000000.0,-768000000.0,-366000000.0,-1309000000.0,-7198000000.0,0.0,9440000000.0,0.0,2726000000.0,2663000000.0,2663000000.0,0.0,0.0,0.166,1394000000.0,5537000000.0,1345000000.0,0.109,1.005,12.45,12.558,51462000000.0,63000000.0,85.14,2.066,2.116,3086000000.0,21938000000.0,16051000000.0,16051000000.0,0.0,0.043,0.083,0.079,0.33,0.0,489000000.0,1.0,389422942.0,399000000,401000000.0,40.228,58870000000.0,0.0,2369000000.0,8297000000.0,147.544,1493000000.0
32,APA,MRT,2013-06-30,2013-06-30,2013-06-30,2021-09-07,-118000000.0,63350000000.0,61172250000.0,4758000000.0,58592000000.0,0.261,83.472,-10780000000.0,184000000.0,184000000.0,9077000000.0,2600000000.0,0.922,0.936,12797000000.0,500000000.0,12297000000.0,12797000000.0,0.0,5871000000.0,0.0,0.008,0.71,5642000000.0,11513000000.0,0.722,11513000000.0,5642000000.0,5448000000.0,6.44,6.36,6.44,32721000000.0,31688250000.0,32721000000.0,45231324359.0,8.0,3.929,-1695000000.0,-4.324,1.0,6865000000.0,0.431,1369000000.0,194000000.0,69436000000.0,66642500000.0,973000000.0,87000000.0,87000000.0,0.0,30629000000.0,5158000000.0,25471000000.0,32849324359.0,-177000000.0,263000000.0,-251000000.0,2512000000.0,-354000000.0,1940000000.0,-11202000000.0,0.0,9085000000.0,0.0,2600000000.0,2524000000.0,2524000000.0,0.0,0.0,0.158,1502000000.0,5363000000.0,1346000000.0,0.11,1.004,13.015,13.017,55821000000.0,76000000.0,83.83,2.061,2.061,2914000000.0,21718000000.0,15942000000.0,15942000000.0,0.0,0.041,0.08,0.085,0.354,0.0,493000000.0,1.0,391856428.0,392000000,408000000.0,40.668,61981000000.0,0.0,2848000000.0,8496000000.0,158.115,-400000000.0
33,APA,MRT,2013-03-31,2013-03-31,2013-03-31,2021-09-07,-133000000.0,61792000000.0,59639000000.0,4848000000.0,56944000000.0,0.267,81.599,-10235000000.0,248000000.0,248000000.0,8962000000.0,1921000000.0,0.872,0.932,12630000000.0,1145000000.0,11485000000.0,12630000000.0,0.0,6453000000.0,0.0,0.009,0.68,4800000000.0,11253000000.0,0.707,11253000000.0,4800000000.0,4613000000.0,4.72,4.68,4.72,31987000000.0,31176250000.0,31987000000.0,42529115412.0,9.0,3.779,-1117000000.0,-2.849,1.0,6951000000.0,0.437,1369000000.0,187000000.0,67243000000.0,64508500000.0,885000000.0,16000000.0,16000000.0,0.0,29805000000.0,5562000000.0,24243000000.0,30228115412.0,3000000.0,-2209000000.0,0.0,4587000000.0,-341000000.0,4259000000.0,-13374000000.0,0.0,9118000000.0,0.0,1921000000.0,1845000000.0,1845000000.0,0.0,0.0,0.116,2165000000.0,4786000000.0,1226000000.0,0.144,0.945,16.384,16.347,54289000000.0,76000000.0,77.16,1.9,1.901,3106000000.0,20781000000.0,15913000000.0,15913000000.0,0.0,0.031,0.059,0.074,0.302,0.0,499000000.0,1.0,391758883.0,392000000,408000000.0,40.594,60423000000.0,0.0,2692000000.0,8163000000.0,154.14,-714000000.0
34,APA,MRT,2012-12-31,2012-12-31,2012-12-31,2021-09-07,-131000000.0,60737000000.0,57500250000.0,4962000000.0,55775000000.0,0.286,80.542,-9437000000.0,160000000.0,160000000.0,8852000000.0,2001000000.0,0.896,0.939,12461000000.0,1106000000.0,11355000000.0,12461000000.0,0.0,6881000000.0,0.0,0.008,0.66,5026000000.0,11907000000.0,0.725,11907000000.0,5026000000.0,4854000000.0,4.95,4.92,4.95,31331000000.0,30608250000.0,31331000000.0,42087756242.0,8.0,3.535,-933000000.0,-2.398,1.0,7576000000.0,0.461,1289000000.0,172000000.0,66213000000.0,61498500000.0,908000000.0,31000000.0,31000000.0,0.0,29406000000.0,5536000000.0,23870000000.0,30715756242.0,-135000000.0,-3105000000.0,0.0,5089000000.0,-332000000.0,4785000000.0,-13424000000.0,0.0,8504000000.0,0.0,2001000000.0,1925000000.0,1925000000.0,0.0,0.0,0.117,2700000000.0,4876000000.0,1092000000.0,0.133,0.98,15.956,15.859,53280000000.0,76000000.0,78.5,1.87,1.859,3086000000.0,20161000000.0,16428000000.0,16428000000.0,0.0,0.033,0.063,0.082,0.306,0.0,515000000.0,1.0,391283519.0,389000000,391000000.0,42.231,59448000000.0,0.0,2853000000.0,8024000000.0,152.823,-574000000.0
35,APA,MRT,2012-09-30,2012-09-30,2012-09-30,2021-09-07,-89000000.0,58810000000.0,55328750000.0,5044000000.0,53766000000.0,0.306,78.552,-8575000000.0,318000000.0,318000000.0,8924000000.0,2522000000.0,0.936,0.915,11690000000.0,1020000000.0,10670000000.0,11690000000.0,0.0,6875000000.0,0.0,0.007,0.64,5337000000.0,12212000000.0,0.722,12212000000.0,5337000000.0,5177000000.0,6.35,6.25,6.35,30714000000.0,30023750000.0,30714000000.0,43746392784.0,8.0,3.582,629000000.0,1.609,1.0,7982000000.0,0.472,1114000000.0,160000000.0,63678000000.0,58197250000.0,774000000.0,104000000.0,104000000.0,0.0,28096000000.0,5390000000.0,22706000000.0,33828392784.0,-268000000.0,-4531000000.0,2000000.0,4433000000.0,-322000000.0,4107000000.0,-13579000000.0,0.0,9204000000.0,0.0,2522000000.0,2446000000.0,2446000000.0,0.0,0.0,0.145,2723000000.0,5259000000.0,1137000000.0,0.101,1.101,13.83,13.617,51164000000.0,76000000.0,86.47,2.001,2.0,2976000000.0,19578000000.0,16906000000.0,16906000000.0,0.0,0.044,0.081,0.092,0.316,0.0,516000000.0,1.0,391215367.0,391000000,393000000.0,43.238,57696000000.0,0.0,2655000000.0,7602000000.0,147.56,-346000000.0
36,APA,MRT,2012-06-30,2012-06-30,2012-06-30,2021-09-07,11000000.0,57217000000.0,52496750000.0,4639000000.0,52578000000.0,0.325,78.851,-7607000000.0,361000000.0,361000000.0,8592000000.0,3344000000.0,0.906,0.865,10279000000.0,609000000.0,9670000000.0,10279000000.0,0.0,5911000000.0,0.0,0.007,0.62,6563000000.0,12474000000.0,0.731,12474000000.0,6563000000.0,6406000000.0,8.5,8.34,8.5,30673000000.0,29321000000.0,30673000000.0,42128320368.0,6.0,3.377,2421000000.0,6.224,1.0,8463000000.0,0.496,1114000000.0,157000000.0,60900000000.0,54550750000.0,745000000.0,232000000.0,232000000.0,0.0,26544000000.0,5121000000.0,21423000000.0,34350320368.0,-746000000.0,-4846000000.0,-40000000.0,2386000000.0,-314000000.0,2080000000.0,-12854000000.0,0.0,10028000000.0,0.0,3344000000.0,3268000000.0,3268000000.0,0.0,0.0,0.192,1978000000.0,6485000000.0,1061000000.0,0.073,1.12,10.511,10.34,50135000000.0,76000000.0,87.89,2.014,2.005,2625000000.0,19484000000.0,17055000000.0,17055000000.0,0.0,0.062,0.111,0.12,0.385,0.0,504000000.0,1.0,390833091.0,389000000,390000000.0,43.843,56103000000.0,0.0,3062000000.0,7383000000.0,144.224,-482000000.0
37,APA,MRT,2012-03-31,2012-03-31,2012-03-31,2021-09-07,-42000000.0,53237000000.0,49824750000.0,4954000000.0,48283000000.0,0.35,77.182,-6927000000.0,245000000.0,245000000.0,8322000000.0,4247000000.0,1.054,0.792,8023000000.0,579000000.0,7444000000.0,8023000000.0,0.0,5008000000.0,0.0,0.006,0.6,7879000000.0,12887000000.0,0.74,12887000000.0,7879000000.0,7726000000.0,10.86,10.65,10.86,29715000000.0,28319500000.0,29715000000.0,45635298667.0,6.0,3.541,3054000000.0,7.932,1.0,9099000000.0,0.522,1114000000.0,153000000.0,55203000000.0,51322500000.0,607000000.0,284000000.0,284000000.0,0.0,23522000000.0,4698000000.0,18824000000.0,38601298667.0,-111000000.0,-2452000000.0,-26000000.0,-287000000.0,-307000000.0,-554000000.0,-9538000000.0,0.0,9981000000.0,0.0,4247000000.0,4171000000.0,4171000000.0,0.0,0.0,0.239,1298000000.0,7801000000.0,1059000000.0,0.055,1.299,9.255,9.249,45829000000.0,76000000.0,100.44,2.216,2.22,3163000000.0,19213000000.0,17421000000.0,17421000000.0,0.0,0.084,0.147,0.154,0.452,0.0,475000000.0,1.0,384321970.0,385000000,399000000.0,45.249,52123000000.0,0.0,3479000000.0,7217000000.0,135.384,256000000.0
38,APA,MRT,2011-12-31,2011-12-31,2011-12-31,2021-09-07,-9000000.0,52051000000.0,47732000000.0,4803000000.0,47248000000.0,0.352,75.503,-6656000000.0,295000000.0,295000000.0,7895000000.0,4584000000.0,0.968,0.795,7329000000.0,544000000.0,6785000000.0,7329000000.0,0.0,4204000000.0,0.0,0.007,0.6,8251000000.0,12455000000.0,0.741,12455000000.0,8251000000.0,8093000000.0,11.75,11.47,11.75,28993000000.0,27190250000.0,28993000000.0,41454109238.0,5.0,3.328,3297000000.0,8.586,1.0,8915000000.0,0.53,1114000000.0,158000000.0,53008000000.0,49564750000.0,655000000.0,304000000.0,304000000.0,0.0,23058000000.0,4963000000.0,18095000000.0,34788109238.0,161000000.0,-1813000000.0,0.0,-925000000.0,-306000000.0,-1147000000.0,-8645000000.0,0.0,9953000000.0,0.0,4584000000.0,4508000000.0,4508000000.0,0.0,0.0,0.268,742000000.0,8173000000.0,1048000000.0,0.051,1.2,7.717,7.709,45448000000.0,76000000.0,90.58,2.069,2.069,3079000000.0,18500000000.0,16810000000.0,16810000000.0,0.0,0.094,0.166,0.166,0.491,0.0,459000000.0,1.0,384059497.0,384000000,400000000.0,43.776,50937000000.0,0.0,3509000000.0,7197000000.0,132.648,-160000000.0
39,APA,MRT,2011-09-30,2011-09-30,2011-09-30,2021-09-07,62000000.0,47482000000.0,45575500000.0,4576000000.0,42906000000.0,0.352,72.664,-7038000000.0,586000000.0,586000000.0,7601000000.0,4084000000.0,1.137,0.702,7252000000.0,467000000.0,6785000000.0,7252000000.0,0.0,3958000000.0,0.0,0.007,0.6,7598000000.0,11556000000.0,0.721,11556000000.0,7598000000.0,7420000000.0,10.45,10.27,10.45,27903000000.0,26036250000.0,27903000000.0,37780359611.0,5.0,3.269,2059000000.0,5.362,1.0,8424000000.0,0.526,1032000000.0,178000000.0,49092000000.0,48080250000.0,566000000.0,0.0,0.0,0.0,19579000000.0,4024000000.0,15555000000.0,30806359611.0,-625000000.0,-1362000000.0,-33000000.0,-972000000.0,-304000000.0,-1149000000.0,-8573000000.0,0.0,9097000000.0,0.0,4084000000.0,4008000000.0,4008000000.0,0.0,0.0,0.25,826000000.0,7598000000.0,852000000.0,0.057,1.104,7.686,7.678,41136000000.0,76000000.0,80.24,1.922,1.923,2560000000.0,17388000000.0,16025000000.0,16025000000.0,0.0,0.088,0.154,0.158,0.474,0.0,447000000.0,1.0,383927712.0,384000000,400000000.0,41.732,46450000000.0,0.0,3336000000.0,5802000000.0,120.964,552000000.0
40,APA,MRT,2011-06-30,2011-06-30,2011-06-30,2021-09-07,-200000000.0,46529000000.0,42937087250.0,4900000000.0,41629000000.0,0.343,69.445,-12421000000.0,1107000000.0,1107000000.0,7074000000.0,3860000000.0,1.093,0.745,8081000000.0,677000000.0,7404000000.0,8081000000.0,0.0,3680000000.0,0.0,0.005,0.6,6863000000.0,10543000000.0,0.717,10543000000.0,6863000000.0,6663000000.0,10.03,9.89,10.03,26667000000.0,24546845500.0,26667000000.0,55608475851.0,8.0,5.274,-4056000000.0,-10.562,1.0,7636000000.0,0.519,1032000000.0,200000000.0,47987000000.0,45701208000.0,633000000.0,0.0,0.0,0.0,19862000000.0,4484000000.0,15378000000.0,47313475851.0,-698000000.0,-975000000.0,2276000000.0,1181000000.0,-278000000.0,4499000000.0,-13562000000.0,0.0,8365000000.0,0.0,3860000000.0,3790000000.0,3790000000.0,0.0,0.0,0.258,773000000.0,6863000000.0,1029000000.0,0.06,1.774,12.484,12.302,39838000000.0,70000000.0,123.39,3.216,3.221,2495000000.0,16463000000.0,14710000000.0,14710000000.0,0.0,0.088,0.154,0.15,0.467,0.0,424000000.0,1.0,383446599.0,384000000,397000000.0,38.307,45497000000.0,0.0,2803000000.0,4964000000.0,118.482,416000000.0
41,APA,MRT,2011-03-31,2011-03-31,2011-03-31,2021-09-07,-445000000.0,44866000000.0,38912939000.0,4001000000.0,40865000000.0,0.343,65.791,-12991000000.0,356000000.0,356000000.0,6486000000.0,3461000000.0,1.011,0.781,8651000000.0,521000000.0,8130000000.0,8651000000.0,0.0,3380000000.0,0.0,0.005,0.6,6141000000.0,9521000000.0,0.714,9521000000.0,6141000000.0,5926000000.0,9.35,9.25,9.35,25198000000.0,22299035500.0,25198000000.0,58310920250.0,9.0,6.124,-5440000000.0,-14.204,1.0,6858000000.0,0.514,1032000000.0,215000000.0,48172000000.0,41516284250.0,593000000.0,0.0,0.0,0.0,19668000000.0,3957000000.0,15711000000.0,50109920250.0,-1770000000.0,-913000000.0,2272000000.0,1437000000.0,-252000000.0,4783000000.0,-14104000000.0,0.0,7551000000.0,0.0,3461000000.0,3410000000.0,3410000000.0,0.0,0.0,0.256,717000000.0,6141000000.0,906000000.0,0.064,1.989,14.695,14.002,39046000000.0,51000000.0,130.92,3.755,3.758,2490000000.0,15281000000.0,13344000000.0,13344000000.0,0.0,0.088,0.153,0.148,0.46,0.0,405000000.0,1.0,382752217.0,383000000,397000000.0,34.841,43834000000.0,0.0,2465000000.0,4265000000.0,114.449,44000000.0
42,APA,MRT,2010-12-31,2010-12-31,2010-12-31,2021-09-07,-141000000.0,43425000000.0,35003479250.0,3480000000.0,39945000000.0,0.345,69.253,-12369000000.0,134000000.0,134000000.0,5983000000.0,3032000000.0,0.988,0.781,8335000000.0,240000000.0,8095000000.0,8335000000.0,0.0,3083000000.0,0.0,0.005,0.6,5435000000.0,8518000000.0,0.704,8518000000.0,5435000000.0,5206000000.0,8.53,8.46,8.53,24377000000.0,20189169500.0,24377000000.0,48833690349.0,9.0,5.733,-5643000000.0,-16.031,1.0,6109000000.0,0.505,1032000000.0,229000000.0,47070000000.0,36907518750.0,564000000.0,167000000.0,167000000.0,0.0,19048000000.0,3524000000.0,15524000000.0,43470225349.0,-1914000000.0,-913000000.0,2258000000.0,1415000000.0,-226000000.0,4763000000.0,-13403000000.0,0.0,6726000000.0,0.0,3032000000.0,3000000000.0,3000000000.0,0.0,0.0,0.248,674000000.0,5435000000.0,779000000.0,0.07,1.783,14.49,13.978,38151000000.0,32000000.0,119.23,3.595,3.471,2134000000.0,14223000000.0,12092000000.0,12092000000.0,0.0,0.086,0.149,0.147,0.449,0.0,380000000.0,1.0,364591339.0,352000000,359000000.0,34.352,42393000000.0,0.0,2174000000.0,4249000000.0,120.435,-44000000.0
43,APA,MRT,2010-09-30,2010-09-30,2010-09-30,2021-09-07,49828000.0,36928349000.0,31193729250.0,4250460000.0,32677889000.0,0.359,61.472,-11022757000.0,1211439000.0,1211439000.0,5457568000.0,2928204000.0,1.682,0.683,6574904000.0,194325000.0,6380579000.0,6574904000.0,0.0,2769965000.0,0.0,0.006,0.6,5294676000.0,8064641000.0,0.719,8064641000.0,5294676000.0,5060102000.0,8.52,8.47,8.52,21945382000.0,18039669500.0,21945382000.0,38818852529.0,7.0,4.813,-4678228000.0,-13.104,1.0,5755798000.0,0.513,189252000.0,234574000.0,39575832000.0,32327768750.0,528725000.0,218119000.0,218119000.0,0.0,14982967000.0,2526730000.0,12456237000.0,35611867529.0,-145914000.0,-111790000.0,2294628000.0,1464824000.0,-205875000.0,4696887000.0,-11187330000.0,1000.0,6344529000.0,0.0,2928204000.0,2912464000.0,2912464000.0,0.0,0.0,0.26,461122000.0,5294676000.0,598037000.0,0.07,1.623,12.227,11.474,28346116000.0,15740000.0,97.76,3.176,3.112,1756874000.0,13610838000.0,11213366000.0,11213366000.0,0.0,0.093,0.161,0.164,0.472,0.0,345557000.0,1.0,364278514.0,357000000,,31.41,36739097000.0,254242000.0,2131898000.0,3581675000.0,102.911,1723730000.0
44,APA,MRT,2010-06-30,2010-06-30,2010-06-30,2021-09-07,22950000.0,30432407000.0,28768016000.0,4506940000.0,25925467000.0,0.366,52.295,-4541729000.0,1805347000.0,1805347000.0,5254164000.0,2592220000.0,2.046,0.722,5012332000.0,116205000.0,4896127000.0,5012332000.0,0.0,2608863000.0,0.0,0.007,0.6,4830966000.0,7439829000.0,0.706,7439829000.0,4830966000.0,4593708000.0,7.69,7.65,7.69,17675760000.0,16392154500.0,17675760000.0,31333373430.0,6.0,4.212,1400542000.0,4.144,1.0,5278633000.0,0.501,189252000.0,237258000.0,31247305000.0,29635178750.0,508702000.0,0.0,0.0,0.0,12756647000.0,2202835000.0,10553812000.0,28394618430.0,1033893000.0,-145000000.0,39360000.0,45334000.0,-206669000.0,-186169000.0,-4722209000.0,1000.0,5942271000.0,0.0,2592220000.0,2588060000.0,2588060000.0,0.0,0.0,0.246,447667000.0,4830966000.0,485601000.0,0.078,1.606,10.971,10.948,25123455000.0,4160000.0,84.19,2.696,2.702,1647952000.0,12900582000.0,10532797000.0,10532797000.0,0.0,0.09,0.158,0.163,0.459,0.0,339049000.0,1.0,337268303.0,338000000,,31.162,30243155000.0,137556000.0,2001488000.0,3247065000.0,89.477,2304105000.0
45,APA,MRT,2010-03-31,2010-03-31,2010-03-31,2021-09-07,-40374000.0,29228161000.0,27760396000.0,5038255000.0,24189906000.0,0.348,49.795,-3824809000.0,2125634000.0,2125634000.0,4977216000.0,2176940000.0,2.248,0.744,5064389000.0,113634000.0,4950755000.0,5064389000.0,0.0,2453222000.0,0.0,0.006,0.6,4228904000.0,6682126000.0,0.692,6682126000.0,4228904000.0,3986491000.0,6.46,6.43,6.46,16758536000.0,15712888250.0,16758536000.0,37307666751.0,9.0,5.583,1009975000.0,3.001,1.0,4676959000.0,0.484,189252000.0,242413000.0,29736938000.0,28973374000.0,497749000.0,0.0,0.0,0.0,12469625000.0,2240726000.0,10228899000.0,34159848751.0,1536757000.0,-129000000.0,38000000.0,152437000.0,-207367000.0,-84818000.0,-3213209000.0,792000000.0,4834784000.0,0.0,2176940000.0,2171360000.0,2171360000.0,0.0,0.0,0.225,448055000.0,4228904000.0,536613000.0,0.093,2.038,15.732,15.712,23404857000.0,5580000.0,101.5,3.538,3.538,1818139000.0,12091022000.0,9654175000.0,9654175000.0,0.0,0.078,0.138,0.146,0.438,0.0,345954000.0,1.0,336550234.0,336550234,,28.686,29038909000.0,130119000.0,1809551000.0,3015580000.0,86.284,2797529000.0
46,APA,MRT,2009-12-31,2009-12-31,2009-12-31,2021-09-07,-290000000.0,28186000000.0,27026556750.0,4586000000.0,23600000000.0,0.319,46.961,-3810000000.0,2048000000.0,2048000000.0,4780000000.0,-285000000.0,1.916,0.786,5195000000.0,245000000.0,4950000000.0,5195000000.0,0.0,5213000000.0,0.0,0.006,0.6,568000000.0,5781000000.0,0.671,5781000000.0,568000000.0,326000000.0,-0.87,-0.87,-0.87,15779000000.0,15208541750.0,15779000000.0,38439285824.0,68.0,6.649,414000000.0,1.232,1.0,3835000000.0,0.445,189000000.0,242000000.0,28751000000.0,28636557250.0,533000000.0,0.0,0.0,0.0,12407000000.0,2393000000.0,10014000000.0,34683108824.0,867000000.0,-129000000.0,28000000.0,148000000.0,-209000000.0,-110000000.0,-3247000000.0,792000000.0,4224000000.0,0.0,-285000000.0,-292000000.0,-292000000.0,0.0,0.0,-0.034,3267000000.0,568000000.0,397000000.0,-0.69,2.198,-118.778,-118.586,22901000000.0,7000000.0,103.17,4.026,4.024,1546000000.0,11437000000.0,8615000000.0,8615000000.0,0.0,-0.011,-0.019,0.02,0.066,0.0,344000000.0,1.0,336174361.0,336000000,336000000.0,25.64,27997000000.0,0.0,611000000.0,2765000000.0,83.324,2193000000.0
47,APA,MRT,2009-09-30,2009-09-30,2009-09-30,2021-09-07,-206706000.0,27225496000.0,27276678000.0,4019702000.0,23205794000.0,0.293,45.735,-4484119000.0,1357364000.0,1357364000.0,4879322000.0,-3815771000.0,2.023,0.773,5113541000.0,103511000.0,5010030000.0,5113541000.0,0.0,10598991000.0,0.0,0.007,0.6,-5466380000.0,5132611000.0,0.642,5132611000.0,-5466380000.0,-5697212000.0,-11.44,-11.39,-11.44,15355322000.0,15390972000.0,15355322000.0,35027420081.0,-6.0,6.824,-768216000.0,-2.288,1.0,3117496000.0,0.39,189252000.0,230832000.0,28805472000.0,28999567500.0,539442000.0,29166000.0,29166000.0,0.0,11870174000.0,1986949000.0,9883225000.0,30831654081.0,-287867000.0,-227210000.0,19994000.0,995571000.0,-206390000.0,813423000.0,-4817193000.0,-1000.0,3715903000.0,0.0,-3815771000.0,-3821771000.0,-3821771000.0,0.0,0.0,-0.478,8583876000.0,-5466380000.0,391900000.0,-0.052,2.008,-8.067,-8.027,22545531000.0,6000000.0,91.83,3.855,3.855,1590913000.0,10904323000.0,7996818000.0,7996818000.0,0.0,-0.14,-0.248,-0.188,-0.684,0.0,328587000.0,1.0,335747077.0,335747077,,23.818,27036244000.0,292332000.0,-1881441000.0,2693833000.0,80.526,2032753000.0
48,APA,MRT,2009-06-30,2009-06-30,2009-06-30,2021-09-07,-172744000.0,26401927000.0,28718412000.0,3485085000.0,22916842000.0,0.314,44.628,-5489504000.0,771557000.0,771557000.0,5023434000.0,-3066962000.0,1.927,0.765,4967323000.0,12656000.0,4954667000.0,4967323000.0,0.0,10573980000.0,0.0,0.008,0.6,-4552025000.0,6021955000.0,0.667,6021955000.0,-4552025000.0,-4754464000.0,-9.2,-9.17,-9.2,14958695000.0,16242918000.0,14958695000.0,28506152420.0,-6.0,4.734,-795688000.0,-2.374,1.0,4005837000.0,0.444,189252000.0,202439000.0,28600086000.0,30106289000.0,571612000.0,67915000.0,67915000.0,0.0,11443232000.0,1808355000.0,9634877000.0,24183650420.0,-237512000.0,-150000000.0,11698000.0,926370000.0,-206186000.0,737901000.0,-5669229000.0,-1000.0,4693816000.0,0.0,-3066962000.0,-3072962000.0,-3072962000.0,0.0,0.0,-0.34,8557862000.0,-4552025000.0,389347000.0,-0.065,1.617,-7.87,-7.842,22290308000.0,6000000.0,72.15,2.678,2.678,1536649000.0,10514200000.0,9029271000.0,9029271000.0,0.0,-0.107,-0.189,-0.151,-0.504,0.0,303656000.0,1.0,335185730.0,335185730,,26.938,26212675000.0,308516000.0,-1687502000.0,2580643000.0,78.203,1676730000.0
49,APA,MRT,2009-03-31,2009-03-31,2009-03-31,2021-09-07,37015000.0,26292804000.0,30087220000.0,3802596000.0,22490208000.0,0.36,44.036,-5520690000.0,589693000.0,589693000.0,5308103000.0,-2066453000.0,1.867,0.784,4912195000.0,17877000.0,4894318000.0,4912195000.0,0.0,10628289000.0,0.0,0.009,0.6,-3017044000.0,7611245000.0,0.702,7611245000.0,-3017044000.0,-3197378000.0,-6.2,-6.2,-6.2,14741150000.0,16631861500.0,14741150000.0,25188316659.0,-8.0,3.309,279122000.0,0.834,1.0,5527981000.0,0.51,189252000.0,180334000.0,28389671000.0,31221883250.0,522434000.0,967668000.0,967668000.0,0.0,11551654000.0,2036383000.0,9515271000.0,21454360659.0,206026000.0,-150000000.0,24963000.0,775959000.0,-205961000.0,618106000.0,-6211892000.0,-792000000.0,5799812000.0,0.0,-2066453000.0,-2072453000.0,-2072453000.0,0.0,0.0,-0.191,8545025000.0,-3017044000.0,388415000.0,-0.097,1.455,-10.352,-10.337,21732262000.0,6000000.0,64.09,1.98,1.98,1291083000.0,10121246000.0,10836084000.0,10836084000.0,0.0,-0.069,-0.125,-0.097,-0.278,0.0,291623000.0,1.0,334753638.0,334753638,,32.37,26103552000.0,259097000.0,-1130925000.0,2493398000.0,77.978,1766213000.0
50,APA,MRT,2008-12-31,2008-12-31,2008-12-31,2021-09-07,21764000.0,29186485000.0,30968037750.0,4450974000.0,24735511000.0,0.4,49.328,-5515000000.0,1195330000.0,1195330000.0,5568000000.0,712000000.0,1.766,0.768,4921573000.0,112598000.0,4808975000.0,4921573000.0,0.0,7850000000.0,0.0,0.009,0.7,1098000000.0,8948000000.0,0.722,8948000000.0,1098000000.0,932000000.0,2.11,2.09,2.11,16508721000.0,16966575750.0,16508721000.0,28288456018.0,26.0,3.161,1550000000.0,4.631,1.0,6822000000.0,0.551,189252000.0,166000000.0,30203041000.0,31912847250.0,498567000.0,791999000.0,791999000.0,0.0,12677764000.0,2520435000.0,10157329000.0,24942972018.0,1055000000.0,-150000000.0,31000000.0,696000000.0,-239000000.0,525000000.0,-6535000000.0,-792000000.0,7065000000.0,0.0,712000000.0,706000000.0,706000000.0,0.0,0.0,0.057,5724000000.0,1098000000.0,548945000.0,0.332,1.511,35.33,35.322,23958517000.0,6000000.0,74.53,2.013,2.013,1356979000.0,11929827000.0,12390000000.0,12390000000.0,0.0,0.023,0.042,0.034,0.089,0.0,289000000.0,1.0,334670227.0,334670227,,37.022,28997233000.0,303203000.0,220000000.0,3166657000.0,86.644,1930539000.0
51,APA,MRT,2008-09-30,2008-09-30,2008-09-30,2021-09-07,-693200000.0,32992432000.0,30830079250.0,4172292000.0,28820140000.0,0.437,56.101,-6200380000.0,1658448000.0,1658448000.0,5527885000.0,4730090000.0,1.431,0.758,5003932000.0,404823000.0,4599109000.0,5003932000.0,0.0,2474019000.0,0.0,0.007,0.7,7549500000.0,10023519000.0,0.744,10023519000.0,7549500000.0,7378757000.0,14.15,14.03,14.15,18763106000.0,16683890250.0,18763106000.0,40375432326.0,5.0,4.028,1628149000.0,4.868,1.0,7944306000.0,0.59,189252000.0,170743000.0,33232358000.0,31999401000.0,479723000.0,12929000.0,12929000.0,0.0,14229326000.0,2916306000.0,11313020000.0,34876573326.0,1533182000.0,984218000.0,44158000.0,-803393000.0,-239067000.0,-948136000.0,-5347211000.0,0.0,7828529000.0,0.0,4730090000.0,4724410000.0,4724410000.0,0.0,0.0,0.351,394806000.0,7549500000.0,702143000.0,0.049,1.859,7.382,7.37,28118818000.0,5680000.0,104.28,2.589,2.589,1680031000.0,14927178000.0,13472191000.0,13472191000.0,0.0,0.153,0.283,0.236,0.56,0.0,293856000.0,1.0,334451221.0,334451221,,40.281,32803180000.0,0.0,2648667000.0,4803380000.0,98.081,1255986000.0
52,APA,MRT,2008-06-30,2008-06-30,2008-06-30,2021-09-07,-1776540000.0,31877159000.0,29494700750.0,4156346000.0,27720813000.0,0.428,49.505,-5810511000.0,1102799000.0,1102799000.0,5276849000.0,4152613000.0,1.008,0.93,6601658000.0,1147914000.0,5453744000.0,6601658000.0,0.0,2473928000.0,0.0,0.005,0.7,6937300000.0,9411228000.0,0.746,9411228000.0,6937300000.0,6739481000.0,12.44,12.34,12.44,16514469000.0,15661312250.0,16514469000.0,50896046158.0,7.0,5.408,1154830000.0,3.462,1.0,7335416000.0,0.582,189252000.0,197819000.0,33062463000.0,31048697000.0,468346000.0,864000.0,864000.0,0.0,15362690000.0,4124303000.0,11238387000.0,46368860158.0,819800000.0,979637000.0,46508000.0,-941888000.0,-238746000.0,-1084788000.0,-5060753000.0,0.0,6965341000.0,0.0,4152613000.0,4146933000.0,4146933000.0,0.0,0.0,0.329,398116000.0,6937300000.0,894411000.0,0.056,2.808,11.181,11.174,26934253000.0,5680000.0,139.0,3.676,3.676,2266357000.0,13788073000.0,12612265000.0,12612265000.0,0.0,0.141,0.265,0.223,0.55,0.0,297700000.0,1.0,333588922.0,333588922,,37.808,31687907000.0,0.0,2586868000.0,4056580000.0,94.991,32043000.0
53,APA,MRT,2008-03-31,2008-03-31,2008-03-31,2021-09-07,-759605000.0,29816075000.0,28258393750.0,3053103000.0,26762972000.0,0.396,48.29,-5573546000.0,611174000.0,611174000.0,5040128000.0,3340922000.0,1.018,0.854,5138360000.0,663149000.0,4475211000.0,5138360000.0,0.0,2437367000.0,0.0,0.006,0.7,5755993000.0,8193360000.0,0.733,8193360000.0,5755993000.0,5533866000.0,10.03,9.95,10.03,16080007000.0,15058992000.0,16080007000.0,45000861810.0,8.0,5.492,848732000.0,2.549,1.0,6144490000.0,0.549,189252000.0,222127000.0,31153527000.0,29910411750.0,490423000.0,448000.0,448000.0,0.0,13736068000.0,3000482000.0,10735586000.0,40231988810.0,266572000.0,979637000.0,44228000.0,-873273000.0,-238393000.0,-1034072000.0,-5121634000.0,0.0,6422278000.0,0.0,3340922000.0,3335242000.0,3335242000.0,0.0,0.0,0.298,388497000.0,5755993000.0,683581000.0,0.07,2.502,12.063,12.046,25865386000.0,5680000.0,120.82,3.597,3.597,1972318000.0,12394428000.0,11184618000.0,11184618000.0,0.0,0.118,0.221,0.192,0.515,0.0,289626000.0,1.0,332991134.0,332991134,,33.588,29626823000.0,0.0,2192944000.0,4108646000.0,88.972,52621000.0
54,APA,MRT,2007-12-31,2007-12-31,2007-12-31,2021-09-07,-520211000.0,28634651000.0,27317826750.0,2752251000.0,25882400000.0,0.366,46.229,-5719090000.0,125823000.0,125823000.0,4735700000.0,2812358000.0,1.033,0.862,4894696000.0,501300000.0,4393396000.0,4894696000.0,0.0,2347791000.0,0.0,0.006,0.6,4892549000.0,7240340000.0,0.724,7240340000.0,4892549000.0,4672612000.0,8.45,8.39,8.45,15377979000.0,14400954000.0,15377979000.0,40667558698.0,8.0,5.617,-41657000.0,-0.125,1.0,5264052000.0,0.526,189252000.0,219937000.0,30549256000.0,28950950750.0,461211000.0,20889000.0,20889000.0,0.0,13256672000.0,2665016000.0,10591656000.0,35772905698.0,-14701000.0,-20363000.0,43961000.0,407040000.0,-204753000.0,253795000.0,-5945929000.0,0.0,5677433000.0,0.0,2812358000.0,2806678000.0,2806678000.0,0.0,0.0,0.281,371503000.0,4892549000.0,617937000.0,0.071,2.326,12.746,12.727,25231593000.0,5680000.0,107.54,3.577,3.577,1936977000.0,11457592000.0,9999752000.0,9999752000.0,0.0,0.103,0.195,0.169,0.489,0.0,275065000.0,1.0,332647440.0,332647440,,30.061,28445399000.0,21077000.0,1860254000.0,3998167000.0,85.512,87235000.0
55,APA,MRT,2007-09-30,2007-09-30,2007-09-30,2021-09-07,-176841000.0,27650918000.0,26236207750.0,2553992000.0,25096926000.0,0.342,44.194,-4931099000.0,111422000.0,111422000.0,4928225000.0,2260676000.0,0.873,0.885,5006075000.0,904832000.0,4101243000.0,5006075000.0,0.0,2237618000.0,0.0,0.007,0.6,4056885000.0,6294503000.0,0.702,6294503000.0,4056885000.0,3903284000.0,6.81,6.75,6.81,14672794000.0,13854222500.0,14672794000.0,34803706084.0,9.0,5.529,-139733000.0,-0.421,1.0,4039182000.0,0.45,189252000.0,153601000.0,29429542000.0,27328346750.0,418752000.0,33866000.0,33866000.0,0.0,12978124000.0,2926777000.0,10051347000.0,29900557084.0,-49500000.0,-1017152000.0,46455000.0,1214559000.0,-204300000.0,1080558000.0,-5921424000.0,0.0,4791366000.0,0.0,2260676000.0,2254996000.0,2254996000.0,0.0,0.0,0.251,-75468000.0,4114650000.0,655476000.0,0.088,2.038,13.26,13.225,24455188000.0,5680000.0,90.06,3.334,3.334,1701230000.0,10436458000.0,8967407000.0,8967407000.0,0.0,0.086,0.163,0.148,0.452,0.0,259755000.0,1.0,332007074.0,332007074,,27.01,27461666000.0,0.0,1642608000.0,3980768000.0,82.714,-372785000.0
56,APA,MRT,2007-06-30,2007-06-30,2007-06-30,2021-09-07,-158180000.0,26931931000.0,25179959500.0,2540659000.0,24391272000.0,0.346,42.593,-4515107000.0,188642000.0,188642000.0,4617694000.0,2294392000.0,0.81,0.909,5091791000.0,1016985000.0,4074806000.0,5091791000.0,0.0,2124364000.0,0.0,0.007,0.55,4034621000.0,6158985000.0,0.706,6158985000.0,4034621000.0,3880313000.0,6.93,6.86,6.93,14105188000.0,13344785000.0,14105188000.0,32062781465.0,8.0,5.206,22496000.0,0.068,1.0,4106236000.0,0.471,189252000.0,154308000.0,28509322000.0,25807702500.0,406024000.0,31548000.0,31548000.0,0.0,12826743000.0,3136506000.0,9690237000.0,27019376465.0,146716000.0,-1146726000.0,33543000.0,1511847000.0,-187407000.0,1378629000.0,-5769516000.0,0.0,4537603000.0,0.0,2294392000.0,2288712000.0,2288712000.0,0.0,0.0,0.262,32938000.0,4073298000.0,607662000.0,0.079,1.916,11.805,11.773,23789528000.0,5680000.0,81.59,3.097,3.097,1686979000.0,9874555000.0,8723930000.0,8723930000.0,0.0,0.091,0.172,0.156,0.462,0.0,252131000.0,1.0,331160393.0,331160393,,26.344,26742679000.0,0.0,1585921000.0,3685527000.0,80.754,-595847000.0
57,APA,MRT,2007-03-31,2007-03-31,2007-03-31,2021-09-07,-193147000.0,26053807000.0,23924815500.0,2371771000.0,23682036000.0,0.347,40.633,-4092414000.0,116468000.0,116468000.0,4221343000.0,2384479000.0,0.66,0.937,5159873000.0,1599740000.0,3560133000.0,5159873000.0,0.0,1974695000.0,0.0,0.007,0.5,3892052000.0,5866747000.0,0.706,5866747000.0,3892052000.0,3750966000.0,7.21,7.14,7.21,13447855000.0,12775961250.0,13447855000.0,27150290213.0,7.0,4.628,240767000.0,0.727,1.0,4091561000.0,0.492,189252000.0,141086000.0,27315683000.0,24214965000.0,373707000.0,21773000.0,21773000.0,0.0,12605952000.0,3592277000.0,9013675000.0,23398761213.0,-387547000.0,-2899732000.0,-131348000.0,2668141000.0,-170742000.0,2397544000.0,-7118272000.0,0.0,4333181000.0,0.0,2384479000.0,2378799000.0,2378799000.0,0.0,0.0,0.286,179460000.0,3912101000.0,636025000.0,0.069,1.74,9.836,9.806,23106507000.0,5680000.0,70.7,2.815,2.815,1616073000.0,9292202000.0,8312904000.0,8312904000.0,0.0,0.099,0.186,0.161,0.468,0.0,233524000.0,1.0,330958433.0,330958433,,25.118,25864555000.0,0.0,1366487000.0,3435532000.0,78.15,-1220506000.0
58,APA,MRT,2006-12-31,2006-12-31,2006-12-31,2021-09-07,-31332000.0,24308175000.0,22411139500.0,2490271000.0,21817904000.0,0.371,40.044,-4135488000.0,140524000.0,140524000.0,3857385000.0,2552451000.0,0.653,0.843,3892053000.0,1872222000.0,2019831000.0,3892053000.0,0.0,1816359000.0,0.0,0.007,0.45,4151481000.0,5967840000.0,0.718,5967840000.0,4151481000.0,4009595000.0,7.72,7.64,7.72,13191053000.0,12228121500.0,13191053000.0,25509399227.0,6.0,4.274,177418000.0,0.539,1.0,4451746000.0,0.536,189252000.0,141886000.0,24058840000.0,22339473000.0,320386000.0,139756000.0,139756000.0,0.0,11117122000.0,3811612000.0,7305510000.0,21909288227.0,-88336000.0,-1490535000.0,-134944000.0,1629697000.0,-154143000.0,1374340000.0,-5775582000.0,0.0,4312906000.0,0.0,2552451000.0,2546771000.0,2546771000.0,0.0,0.0,0.307,300265000.0,4151481000.0,644889000.0,0.058,1.661,8.603,8.615,21346252000.0,5680000.0,66.51,2.637,2.637,1651664000.0,8898577000.0,8309131000.0,8309131000.0,0.0,0.114,0.208,0.186,0.5,0.0,211334000.0,1.0,329413445.0,329413445,,25.224,24118923000.0,0.0,1457144000.0,3621122000.0,73.218,-1321341000.0
59,APA,MRT,2006-09-30,2006-09-30,2006-09-30,2021-09-07,-87453000.0,23425925000.0,21152044750.0,2380231000.0,21045694000.0,0.398,38.376,-3800150000.0,160922000.0,160922000.0,3002794000.0,2819832000.0,0.682,0.854,3761033000.0,1571546000.0,2189487000.0,3761033000.0,0.0,1661656000.0,0.0,0.006,0.4,4583282000.0,6244938000.0,0.741,6244938000.0,4583282000.0,4446476000.0,8.54,8.43,8.54,12635044000.0,11565662000.0,12635044000.0,24533422402.0,5.0,3.929,771036000.0,2.342,1.0,5420980000.0,0.644,189252000.0,136806000.0,23346965000.0,21141736250.0,284998000.0,81459000.0,81459000.0,0.0,10790881000.0,3489819000.0,7301062000.0,20807987402.0,64238000.0,-1477964000.0,-145182000.0,1456345000.0,-137613000.0,1180217000.0,-5687165000.0,0.0,4571186000.0,0.0,2819832000.0,2814152000.0,2814152000.0,0.0,0.0,0.334,852033000.0,4568947000.0,627412000.0,0.047,1.647,7.394,7.4,20637689000.0,5680000.0,63.2,2.47,2.47,1565606000.0,8428774000.0,8423774000.0,8423774000.0,0.0,0.133,0.243,0.217,0.544,0.0,197456000.0,1.0,329240307.0,329240307,,25.585,23236673000.0,158980000.0,1626644000.0,3412707000.0,70.577,-1109588000.0
60,APA,MRT,2006-06-30,2006-06-30,2006-06-30,2021-09-07,-288413000.0,21911355000.0,19758837750.0,2103139000.0,19808216000.0,0.416,35.811,-3685637000.0,41926000.0,41926000.0,2789378000.0,2859763000.0,0.636,0.852,3767361000.0,1507610000.0,2259751000.0,3767361000.0,0.0,1531273000.0,0.0,0.006,0.38,4574130000.0,6105403000.0,0.742,6105403000.0,4574130000.0,4454881000.0,8.66,8.54,8.66,11829893000.0,10835113750.0,11829893000.0,24685113762.0,5.0,4.043,1042760000.0,3.157,1.0,5433967000.0,0.661,189252000.0,119249000.0,22138372000.0,19842561000.0,257987000.0,0.0,0.0,0.0,10081462000.0,3309166000.0,6772296000.0,22545625762.0,-37332000.0,-1343809000.0,-141911000.0,997417000.0,-130976000.0,729666000.0,-5495395000.0,0.0,4728397000.0,0.0,2859763000.0,2854083000.0,2854083000.0,0.0,0.0,0.347,871754000.0,4562213000.0,616862000.0,0.044,1.906,7.899,7.881,19470400000.0,5680000.0,68.25,2.742,2.742,1506322000.0,7832485000.0,8223345000.0,8223345000.0,0.0,0.144,0.263,0.231,0.556,0.0,193722000.0,1.0,330338839.0,330338839,,24.894,21722103000.0,0.0,1595118000.0,2905870000.0,65.757,-1206027000.0
61,APA,MRT,2006-03-31,2006-03-31,2006-03-31,2021-09-07,-293998000.0,19999103000.0,18501144000.0,2357274000.0,17641829000.0,0.428,34.079,-4087962000.0,504015000.0,504015000.0,2650348000.0,2724168000.0,1.104,0.777,2643503000.0,362171000.0,2281332000.0,2643503000.0,0.0,1448846000.0,0.0,0.005,0.36,4494856000.0,5943702000.0,0.75,5943702000.0,4494856000.0,4380936000.0,8.26,8.13,8.26,11256496000.0,10176797500.0,11256496000.0,24010362893.0,5.0,4.04,451420000.0,1.367,1.0,5270710000.0,0.665,189252000.0,113920000.0,19813715000.0,18693769750.0,226761000.0,0.0,0.0,0.0,8742607000.0,2135624000.0,6606983000.0,21638449893.0,382664000.0,409197000.0,23972000.0,-185021000.0,-124197000.0,-296274000.0,-3860444000.0,0.0,4539382000.0,0.0,2724168000.0,2718488000.0,2718488000.0,0.0,0.0,0.343,782225000.0,4488485000.0,669371000.0,0.044,1.922,7.96,7.931,17316527000.0,5680000.0,65.51,2.732,2.732,1446970000.0,7143328000.0,7921058000.0,7921058000.0,0.0,0.147,0.267,0.24,0.567,0.0,193533000.0,1.0,330307585.0,330307585,,23.981,19809851000.0,0.0,1656768000.0,2832733000.0,59.974,221650000.0
62,APA,MRT,2005-12-31,2005-12-31,2005-12-31,2021-09-07,-365608000.0,19271796000.0,17565635250.0,2162077000.0,17109719000.0,0.432,32.012,-3636193000.0,228860000.0,228860000.0,2556417000.0,2623730000.0,0.989,0.828,2600773000.0,256389000.0,2344384000.0,2600773000.0,0.0,1415682000.0,0.0,0.005,0.34,4322577000.0,5738259000.0,0.757,5738259000.0,4322577000.0,4206254000.0,7.96,7.84,7.96,10541215000.0,9518660750.0,10541215000.0,25192880335.0,6.0,4.39,696077000.0,2.114,1.0,5027827000.0,0.663,189252000.0,116323000.0,19267893000.0,18027272000.0,209670000.0,16319000.0,16319000.0,0.0,8730581000.0,2186564000.0,6544017000.0,22563197335.0,117767000.0,0.0,25484000.0,-396162000.0,-117395000.0,-482661000.0,-3731842000.0,0.0,4332270000.0,0.0,2623730000.0,2618050000.0,2618050000.0,0.0,0.0,0.345,705250000.0,4322577000.0,714598000.0,0.043,2.14,8.618,8.608,16791340000.0,5680000.0,68.52,2.975,2.975,1444545000.0,6516863000.0,7584244000.0,7584244000.0,0.0,0.149,0.275,0.24,0.57,0.0,198272000.0,1.0,329293598.0,329293598,,23.032,19082544000.0,0.0,1582524000.0,2875273000.0,57.95,-24487000.0
63,APA,MRT,2005-09-30,2005-09-30,2005-09-30,2021-09-07,-438926000.0,17853097000.0,16623306250.0,1786605000.0,16066492000.0,0.422,29.536,-3945939000.0,96684000.0,96684000.0,2493929000.0,2343936000.0,0.834,0.838,2726367000.0,321008000.0,2405359000.0,2726367000.0,0.0,1382250000.0,0.0,0.004,0.32,3997915000.0,5380165000.0,0.767,5380165000.0,3997915000.0,3818730000.0,7.12,7.0,7.12,9712851000.0,8934462250.0,9712851000.0,27406978694.0,7.0,5.094,125138000.0,0.381,1.0,4523545000.0,0.645,189252000.0,179185000.0,18150264000.0,17350379750.0,198436000.0,0.0,0.0,0.0,8140246000.0,2143264000.0,5996982000.0,24735872694.0,-8840000.0,443913000.0,27779000.0,-542973000.0,-110590000.0,-560118000.0,-3519799000.0,0.0,4071077000.0,0.0,2343936000.0,2338256000.0,2338256000.0,0.0,0.0,0.333,580416000.0,3943129000.0,726646000.0,0.045,2.547,10.579,10.565,15745485000.0,5680000.0,75.22,3.525,3.525,1258387000.0,5763081000.0,7017474000.0,7017474000.0,0.0,0.141,0.262,0.23,0.57,0.0,201833000.0,1.0,328847018.0,328847018,,21.34,17663845000.0,0.0,1474794000.0,2420973000.0,53.714,-356659000.0
64,APA,MRT,2005-06-30,2005-06-30,2005-06-30,2021-09-07,-274279000.0,16880580000.0,15815710750.0,1583275000.0,15297305000.0,0.402,28.022,-3894543000.0,79258000.0,79258000.0,2375998000.0,2087416000.0,0.87,0.836,2750364000.0,409554000.0,2340810000.0,2750364000.0,0.0,1338611000.0,0.0,0.005,0.3,3575195000.0,4913806000.0,0.772,4913806000.0,3575195000.0,3397774000.0,6.35,6.25,6.35,9196628000.0,8424153750.0,9196628000.0,23852339787.0,7.0,4.854,-132895000.0,-0.405,1.0,3987426000.0,0.627,189252000.0,177421000.0,17543207000.0,16708828000.0,186946000.0,0.0,0.0,0.0,7683952000.0,1819227000.0,5864725000.0,21200984787.0,-18222000.0,-348173000.0,41324000.0,286815000.0,-103838000.0,290057000.0,-4069927000.0,0.0,3761648000.0,0.0,2087416000.0,2081736000.0,2081736000.0,0.0,0.0,0.327,463250000.0,3524176000.0,595290000.0,0.047,2.305,10.184,10.173,14993318000.0,5680000.0,64.6,3.332,3.332,1138781000.0,5110451000.0,6363424000.0,6363424000.0,0.0,0.132,0.247,0.214,0.562,0.0,190369000.0,1.0,328188619.0,328188619,,19.39,16691328000.0,0.0,1310358000.0,2277811000.0,50.859,-235952000.0
65,APA,MRT,2005-03-31,2005-03-31,2005-03-31,2021-09-07,-266479000.0,16257068000.0,14908053500.0,1589007000.0,14668061000.0,0.392,26.285,-3304926000.0,142403000.0,142403000.0,2251057000.0,1882912000.0,1.011,0.885,2793758000.0,127827000.0,2665931000.0,2793758000.0,0.0,1275337000.0,0.0,0.005,0.28,3190224000.0,4465561000.0,0.764,4465561000.0,3190224000.0,3017417000.0,5.73,5.65,5.73,8623949000.0,7943544000.0,8623949000.0,22619279425.0,7.0,5.065,110433000.0,0.337,1.0,3593869000.0,0.615,189252000.0,172807000.0,17147724000.0,15867948750.0,172537000.0,0.0,0.0,0.0,7633119000.0,1571447000.0,6061672000.0,20089292425.0,60198000.0,-348173000.0,28473000.0,339805000.0,-97102000.0,334412000.0,-3689573000.0,0.0,3415359000.0,0.0,1882912000.0,1877232000.0,1877232000.0,0.0,0.0,0.321,454208000.0,3139661000.0,567571000.0,0.049,2.329,10.702,10.686,14369453000.0,5680000.0,61.23,3.437,3.437,1116608000.0,4550164000.0,5844926000.0,5844926000.0,0.0,0.126,0.236,0.201,0.546,0.0,177548000.0,1.0,328095581.0,328095581,,17.815,16067816000.0,0.0,1134505000.0,2251108000.0,48.973,17560000.0
66,APA,MRT,2004-12-31,2004-12-31,2004-12-31,2021-09-07,-129482000.0,15502480000.0,14040214000.0,1348782000.0,14153698000.0,0.38,25.131,-2984409000.0,111093000.0,111093000.0,2168791000.0,1668754000.0,1.051,0.89,2641080000.0,21273000.0,2619807000.0,2641080000.0,0.0,1222152000.0,0.0,0.005,0.26,2829856000.0,4052008000.0,0.76,4052008000.0,2829856000.0,2661766000.0,5.1,5.03,5.1,8204421000.0,7505666500.0,8204421000.0,18805075692.0,7.0,4.641,247110000.0,0.757,1.0,3163786000.0,0.593,189252000.0,168090000.0,16560324000.0,15034183000.0,157293000.0,0.0,0.0,0.0,7298059000.0,1282891000.0,6015168000.0,16509653692.0,77590000.0,-348173000.0,34067000.0,261424000.0,-90369000.0,257084000.0,-3411013000.0,0.0,3231519000.0,0.0,1668754000.0,1663074000.0,1663074000.0,0.0,0.0,0.312,384218000.0,2779568000.0,542074000.0,0.051,2.012,9.927,9.916,13860359000.0,5680000.0,50.57,3.096,3.096,939736000.0,4017339000.0,5332577000.0,5332577000.0,0.0,0.118,0.222,0.188,0.531,0.0,173194000.0,1.0,326471301.0,326471301,,16.334,15313228000.0,0.0,993012000.0,2224679000.0,46.905,65891000.0
67,APA,MRT,2004-09-30,2004-09-30,2004-09-30,2021-09-07,-179397000.0,14622715000.0,13268625500.0,1587190000.0,13035525000.0,0.366,23.532,-2219995000.0,550258000.0,550258000.0,2067454000.0,1421940000.0,1.386,0.906,2845680000.0,83898000.0,2761782000.0,2845680000.0,0.0,1189181000.0,0.0,0.005,0.24,2451502000.0,3640683000.0,0.749,3640683000.0,2451502000.0,2287825000.0,4.34,4.3,4.34,7671617000.0,7087760750.0,7671617000.0,18430562046.0,8.0,5.062,727334000.0,2.231,1.0,2795013000.0,0.575,189252000.0,163677000.0,15584057000.0,14336460000.0,137453000.0,0.0,0.0,0.0,6951098000.0,1144828000.0,5806270000.0,16335972046.0,62887000.0,-770086000.0,40327000.0,220845000.0,-83690000.0,174335000.0,-3058777000.0,0.0,2947329000.0,0.0,1421940000.0,1416260000.0,1416260000.0,0.0,0.0,0.291,397264000.0,2397749000.0,440288000.0,0.055,2.129,11.535,11.546,12737292000.0,5680000.0,50.11,3.36,3.36,783681000.0,3532184000.0,4862467000.0,4862467000.0,0.0,0.107,0.2,0.171,0.504,0.0,169248000.0,1.0,326002236.0,326002236,,14.915,14433463000.0,0.0,865885000.0,2006503000.0,44.274,442362000.0
68,APA,MRT,2004-06-30,2004-06-30,2004-06-30,2021-09-07,-153004000.0,13249951000.0,12672958000.0,1157864000.0,12092087000.0,0.36,22.366,-2031150000.0,97480000.0,97480000.0,2029067000.0,1268426000.0,1.187,0.822,2192070000.0,0.0,2192070000.0,2192070000.0,0.0,1168546000.0,0.0,0.005,0.23,2196642000.0,3365188000.0,0.738,3365188000.0,2196642000.0,2025934000.0,3.88,3.84,3.88,7274189000.0,6744127750.0,7274189000.0,16294486471.0,7.0,4.842,749637000.0,2.305,1.0,2530939000.0,0.555,189252000.0,170708000.0,14179690000.0,13863688250.0,127837000.0,0.0,0.0,0.0,5975762000.0,975599000.0,5000163000.0,14163722471.0,56481000.0,0.0,35499000.0,-157501000.0,-80304000.0,-648734000.0,-2075572000.0,0.0,2780787000.0,0.0,1268426000.0,1262746000.0,1262746000.0,0.0,0.0,0.277,388083000.0,2142856000.0,414979000.0,0.059,1.947,11.217,11.224,11815438000.0,5680000.0,43.55,3.106,3.106,811633000.0,3126013000.0,4560006000.0,4560006000.0,0.0,0.1,0.187,0.158,0.482,0.0,165357000.0,1.0,325228989.0,325228989,,14.021,13060699000.0,0.0,757508000.0,1822115000.0,40.158,182265000.0
69,APA,MRT,2004-03-31,2004-03-31,2004-03-31,2021-09-07,-158360000.0,12785710000.0,12334479000.0,987850000.0,11797860000.0,0.355,21.144,-3026831000.0,61153000.0,61153000.0,1987162000.0,1129281000.0,1.08,0.86,2191917000.0,0.0,2191917000.0,2191917000.0,0.0,1145165000.0,0.0,0.005,0.22,2117846000.0,3263011000.0,0.746,3263011000.0,2117846000.0,1945903000.0,3.46,3.42,3.46,6872439000.0,6425461500.0,6872439000.0,16325264012.0,8.0,5.003,-206640000.0,-0.636,1.0,2386467000.0,0.546,189252000.0,171943000.0,13812661000.0,13636870000.0,118686000.0,0.0,0.0,0.0,5913271000.0,914561000.0,4998710000.0,14031801012.0,21195000.0,527610000.0,32577000.0,248006000.0,-76943000.0,-244916000.0,-2554080000.0,0.0,2820191000.0,0.0,1129281000.0,1123601000.0,1123601000.0,0.0,0.0,0.257,318961000.0,2067506000.0,327373000.0,0.064,2.042,12.488,12.477,11532356000.0,5680000.0,43.17,3.208,3.208,704454000.0,2773359000.0,4373629000.0,4373629000.0,0.0,0.091,0.175,0.155,0.484,0.0,156750000.0,1.0,325035928.0,325035928,,13.456,12596458000.0,0.0,816622000.0,1839351000.0,38.754,73289000.0
70,APA,MRT,2003-12-31,2003-12-31,2003-12-31,2021-09-07,-151943000.0,12416126000.0,11856122000.0,899072000.0,11517054000.0,0.353,20.158,-2901181000.0,33503000.0,33503000.0,1833409000.0,1121885000.0,1.096,0.901,2396439000.0,63542000.0,2332897000.0,2396439000.0,0.0,1073286000.0,0.0,0.005,0.21,2117979000.0,3191265000.0,0.762,3191265000.0,2117979000.0,1948889000.0,3.46,3.43,3.46,6532798000.0,6158126750.0,6532798000.0,15612757285.0,7.0,4.892,-195281000.0,-0.603,1.0,2356890000.0,0.562,189252000.0,169090000.0,13769432000.0,13148162500.0,125867000.0,0.0,0.0,0.0,5883328000.0,820378000.0,5062950000.0,13141276285.0,-18383000.0,0.0,588215000.0,167508000.0,-72832000.0,234474000.0,-2958757000.0,0.0,2705900000.0,0.0,1121885000.0,1116205000.0,1116205000.0,0.0,0.0,0.266,310893000.0,2045997000.0,300598000.0,0.061,2.012,11.773,11.72,11260085000.0,5680000.0,40.55,3.136,3.136,639055000.0,2445698000.0,4190299000.0,4190299000.0,0.0,0.094,0.181,0.161,0.505,0.0,138524000.0,1.0,324075864.0,324075864,,12.93,12226874000.0,0.0,827004000.0,1716174000.0,37.728,78694000.0
71,APA,MRT,2003-09-30,2003-09-30,2003-09-30,2021-09-07,-130466000.0,12240045000.0,11117053250.0,869339000.0,11370706000.0,0.347,19.46,-2739031000.0,42637000.0,42637000.0,1679499000.0,1041090000.0,1.048,0.944,2514118000.0,0.0,2514118000.0,2514118000.0,0.0,992852000.0,0.0,0.006,0.2,1961767000.0,2954619000.0,0.766,2954619000.0,1961767000.0,1795312000.0,3.26,3.22,3.26,6297085000.0,5755997250.0,6297085000.0,13527540679.0,7.0,4.578,-288473000.0,-0.891,1.0,2176380000.0,0.564,189252000.0,166455000.0,13692970000.0,12417127750.0,126180000.0,0.0,0.0,0.0,5942960000.0,829304000.0,5113656000.0,11219037679.0,-124834000.0,-280885000.0,582055000.0,350362000.0,-67787000.0,417123000.0,-2992515000.0,84717000.0,2450558000.0,0.0,1041090000.0,1035410000.0,1035410000.0,0.0,0.0,0.269,278378000.0,1898002000.0,284941000.0,0.061,1.782,10.835,10.635,11123304000.0,5680000.0,34.67,2.91,2.91,619508000.0,2204487000.0,3855879000.0,3855879000.0,0.0,0.093,0.18,0.158,0.509,0.0,118855000.0,1.0,323594972.0,323594972,,11.916,12050793000.0,0.0,754222000.0,1625586000.0,37.24,40035000.0
72,APA,MRT,2003-06-30,2003-06-30,2003-06-30,2021-09-07,-164806000.0,11896035000.0,10369219250.0,952458000.0,10943577000.0,0.328,18.563,-2494277000.0,40999000.0,40999000.0,1510063000.0,910657000.0,1.282,0.983,2349502000.0,0.0,2349502000.0,2349502000.0,0.0,908755000.0,0.0,0.006,0.2,1711801000.0,2620556000.0,0.772,2620556000.0,1711801000.0,1555343000.0,2.89,2.86,2.89,5999524000.0,5372016000.0,5999524000.0,12417207332.0,7.0,4.738,-513479000.0,-1.589,1.0,1886464000.0,0.555,189252000.0,156458000.0,13272417000.0,11623377250.0,118272000.0,0.0,0.0,0.0,5896511000.0,742869000.0,5153642000.0,10513801332.0,-90980000.0,-269885000.0,589204000.0,143682000.0,-65988000.0,662618000.0,-2734396000.0,84717000.0,1980798000.0,0.0,910657000.0,904991000.0,904991000.0,0.0,0.0,0.266,232284000.0,1654180000.0,271216000.0,0.069,1.752,11.618,11.256,10705496000.0,5666000.0,32.53,3.095,3.095,698115000.0,1948452000.0,3396527000.0,3396527000.0,0.0,0.087,0.168,0.147,0.504,0.0,109626000.0,1.0,323203238.0,323203238,,10.509,11706783000.0,0.0,644686000.0,1465254000.0,36.221,209589000.0
73,APA,MRT,2003-03-31,2003-03-31,2003-03-31,2021-09-07,-125795000.0,10872282000.0,9686697500.0,998166000.0,9874116000.0,0.31,18.86,-1129424000.0,39958000.0,39958000.0,1370279000.0,812586000.0,1.37,0.874,1943364000.0,0.0,1943364000.0,1943364000.0,0.0,847189000.0,0.0,0.006,0.2,1478655000.0,2325844000.0,0.776,2325844000.0,1478655000.0,1322174000.0,2.62,2.6,2.62,5803100000.0,5047573500.0,5803100000.0,11605636397.0,8.0,4.99,584070000.0,1.898,1.0,1628207000.0,0.543,189252000.0,156481000.0,11857831000.0,10948544250.0,113658000.0,0.0,0.0,0.0,5069182000.0,728605000.0,4340577000.0,9498707397.0,6436000.0,-797495000.0,591083000.0,-334697000.0,-67410000.0,181732000.0,-1888790000.0,84717000.0,1713494000.0,0.0,812586000.0,805259000.0,805259000.0,0.0,0.0,0.269,203883000.0,1424324000.0,315453000.0,0.076,1.637,11.796,11.782,9642951000.0,7327000.0,30.87,3.168,3.168,761342000.0,1722086000.0,2998486000.0,2998486000.0,0.0,0.083,0.16,0.135,0.493,0.0,107067000.0,1.0,307700272.0,307700272,,9.745,10683030000.0,0.0,509588000.0,1313087000.0,34.719,269561000.0
74,APA,MRT,2002-12-31,2002-12-31,2002-12-31,2021-09-07,-112936000.0,9459851000.0,9209708250.0,766781000.0,8693070000.0,0.278,17.102,-1030325000.0,51886000.0,51886000.0,1340349000.0,554329000.0,1.441,0.921,2158815000.0,0.0,2158815000.0,2158815000.0,0.0,843879000.0,0.0,0.007,0.2,1054637000.0,1898516000.0,0.742,1898516000.0,1054637000.0,898970000.0,1.83,1.8,1.83,4924280000.0,4718787750.0,4924280000.0,10200373974.0,10.0,5.373,350393000.0,1.217,1.0,1219524000.0,0.476,189252000.0,155667000.0,10845293000.0,10623179750.0,109204000.0,0.0,0.0,0.0,4535571000.0,532235000.0,4003336000.0,8204662974.0,16261000.0,-269885000.0,32699000.0,-85542000.0,-68879000.0,-128450000.0,-1236007000.0,101723000.0,1380718000.0,0.0,554329000.0,543514000.0,543514000.0,0.0,0.0,0.212,191497000.0,1028027000.0,214288000.0,0.109,1.666,15.096,15.571,8465585000.0,10815000.0,28.495,3.205,3.205,527687000.0,1427607000.0,2559873000.0,2559873000.0,0.0,0.059,0.115,0.099,0.412,0.0,104588000.0,1.0,287933426.0,287933426,,8.891,9270599000.0,0.0,344641000.0,1164865000.0,32.197,234546000.0
75,APA,MRT,2002-09-30,2002-09-30,2002-09-30,2021-09-07,-107914000.0,9248709000.0,9078159500.0,906408000.0,8342301000.0,0.261,16.555,-1046861000.0,167471000.0,167471000.0,1338736000.0,452130000.0,1.687,0.943,2163182000.0,0.0,2163182000.0,2163182000.0,0.0,853245000.0,0.0,0.012,0.368,887366000.0,1740611000.0,0.735,1740611000.0,887366000.0,729437000.0,1.365,1.375,1.365,4761160000.0,4592338500.0,4761160000.0,10622144600.0,12.0,6.103,339444000.0,1.18,1.0,1028042000.0,0.434,189252000.0,157929000.0,10517968000.0,10519636000.0,106060000.0,84810000.0,84810000.0,0.0,4487549000.0,537200000.0,3950349000.0,8548877600.0,99620000.0,-11000000.0,32113000.0,-148330000.0,-92865000.0,-215893000.0,-1070792000.0,29880000.0,1386305000.0,0.0,452130000.0,437827000.0,437827000.0,0.0,0.0,0.185,169910000.0,858132000.0,241479000.0,0.27,1.796,19.526,21.777,8114739000.0,14303000.0,29.725,3.612,3.612,477796000.0,1658081000.0,2366778000.0,2366778000.0,0.0,0.048,0.095,0.084,0.375,0.0,101177000.0,1.0,287598910.0,287598910,,8.229,9059457000.0,0.0,277307000.0,1106154000.0,31.5,369208000.0
76,APA,MRT,2002-06-30,2002-06-30,2002-06-30,2021-09-07,-28517000.0,9165948000.0,9032666000.0,820432000.0,8345516000.0,0.264,17.108,-1205562000.0,131979000.0,131979000.0,1331580000.0,462435000.0,1.737,0.949,2205246000.0,0.0,2205246000.0,2205246000.0,0.0,861478000.0,0.0,0.011,0.318,917765000.0,1779243000.0,0.747,1779243000.0,917765000.0,754483000.0,1.44,1.435,1.44,4701754000.0,4501599000.0,4701754000.0,10142893439.0,11.0,5.701,233444000.0,0.849,1.0,1049926000.0,0.441,193792000.0,163282000.0,10573085000.0,10515588000.0,106074000.0,85364000.0,85364000.0,0.0,4464194000.0,472338000.0,3991856000.0,7898450439.0,2656000.0,-11000000.0,-6616000.0,-432680000.0,-81971000.0,-87637000.0,-1348713000.0,-86857000.0,1439006000.0,0.0,462435000.0,444630000.0,444630000.0,0.0,0.0,0.187,167833000.0,882093000.0,224616000.0,0.221,1.68,17.764,19.958,8111883000.0,17805000.0,28.74,3.317,3.317,429835000.0,1528368000.0,2381506000.0,2381506000.0,0.0,0.049,0.099,0.087,0.385,0.0,98508000.0,1.0,274824302.0,274824302,,8.666,8972156000.0,0.0,292048000.0,1062623000.0,32.647,348094000.0
77,APA,MRT,2002-03-31,2002-03-31,2002-03-31,2021-09-07,-107077000.0,8964325000.0,8982527250.0,725530000.0,8238795000.0,0.281,16.351,-1209453000.0,33522000.0,33522000.0,1307663000.0,521870000.0,1.565,0.997,2277965000.0,0.0,2277965000.0,2277965000.0,0.0,859340000.0,0.0,0.009,0.268,1031465000.0,1890805000.0,0.749,1890805000.0,1031465000.0,860380000.0,1.69,1.66,1.69,4487957000.0,4411245500.0,4487957000.0,10014632863.0,10.0,5.296,258267000.0,0.941,1.0,1217971000.0,0.482,188747000.0,171085000.0,10556373000.0,10487720000.0,101995000.0,85914000.0,85914000.0,0.0,4476368000.0,463648000.0,4012720000.0,7805900863.0,-73313000.0,-11000000.0,-28471000.0,-470652000.0,-67878000.0,-127789000.0,-1413244000.0,-86857000.0,1467720000.0,0.0,521870000.0,502269000.0,502269000.0,0.0,0.0,0.199,230914000.0,987057000.0,192537000.0,0.159,1.739,15.541,16.828,8015924000.0,19601000.0,28.44,3.091,3.091,433726000.0,1398886000.0,2525634000.0,2525634000.0,0.0,0.056,0.114,0.098,0.408,0.0,93686000.0,1.0,274469088.0,274469088,,9.202,8775578000.0,0.0,338510000.0,1002747000.0,31.973,261882000.0
78,APA,MRT,2001-12-31,2001-12-31,2001-12-31,2021-09-07,-101817000.0,8933656000.0,8955519500.0,697749000.0,8235907000.0,0.314,17.727,-1180688000.0,35625000.0,35625000.0,1255334000.0,723399000.0,1.336,1.022,2244357000.0,0.0,2244357000.0,2244357000.0,0.0,820831000.0,0.0,0.009,0.218,1378169000.0,2199000000.0,0.783,2199000000.0,1378169000.0,1199254000.0,2.44,2.37,2.44,4418483000.0,4297447500.0,4418483000.0,8460081747.0,6.0,3.847,724312000.0,2.906,1.0,1554057000.0,0.553,188812000.0,178915000.0,10431118000.0,10447736750.0,102536000.0,102950000.0,102950000.0,0.0,4515173000.0,522458000.0,3992715000.0,6216420747.0,-1548000.0,-922951000.0,-32754000.0,26099000.0,-54492000.0,377789000.0,-2284337000.0,-103863000.0,1905000000.0,0.0,723399000.0,703798000.0,703798000.0,0.0,0.0,0.251,228432000.0,1325625000.0,179778000.0,0.089,1.407,8.833,10.221,8013072000.0,19601000.0,24.94,2.213,2.213,404793000.0,1336478000.0,2809391000.0,2809391000.0,0.0,0.079,0.164,0.132,0.491,0.0,88710000.0,1.0,249255042.0,249255042,,11.271,8744844000.0,0.0,475855000.0,1031753000.0,35.084,175291000.0
79,APA,MRT,2001-09-30,2001-09-30,2001-09-30,2021-09-07,-59535000.0,9066735000.0,8592593000.0,704679000.0,8362056000.0,0.35,17.596,-1151134000.0,67851000.0,67851000.0,1148540000.0,901898000.0,1.143,1.061,2311512000.0,0.0,2311512000.0,2311512000.0,0.0,759357000.0,0.0,0.003,0.07,1677422000.0,2436779000.0,0.811,2436779000.0,1677422000.0,1498153000.0,2.94,2.84,2.94,4398202000.0,4131486750.0,4398202000.0,7882723908.0,5.0,3.235,933077000.0,3.733,1.0,1855824000.0,0.618,192155000.0,179269000.0,10501776000.0,10117379250.0,86596000.0,116312000.0,0.0,116312000.0,4668533000.0,616465000.0,4052068000.0,5374120908.0,40570000.0,-1402420000.0,-27771000.0,347561000.0,-36890000.0,721807000.0,-2765448000.0,-116737000.0,2084211000.0,0.0,901898000.0,882297000.0,882297000.0,0.0,0.0,0.294,238913000.0,1616911000.0,289843000.0,0.024,1.222,6.091,7.313,7951111000.0,19601000.0,21.5,1.789,1.789,436605000.0,1276673000.0,3004364000.0,3004364000.0,0.0,0.103,0.214,0.166,0.558,0.0,92647000.0,1.0,249959112.0,249959112,,12.019,8874580000.0,0.0,596255000.0,994237000.0,35.504,88214000.0
80,APA,MRT,2001-06-30,2001-06-30,2001-06-30,2021-09-07,-16811000.0,8965393000.0,8013643250.0,838008000.0,8127385000.0,0.37,17.305,-964145000.0,129323000.0,129323000.0,1041140000.0,947313000.0,1.03,1.066,2637926000.0,63000000.0,2574926000.0,2637926000.0,0.0,696241000.0,0.0,0.003,0.07,1751603000.0,2447844000.0,0.826,2447844000.0,1751603000.0,1572699000.0,3.205,3.09,3.205,4340340000.0,3906547500.0,4340340000.0,9006180703.0,5.0,3.679,1096055000.0,4.37,1.0,1921820000.0,0.649,198893000.0,178904000.0,10461613000.0,9549471500.0,77452000.0,0.0,0.0,0.0,4625053000.0,813490000.0,3811563000.0,6364398703.0,110326000.0,-1728539000.0,438730000.0,413261000.0,-36928000.0,813047000.0,-2762921000.0,0.0,2060200000.0,0.0,947313000.0,927712000.0,927712000.0,0.0,0.0,0.313,233573000.0,1688247000.0,307543000.0,0.022,1.466,6.86,7.917,7825779000.0,19601000.0,25.375,2.148,2.148,569821000.0,1704692000.0,2962960000.0,2962960000.0,0.0,0.116,0.237,0.183,0.591,0.0,87942000.0,1.0,250813742.0,250813742,,11.813,8766500000.0,0.0,625386000.0,954110000.0,34.952,24518000.0
81,APA,MRT,2001-03-31,2001-03-31,2001-03-31,2021-09-07,-146054000.0,8856294000.0,7325994750.0,816587000.0,8039707000.0,0.362,16.297,-989071000.0,106835000.0,106835000.0,925898000.0,885800000.0,0.903,1.196,2748617000.0,30276000.0,2718341000.0,2748617000.0,0.0,623927000.0,0.0,0.002,0.07,1633855000.0,2257782000.0,0.852,2257782000.0,1633855000.0,1462590000.0,3.085,2.975,3.085,4032765000.0,3545550500.0,4032765000.0,9308974772.0,6.0,4.123,928600000.0,3.753,1.0,1723032000.0,0.65,197200000.0,171265000.0,10396440000.0,8945325750.0,72580000.0,0.0,0.0,0.0,4823529000.0,904436000.0,3919093000.0,7127889772.0,82324000.0,-2043242000.0,463482000.0,792680000.0,-44889000.0,1210144000.0,-3045491000.0,0.0,1917671000.0,0.0,885800000.0,866168000.0,866168000.0,0.0,0.0,0.327,152842000.0,1570190000.0,377518000.0,0.023,1.767,8.229,9.337,7700509000.0,19632000.0,28.805,2.691,2.691,553666000.0,1503824000.0,2648930000.0,2648930000.0,0.0,0.118,0.244,0.183,0.617,0.0,81342000.0,1.0,247453212.0,247453212,,10.705,8659094000.0,0.0,576790000.0,816650000.0,34.993,-87849000.0
82,APA,MRT,2000-12-31,2000-12-31,2000-12-31,2021-09-07,-40232000.0,7481950000.0,6541199250.0,630020000.0,6851930000.0,0.352,15.2,-929305000.0,37173000.0,37173000.0,856871000.0,713056000.0,1.139,0.993,2218258000.0,25000000.0,2193258000.0,2218258000.0,0.0,583546000.0,0.0,0.003,0.101,1364263000.0,1947809000.0,0.846,1947809000.0,1364263000.0,1196142000.0,2.54,2.46,2.54,3754640000.0,3225912750.0,3754640000.0,10589861659.0,8.0,5.437,588063000.0,2.381,1.0,1445107000.0,0.628,0.0,168121000.0,9109688000.0,8177226000.0,54764000.0,0.0,0.0,0.0,3727310000.0,553347000.0,3173963000.0,8653191659.0,24002000.0,-1250816000.0,447576000.0,332450000.0,-52945000.0,723630000.0,-2216996000.0,0.0,1517368000.0,0.0,713056000.0,693068000.0,693068000.0,0.0,0.0,0.301,134788000.0,1310319000.0,259120000.0,0.04,2.305,12.485,13.791,6812462000.0,19988000.0,35.03,3.759,3.759,506723000.0,1226531000.0,2301978000.0,2301978000.0,0.0,0.106,0.215,0.167,0.593,0.0,75615000.0,1.0,247022314.0,247022314,,9.319,7481950000.0,0.0,483086000.0,708956000.0,30.289,76673000.0
83,APA,MRT,2000-09-30,2000-09-30,2000-09-30,2021-09-07,-44094000.0,6750936000.0,6046347500.0,539375000.0,6211561000.0,0.322,15.326,-819343000.0,27281000.0,27281000.0,770949000.0,553414000.0,1.179,0.93,1963951000.0,22675000.0,1941276000.0,1963951000.0,0.0,552226000.0,0.0,0.002,0.061,1093742000.0,1645968000.0,0.845,1645968000.0,1093742000.0,931384000.0,2.23,2.17,2.23,3498445000.0,2954609500.0,3498445000.0,8954336798.0,8.0,5.44,390571000.0,1.711,1.0,1178060000.0,0.604,0.0,162358000.0,8230145000.0,7659404500.0,54930000.0,0.0,0.0,0.0,3252491000.0,457461000.0,2795030000.0,6748668798.0,10607000.0,-1294965000.0,435139000.0,517307000.0,-43674000.0,902072000.0,-2101379000.0,0.0,1209914000.0,0.0,553414000.0,533388000.0,533388000.0,0.0,0.0,0.274,134044000.0,1044016000.0,224926000.0,0.027,1.929,12.652,13.258,6164907000.0,20026000.0,29.565,3.463,3.463,429362000.0,986208000.0,1949009000.0,1949009000.0,0.0,0.088,0.181,0.143,0.561,0.0,65540000.0,1.0,228265476.0,228265476,,8.538,6750936000.0,0.0,377970000.0,564355000.0,29.575,81914000.0
84,APA,MRT,2000-06-30,2000-06-30,2000-06-30,2021-09-07,-28275000.0,6214799000.0,5590497500.0,468152000.0,5746647000.0,0.299,12.735,-665225000.0,18997000.0,18997000.0,730228000.0,423944000.0,1.247,1.146,2224665000.0,31850000.0,2192815000.0,2224665000.0,0.0,517510000.0,0.0,0.003,0.091,872750000.0,1390260000.0,0.832,1390260000.0,872750000.0,720688000.0,1.705,1.675,1.705,2896352000.0,2721470750.0,2896352000.0,8619057491.0,10.0,6.2,356268000.0,1.566,1.0,941089000.0,0.563,0.0,152062000.0,8045030000.0,7105591250.0,51546000.0,0.0,0.0,0.0,3318447000.0,375437000.0,2943010000.0,6687631491.0,-3430000.0,-958870000.0,-7102000.0,667022000.0,-51527000.0,602095000.0,-1627018000.0,0.0,1021493000.0,0.0,423944000.0,403879000.0,403879000.0,0.0,0.0,0.242,115155000.0,825934000.0,183016000.0,0.053,2.309,16.559,17.246,5700010000.0,20065000.0,29.405,4.001,4.001,367843000.0,802229000.0,1671317000.0,1671317000.0,0.0,0.072,0.148,0.123,0.522,0.0,62672000.0,1.0,227431780.0,227431780,,7.349,6214799000.0,0.0,296744000.0,467894000.0,27.326,92715000.0
85,APA,MRT,2000-03-31,2000-03-31,2000-03-31,2021-09-07,-13314000.0,5717112000.0,5260540000.0,387767000.0,5329345000.0,0.272,12.118,-430488000.0,24511000.0,24511000.0,691917000.0,312480000.0,1.195,1.076,1955937000.0,8900000.0,1947037000.0,1955937000.0,0.0,486570000.0,0.0,0.005,0.122,684062000.0,1170632000.0,0.818,1170632000.0,684062000.0,540956000.0,1.235,1.225,1.235,2754214000.0,2624258500.0,2754214000.0,7526259188.0,11.0,6.429,404320000.0,1.779,1.0,739405000.0,0.517,0.0,143106000.0,7324041000.0,6633673750.0,47666000.0,0.0,0.0,0.0,2962898000.0,324497000.0,2638401000.0,5653622188.0,5430000.0,-1408607000.0,427478000.0,408855000.0,-46926000.0,992438000.0,-1821816000.0,0.0,834808000.0,0.0,312480000.0,294187000.0,294187000.0,0.0,0.0,0.206,99579000.0,639826000.0,142968000.0,0.099,2.053,19.218,20.142,5284126000.0,18293000.0,24.875,3.95,3.95,286747000.0,661800000.0,1431322000.0,1431322000.0,0.0,0.056,0.112,0.103,0.478,0.0,58213000.0,1.0,227281294.0,227281294,,6.298,5717112000.0,0.0,228476000.0,411184000.0,25.154,63270000.0
86,APA,MRT,1999-12-31,1999-12-31,1999-12-31,2021-09-07,-8446000.0,5502543000.0,4854142000.0,343068000.0,5159475000.0,0.236,11.699,-436090000.0,13171000.0,13171000.0,633420000.0,200855000.0,1.019,1.061,1885808000.0,6158000.0,1879650000.0,1885808000.0,0.0,442844000.0,0.0,0.007,0.122,477559000.0,920403000.0,0.803,920403000.0,477559000.0,344573000.0,0.785,0.78,0.785,2669427000.0,2384600250.0,2669427000.0,5644204959.0,12.0,6.132,202084000.0,0.886,1.0,513133000.0,0.448,0.0,132986000.0,7038402000.0,6150458250.0,45113000.0,0.0,0.0,0.0,2833116000.0,336778000.0,2496338000.0,4214234959.0,-1366000.0,-1294840000.0,439778000.0,527050000.0,-42264000.0,1130211000.0,-1769751000.0,0.0,638174000.0,0.0,200855000.0,186406000.0,186406000.0,0.0,0.0,0.163,86294000.0,426839000.0,148309000.0,0.155,1.579,22.608,23.529,5115858000.0,14449000.0,18.47,3.676,3.676,259530000.0,558721000.0,1146553000.0,1146553000.0,0.0,0.038,0.078,0.078,0.417,0.0,53894000.0,1.0,228166484.0,228166484,,5.025,5502543000.0,0.0,143718000.0,360324000.0,24.116,6290000.0
87,APA,MRT,1999-09-30,1999-09-30,1999-09-30,2021-09-07,-22784000.0,4927536000.0,4477521750.0,355171000.0,4572365000.0,0.186,11.267,-399561000.0,16674000.0,16674000.0,500566000.0,-55802000.0,1.037,0.92,1446644000.0,24307000.0,1422337000.0,1446644000.0,0.0,648391000.0,0.0,0.007,0.152,67092000.0,715483000.0,0.859,715483000.0,67092000.0,-59699000.0,-0.405,-0.405,-0.405,2565890000.0,2167701750.0,2565890000.0,6453295118.0,96.0,9.019,79925000.0,0.351,1.0,332809000.0,0.399,0.0,126791000.0,6014892000.0,5649485000.0,44935000.0,0.0,0.0,0.0,2361646000.0,342614000.0,2019032000.0,4918079118.0,-42611000.0,-819721000.0,444554000.0,135814000.0,-37200000.0,752039000.0,-1274136000.0,-26147000.0,479486000.0,0.0,-55802000.0,-66725000.0,-66725000.0,0.0,0.0,-0.08,316210000.0,16599000.0,169908000.0,-0.375,1.917,-73.707,-53.321,4531350000.0,10923000.0,21.595,5.901,5.901,272977000.0,474169000.0,833375000.0,833375000.0,0.0,-0.015,-0.031,0.012,0.081,0.0,44390000.0,1.0,227741566.0,227741566,,3.659,4927536000.0,0.0,-3897000.0,332596000.0,21.637,12557000.0
88,APA,MRT,1999-06-30,1999-06-30,1999-06-30,2021-09-07,-23699000.0,4894969000.0,4281711250.0,319061000.0,4575908000.0,0.164,12.817,-426945000.0,22427000.0,22427000.0,494004000.0,-125379000.0,1.169,0.952,1557643000.0,18378000.0,1539265000.0,1557643000.0,0.0,624020000.0,0.0,0.008,0.152,-54422000.0,569598000.0,0.809,569598000.0,-54422000.0,-177901000.0,-0.685,-0.685,-0.685,2507503000.0,2016894500.0,2507503000.0,5343007013.0,-98.0,9.38,-22483000.0,-0.115,1.0,210233000.0,0.299,0.0,123479000.0,6157360000.0,5434998500.0,47481000.0,0.0,0.0,0.0,2387466000.0,272825000.0,2114641000.0,3815006013.0,-66487000.0,-881695000.0,425631000.0,111666000.0,-31303000.0,813849000.0,-1284798000.0,0.0,404462000.0,0.0,-125379000.0,-131939000.0,-131939000.0,0.0,0.0,-0.187,314849000.0,-104616000.0,113044000.0,-0.222,1.521,-28.915,-28.467,4534435000.0,6560000.0,19.5,5.417,5.417,228145000.0,414324000.0,704237000.0,704237000.0,0.0,-0.031,-0.065,-0.01,-0.077,0.0,43029000.0,1.0,195641334.0,195641334,,3.6,4894969000.0,0.0,-52522000.0,300501000.0,25.02,46236000.0
89,APA,MRT,1999-03-31,1999-03-31,1999-03-31,2021-09-07,-29850000.0,4091520000.0,4102458750.0,240420000.0,3851100000.0,0.165,9.18,-582501000.0,19081000.0,19081000.0,513932000.0,-148911000.0,1.053,1.279,1547082000.0,15034000.0,1532048000.0,1547082000.0,0.0,616036000.0,0.0,0.012,0.152,-97918000.0,518118000.0,0.764,518118000.0,-97918000.0,-218925000.0,-0.78,-0.78,-0.78,1795581000.0,1864683000.0,1795581000.0,3892742517.0,-40.0,7.513,-171274000.0,-0.876,1.0,164019000.0,0.242,0.0,121007000.0,5391179000.0,5206436000.0,42236000.0,0.0,0.0,0.0,2295939000.0,228342000.0,2067597000.0,2548521517.0,-100792000.0,-54257000.0,-20367000.0,141951000.0,-29937000.0,190014000.0,-702033000.0,0.0,411227000.0,0.0,-148911000.0,-152335000.0,-152335000.0,0.0,0.0,-0.225,312915000.0,-148896000.0,94361000.0,-0.195,1.419,-16.73,-16.705,3811011000.0,3424000.0,13.03,3.759,3.759,156830000.0,392662000.0,677951000.0,677951000.0,0.0,-0.037,-0.082,-0.019,-0.144,0.0,41095000.0,1.0,195588758.0,195588758,,3.466,4091520000.0,0.0,-70014000.0,270132000.0,20.919,12078000.0
90,APA,MRT,1998-12-31,1998-12-31,1998-12-31,2021-09-07,-33204000.0,3996062000.0,4115034500.0,226970000.0,3769092000.0,0.185,9.216,-505362000.0,14537000.0,14537000.0,564945000.0,-129387000.0,0.742,1.218,1358758000.0,15500000.0,1343258000.0,1358758000.0,0.0,625985000.0,0.0,0.012,0.152,-67860000.0,558125000.0,0.734,558125000.0,-67860000.0,-187563000.0,-0.67,-0.67,-0.67,1801833000.0,1890830750.0,1801833000.0,3725776442.0,-55.0,6.676,-33851000.0,-0.173,1.0,195525000.0,0.257,0.0,119703000.0,5034509000.0,5144028500.0,40948000.0,0.0,0.0,0.0,2194229000.0,305774000.0,1888455000.0,2474231442.0,4851000.0,-48499000.0,-20178000.0,-4244000.0,-28204000.0,45460000.0,-512120000.0,0.0,471511000.0,0.0,-129387000.0,-131391000.0,-131391000.0,0.0,0.0,-0.173,312551000.0,-117026000.0,115111000.0,-0.227,1.373,-18.831,-18.888,3727541000.0,2004000.0,12.655,3.254,3.254,159806000.0,403098000.0,760470000.0,760470000.0,0.0,-0.032,-0.069,-0.013,-0.089,0.0,40731000.0,1.0,195514140.0,195514140,,3.89,3996062000.0,0.0,-58176000.0,270493000.0,20.439,-78804000.0
91,APA,MRT,1998-09-30,1998-09-30,1998-09-30,2021-09-07,-32372000.0,4144294000.0,4150677250.0,282853000.0,3861441000.0,0.24,9.952,-567139000.0,59285000.0,59285000.0,746418000.0,75281000.0,1.184,1.112,1310830000.0,6000000.0,1304830000.0,1310830000.0,0.0,391051000.0,0.0,0.009,0.122,249988000.0,641039000.0,0.643,641039000.0,249988000.0,129356000.0,0.4,0.39,0.4,1962661000.0,1872666750.0,1962661000.0,4000650905.0,16.0,6.241,-1581000.0,-0.008,1.0,250194000.0,0.251,0.0,120632000.0,5156946000.0,5211337250.0,35562000.0,0.0,0.0,0.0,2181633000.0,238893000.0,1942740000.0,2643587905.0,33689000.0,-299852000.0,-17692000.0,227813000.0,-26666000.0,281325000.0,-813194000.0,26147000.0,565558000.0,0.0,75281000.0,74697000.0,74697000.0,0.0,0.0,0.075,45479000.0,204715000.0,117335000.0,0.305,1.347,35.391,33.513,3818290000.0,584000.0,13.405,2.653,2.653,168974000.0,570543000.0,996612000.0,996612000.0,0.0,0.018,0.04,0.048,0.251,0.0,45479000.0,1.0,197209094.0,197209094,,5.054,4144294000.0,0.0,54075000.0,355697000.0,21.015,43960000.0
92,APA,MRT,1998-06-30,1998-06-30,1998-06-30,2021-09-07,-23478000.0,4177959000.0,4046207250.0,369369000.0,3808590000.0,0.262,9.628,-624884000.0,88914000.0,88914000.0,770864000.0,102865000.0,1.265,1.2,1445977000.0,38600000.0,1407377000.0,1445977000.0,0.0,394403000.0,0.0,0.008,0.122,290498000.0,684901000.0,0.645,684901000.0,290498000.0,173482000.0,0.555,0.54,0.555,1898657000.0,1786016750.0,1898657000.0,4391079573.0,15.0,6.411,47967000.0,0.243,1.0,290813000.0,0.274,0.0,117016000.0,5243110000.0,5082741250.0,35951000.0,26994000.0,26994000.0,0.0,2279302000.0,291912000.0,1987390000.0,3105822573.0,74732000.0,-236854000.0,7148000.0,319956000.0,-26086000.0,298654000.0,-896773000.0,13000.0,672851000.0,0.0,102865000.0,102865000.0,102865000.0,0.0,0.0,0.097,40326000.0,250487000.0,140142000.0,0.22,1.636,30.193,28.378,3775429000.0,0.0,15.75,2.925,2.925,204972000.0,574769000.0,1061677000.0,1061677000.0,0.0,0.025,0.058,0.057,0.274,0.0,40326000.0,1.0,197195084.0,197195084,,5.384,4177959000.0,0.0,70617000.0,358994000.0,21.187,77457000.0
93,APA,MRT,1998-03-31,1998-03-31,1998-03-31,2021-09-07,-19421000.0,4141823000.0,3901663000.0,354761000.0,3787062000.0,0.282,9.655,-651514000.0,119873000.0,119873000.0,784547000.0,119375000.0,1.242,1.18,1405130000.0,11800000.0,1393330000.0,1405130000.0,0.0,390470000.0,0.0,0.007,0.122,312325000.0,702795000.0,0.639,702795000.0,312325000.0,200674000.0,0.655,0.635,0.655,1900172000.0,1708514500.0,1900172000.0,5125356579.0,16.0,7.293,-8612000.0,-0.044,1.0,315839000.0,0.287,0.0,111651000.0,5141549000.0,4940343500.0,37895000.0,0.0,0.0,0.0,2241651000.0,285531000.0,1956120000.0,3616462579.0,100000000.0,-299852000.0,8565000.0,387023000.0,-25502000.0,367208000.0,-910110000.0,13000.0,642902000.0,0.0,119375000.0,119375000.0,119375000.0,0.0,0.0,0.108,39067000.0,276772000.0,138596000.0,0.186,1.903,30.295,28.053,3733387000.0,0.0,18.375,3.287,3.287,180707000.0,572435000.0,1100386000.0,1100386000.0,0.0,0.031,0.07,0.063,0.284,0.0,39067000.0,1.0,196814290.0,196814290,,5.591,4141823000.0,0.0,81299000.0,360235000.0,21.044,69230000.0
94,APA,MRT,1997-12-31,1997-12-31,1997-12-31,2021-09-07,-20459000.0,4138633000.0,3739611250.0,348329000.0,3790304000.0,0.315,9.56,-741285000.0,9686000.0,9686000.0,807065000.0,154896000.0,1.013,1.393,1518580000.0,17200000.0,1501380000.0,1518580000.0,0.0,381416000.0,0.0,0.007,0.122,363788000.0,745204000.0,0.634,745204000.0,363788000.0,258640000.0,0.855,0.825,0.855,1729177000.0,1625297500.0,1729177000.0,4458923708.0,12.0,5.983,-17477000.0,-0.097,1.0,369208000.0,0.314,0.0,105148000.0,5303744000.0,4763436250.0,36041000.0,0.0,0.0,0.0,2409456000.0,343783000.0,2065673000.0,3170924708.0,-3475000.0,-299852000.0,11237000.0,355874000.0,-25275000.0,338942000.0,-1066225000.0,13000.0,723808000.0,0.0,154896000.0,154896000.0,154896000.0,0.0,0.0,0.132,38243000.0,330965000.0,178361000.0,0.143,1.834,20.471,20.503,3733185000.0,0.0,17.53,2.696,2.696,224025000.0,561981000.0,1176273000.0,1176273000.0,0.0,0.041,0.095,0.076,0.309,0.0,38243000.0,1.0,180885608.0,180885608,,6.503,4138633000.0,0.0,103744000.0,355619000.0,22.88,4546000.0
95,APA,MRT,1997-09-30,1997-09-30,1997-09-30,2021-09-07,-16966000.0,3726414000.0,3563060500.0,287798000.0,3438616000.0,0.326,8.939,,25596000.0,25596000.0,1019917000.0,,1.017,1.306,1313595000.0,1000000.0,1312595000.0,1313595000.0,0.0,,0.0,0.006,0.122,,,,,,,0.905,0.86,0.905,1616061000.0,1572632250.0,1616061000.0,5215290917.0,,,,,1.0,142141000.0,0.122,89000000.0,100085000.0,4642562000.0,4524329750.0,30191000.0,0.0,0.0,0.0,2110353000.0,282851000.0,1827502000.0,3872873917.0,,,,,,,,,,,,,,,,,36652000.0,105489000.0,148192000.0,0.135,2.396,,23.691,9166725000.0,,21.44,3.333,3.336,220820000.0,523025000.0,1162058000.0,1162058000.0,,,,,,,36652000.0,1.0,180637776.0,180792000,,6.428,3637414000.0,0.0,106787000.0,301685000.0,20.119,4947000.0
96,APA,MRT,1997-06-30,1997-06-30,1997-06-30,2021-09-07,-16466000.0,3599782000.0,,249250000.0,3350532000.0,,8.784,,14182000.0,14182000.0,,,0.928,1.266,1356599000.0,7500000.0,1349099000.0,1356599000.0,0.0,,0.0,0.008,0.122,,,,,,,,,,1588648000.0,,1588648000.0,4161943200.0,,,,,1.0,,,0.0,,4673519000.0,,17664000.0,0.0,0.0,0.0,2011134000.0,268680000.0,1742454000.0,2933130200.0,,,,,,,,,,,,,,,,,,,140219000.0,,1.846,,,3292083000.0,,16.25,,,201431000.0,498571000.0,,,,,,,,,,1.0,180500320.0,180866000,,,3599782000.0,0.0,,291059000.0,19.903,-19430000.0
97,APA,MRT,1997-03-31,1997-03-31,1997-03-31,2021-09-07,-16767000.0,3493616000.0,,248155000.0,3245461000.0,,8.693,,19873000.0,19873000.0,,,0.86,1.229,1248686000.0,0.0,1248686000.0,1248686000.0,0.0,,0.0,0.007,0.122,,,,,,,,,,1567304000.0,,1567304000.0,4246528745.0,,,,,1.0,,,0.0,,4433920000.0,,16047000.0,0.0,0.0,0.0,1926312000.0,288509000.0,1637803000.0,3021983745.0,,,,,,,,,,,,,,,,,,,166631000.0,,1.928,,,3184926000.0,,16.75,,,199166000.0,479147000.0,,,,,,,,,,1.0,180416940.0,180286000,,,3493616000.0,0.0,,281267000.0,19.378,-40354000.0
98,APA,MRT,1996-12-31,1996-12-31,1996-12-31,2021-09-07,-15490000.0,3432430000.0,3056940000.0,268156000.0,3164274000.0,0.32,8.852,-611877000.0,13161000.0,13161000.0,679439000.0,121427000.0,0.866,1.26,1237706000.0,2000000.0,1235706000.0,1237706000.0,0.0,315144000.0,0.0,0.007,0.122,290024000.0,605168000.0,0.619,605168000.0,290024000.0,200195000.0,0.71,0.69,0.71,1518516000.0,1305160500.0,1518516000.0,,,,-121373000.0,-0.707,1.0,297712000.0,0.305,0.0,89829000.0,4347318000.0,3929931000.0,13963000.0,0.0,0.0,0.0,1913914000.0,309657000.0,1604257000.0,3169023551.0,-472000.0,-43294000.0,6447000.0,150130000.0,-23420000.0,127251000.0,-618227000.0,7193000.0,490504000.0,0.0,121427000.0,121427000.0,121427000.0,0.0,0.0,0.124,35911000.0,261801000.0,174941000.0,0.172,2.087,26.098,24.739,3100061000.0,0.0,17.565,3.243,3.084,234646000.0,432588000.0,977151000.0,977151000.0,0.0,0.04,0.093,0.074,0.297,0.0,35911000.0,1.0,180416940.0,171554000,,5.696,3432430000.0,0.0,78768000.0,254789000.0,20.008,-41501000.0
99,APA,MRT,1995-12-31,1995-12-31,1995-12-31,2021-09-07,-15776000.0,2681450000.0,,208336000.0,2473114000.0,,7.604,-903101000.0,13633000.0,13633000.0,600470000.0,20207000.0,0.904,1.456,1075076000.0,3000000.0,1072076000.0,1075076000.0,0.0,297485000.0,0.0,0.008,0.122,121200000.0,418685000.0,0.558,418685000.0,121200000.0,33143000.0,0.14,0.14,0.14,1091805000.0,,1091805000.0,,,,-570978000.0,-3.977,1.0,150232000.0,0.2,0.0,88057000.0,3512544000.0,,9764000.0,0.0,0.0,0.0,1589645000.0,230349000.0,1359296000.0,,-16410000.0,25377000.0,196980000.0,355580000.0,-18915000.0,521571000.0,-870104000.0,2528000.0,332123000.0,0.0,20207000.0,20207000.0,20207000.0,0.0,0.0,0.027,46529000.0,103703000.0,138269000.0,0.871,,,105.357,2401561000.0,0.0,14.75,,2.821,175949000.0,335470000.0,750702000.0,750702000.0,0.0,,,,0.161,0.0,36552000.0,1.0,,143584000,,5.228,2681450000.0,0.0,12936000.0,181575000.0,18.675,-22013000.0
100,APA,MRT,1994-12-31,1994-12-31,1994-12-31,2021-09-07,,,,,,,,-517310000.0,,,445161000.0,45583000.0,,,,,,,,257821000.0,,0.01,0.122,104531000.0,362352000.0,0.611,362352000.0,104531000.0,66693000.0,0.325,,0.325,,,,,,,-159541000.0,-1.144,1.0,147465000.0,0.249,,37838000.0,,,,,,,,,,,-9685000.0,-39262000.0,1210000.0,200561000.0,-17131000.0,183765000.0,-551219000.0,1589000.0,357769000.0,0.0,45583000.0,45583000.0,45583000.0,0.0,0.0,0.077,46029000.0,101436000.0,,0.375,,,38.462,,0.0,12.5,,2.941,,,592626000.0,592626000.0,0.0,,,,0.176,0.0,38729000.0,1.0,,139430000,,4.25,,,21110000.0,,,
