None,ticker,dimension,calendardate,datekey,reportperiod,lastupdated,accoci,assets,assetsavg,assetsc,assetsnc,assetturnover,bvps,capex,cashneq,cashnequsd,cor,consolinc,currentratio,de,debt,debtc,debtnc,debtusd,deferredrev,depamor,deposits,divyield,dps,ebit,ebitda,ebitdamargin,ebitdausd,ebitusd,ebt,eps,epsdil,epsusd,equity,equityavg,equityusd,ev,evebit,evebitda,fcf,fcfps,fxusd,gp,grossmargin,intangibles,intexp,invcap,invcapavg,inventory,investments,investmentsc,investmentsnc,liabilities,liabilitiesc,liabilitiesnc,marketcap,ncf,ncfbus,ncfcommon,ncfdebt,ncfdiv,ncff,ncfi,ncfinv,ncfo,ncfx,netinc,netinccmn,netinccmnusd,netincdis,netincnci,netmargin,opex,opinc,payables,payoutratio,pb,pe,pe1,ppnenet,prefdivis,price,ps,ps1,receivables,retearn,revenue,revenueusd,rnd,roa,roe,roic,ros,sbcomp,sgna,sharefactor,sharesbas,shareswa,shareswadil,sps,tangibles,taxassets,taxexp,taxliabilities,tbvps,workingcapital
0,FRX1,MRY,2014-12-31,2014-03-31,2014-03-31,2021-09-16,12109000.0,12017531000.0,9105459250.0,4123712000.0,7893819000.0,0.401,22.909,-104097000.0,1780036000.0,1780036000.0,760642000.0,165310000.0,2.73,0.949,3000000000.0,0.0,3000000000.0,3000000000.0,0.0,310652000.0,0.0,0.0,0.0,81568000.0,392220000.0,0.108,392220000.0,81568000.0,81568000.0,0.61,0.61,0.61,6165564000.0,5965372250.0,6165564000.0,23879129335.0,293.0,60.882,366806000.0,1.363,1.0,2886257000.0,0.791,6209447000.0,0.0,5517379000.0,3896429750.0,612664000.0,1543155000.0,373014000.0,1170141000.0,5851967000.0,1510669000.0,4341298000.0,25001562335.0,844361000.0,-2900000000.0,163544000.0,3000000000.0,0.0,3142980000.0,-2772098000.0,559702000.0,470903000.0,2576000.0,165310000.0,165310000.0,165310000.0,0.0,0.0,0.045,2774505000.0,111752000.0,221025000.0,0.0,4.055,151.24,151.262,371815000.0,0.0,92.27,6.856,6.809,576854000.0,9220654000.0,3646899000.0,3646899000.0,788276000.0,0.018,0.028,0.021,0.022,69051000.0,1986229000.0,1.0,270960901.0,269129000,272947000.0,13.551,5808084000.0,313237000.0,-83742000.0,1270997000.0,21.581,2613043000.0
1,FRX1,MRY,2013-12-31,2013-03-31,2013-03-31,2021-09-16,10116000.0,7629582000.0,7524591250.0,2947786000.0,4681796000.0,0.411,21.533,-64384000.0,935675000.0,935675000.0,649083000.0,-32103000.0,2.955,0.328,0.0,0.0,0.0,0.0,0.0,147269000.0,0.0,0.0,0.0,-44858000.0,102411000.0,0.033,102411000.0,-44858000.0,-44858000.0,-0.12,-0.12,-0.12,5745255000.0,5736079500.0,5745255000.0,9180549718.0,-205.0,89.644,70730000.0,0.265,1.0,2444919000.0,0.79,2840730000.0,0.0,2855486000.0,2563213750.0,393901000.0,2088622000.0,739198000.0,1349424000.0,1884327000.0,997691000.0,886636000.0,10129452718.0,-643840000.0,0.0,20959000.0,0.0,0.0,22766000.0,-804786000.0,-507325000.0,135114000.0,3066000.0,-32103000.0,-32103000.0,-32103000.0,0.0,0.0,-0.01,2521900000.0,-76981000.0,157349000.0,0.0,1.763,-315.53,-317.0,376960000.0,0.0,38.04,3.274,3.28,478032000.0,9055344000.0,3094002000.0,3094002000.0,963594000.0,-0.004,-0.006,-0.018,-0.014,64725000.0,1558306000.0,1.0,266284246.0,266807000,266807000.0,11.596,4788852000.0,266455000.0,-12755000.0,850556000.0,17.949,1950095000.0
2,FRX1,MRY,2012-12-31,2012-03-31,2012-03-31,2021-09-16,-2934000.0,7491755000.0,7277511500.0,3586195000.0,3905560000.0,0.625,20.752,-80545000.0,1579515000.0,1579515000.0,998087000.0,979058000.0,3.986,0.32,0.0,0.0,0.0,0.0,0.0,121857000.0,0.0,0.0,0.0,1237688000.0,1359545000.0,0.299,1359545000.0,1237688000.0,1237688000.0,3.58,3.57,3.58,5676817000.0,5398554750.0,5676817000.0,7640445083.0,6.0,5.62,1361682000.0,4.978,1.0,3549675000.0,0.781,2817139000.0,0.0,2195315000.0,2384506000.0,298118000.0,1570922000.0,847555000.0,723367000.0,1814938000.0,899786000.0,915152000.0,9211317083.0,-558323000.0,-1262651000.0,-849526000.0,0.0,0.0,-849508000.0,-1141658000.0,670902000.0,1442227000.0,-9384000.0,979058000.0,979058000.0,979058000.0,0.0,0.0,0.215,2350269000.0,1199406000.0,154275000.0,0.0,1.623,9.408,9.69,360020000.0,0.0,34.69,2.025,2.087,471784000.0,9087447000.0,4547762000.0,4547762000.0,796932000.0,0.135,0.181,0.519,0.272,59317000.0,1553337000.0,1.0,265532346.0,273561000,274016000.0,16.624,4674616000.0,246451000.0,258630000.0,860410000.0,17.088,2686409000.0
3,FRX1,MRY,2011-12-31,2011-03-31,2011-03-31,2021-09-16,7996000.0,6922454000.0,6398749000.0,5259673000.0,1662781000.0,0.686,18.893,-38463000.0,2137838000.0,2137838000.0,963981000.0,1046770000.0,5.608,0.259,0.0,0.0,0.0,0.0,0.0,73012000.0,0.0,0.0,0.0,1337736000.0,1410748000.0,0.321,1410748000.0,1337736000.0,1337736000.0,3.6,3.59,3.6,5498880000.0,4982699000.0,5498880000.0,7691716923.0,6.0,5.452,1109498000.0,3.812,1.0,3426151000.0,0.78,740459000.0,0.0,3106299000.0,3108749000.0,451365000.0,2243220000.0,1713303000.0,529917000.0,1423574000.0,937858000.0,485716000.0,9240771923.0,274354000.0,0.0,-505593000.0,0.0,0.0,-506340000.0,-369221000.0,-41357000.0,1147961000.0,1954000.0,1046770000.0,1046770000.0,1046770000.0,0.0,0.0,0.238,2117983000.0,1308168000.0,190767000.0,0.0,1.68,8.828,8.972,319766000.0,0.0,32.3,2.105,2.141,535486000.0,8108389000.0,4390132000.0,4390132000.0,715872000.0,0.164,0.21,0.43,0.305,64242000.0,1402111000.0,1.0,286092010.0,291058000,291175000.0,15.083,6181995000.0,288772000.0,290966000.0,485716000.0,21.24,4321815000.0
4,FRX1,MRY,2010-12-31,2010-03-31,2010-03-31,2021-09-16,3695000.0,6223531000.0,5930334750.0,4579191000.0,1644340000.0,0.701,16.118,-32252000.0,1863484000.0,1863484000.0,924346000.0,682383000.0,4.674,0.273,0.0,0.0,0.0,0.0,0.0,86510000.0,0.0,0.0,0.0,950686000.0,1037196000.0,0.249,1037196000.0,950686000.0,950686000.0,2.25,2.25,2.25,4889907000.0,4698554750.0,4889907000.0,7644266543.0,8.0,7.37,987696000.0,3.256,1.0,3233044000.0,0.778,481707000.0,0.0,2898694000.0,2786161000.0,467769000.0,2201113000.0,1458778000.0,742335000.0,1333624000.0,979646000.0,353978000.0,9482358543.0,524579000.0,0.0,-15283000.0,0.0,0.0,-6415000.0,-529780000.0,-497528000.0,1019948000.0,40826000.0,682383000.0,682383000.0,682383000.0,0.0,0.0,0.164,2317830000.0,915214000.0,130205000.0,0.0,1.939,13.896,13.938,323284000.0,0.0,31.36,2.281,2.288,475653000.0,7061619000.0,4157390000.0,4157390000.0,1053561000.0,0.115,0.145,0.341,0.229,48508000.0,1264269000.0,1.0,302371127.0,303386000,303781000.0,13.703,5741824000.0,333035000.0,268303000.0,353978000.0,18.926,3599545000.0
5,FRX1,MRY,2009-12-31,2009-03-31,2009-03-31,2021-09-16,-47145000.0,5196808000.0,4847171000.0,3785954000.0,1410854000.0,0.794,13.519,-40629000.0,1338905000.0,1338905000.0,816680000.0,767743000.0,4.629,0.263,0.0,0.0,0.0,0.0,0.0,96507000.0,0.0,0.0,0.0,970534000.0,1067041000.0,0.277,1067041000.0,970534000.0,970534000.0,2.52,2.52,2.52,4114591000.0,3939606000.0,4114591000.0,5296466330.0,5.0,4.964,1029170000.0,3.381,1.0,3031692000.0,0.788,512862000.0,0.0,2527213000.0,2488790000.0,393527000.0,1691810000.0,1242017000.0,449793000.0,1082217000.0,817828000.0,264389000.0,6623417330.0,505853000.0,0.0,-333254000.0,0.0,0.0,-330835000.0,-149842000.0,-84213000.0,1069799000.0,-83269000.0,767743000.0,767743000.0,767743000.0,0.0,0.0,0.199,2135568000.0,896124000.0,117192000.0,0.0,1.61,8.627,8.714,345935000.0,0.0,21.96,1.721,1.737,449444000.0,6379236000.0,3848372000.0,3848372000.0,661294000.0,0.158,0.195,0.39,0.252,44103000.0,1474274000.0,1.0,301612811.0,304363000,305121000.0,12.644,4683946000.0,318569000.0,202791000.0,264389000.0,15.389,2968126000.0
6,FRX1,MRY,2008-12-31,2008-03-31,2008-03-31,2021-09-16,34592000.0,4525367000.0,4208410750.0,3036649000.0,1488718000.0,0.886,11.797,-34888000.0,833052000.0,833052000.0,800114000.0,967933000.0,4.971,0.218,0.0,0.0,0.0,0.0,0.0,91747000.0,0.0,0.0,0.0,1210397000.0,1302144000.0,0.349,1302144000.0,1210397000.0,1210397000.0,3.07,3.06,3.07,3715317000.0,3441469250.0,3715317000.0,11668567591.0,10.0,8.961,1158448000.0,3.678,1.0,2927535000.0,0.785,542752000.0,0.0,2538738000.0,2560071750.0,425138000.0,1607597000.0,1073117000.0,534480000.0,810050000.0,610825000.0,199225000.0,12458276591.0,269389000.0,0.0,-329672000.0,0.0,0.0,-327917000.0,-608142000.0,-158254000.0,1193336000.0,12112000.0,967933000.0,967933000.0,967933000.0,0.0,0.0,0.26,1825818000.0,1101717000.0,223720000.0,0.0,3.353,12.871,13.033,350037000.0,0.0,40.01,3.342,3.38,445987000.0,5611493000.0,3727649000.0,3727649000.0,670973000.0,0.23,0.281,0.473,0.325,42257000.0,1154845000.0,1.0,311379070.0,314949000,316412000.0,11.836,3982615000.0,285873000.0,242464000.0,199225000.0,12.645,2425824000.0
7,FRX1,MRY,2007-12-31,2007-03-31,2007-03-31,2021-09-16,21879000.0,3653372000.0,3506302000.0,2422717000.0,1230655000.0,0.959,9.496,-29987000.0,563663000.0,563663000.0,745602000.0,454103000.0,3.86,0.208,0.0,0.0,0.0,0.0,0.0,101143000.0,0.0,0.0,0.0,708844000.0,809987000.0,0.241,809987000.0,708844000.0,708844000.0,1.43,1.41,1.43,3024813000.0,2972526000.0,3024813000.0,15399342224.0,22.0,19.012,857496000.0,2.692,1.0,2615983000.0,0.778,172014000.0,0.0,2290087000.0,2061713750.0,434163000.0,1449343000.0,788951000.0,660392000.0,628559000.0,627608000.0,951000.0,16350644224.0,149084000.0,0.0,-261359000.0,0.0,0.0,-181134000.0,-571315000.0,-541328000.0,887483000.0,14050000.0,454103000.0,454103000.0,454103000.0,0.0,0.0,0.135,1987339000.0,628644000.0,154614000.0,0.0,5.406,36.006,35.972,361086000.0,0.0,51.44,4.864,4.874,382655000.0,4657356000.0,3361585000.0,3361585000.0,941003000.0,0.13,0.153,0.344,0.211,40770000.0,1046336000.0,1.0,317858558.0,318539000,322781000.0,10.553,3481358000.0,254114000.0,254741000.0,140950000.0,10.929,1795109000.0
8,FRX1,MRY,2006-12-31,2006-03-31,2006-03-31,2021-09-16,6762000.0,3119840000.0,3499991500.0,2207187000.0,912653000.0,0.832,8.031,-55017000.0,414579000.0,414579000.0,650996000.0,708514000.0,5.243,0.156,0.0,0.0,0.0,0.0,0.0,93097000.0,0.0,0.0,0.0,869512000.0,962609000.0,0.331,962609000.0,869512000.0,869512000.0,2.11,2.08,2.11,2697809000.0,3027449500.0,2697809000.0,13651941895.0,16.0,14.182,506328000.0,1.507,1.0,2261108000.0,0.776,226750000.0,0.0,2057544000.0,1864199000.0,635719000.0,908015000.0,612899000.0,295116000.0,422031000.0,420967000.0,1064000.0,14544474895.0,-373974000.0,0.0,-1186805000.0,0.0,0.0,-1151494000.0,217898000.0,274312000.0,561345000.0,-1723000.0,708514000.0,708514000.0,708514000.0,0.0,0.0,0.243,1441882000.0,819226000.0,140911000.0,0.0,5.391,20.528,21.152,375660000.0,0.0,44.63,4.994,5.148,366538000.0,4203253000.0,2912104000.0,2912104000.0,410431000.0,0.202,0.234,0.466,0.299,0.0,1031451000.0,1.0,325890094.0,335912000,340321000.0,8.669,2893090000.0,171160000.0,160998000.0,38330000.0,8.613,1786220000.0
9,FRX1,MRY,2005-12-31,2005-03-31,2005-03-31,2021-09-16,9028000.0,3705002000.0,3989208750.0,2708022000.0,996980000.0,0.792,8.606,-89020000.0,1165498000.0,1165498000.0,687510000.0,838805000.0,4.804,0.183,0.0,0.0,0.0,0.0,0.0,56646000.0,0.0,0.0,0.0,1184755000.0,1241401000.0,0.393,1241401000.0,1184755000.0,1184755000.0,2.3,2.25,2.3,3132385000.0,3433077500.0,3132385000.0,11299419353.0,10.0,9.102,782304000.0,2.149,1.0,2472129000.0,0.782,278335000.0,0.0,1697479000.0,1535966000.0,613903000.0,805382000.0,453747000.0,351635000.0,572617000.0,563690000.0,8927000.0,12983561353.0,-303082000.0,0.0,-976055000.0,0.0,0.0,-921395000.0,-251970000.0,-143450000.0,871324000.0,-1041000.0,838805000.0,838805000.0,838805000.0,0.0,0.0,0.265,1287374000.0,1184755000.0,228016000.0,0.0,4.145,15.479,16.065,362028000.0,0.0,36.95,4.109,4.257,323129000.0,3494739000.0,3159639000.0,3159639000.0,293659000.0,0.21,0.244,0.771,0.375,0.0,993715000.0,1.0,351381904.0,363991000,372090000.0,8.681,3426667000.0,135319000.0,345950000.0,86689000.0,9.414,2144332000.0
10,FRX1,MRY,2004-12-31,2004-03-31,2004-03-31,2021-09-16,10324000.0,3862736000.0,3413481500.0,2916234000.0,946502000.0,0.785,8.909,-101511000.0,1091635000.0,1091635000.0,608474000.0,735874000.0,4.822,0.186,0.0,0.0,0.0,0.0,0.0,59558000.0,0.0,0.0,0.0,936822000.0,996380000.0,0.372,996380000.0,936822000.0,936822000.0,2.01,1.95,2.01,3255864000.0,2904613000.0,3255864000.0,24794386522.0,26.0,24.884,526607000.0,1.441,1.0,2071800000.0,0.773,289800000.0,0.0,1876547000.0,1269190000.0,610182000.0,1038877000.0,700987000.0,337890000.0,606872000.0,604754000.0,2118000.0,26341443522.0,144362000.0,0.0,68360000.0,0.0,0.0,68360000.0,-563935000.0,-429665000.0,628118000.0,11819000.0,735874000.0,735874000.0,735874000.0,0.0,0.0,0.275,1134978000.0,936822000.0,159798000.0,0.0,8.09,35.796,35.632,297957000.0,0.0,71.62,9.828,9.765,287618000.0,2655934000.0,2680274000.0,2680274000.0,233916000.0,0.216,0.253,0.738,0.35,0.0,901062000.0,1.0,367794520.0,365447000,376779000.0,7.334,3572936000.0,221458000.0,200948000.0,125510000.0,9.777,2311480000.0
11,FRX1,MRY,2003-12-31,2003-03-31,2003-03-31,2021-09-16,-3429000.0,2918107000.0,2511177750.0,2255333000.0,662774000.0,0.894,6.517,-79574000.0,1265508000.0,1265508000.0,504922000.0,621988000.0,3.996,0.241,0.0,0.0,0.0,0.0,0.0,51561000.0,0.0,0.0,0.0,820569000.0,872130000.0,0.388,872130000.0,820569000.0,820569000.0,1.72,1.66,1.72,2351818000.0,2050121250.0,2351818000.0,18344334538.0,22.0,21.034,648811000.0,1.798,1.0,1740884000.0,0.775,294136000.0,0.0,794066000.0,811343500.0,452886000.0,290977000.0,176338000.0,114639000.0,566289000.0,564397000.0,1892000.0,19591267538.0,687492000.0,0.0,39895000.0,0.0,0.0,39895000.0,-99659000.0,23875000.0,728385000.0,18871000.0,621988000.0,621988000.0,621988000.0,0.0,0.0,0.277,920315000.0,820569000.0,151719000.0,0.0,8.33,31.498,31.378,217998000.0,0.0,53.97,8.723,8.672,192067000.0,1920060000.0,2245806000.0,2245806000.0,204883000.0,0.248,0.303,1.011,0.365,0.0,715432000.0,1.0,363002919.0,360874000,373702000.0,6.223,2623971000.0,174584000.0,198581000.0,169330000.0,7.271,1690936000.0
12,FRX1,MRY,2002-12-31,2002-03-31,2002-03-31,2021-09-16,-23290000.0,1951873000.0,1751883000.0,1195112000.0,756761000.0,0.914,4.573,-36446000.0,459861000.0,459861000.0,371061000.0,337954000.0,3.678,0.201,0.0,0.0,0.0,0.0,0.0,54628000.0,0.0,0.0,0.0,470178000.0,524806000.0,0.328,524806000.0,470178000.0,470178000.0,0.95,0.91,0.95,1625089000.0,1460078250.0,1625089000.0,14145716190.0,30.0,26.954,390038000.0,1.097,1.0,1230763000.0,0.768,280279000.0,0.0,886765000.0,737565000.0,348215000.0,433007000.0,151660000.0,281347000.0,326784000.0,324968000.0,1816000.0,14595341190.0,80312000.0,0.0,31195000.0,0.0,0.0,31195000.0,-374323000.0,-306832000.0,426484000.0,-3044000.0,337954000.0,337954000.0,337954000.0,0.0,0.0,0.211,760585000.0,470178000.0,79396000.0,0.0,8.981,43.187,43.0,159039000.0,0.0,40.85,9.112,9.063,116290000.0,1298072000.0,1601824000.0,1601824000.0,157794000.0,0.193,0.231,0.637,0.294,0.0,602791000.0,1.0,357291094.0,355390000,370484000.0,4.507,1671594000.0,119807000.0,132224000.0,83138000.0,4.704,870144000.0
13,FRX1,MRY,2001-12-31,2001-03-31,2001-03-31,2021-09-16,-19573000.0,1446930000.0,1294123500.0,884149000.0,562781000.0,0.931,3.501,-30872000.0,379549000.0,379549000.0,284079000.0,215096000.0,3.954,0.184,0.0,0.0,0.0,0.0,0.0,10623000.0,0.0,0.0,0.0,298727000.0,309350000.0,0.257,309350000.0,298727000.0,298727000.0,0.62,0.59,0.62,1222114000.0,1106842000.0,1222114000.0,10017557341.0,34.0,32.383,149384000.0,0.428,1.0,921095000.0,0.764,289552000.0,0.0,554211000.0,473937250.0,263957000.0,126175000.0,25724000.0,100451000.0,224816000.0,223618000.0,1198000.0,10436605341.0,76949000.0,0.0,49900000.0,0.0,0.0,49900000.0,-148438000.0,-73536000.0,180256000.0,-4769000.0,215096000.0,215096000.0,215096000.0,0.0,0.0,0.178,622368000.0,298727000.0,41921000.0,0.0,8.54,48.521,47.774,136909000.0,0.0,29.62,8.66,8.579,115591000.0,960118000.0,1205174000.0,1205174000.0,105706000.0,0.166,0.194,0.63,0.248,0.0,516662000.0,1.0,352349944.0,349056000,365968000.0,3.453,1157378000.0,100591000.0,83631000.0,43757000.0,3.316,660531000.0
14,FRX1,MRY,2000-12-31,2000-03-31,2000-03-31,2021-09-16,-14312000.0,1128881000.0,996338750.0,676472000.0,452409000.0,0.903,2.64,-135553000.0,302600000.0,302600000.0,215651000.0,112688000.0,2.792,0.276,0.0,0.0,0.0,0.0,0.0,40644000.0,0.0,0.0,0.0,157447000.0,198091000.0,0.22,198091000.0,157447000.0,157447000.0,0.335,0.32,0.335,884690000.0,824681250.0,884690000.0,6913723896.0,44.0,34.902,60672000.0,0.181,1.0,683650000.0,0.76,278267000.0,0.0,305685000.0,308376750.0,177798000.0,52638000.0,35019000.0,17619000.0,244191000.0,242329000.0,1862000.0,7139469896.0,101632000.0,0.0,19296000.0,0.0,0.0,19296000.0,-110196000.0,25357000.0,196225000.0,-3693000.0,112688000.0,112688000.0,112688000.0,0.0,0.0,0.125,526203000.0,157447000.0,71976000.0,0.0,8.07,63.356,63.06,117016000.0,0.0,21.125,7.939,7.872,91809000.0,745022000.0,899301000.0,899301000.0,70292000.0,0.113,0.137,0.511,0.175,0.0,455911000.0,1.0,337963072.0,335132000,351780000.0,2.683,850614000.0,80324000.0,44759000.0,46453000.0,2.538,434143000.0
15,FRX1,MRY,1999-12-31,1999-03-31,1999-03-31,2021-09-16,-7175000.0,875097000.0,785792750.0,502361000.0,372736000.0,0.794,2.282,-29166000.0,200968000.0,200968000.0,136477000.0,77173000.0,3.866,0.177,0.0,0.0,0.0,0.0,0.0,21264000.0,0.0,0.0,0.0,110803000.0,132067000.0,0.212,132067000.0,110803000.0,110803000.0,0.235,0.225,0.235,743512000.0,671335000.0,743512000.0,4495537936.0,41.0,34.04,17195000.0,0.053,1.0,487511000.0,0.781,211420000.0,0.0,332749000.0,301431750.0,132675000.0,77995000.0,40780000.0,37215000.0,131585000.0,129960000.0,1625000.0,4661179936.0,51315000.0,0.0,32581000.0,0.0,0.0,32581000.0,-27214000.0,1952000.0,46361000.0,-413000.0,77173000.0,77173000.0,77173000.0,0.0,0.0,0.124,376708000.0,110803000.0,66673000.0,0.0,6.269,60.399,59.973,91196000.0,0.0,14.094,7.47,7.358,57294000.0,632334000.0,623988000.0,623988000.0,51641000.0,0.098,0.115,0.368,0.178,0.0,325067000.0,1.0,330726736.0,325780000,343824000.0,1.915,663677000.0,79690000.0,33630000.0,26798000.0,2.037,372401000.0
16,FRX1,MRY,1998-12-31,1998-03-31,1998-03-31,2021-09-16,-4530000.0,744323000.0,722302000.0,371647000.0,372676000.0,0.657,1.898,-6376000.0,149653000.0,149653000.0,104412000.0,36697000.0,2.861,0.212,0.0,0.0,0.0,0.0,0.0,20056000.0,0.0,0.0,0.0,54772000.0,74828000.0,0.158,74828000.0,54772000.0,54772000.0,0.113,0.11,0.113,614161000.0,610038750.0,614161000.0,2852837075.0,52.0,38.125,94994000.0,0.294,1.0,370292000.0,0.78,213937000.0,0.0,250844000.0,327164000.0,82718000.0,79947000.0,32199000.0,47748000.0,130162000.0,129889000.0,273000.0,3012309075.0,-13189000.0,0.0,-56279000.0,0.0,0.0,-54943000.0,-59505000.0,-53129000.0,101370000.0,-111000.0,36697000.0,36697000.0,36697000.0,0.0,0.0,0.077,315520000.0,54772000.0,30409000.0,0.0,4.905,82.086,82.965,81450000.0,0.0,9.375,6.346,6.391,41464000.0,555161000.0,474704000.0,474704000.0,79150000.0,0.051,0.06,0.167,0.115,0.0,236370000.0,1.0,321312968.0,323624000,333700000.0,1.467,530386000.0,74746000.0,18075000.0,28755000.0,1.639,241758000.0
17,FRX1,MRY,1997-12-31,1997-03-31,1997-03-31,2021-09-16,0.0,700281000.0,799821000.0,359630000.0,340651000.0,0.386,1.821,-9655000.0,0.0,0.0,85874000.0,-23541000.0,4.89,0.118,0.0,0.0,0.0,0.0,0.0,19185000.0,0.0,0.0,0.0,-38999000.0,-19814000.0,-0.064,-19814000.0,-38999000.0,-38999000.0,-0.068,-0.068,-0.068,626399000.0,717958000.0,626399000.0,1415774553.0,-36.0,-71.453,123695000.0,0.36,1.0,223187000.0,0.722,223253000.0,0.0,403484000.0,447780000.0,92539000.0,26818000.0,9401000.0,17417000.0,73882000.0,73544000.0,338000.0,1549389553.0,79299000.0,0.0,5643000.0,0.0,0.0,-161929000.0,105902000.0,137817000.0,133350000.0,1966000.0,-23541000.0,-23541000.0,-23541000.0,0.0,0.0,-0.076,262186000.0,-38999000.0,22311000.0,0.0,2.473,-65.817,-69.164,83324000.0,0.0,4.703,5.013,5.236,21896000.0,518464000.0,309061000.0,309061000.0,40689000.0,-0.029,-0.033,-0.087,-0.126,0.0,221497000.0,1.0,329437960.0,344072000,344072000.0,0.898,477028000.0,70587000.0,-15458000.0,14595000.0,1.386,286086000.0
18,FRX1,MRY,1996-12-31,1996-03-31,1996-03-31,2021-09-16,0.0,899361000.0,,470612000.0,428749000.0,,2.233,-11645000.0,83543000.0,83543000.0,90485000.0,104245000.0,5.254,0.111,0.0,0.0,0.0,0.0,0.0,16519000.0,0.0,0.0,0.0,162375000.0,178894000.0,0.389,178894000.0,162375000.0,162375000.0,0.287,0.28,0.287,809517000.0,,809517000.0,,,,-17407000.0,-0.048,1.0,369459000.0,0.803,234171000.0,0.0,492076000.0,,58949000.0,138236000.0,40164000.0,98072000.0,89844000.0,89571000.0,273000.0,,-24068000.0,-76328000.0,8056000.0,0.0,0.0,9381000.0,-26042000.0,106407000.0,-5762000.0,-1645000.0,104245000.0,104245000.0,104245000.0,0.0,0.0,0.227,207084000.0,162375000.0,13994000.0,0.0,,,21.233,79357000.0,0.0,6.094,,4.803,254708000.0,542005000.0,459944000.0,459944000.0,34197000.0,,,,0.353,0.0,172887000.0,1.0,,362512000,371488000.0,1.269,665190000.0,27809000.0,58130000.0,25518000.0,1.835,381041000.0
19,FRX1,MRY,1995-12-31,1995-03-31,1995-03-31,2021-09-16,,,,,,,,-22230000.0,,,75794000.0,100149000.0,,,,,,,,14051000.0,,0.0,0.0,156146000.0,170197000.0,0.42,170197000.0,156146000.0,156146000.0,0.269,0.268,0.269,,,,,,,43013000.0,0.115,1.0,329035000.0,0.813,,0.0,,,,,,,,,,,-73483000.0,0.0,15119000.0,0.0,0.0,25428000.0,-166750000.0,-122233000.0,65243000.0,2596000.0,100149000.0,100149000.0,100149000.0,0.0,0.0,0.247,172889000.0,156146000.0,,0.0,,,22.131,,0.0,5.953,,5.492,,,404829000.0,404829000.0,32010000.0,,,,0.386,0.0,140879000.0,1.0,,373456000,374144000.0,1.084,,,55997000.0,,,
0,FRX1,MRQ,2014-03-31,2014-03-31,2014-03-31,2021-09-16,12109000.0,12017531000.0,,4123712000.0,7893819000.0,,22.721,-41915000.0,1780036000.0,1780036000.0,249287000.0,54084000.0,2.73,0.949,3000000000.0,0.0,3000000000.0,3000000000.0,0.0,167986000.0,0.0,0.0,0.0,-70650000.0,97336000.0,0.089,97336000.0,-70650000.0,-70650000.0,0.2,0.2,0.2,6165564000.0,,6165564000.0,23879129335.0,293.0,60.882,98116000.0,0.362,1.0,842991000.0,0.772,6209447000.0,0.0,5517379000.0,,612664000.0,1543155000.0,373014000.0,1170141000.0,5851967000.0,1510669000.0,4341298000.0,25001562335.0,-542397000.0,-2900000000.0,86783000.0,1800000000.0,0.0,1876983000.0,-2555401000.0,620486000.0,140031000.0,-4010000.0,54084000.0,54084000.0,54084000.0,0.0,0.0,0.05,870809000.0,-27818000.0,221025000.0,0.0,4.055,151.24,151.262,371815000.0,0.0,92.27,6.856,6.809,576854000.0,9220654000.0,1092278000.0,1092278000.0,191988000.0,,,,,10437000.0,678821000.0,1.0,270960901.0,271361000,279292000.0,4.025,5808084000.0,313237000.0,-124734000.0,1270997000.0,21.404,2613043000.0
1,FRX1,MRQ,2013-12-31,2013-12-31,2013-12-31,2021-09-16,3887000.0,9058742000.0,,4293118000.0,4765624000.0,,22.24,-25635000.0,2322433000.0,2322433000.0,182270000.0,17961000.0,4.128,0.511,1200000000.0,0.0,1200000000.0,1200000000.0,0.0,49538000.0,0.0,0.0,0.0,22322000.0,71860000.0,0.082,71860000.0,22322000.0,22322000.0,0.07,0.07,0.07,5993331000.0,,5993331000.0,15252134053.0,83.0,41.812,177299000.0,0.658,1.0,696126000.0,0.792,2785170000.0,0.0,4111109000.0,,438002000.0,2165489000.0,701671000.0,1463818000.0,3065411000.0,1040030000.0,2025381000.0,16172588053.0,1401979000.0,0.0,24399000.0,1200000000.0,0.0,1213218000.0,-17784000.0,14782000.0,202934000.0,3611000.0,17961000.0,17961000.0,17961000.0,0.0,0.0,0.02,674487000.0,21639000.0,77467000.0,0.0,2.698,103.228,101.746,395573000.0,0.0,60.03,4.801,4.802,369881000.0,9166570000.0,878396000.0,878396000.0,219506000.0,,,,,24086000.0,454981000.0,1.0,269408430.0,269481000,272901000.0,3.26,6273572000.0,274980000.0,4361000.0,785478000.0,23.28,3253088000.0
2,FRX1,MRQ,2013-09-30,2013-09-30,2013-09-30,2021-09-16,672000.0,7736966000.0,,3002061000.0,4734905000.0,,22.032,-21432000.0,920454000.0,920454000.0,163718000.0,69987000.0,3.023,0.308,0.0,0.0,0.0,0.0,0.0,46996000.0,0.0,0.0,0.0,91615000.0,138611000.0,0.164,138611000.0,91615000.0,91615000.0,0.26,0.26,0.26,5916383000.0,,5916383000.0,10651480364.0,-452.0,72.97,134702000.0,0.502,1.0,683736000.0,0.807,2820140000.0,0.0,3003307000.0,,487793000.0,2180751000.0,757357000.0,1423394000.0,1820583000.0,993065000.0,827518000.0,11486470364.0,85464000.0,0.0,29179000.0,0.0,0.0,29479000.0,-105832000.0,-51917000.0,156134000.0,5683000.0,69987000.0,69987000.0,69987000.0,0.0,0.0,0.083,599922000.0,83814000.0,66573000.0,0.0,1.941,-770.904,-713.167,384421000.0,0.0,42.79,3.582,3.584,431344000.0,9148609000.0,847454000.0,847454000.0,191358000.0,,,,,19868000.0,408564000.0,1.0,268438195.0,268540000,270825000.0,3.156,4916826000.0,274919000.0,21628000.0,788153000.0,18.309,2008996000.0
3,FRX1,MRQ,2013-06-30,2013-06-30,2013-06-30,2021-09-16,-10166000.0,7608598000.0,,2997606000.0,4610992000.0,,21.662,-15115000.0,834990000.0,834990000.0,165367000.0,23278000.0,2.998,0.315,0.0,0.0,0.0,0.0,0.0,46132000.0,0.0,0.0,0.0,38281000.0,84413000.0,0.102,84413000.0,38281000.0,38281000.0,0.09,0.09,0.09,5786211000.0,,5786211000.0,9997789465.0,-122.0,131.329,-43311000.0,-0.162,1.0,663404000.0,0.8,2819889000.0,0.0,2953924000.0,,459847000.0,2124854000.0,819148000.0,1305706000.0,1822387000.0,999795000.0,822592000.0,10933464465.0,-100685000.0,0.0,23183000.0,0.0,0.0,23300000.0,-93081000.0,-23649000.0,-28196000.0,-2708000.0,23278000.0,23278000.0,23278000.0,0.0,0.0,0.028,629287000.0,34117000.0,142418000.0,0.0,1.89,-170.542,-170.833,378627000.0,0.0,41.0,3.521,3.527,494003000.0,9078622000.0,828771000.0,828771000.0,185424000.0,,,,,14660000.0,443863000.0,1.0,266669865.0,267115000,268420000.0,3.103,4788709000.0,287705000.0,15003000.0,784509000.0,17.928,1997811000.0
4,FRX1,MRQ,2013-03-31,2013-03-31,2013-03-31,2021-09-16,10116000.0,7629582000.0,,2947786000.0,4681796000.0,,21.572,-13827000.0,935675000.0,935675000.0,177826000.0,45443000.0,2.955,0.328,0.0,0.0,0.0,0.0,0.0,39078000.0,0.0,0.0,0.0,30818000.0,69896000.0,0.086,69896000.0,30818000.0,30818000.0,0.17,0.17,0.17,5745255000.0,,5745255000.0,9180549718.0,-205.0,89.644,30986000.0,0.116,1.0,636000000.0,0.781,2840730000.0,0.0,2855486000.0,,393901000.0,2088622000.0,739198000.0,1349424000.0,1884327000.0,997691000.0,886636000.0,10129452718.0,-13228000.0,0.0,12071000.0,0.0,0.0,12011000.0,-65369000.0,-51542000.0,44813000.0,-4683000.0,45443000.0,45443000.0,45443000.0,0.0,0.0,0.056,613027000.0,22973000.0,157349000.0,0.0,1.763,-315.53,-317.0,376960000.0,0.0,38.04,3.274,3.28,478032000.0,9055344000.0,813826000.0,813826000.0,240299000.0,,,,,11466000.0,372728000.0,1.0,266284246.0,266327000,266327000.0,3.056,4788852000.0,266455000.0,-14625000.0,850556000.0,17.981,1950095000.0
5,FRX1,MRQ,2012-12-31,2012-12-31,2012-12-31,2021-09-16,1697000.0,7485310000.0,,2876855000.0,4608455000.0,,21.307,-12749000.0,948903000.0,948903000.0,153311000.0,-153608000.0,3.041,0.321,0.0,0.0,0.0,0.0,0.0,37342000.0,0.0,0.0,0.0,-184291000.0,-146949000.0,-0.205,-146949000.0,-184291000.0,-184291000.0,-0.58,-0.58,-0.58,5667916000.0,,5667916000.0,8098342133.0,59.0,28.795,-39140000.0,-0.147,1.0,562970000.0,0.786,2868769000.0,0.0,2721648000.0,,381846000.0,2022059000.0,771002000.0,1251057000.0,1817394000.0,945990000.0,871404000.0,9395799133.0,-348554000.0,0.0,789000.0,0.0,0.0,2633000.0,-333871000.0,-238422000.0,-26391000.0,9075000.0,-153608000.0,-153608000.0,-153608000.0,0.0,0.0,-0.214,753670000.0,-190700000.0,77582000.0,0.0,1.658,81.613,82.14,376045000.0,0.0,35.32,2.827,2.827,397909000.0,9009901000.0,716281000.0,716281000.0,325290000.0,,,,,24844000.0,428380000.0,1.0,266019228.0,266018000,266018000.0,2.693,4616541000.0,267969000.0,-30683000.0,846185000.0,17.354,1930865000.0
6,FRX1,MRQ,2012-09-30,2012-09-30,2012-09-30,2021-09-16,-5281000.0,7537462000.0,,3271819000.0,4265643000.0,,21.715,-19303000.0,1297457000.0,1297457000.0,149723000.0,20777000.0,3.804,0.302,0.0,0.0,0.0,0.0,0.0,35582000.0,0.0,0.0,0.0,33186000.0,68768000.0,0.092,68768000.0,33186000.0,33186000.0,0.08,0.08,0.08,5787069000.0,,5787069000.0,7843831429.0,12.0,9.625,6844000.0,0.026,1.0,596571000.0,0.799,2894163000.0,0.0,2485769000.0,,342111000.0,1787179000.0,818621000.0,968558000.0,1750393000.0,860073000.0,890320000.0,9461357429.0,-320069000.0,0.0,5415000.0,0.0,0.0,5426000.0,-354196000.0,-184516000.0,26147000.0,2554000.0,20777000.0,20777000.0,20777000.0,0.0,0.0,0.028,577728000.0,18843000.0,74942000.0,0.0,1.635,17.291,17.371,375038000.0,0.0,35.61,2.488,2.495,419708000.0,9163509000.0,746294000.0,746294000.0,202839000.0,,,,,15467000.0,374889000.0,1.0,265693834.0,266503000,267169000.0,2.8,4643299000.0,256533000.0,12409000.0,865101000.0,17.423,2411746000.0
7,FRX1,MRQ,2012-06-30,2012-06-30,2012-06-30,2021-09-16,-6602000.0,7446011000.0,,3555380000.0,3890631000.0,,21.402,-18505000.0,1617526000.0,1617526000.0,168223000.0,55285000.0,4.203,0.296,0.0,0.0,0.0,0.0,0.0,35267000.0,0.0,0.0,0.0,75429000.0,110696000.0,0.135,110696000.0,75429000.0,75429000.0,0.21,0.21,0.21,5744078000.0,,5744078000.0,7716942025.0,8.0,7.033,72040000.0,0.268,1.0,649378000.0,0.794,2792638000.0,0.0,2189952000.0,,289297000.0,1604746000.0,878749000.0,725997000.0,1701933000.0,845895000.0,856038000.0,9296457025.0,38011000.0,0.0,2684000.0,0.0,0.0,2696000.0,-51350000.0,-32845000.0,90545000.0,-3880000.0,55285000.0,55285000.0,55285000.0,0.0,0.0,0.068,577475000.0,71903000.0,138577000.0,0.0,1.618,11.977,12.149,366992000.0,0.0,34.99,2.203,2.225,417961000.0,9142732000.0,817601000.0,817601000.0,195166000.0,,,,,12948000.0,382309000.0,1.0,265688969.0,268389000,268972000.0,3.046,4653373000.0,251871000.0,20144000.0,830819000.0,17.338,2709485000.0
8,FRX1,MRQ,2012-03-31,2012-03-31,2012-03-31,2021-09-16,-2934000.0,7491755000.0,,3586195000.0,3905560000.0,,21.179,-30618000.0,1579515000.0,1579515000.0,217574000.0,192672000.0,3.986,0.32,0.0,0.0,0.0,0.0,0.0,35021000.0,0.0,0.0,0.0,213701000.0,248722000.0,0.238,248722000.0,213701000.0,213701000.0,0.72,0.72,0.72,5676817000.0,,5676817000.0,7640445083.0,6.0,5.62,410623000.0,1.532,1.0,826182000.0,0.792,2817139000.0,0.0,2195315000.0,,298118000.0,1570922000.0,847555000.0,723367000.0,1814938000.0,899786000.0,915152000.0,9211317083.0,8643000.0,0.0,3186000.0,0.0,0.0,3165000.0,-445908000.0,13327000.0,441241000.0,10145000.0,192672000.0,192672000.0,192672000.0,0.0,0.0,0.185,624438000.0,201744000.0,154275000.0,0.0,1.623,9.408,9.69,360020000.0,0.0,34.69,2.025,2.087,471784000.0,9087447000.0,1043756000.0,1043756000.0,213889000.0,,,,,11906000.0,410549000.0,1.0,265532346.0,268044000,268463000.0,3.894,4674616000.0,246451000.0,21029000.0,860410000.0,17.44,2686409000.0
9,FRX1,MRQ,2011-12-31,2011-12-31,2011-12-31,2021-09-16,-16852000.0,7342013000.0,,3876426000.0,3465587000.0,,20.401,-13166000.0,1570872000.0,1570872000.0,262732000.0,278436000.0,3.956,0.346,0.0,0.0,0.0,0.0,0.0,27453000.0,0.0,0.0,0.0,359266000.0,386719000.0,0.324,386719000.0,359266000.0,359266000.0,1.04,1.04,1.04,5455156000.0,,5455156000.0,6926716230.0,5.0,4.488,298665000.0,1.117,1.0,932671000.0,0.78,2412286000.0,0.0,2378848000.0,,421684000.0,1581458000.0,873978000.0,707480000.0,1886857000.0,980007000.0,906850000.0,8084053230.0,413535000.0,0.0,-7078000.0,0.0,0.0,-7385000.0,124161000.0,135968000.0,311831000.0,-15072000.0,278436000.0,278436000.0,278436000.0,0.0,0.0,0.233,587323000.0,345348000.0,117946000.0,0.0,1.482,7.29,7.622,339677000.0,0.0,30.26,1.744,1.746,611790000.0,8894775000.0,1195403000.0,1195403000.0,191269000.0,,,,,20954000.0,396054000.0,1.0,267153114.0,267397000,267604000.0,4.471,4929727000.0,245693000.0,80830000.0,870631000.0,18.436,2896419000.0
10,FRX1,MRQ,2011-09-30,2011-09-30,2011-09-30,2021-09-16,-3007000.0,7055704000.0,,3611544000.0,3444160000.0,,18.95,-20875000.0,1157337000.0,1157337000.0,263984000.0,249813000.0,3.58,0.363,0.0,0.0,0.0,0.0,0.0,32027000.0,0.0,0.0,0.0,319107000.0,351134000.0,0.302,351134000.0,319107000.0,319107000.0,0.91,0.91,0.91,5176997000.0,,5176997000.0,7274352085.0,5.0,4.653,290260000.0,1.062,1.0,899845000.0,0.773,2430888000.0,0.0,2458713000.0,,430519000.0,1714988000.0,1047307000.0,667681000.0,1878707000.0,1008766000.0,869941000.0,8453577085.0,-21888000.0,0.0,-349013000.0,0.0,0.0,-348771000.0,27878000.0,50112000.0,311135000.0,-12130000.0,249813000.0,249813000.0,249813000.0,0.0,0.0,0.215,585988000.0,313857000.0,99546000.0,0.0,1.633,7.344,7.621,336927000.0,0.0,30.79,1.854,1.845,573293000.0,8616339000.0,1163829000.0,1163829000.0,197331000.0,,,,,13888000.0,388657000.0,1.0,274555930.0,273196000,273753000.0,4.26,4624816000.0,228430000.0,69294000.0,833722000.0,16.929,2602778000.0
11,FRX1,MRQ,2011-06-30,2011-06-30,2011-06-30,2021-09-16,20176000.0,7220574000.0,,3831144000.0,3389430000.0,,18.493,-15886000.0,1179225000.0,1179225000.0,253797000.0,258137000.0,3.533,0.366,0.0,0.0,0.0,0.0,0.0,27356000.0,0.0,0.0,0.0,345614000.0,372970000.0,0.326,372970000.0,345614000.0,345614000.0,0.9,0.9,0.9,5285249000.0,,5285249000.0,9119801084.0,6.0,5.703,362134000.0,1.267,1.0,890977000.0,0.778,2451835000.0,0.0,2505148000.0,,512341000.0,1775350000.0,1165620000.0,609730000.0,1935325000.0,1084366000.0,850959000.0,11257639084.0,-958613000.0,-1262651000.0,-496621000.0,0.0,0.0,-496517000.0,-847789000.0,471495000.0,378020000.0,7673000.0,258137000.0,258137000.0,258137000.0,0.0,0.0,0.225,552520000.0,338457000.0,231477000.0,0.0,2.13,9.481,9.525,326470000.0,0.0,39.34,2.516,2.513,560151000.0,8366526000.0,1144774000.0,1144774000.0,194443000.0,,,,,12569000.0,358077000.0,1.0,286162661.0,285801000,286375000.0,4.005,4768739000.0,224525000.0,87477000.0,814740000.0,16.686,2746778000.0
12,FRX1,MRQ,2011-03-31,2011-03-31,2011-03-31,2021-09-16,7996000.0,6922454000.0,,5259673000.0,1662781000.0,,19.091,-7984000.0,2137838000.0,2137838000.0,237609000.0,322475000.0,5.608,0.259,0.0,0.0,0.0,0.0,0.0,24397000.0,0.0,0.0,0.0,408080000.0,432477000.0,0.382,432477000.0,408080000.0,408080000.0,1.12,1.11,1.12,5498880000.0,,5498880000.0,7691716923.0,6.0,5.452,300944000.0,1.045,1.0,893689000.0,0.79,740459000.0,0.0,3106299000.0,,451365000.0,2243220000.0,1713303000.0,529917000.0,1423574000.0,937858000.0,485716000.0,9240771923.0,588783000.0,0.0,1014000.0,0.0,0.0,-186000.0,263339000.0,485914000.0,308928000.0,16702000.0,322475000.0,322475000.0,322475000.0,0.0,0.0,0.285,492573000.0,401116000.0,190767000.0,0.0,1.68,8.828,8.972,319766000.0,0.0,32.3,2.105,2.141,535486000.0,8108389000.0,1131298000.0,1131298000.0,140879000.0,,,,,26121000.0,351694000.0,1.0,286092010.0,288034000,288196000.0,3.928,6181995000.0,288772000.0,85605000.0,485716000.0,21.463,4321815000.0
13,FRX1,MRQ,2010-12-31,2010-12-31,2010-12-31,2021-09-16,-15980000.0,6509606000.0,,4981562000.0,1528044000.0,,17.819,-13929000.0,1549055000.0,1549055000.0,248428000.0,320707000.0,5.287,0.27,0.0,0.0,0.0,0.0,0.0,15534000.0,0.0,0.0,0.0,391421000.0,406955000.0,0.364,406955000.0,391421000.0,391421000.0,1.11,1.11,1.11,5126493000.0,,5126493000.0,7594934615.0,7.0,7.013,234288000.0,0.814,1.0,870810000.0,0.778,569862000.0,0.0,3448474000.0,,411388000.0,2721572000.0,2185037000.0,536535000.0,1383113000.0,942215000.0,440898000.0,9134077615.0,9912000.0,0.0,-6029000.0,0.0,0.0,-5608000.0,-218344000.0,-129605000.0,248217000.0,-14353000.0,320707000.0,320707000.0,320707000.0,0.0,0.0,0.287,486487000.0,384323000.0,86001000.0,0.0,1.782,12.23,12.444,321870000.0,0.0,31.98,2.12,2.136,522512000.0,7785914000.0,1119238000.0,1119238000.0,200825000.0,,,,,12830000.0,285662000.0,1.0,285618437.0,287704000,287999000.0,3.89,5939744000.0,345045000.0,70714000.0,440898000.0,20.645,4039347000.0
14,FRX1,MRQ,2010-09-30,2010-09-30,2010-09-30,2021-09-16,-3568000.0,6216607000.0,,4639791000.0,1576816000.0,,16.74,-7596000.0,1539143000.0,1539143000.0,246240000.0,286110000.0,4.631,0.292,0.0,0.0,0.0,0.0,0.0,15677000.0,0.0,0.0,0.0,371022000.0,386699000.0,0.358,386699000.0,371022000.0,371022000.0,1.0,1.0,1.0,4810975000.0,,4810975000.0,7108248766.0,8.0,7.25,225723000.0,0.785,1.0,833426000.0,0.772,470266000.0,0.0,3205395000.0,,454816000.0,2591613000.0,1904153000.0,687460000.0,1405632000.0,1001803000.0,403829000.0,8831890766.0,-184499000.0,0.0,142000.0,0.0,0.0,345000.0,-438552000.0,-430956000.0,233319000.0,20389000.0,286110000.0,286110000.0,286110000.0,0.0,0.0,0.265,470897000.0,362529000.0,112264000.0,0.0,1.836,13.878,14.386,318369000.0,0.0,30.93,2.08,2.093,451879000.0,7465206000.0,1079666000.0,1079666000.0,154511000.0,,,,,12108000.0,316386000.0,1.0,285544480.0,287401000,287491000.0,3.757,5746341000.0,347926000.0,84912000.0,403829000.0,19.994,3637988000.0
15,FRX1,MRQ,2010-06-30,2010-06-30,2010-06-30,2021-09-16,-21534000.0,5946329000.0,,4455877000.0,1490452000.0,,14.934,-8954000.0,1723642000.0,1723642000.0,231704000.0,117477000.0,4.154,0.323,0.0,0.0,0.0,0.0,0.0,17404000.0,0.0,0.0,0.0,167213000.0,184617000.0,0.174,184617000.0,167213000.0,167213000.0,0.39,0.39,0.39,4494448000.0,,4494448000.0,6431203691.0,8.0,7.399,348543000.0,1.158,1.0,828226000.0,0.781,475155000.0,0.0,2674828000.0,,460732000.0,2164281000.0,1566268000.0,598013000.0,1451881000.0,1072704000.0,379177000.0,8294687691.0,-139842000.0,0.0,-500720000.0,0.0,0.0,-500891000.0,24336000.0,33290000.0,357497000.0,-20784000.0,117477000.0,117477000.0,117477000.0,0.0,0.0,0.111,668026000.0,160200000.0,103661000.0,0.0,1.846,15.447,15.497,320894000.0,0.0,27.43,1.965,1.956,404434000.0,7179096000.0,1059930000.0,1059930000.0,219657000.0,,,,,13183000.0,448369000.0,1.0,302394739.0,300950000,301026000.0,3.522,5471174000.0,335572000.0,49736000.0,379177000.0,18.18,3383173000.0
16,FRX1,MRQ,2010-03-31,2010-03-31,2010-03-31,2021-09-16,3695000.0,6223531000.0,,4579191000.0,1644340000.0,,16.072,-7825000.0,1863484000.0,1863484000.0,238793000.0,22591000.0,4.674,0.273,0.0,0.0,0.0,0.0,0.0,17763000.0,0.0,0.0,0.0,86981000.0,104744000.0,0.1,104744000.0,86981000.0,86981000.0,0.07,0.08,0.07,4889907000.0,,4889907000.0,7644266543.0,8.0,7.37,181318000.0,0.596,1.0,810745000.0,0.772,481707000.0,0.0,2898694000.0,,467769000.0,2201113000.0,1458778000.0,742335000.0,1333624000.0,979646000.0,353978000.0,9482358543.0,25392000.0,0.0,220000.0,0.0,0.0,488000.0,-161516000.0,-153691000.0,189143000.0,-2723000.0,22591000.0,22591000.0,22591000.0,0.0,0.0,0.022,730323000.0,80422000.0,130205000.0,0.0,1.939,13.896,13.938,323284000.0,0.0,31.36,2.281,2.288,475653000.0,7061619000.0,1049538000.0,1049538000.0,409747000.0,,,,,14331000.0,320576000.0,1.0,302371127.0,304253000,304354000.0,3.45,5741824000.0,333035000.0,64390000.0,353978000.0,18.872,3599545000.0
17,FRX1,MRQ,2009-12-31,2009-12-31,2009-12-31,2021-09-16,-2684000.0,6106141000.0,,4559413000.0,1546728000.0,,15.975,-15895000.0,1838092000.0,1838092000.0,247648000.0,210232000.0,4.957,0.26,0.0,0.0,0.0,0.0,0.0,27900000.0,0.0,0.0,0.0,276461000.0,304361000.0,0.288,304361000.0,276461000.0,276461000.0,0.69,0.69,0.69,4846118000.0,,4846118000.0,7953567320.0,8.0,7.13,269245000.0,0.888,1.0,809730000.0,0.766,488522000.0,0.0,2859764000.0,,465918000.0,2035647000.0,1405196000.0,630451000.0,1260023000.0,919763000.0,340260000.0,9689700320.0,101959000.0,0.0,-15176000.0,0.0,0.0,-6563000.0,-175662000.0,-159767000.0,285140000.0,-956000.0,210232000.0,210232000.0,210232000.0,0.0,0.0,0.199,540571000.0,269159000.0,131923000.0,0.0,1.999,12.876,12.896,327047000.0,0.0,32.11,2.386,2.399,506025000.0,7039028000.0,1057378000.0,1057378000.0,233609000.0,,,,,11895000.0,306962000.0,1.0,301765815.0,303348000,303845000.0,3.486,5617619000.0,323628000.0,66229000.0,340260000.0,18.519,3639650000.0
18,FRX1,MRQ,2009-09-30,2009-09-30,2009-09-30,2021-09-16,-1473000.0,5798773000.0,,4324759000.0,1474014000.0,,15.287,-3171000.0,1736133000.0,1736133000.0,221161000.0,186662000.0,4.98,0.252,0.0,0.0,0.0,0.0,0.0,20684000.0,0.0,0.0,0.0,254770000.0,275454000.0,0.261,275454000.0,254770000.0,254770000.0,0.62,0.61,0.62,4631765000.0,,4631765000.0,7360295572.0,8.0,7.056,202314000.0,0.668,1.0,833362000.0,0.79,495114000.0,0.0,2699043000.0,,440706000.0,1875880000.0,1330604000.0,545276000.0,1167008000.0,868483000.0,298525000.0,8881356572.0,215072000.0,0.0,4000.0,0.0,0.0,-84000.0,1171000.0,4342000.0,205485000.0,8500000.0,186662000.0,186662000.0,186662000.0,0.0,0.0,0.177,588003000.0,245359000.0,124213000.0,0.0,1.917,12.161,12.165,332500000.0,0.0,29.44,2.233,2.243,484664000.0,6828796000.0,1054523000.0,1054523000.0,263079000.0,,,,,10460000.0,324924000.0,1.0,301676514.0,302983000,303530000.0,3.48,5303659000.0,328014000.0,68108000.0,298525000.0,17.505,3456276000.0
19,FRX1,MRQ,2009-06-30,2009-06-30,2009-06-30,2021-09-16,-9771000.0,5592894000.0,,4098840000.0,1494054000.0,,14.611,-5361000.0,1521061000.0,1521061000.0,216744000.0,262898000.0,4.657,0.264,0.0,0.0,0.0,0.0,0.0,20163000.0,0.0,0.0,0.0,332474000.0,352637000.0,0.354,352637000.0,332474000.0,332474000.0,0.87,0.87,0.87,4426429000.0,,4426429000.0,6234691316.0,6.0,5.709,334819000.0,1.105,1.0,779207000.0,0.782,504528000.0,0.0,2687143000.0,,419832000.0,1880222000.0,1333036000.0,547186000.0,1166465000.0,880162000.0,286303000.0,7573596316.0,182156000.0,0.0,-331000.0,0.0,0.0,-256000.0,-193773000.0,-188412000.0,340180000.0,36005000.0,262898000.0,262898000.0,262898000.0,0.0,0.0,0.264,458933000.0,320274000.0,114980000.0,0.0,1.711,9.615,9.658,340556000.0,0.0,25.11,1.944,1.953,487181000.0,6642134000.0,995951000.0,995951000.0,147126000.0,,,,,11822000.0,311807000.0,1.0,301616739.0,302958000,303393000.0,3.287,5088366000.0,326248000.0,69576000.0,286303000.0,16.796,3218678000.0
20,FRX1,MRQ,2009-03-31,2009-03-31,2009-03-31,2021-09-16,-47145000.0,5196808000.0,,3785954000.0,1410854000.0,,13.579,-7603000.0,1338905000.0,1338905000.0,207685000.0,92762000.0,4.629,0.263,0.0,0.0,0.0,0.0,0.0,64124000.0,0.0,0.0,0.0,118928000.0,183052000.0,0.192,183052000.0,118928000.0,118928000.0,0.31,0.31,0.31,4114591000.0,,4114591000.0,5296466330.0,5.0,4.964,231247000.0,0.763,1.0,745040000.0,0.782,512862000.0,0.0,2527213000.0,,393527000.0,1691810000.0,1242017000.0,449793000.0,1082217000.0,817828000.0,264389000.0,6623417330.0,11954000.0,0.0,-23000.0,0.0,0.0,-50000.0,-188347000.0,-155744000.0,238850000.0,-38499000.0,92762000.0,92762000.0,92762000.0,0.0,0.0,0.097,638864000.0,106176000.0,117192000.0,0.0,1.61,8.627,8.714,345935000.0,0.0,21.96,1.721,1.737,449444000.0,6379236000.0,952725000.0,952725000.0,123774000.0,,,,,12587000.0,515090000.0,1.0,301612811.0,303013000,303456000.0,3.144,4683946000.0,318569000.0,26166000.0,264389000.0,15.458,2968126000.0
21,FRX1,MRQ,2008-12-31,2008-12-31,2008-12-31,2021-09-16,-14368000.0,4904825000.0,,3292779000.0,1612046000.0,,13.377,-13786000.0,1326951000.0,1326951000.0,206654000.0,187975000.0,5.452,0.213,0.0,0.0,0.0,0.0,0.0,9629000.0,0.0,0.0,0.0,222282000.0,231911000.0,0.238,231911000.0,222282000.0,222282000.0,0.62,0.62,0.62,4042069000.0,,4042069000.0,6606314037.0,6.0,5.802,267801000.0,0.886,1.0,767066000.0,0.788,496868000.0,0.0,2477063000.0,,396352000.0,1536066000.0,862886000.0,673180000.0,862756000.0,603943000.0,258813000.0,7676156037.0,257109000.0,0.0,-4150000.0,0.0,0.0,-1940000.0,-4552000.0,9234000.0,281587000.0,-17986000.0,187975000.0,187975000.0,187975000.0,0.0,0.0,0.193,569019000.0,198047000.0,61407000.0,0.0,1.899,9.055,9.228,349491000.0,0.0,25.47,1.991,1.996,428892000.0,6286474000.0,973720000.0,973720000.0,279051000.0,,,,,11262000.0,289968000.0,1.0,301380292.0,302163000,302791000.0,3.222,4407957000.0,310783000.0,34307000.0,258813000.0,14.588,2688836000.0
22,FRX1,MRQ,2008-09-30,2008-09-30,2008-09-30,2021-09-16,5706000.0,4698101000.0,,3059173000.0,1638928000.0,,12.679,-13026000.0,1069842000.0,1069842000.0,205001000.0,244086000.0,5.007,0.216,0.0,0.0,0.0,0.0,0.0,9628000.0,0.0,0.0,0.0,314887000.0,324515000.0,0.333,324515000.0,314887000.0,314887000.0,0.8,0.8,0.8,3864845000.0,,3864845000.0,7628912027.0,6.0,5.826,217741000.0,0.714,1.0,768311000.0,0.789,506213000.0,0.0,2511113000.0,,450834000.0,1545300000.0,820025000.0,725275000.0,833256000.0,610933000.0,222323000.0,8621599027.0,77155000.0,0.0,-98098000.0,0.0,0.0,-97862000.0,-30940000.0,-17914000.0,230767000.0,-24810000.0,244086000.0,244086000.0,244086000.0,0.0,0.0,0.251,472618000.0,295693000.0,72695000.0,0.0,2.231,8.967,9.093,345694000.0,0.0,28.28,2.237,2.237,423023000.0,6098499000.0,973312000.0,973312000.0,146357000.0,,,,,9667000.0,326261000.0,1.0,304865595.0,304814000,305938000.0,3.193,4191888000.0,279940000.0,70801000.0,222323000.0,13.752,2448240000.0
23,FRX1,MRQ,2008-06-30,2008-06-30,2008-06-30,2021-09-16,33670000.0,4588950000.0,,2980969000.0,1607981000.0,,12.153,-6214000.0,992687000.0,992687000.0,197340000.0,242920000.0,4.651,0.228,0.0,0.0,0.0,0.0,0.0,13126000.0,0.0,0.0,0.0,314437000.0,327563000.0,0.345,327563000.0,314437000.0,314437000.0,0.79,0.79,0.79,3736919000.0,,3736919000.0,9754247694.0,8.0,7.653,312381000.0,1.016,1.0,751274000.0,0.792,515583000.0,0.0,2439771000.0,,471201000.0,1527385000.0,840085000.0,687300000.0,852031000.0,640909000.0,211122000.0,10587299694.0,159635000.0,0.0,-230983000.0,0.0,0.0,-230983000.0,73997000.0,80211000.0,318595000.0,-1974000.0,242920000.0,242920000.0,242920000.0,0.0,0.0,0.256,455067000.0,296207000.0,101837000.0,0.0,2.833,11.231,11.503,343116000.0,0.0,34.74,2.805,2.83,400120000.0,5854413000.0,948614000.0,948614000.0,112112000.0,,,,,10587000.0,342955000.0,1.0,304758195.0,307493000,308329000.0,3.085,4073367000.0,290489000.0,71517000.0,249353000.0,13.247,2340060000.0
24,FRX1,MRQ,2008-03-31,2008-03-31,2008-03-31,2021-09-16,34592000.0,4525367000.0,,3036649000.0,1488718000.0,,11.885,-10982000.0,833052000.0,833052000.0,210376000.0,172770000.0,4.971,0.218,0.0,0.0,0.0,0.0,0.0,56759000.0,0.0,0.0,0.0,197970000.0,254729000.0,0.265,254729000.0,197970000.0,197970000.0,0.55,0.55,0.55,3715317000.0,,3715317000.0,11668567591.0,10.0,8.961,226431000.0,0.724,1.0,749329000.0,0.781,542752000.0,0.0,2538738000.0,,425138000.0,1607597000.0,1073117000.0,534480000.0,810050000.0,610825000.0,199225000.0,12458276591.0,43343000.0,0.0,983000.0,0.0,0.0,-704000.0,-197683000.0,183299000.0,237413000.0,4317000.0,172770000.0,172770000.0,172770000.0,0.0,0.0,0.18,582507000.0,166822000.0,223720000.0,0.0,3.353,12.871,13.033,350037000.0,0.0,40.01,3.342,3.38,445987000.0,5611493000.0,959705000.0,959705000.0,255081000.0,,,,,11538000.0,327426000.0,1.0,311379070.0,312609000,313811000.0,3.07,3982615000.0,285873000.0,25200000.0,199225000.0,12.74,2425824000.0
25,FRX1,MRQ,2007-12-31,2007-12-31,2007-12-31,2021-09-16,29279000.0,4281966000.0,,2864614000.0,1417352000.0,,11.291,-6115000.0,789709000.0,789709000.0,213506000.0,301757000.0,5.067,0.215,0.0,0.0,0.0,0.0,0.0,11913000.0,0.0,0.0,0.0,390838000.0,402751000.0,0.414,402751000.0,390838000.0,390838000.0,0.97,0.96,0.97,3524472000.0,,3524472000.0,10407421370.0,12.0,11.066,348739000.0,1.117,1.0,758874000.0,0.78,185566000.0,0.0,2741362000.0,,438142000.0,1790896000.0,967593000.0,823303000.0,757494000.0,565329000.0,192165000.0,11367184370.0,-170054000.0,0.0,-80707000.0,0.0,0.0,-82336000.0,-442725000.0,-391610000.0,354854000.0,153000.0,301757000.0,301757000.0,301757000.0,0.0,0.0,0.31,393898000.0,364976000.0,165760000.0,0.0,3.225,20.399,20.478,350688000.0,0.0,36.45,3.132,3.135,404387000.0,5438723000.0,972380000.0,972380000.0,108246000.0,,,,,10641000.0,285652000.0,1.0,311856910.0,312140000,313107000.0,3.115,4096400000.0,285656000.0,89081000.0,235268000.0,13.124,2299285000.0
26,FRX1,MRQ,2007-09-30,2007-09-30,2007-09-30,2021-09-16,30356000.0,4048280000.0,,2702914000.0,1345366000.0,,10.44,-8187000.0,959763000.0,959763000.0,189992000.0,225244000.0,4.673,0.229,0.0,0.0,0.0,0.0,0.0,11758000.0,0.0,0.0,0.0,277791000.0,289549000.0,0.324,289549000.0,277791000.0,277791000.0,0.71,0.71,0.71,3293843000.0,,3293843000.0,11167336649.0,15.0,12.898,243363000.0,0.771,1.0,704036000.0,0.787,150910000.0,0.0,2359166000.0,,447324000.0,1399286000.0,614898000.0,784388000.0,754437000.0,578441000.0,175996000.0,11789233649.0,337866000.0,0.0,-182525000.0,0.0,0.0,-180826000.0,261374000.0,269561000.0,251550000.0,5768000.0,225244000.0,225244000.0,225244000.0,0.0,0.0,0.252,451177000.0,252859000.0,181591000.0,0.0,3.579,23.309,23.306,356289000.0,0.0,37.29,3.342,3.335,422942000.0,5136966000.0,894028000.0,894028000.0,170738000.0,,,,,9402000.0,280439000.0,1.0,316150004.0,315510000,316852000.0,2.834,3897370000.0,265185000.0,52547000.0,179100000.0,12.353,2124473000.0
27,FRX1,MRQ,2007-06-30,2007-06-30,2007-06-30,2021-09-16,23858000.0,3978030000.0,,2658946000.0,1319084000.0,,10.114,-9604000.0,621897000.0,621897000.0,186240000.0,268162000.0,4.491,0.231,0.0,0.0,0.0,0.0,0.0,11317000.0,0.0,0.0,0.0,343798000.0,355115000.0,0.394,355115000.0,343798000.0,343798000.0,0.84,0.83,0.84,3232245000.0,,3232245000.0,14045370425.0,18.0,15.663,339915000.0,1.064,1.0,715296000.0,0.793,162987000.0,0.0,2601021000.0,,466776000.0,1668847000.0,909418000.0,759429000.0,745785000.0,592125000.0,153660000.0,14609033425.0,58234000.0,0.0,-67423000.0,0.0,0.0,-64051000.0,-229108000.0,-219504000.0,349519000.0,1874000.0,268162000.0,268162000.0,268162000.0,0.0,0.0,0.297,398236000.0,317060000.0,202371000.0,0.0,4.52,28.005,27.667,359509000.0,0.0,45.65,4.221,4.215,398702000.0,4911722000.0,901536000.0,901536000.0,136908000.0,,,,,10676000.0,261328000.0,1.0,320022638.0,319580000,321921000.0,2.821,3815043000.0,240007000.0,75636000.0,171208000.0,11.938,2066821000.0
28,FRX1,MRQ,2007-03-31,2007-03-31,2007-03-31,2021-09-16,21879000.0,3653372000.0,,2422717000.0,1230655000.0,,9.493,-6869000.0,563663000.0,563663000.0,189280000.0,-237916000.0,3.86,0.208,0.0,0.0,0.0,0.0,0.0,67328000.0,0.0,0.0,0.0,-174298000.0,-106970000.0,-0.124,-106970000.0,-174298000.0,-174298000.0,-0.74,-0.73,-0.74,3024813000.0,,3024813000.0,15399342224.0,22.0,19.012,-169210000.0,-0.531,1.0,672291000.0,0.78,172014000.0,0.0,2290087000.0,,434163000.0,1449343000.0,788951000.0,660392000.0,628559000.0,627608000.0,951000.0,16350644224.0,-387639000.0,0.0,55654000.0,0.0,0.0,83224000.0,-309617000.0,-302748000.0,-162341000.0,1095000.0,-237916000.0,-237916000.0,-237916000.0,0.0,0.0,-0.276,870459000.0,-198168000.0,154614000.0,0.0,5.406,36.006,35.972,361086000.0,0.0,51.44,4.864,4.874,382655000.0,4657356000.0,861571000.0,861571000.0,596140000.0,,,,,12714000.0,274319000.0,1.0,317858558.0,318620000,321980000.0,2.704,3481358000.0,254114000.0,63618000.0,140950000.0,10.926,1795109000.0
29,FRX1,MRQ,2006-12-31,2006-12-31,2006-12-31,2021-09-16,20816000.0,3689441000.0,,2513034000.0,1176407000.0,,9.998,-6177000.0,951302000.0,951302000.0,195539000.0,250301000.0,4.767,0.167,0.0,0.0,0.0,0.0,0.0,11258000.0,0.0,0.0,0.0,316837000.0,328095000.0,0.377,328095000.0,316837000.0,316837000.0,0.79,0.78,0.79,3161470000.0,,3161470000.0,15522260786.0,15.0,13.9,330608000.0,1.046,1.0,674915000.0,0.775,181126000.0,0.0,2029799000.0,,433550000.0,1146595000.0,541256000.0,605339000.0,527971000.0,527214000.0,757000.0,16026224786.0,447338000.0,0.0,29321000.0,0.0,0.0,65796000.0,39119000.0,45296000.0,336785000.0,5638000.0,250301000.0,250301000.0,250301000.0,0.0,0.0,0.288,380655000.0,294260000.0,135281000.0,0.0,5.069,20.444,20.486,365767000.0,0.0,50.6,4.976,4.968,381405000.0,4895272000.0,870454000.0,870454000.0,112029000.0,,,,,10158000.0,268626000.0,1.0,316723810.0,316200000,320363000.0,2.753,3508315000.0,198090000.0,66536000.0,82984000.0,11.095,1985820000.0
30,FRX1,MRQ,2006-09-30,2006-09-30,2006-09-30,2021-09-16,14733000.0,3336331000.0,,2049734000.0,1286597000.0,,8.911,-6609000.0,503964000.0,503964000.0,185098000.0,241111000.0,4.068,0.178,0.0,0.0,0.0,0.0,0.0,11346000.0,0.0,0.0,0.0,309117000.0,320463000.0,0.387,320463000.0,309117000.0,309117000.0,0.76,0.75,0.76,2832036000.0,,2832036000.0,15224571993.0,16.0,14.551,353542000.0,1.112,1.0,642777000.0,0.776,193690000.0,0.0,2134850000.0,,509226000.0,1191891000.0,480796000.0,711095000.0,504295000.0,503827000.0,468000.0,16092261993.0,-59331000.0,0.0,-298685000.0,0.0,0.0,-291916000.0,-128693000.0,-122084000.0,360151000.0,1127000.0,241111000.0,241111000.0,241111000.0,0.0,0.0,0.291,352760000.0,290017000.0,173472000.0,0.0,5.682,22.081,22.394,370511000.0,0.0,50.61,5.178,5.175,361403000.0,4644971000.0,827875000.0,827875000.0,93752000.0,,,,,9139000.0,259008000.0,1.0,317966054.0,317809000,322581000.0,2.605,3142641000.0,168630000.0,68006000.0,56756000.0,9.888,1545907000.0
31,FRX1,MRQ,2006-06-30,2006-06-30,2006-06-30,2021-09-16,13762000.0,3346064000.0,,2181468000.0,1164596000.0,,8.932,-10332000.0,867690000.0,867690000.0,175685000.0,200607000.0,4.606,0.165,0.0,0.0,0.0,0.0,0.0,11211000.0,0.0,0.0,0.0,257188000.0,268399000.0,0.329,268399000.0,257188000.0,257188000.0,0.62,0.62,0.62,2871785000.0,,2871785000.0,11719704151.0,13.0,11.768,342556000.0,1.065,1.0,640653000.0,0.785,212682000.0,0.0,1792119000.0,,559136000.0,765412000.0,200151000.0,565261000.0,474279000.0,473573000.0,706000.0,12438678151.0,148716000.0,0.0,-47649000.0,0.0,0.0,-38238000.0,-172124000.0,-161792000.0,352888000.0,6190000.0,200607000.0,200607000.0,200607000.0,0.0,0.0,0.246,383465000.0,257188000.0,137710000.0,0.0,4.331,17.961,18.424,375254000.0,0.0,38.69,4.123,4.123,354930000.0,4403860000.0,816338000.0,816338000.0,139082000.0,,,,,8759000.0,244383000.0,1.0,321495946.0,321503000,325915000.0,2.539,3133382000.0,167323000.0,56581000.0,68174000.0,9.746,1707895000.0
32,FRX1,MRQ,2006-03-31,2006-03-31,2006-03-31,2021-09-16,6762000.0,3119840000.0,,2207187000.0,912653000.0,,8.348,-16048000.0,414579000.0,414579000.0,167860000.0,91890000.0,5.243,0.156,0.0,0.0,0.0,0.0,0.0,64657000.0,0.0,0.0,0.0,135069000.0,199726000.0,0.283,199726000.0,135069000.0,135069000.0,0.3,0.29,0.3,2697809000.0,,2697809000.0,13651941895.0,16.0,14.182,77894000.0,0.241,1.0,538176000.0,0.762,226750000.0,0.0,2057544000.0,,635719000.0,908015000.0,612899000.0,295116000.0,422031000.0,420967000.0,1064000.0,14544474895.0,-25434000.0,0.0,-456645000.0,0.0,0.0,-438444000.0,314489000.0,330537000.0,93942000.0,4579000.0,91890000.0,91890000.0,91890000.0,0.0,0.0,0.13,453393000.0,84783000.0,140911000.0,0.0,5.391,20.528,21.152,375660000.0,0.0,44.63,4.994,5.148,366538000.0,4203253000.0,706036000.0,706036000.0,194377000.0,,,,,0.0,259016000.0,1.0,325890094.0,323168000,326881000.0,2.185,2893090000.0,171160000.0,43179000.0,38330000.0,8.952,1786220000.0
33,FRX1,MRQ,2005-12-31,2005-12-31,2005-12-31,2021-09-16,1892000.0,3483777000.0,,2632439000.0,851338000.0,,9.068,-10683000.0,892533000.0,892533000.0,165875000.0,195163000.0,6.255,0.14,0.0,0.0,0.0,0.0,0.0,10641000.0,0.0,0.0,0.0,247042000.0,257683000.0,0.34,257683000.0,247042000.0,247042000.0,0.58,0.57,0.58,3054975000.0,,3054975000.0,12453478886.0,14.0,12.949,150076000.0,0.445,1.0,591955000.0,0.781,238938000.0,0.0,1931431000.0,,655712000.0,786032000.0,555311000.0,230721000.0,428802000.0,420875000.0,7927000.0,13741457886.0,88249000.0,0.0,-462135000.0,0.0,0.0,-462135000.0,390327000.0,402407000.0,160759000.0,-702000.0,195163000.0,195163000.0,195163000.0,0.0,0.0,0.258,344913000.0,247042000.0,172096000.0,0.0,4.498,20.529,20.545,371693000.0,0.0,40.68,4.806,4.793,332729000.0,4111363000.0,757830000.0,757830000.0,94188000.0,,,,,0.0,250725000.0,1.0,337793950.0,336890000,340663000.0,2.249,3244839000.0,176579000.0,51879000.0,22472000.0,9.632,2211564000.0
34,FRX1,MRQ,2005-09-30,2005-09-30,2005-09-30,2021-09-16,3063000.0,3816067000.0,,3006689000.0,809378000.0,,9.701,-17981000.0,1287979000.0,1287979000.0,158415000.0,204884000.0,5.96,0.155,0.0,0.0,0.0,0.0,0.0,10709000.0,0.0,0.0,0.0,259347000.0,270056000.0,0.367,270056000.0,259347000.0,259347000.0,0.6,0.59,0.6,3303559000.0,,3303559000.0,12150817642.0,12.0,11.379,116007000.0,0.341,1.0,578057000.0,0.785,256156000.0,0.0,1767457000.0,,658262000.0,704744000.0,527031000.0,177713000.0,512508000.0,504475000.0,8033000.0,13245474642.0,-365948000.0,0.0,34119000.0,0.0,0.0,44931000.0,-545181000.0,-527200000.0,133988000.0,314000.0,204884000.0,204884000.0,204884000.0,0.0,0.0,0.278,318710000.0,259347000.0,184866000.0,0.0,4.009,18.021,18.469,371834000.0,0.0,38.97,4.515,4.523,355216000.0,3916200000.0,736472000.0,736472000.0,65473000.0,,,,,0.0,253237000.0,1.0,339889008.0,340531000,345815000.0,2.163,3559911000.0,146252000.0,54463000.0,76876000.0,10.454,2502214000.0
35,FRX1,MRQ,2005-06-30,2005-06-30,2005-06-30,2021-09-16,2774000.0,3580282000.0,,2754505000.0,825777000.0,,8.899,-10305000.0,1094657000.0,1094657000.0,158846000.0,216577000.0,5.313,0.173,0.0,0.0,0.0,0.0,0.0,7090000.0,0.0,0.0,0.0,228054000.0,235144000.0,0.33,235144000.0,228054000.0,228054000.0,0.63,0.62,0.63,3053455000.0,,3053455000.0,12061451710.0,11.0,10.228,162351000.0,0.473,1.0,552920000.0,0.777,266779000.0,0.0,1700364000.0,,627798000.0,736814000.0,546834000.0,189980000.0,526827000.0,518482000.0,8345000.0,13226949710.0,-70841000.0,0.0,-302144000.0,0.0,0.0,-295846000.0,58263000.0,68568000.0,172656000.0,-5914000.0,216577000.0,216577000.0,216577000.0,0.0,0.0,0.304,324866000.0,228054000.0,169484000.0,0.0,4.332,16.024,16.818,364613000.0,0.0,38.85,4.296,4.33,304565000.0,3711316000.0,711766000.0,711766000.0,56393000.0,,,,,0.0,268473000.0,1.0,340462026.0,343107000,348043000.0,2.074,3313503000.0,143809000.0,11477000.0,93112000.0,9.657,2236023000.0
36,FRX1,MRQ,2005-03-31,2005-03-31,2005-03-31,2021-09-16,9028000.0,3705002000.0,,2708022000.0,996980000.0,,8.917,-33918000.0,1165498000.0,1165498000.0,142212000.0,52755000.0,4.804,0.183,0.0,0.0,0.0,0.0,0.0,16017000.0,0.0,0.0,0.0,182807000.0,198824000.0,0.304,198824000.0,182807000.0,182807000.0,0.17,0.16,0.17,3132385000.0,,3132385000.0,11299419353.0,10.0,9.102,20788000.0,0.059,1.0,511024000.0,0.782,278335000.0,0.0,1697479000.0,,613903000.0,805382000.0,453747000.0,351635000.0,572617000.0,563690000.0,8927000.0,12983561353.0,-723577000.0,0.0,-322491000.0,0.0,0.0,-267831000.0,-502985000.0,-469067000.0,54706000.0,-7467000.0,52755000.0,52755000.0,52755000.0,0.0,0.0,0.081,328217000.0,182807000.0,228016000.0,0.0,4.145,15.479,16.065,362028000.0,0.0,36.95,4.109,4.257,323129000.0,3494739000.0,653236000.0,653236000.0,61758000.0,,,,,0.0,266459000.0,1.0,351381904.0,351283000,357570000.0,1.86,3426667000.0,135319000.0,130052000.0,86689000.0,9.755,2144332000.0
37,FRX1,MRQ,2004-12-31,2004-12-31,2004-12-31,2021-09-16,16468000.0,3919843000.0,,2812342000.0,1107501000.0,,9.333,-14642000.0,1684142000.0,1684142000.0,176431000.0,260805000.0,5.486,0.151,0.0,0.0,0.0,0.0,0.0,28120000.0,0.0,0.0,0.0,335656000.0,363776000.0,0.437,363776000.0,335656000.0,335656000.0,0.71,0.7,0.71,3405650000.0,,3405650000.0,14646896500.0,12.0,11.799,208071000.0,0.57,1.0,655912000.0,0.788,287955000.0,0.0,1435084000.0,,542474000.0,541248000.0,72736000.0,468512000.0,514193000.0,512662000.0,1531000.0,16526739500.0,214863000.0,0.0,-569453000.0,0.0,0.0,-569453000.0,551751000.0,570893000.0,222713000.0,9852000.0,260805000.0,260805000.0,260805000.0,0.0,0.0,0.313,320256000.0,335656000.0,137486000.0,0.0,4.853,17.741,17.802,335050000.0,0.0,44.86,5.102,5.053,325418000.0,3441984000.0,832343000.0,832343000.0,77393000.0,,,,,0.0,242863000.0,1.0,368407033.0,364914000,371638000.0,2.281,3631888000.0,175038000.0,74851000.0,104104000.0,9.953,2299680000.0
38,FRX1,MRQ,2004-09-30,2004-09-30,2004-09-30,2021-09-16,6195000.0,4286667000.0,,3126621000.0,1160046000.0,,10.007,-17133000.0,1879843000.0,1879843000.0,191666000.0,295326000.0,5.356,0.158,0.0,0.0,0.0,0.0,0.0,6267000.0,0.0,0.0,0.0,375255000.0,381522000.0,0.433,381522000.0,375255000.0,375255000.0,0.8,0.79,0.8,3701280000.0,,3701280000.0,14914359054.0,13.0,12.673,299665000.0,0.81,1.0,689568000.0,0.783,290410000.0,0.0,1532643000.0,,535087000.0,701577000.0,174689000.0,526888000.0,585387000.0,583771000.0,1616000.0,16647588054.0,162187000.0,0.0,-93438000.0,0.0,0.0,-93438000.0,-65590000.0,-33457000.0,316798000.0,4417000.0,295326000.0,295326000.0,295326000.0,0.0,0.0,0.335,314313000.0,375255000.0,163821000.0,0.0,4.498,18.562,18.502,325966000.0,0.0,44.96,5.345,5.34,345040000.0,3181179000.0,881234000.0,881234000.0,69225000.0,,,,,0.0,245088000.0,1.0,370275535.0,369879000,375226000.0,2.382,3996257000.0,176253000.0,79929000.0,112462000.0,10.804,2542850000.0
39,FRX1,MRQ,2004-06-30,2004-06-30,2004-06-30,2021-09-16,2252000.0,4045323000.0,,2858480000.0,1186843000.0,,9.446,-23327000.0,1733229000.0,1733229000.0,177201000.0,229919000.0,5.192,0.158,0.0,0.0,0.0,0.0,0.0,6242000.0,0.0,0.0,0.0,291037000.0,297279000.0,0.375,297279000.0,291037000.0,291037000.0,0.62,0.6,0.62,3492995000.0,,3492995000.0,19218081535.0,19.0,18.139,253780000.0,0.686,1.0,615625000.0,0.776,282873000.0,0.0,1478658000.0,,581232000.0,652546000.0,80928000.0,571618000.0,552328000.0,550563000.0,1765000.0,20944639535.0,43445000.0,0.0,9327000.0,0.0,0.0,9327000.0,-235146000.0,-211819000.0,277107000.0,-7843000.0,229919000.0,229919000.0,229919000.0,0.0,0.0,0.29,324588000.0,291037000.0,157028000.0,0.0,5.996,26.648,26.463,314934000.0,0.0,56.63,7.327,7.326,263139000.0,2885853000.0,792826000.0,792826000.0,85283000.0,,,,,0.0,239305000.0,1.0,369850601.0,369796000,380943000.0,2.144,3762450000.0,175584000.0,61118000.0,67964000.0,10.174,2307917000.0
40,FRX1,MRQ,2004-03-31,2004-03-31,2004-03-31,2021-09-16,10324000.0,3862736000.0,,2916234000.0,946502000.0,,8.863,-31052000.0,1091635000.0,1091635000.0,169105000.0,145482000.0,4.822,0.186,0.0,0.0,0.0,0.0,0.0,13627000.0,0.0,0.0,0.0,185209000.0,198836000.0,0.271,198836000.0,185209000.0,185209000.0,0.39,0.38,0.39,3255864000.0,,3255864000.0,24794386522.0,26.0,24.884,157488000.0,0.429,1.0,564034000.0,0.769,289800000.0,0.0,1876547000.0,,610182000.0,1038877000.0,700987000.0,337890000.0,606872000.0,604754000.0,2118000.0,26341443522.0,-137187000.0,0.0,32230000.0,0.0,0.0,32230000.0,-357093000.0,-318282000.0,188540000.0,-864000.0,145482000.0,145482000.0,145482000.0,0.0,0.0,0.198,378825000.0,185209000.0,159798000.0,0.0,8.09,35.796,35.632,297957000.0,0.0,71.62,9.828,9.765,287618000.0,2655934000.0,733139000.0,733139000.0,68168000.0,,,,,0.0,310657000.0,1.0,367794520.0,367364000,380337000.0,1.996,3572936000.0,221458000.0,39727000.0,125510000.0,9.726,2311480000.0
41,FRX1,MRQ,2003-12-31,2003-12-31,2003-12-31,2021-09-16,11648000.0,3498473000.0,,2579652000.0,918821000.0,,8.298,-34473000.0,1547057000.0,1547057000.0,160866000.0,226118000.0,5.589,0.153,0.0,0.0,0.0,0.0,0.0,11390000.0,0.0,0.0,0.0,287865000.0,299255000.0,0.423,299255000.0,287865000.0,287865000.0,0.62,0.6,0.62,3035253000.0,,3035253000.0,21141428902.0,21.0,20.176,161516000.0,0.442,1.0,546315000.0,0.773,289197000.0,0.0,1200668000.0,,507867000.0,402360000.0,79817000.0,322543000.0,463220000.0,461551000.0,1669000.0,22596008902.0,92477000.0,0.0,16272000.0,0.0,0.0,16272000.0,-127379000.0,-72906000.0,195989000.0,7595000.0,226118000.0,226118000.0,226118000.0,0.0,0.0,0.32,258450000.0,287865000.0,61780000.0,0.0,7.445,29.303,29.289,273476000.0,0.0,61.8,8.773,8.777,284896000.0,2510452000.0,707181000.0,707181000.0,50581000.0,,,,,0.0,207869000.0,1.0,365631212.0,365791000,376507000.0,1.933,3209276000.0,159986000.0,61747000.0,108608000.0,8.774,2118101000.0
42,FRX1,MRQ,2003-09-30,2003-09-30,2003-09-30,2021-09-16,3081000.0,3227015000.0,,2400171000.0,826844000.0,,7.57,-17724000.0,1454580000.0,1454580000.0,137835000.0,184457000.0,5.198,0.168,0.0,0.0,0.0,0.0,0.0,29286000.0,0.0,0.0,0.0,234828000.0,264114000.0,0.422,264114000.0,234828000.0,234828000.0,0.51,0.49,0.51,2763774000.0,,2763774000.0,17470324742.0,19.0,17.621,145863000.0,0.4,1.0,487690000.0,0.78,275182000.0,0.0,1035465000.0,,492779000.0,329454000.0,57147000.0,272307000.0,463241000.0,461788000.0,1453000.0,18777929742.0,146975000.0,0.0,7539000.0,0.0,0.0,7539000.0,-25217000.0,-7493000.0,163587000.0,1066000.0,184457000.0,184457000.0,184457000.0,0.0,0.0,0.295,252862000.0,234828000.0,77808000.0,0.0,6.794,26.095,26.117,243796000.0,0.0,51.45,7.626,7.628,227537000.0,2284334000.0,625525000.0,625525000.0,61820000.0,,,,,0.0,191042000.0,1.0,364974339.0,365081000,375108000.0,1.713,2951833000.0,167660000.0,50371000.0,118531000.0,8.085,1938383000.0
43,FRX1,MRQ,2003-06-30,2003-06-30,2003-06-30,2021-09-16,1134000.0,3065702000.0,,2248694000.0,817008000.0,,7.041,-18262000.0,1307605000.0,1307605000.0,140668000.0,179817000.0,4.493,0.196,0.0,0.0,0.0,0.0,0.0,5255000.0,0.0,0.0,0.0,228920000.0,234175000.0,0.381,234175000.0,228920000.0,228920000.0,0.49,0.48,0.49,2563561000.0,,2563561000.0,18701974132.0,21.0,19.905,61740000.0,0.17,1.0,473761000.0,0.771,293477000.0,0.0,964080000.0,,473387000.0,321961000.0,64990000.0,256971000.0,502141000.0,500540000.0,1601000.0,19967482132.0,42097000.0,0.0,12319000.0,0.0,0.0,12319000.0,-54246000.0,-30984000.0,80002000.0,4022000.0,179817000.0,179817000.0,179817000.0,0.0,0.0,0.293,244841000.0,228920000.0,75465000.0,0.0,7.789,29.452,29.435,231214000.0,0.0,54.75,8.385,8.371,225243000.0,2099877000.0,614429000.0,614429000.0,53347000.0,,,,,0.0,191494000.0,1.0,364702870.0,364098000,376803000.0,1.688,2772225000.0,171177000.0,49103000.0,167070000.0,7.614,1748154000.0
44,FRX1,MRQ,2003-03-31,2003-03-31,2003-03-31,2021-09-16,-3429000.0,2918107000.0,,2255333000.0,662774000.0,,6.477,-18790000.0,1265508000.0,1265508000.0,140053000.0,180737000.0,3.996,0.241,0.0,0.0,0.0,0.0,0.0,11692000.0,0.0,0.0,0.0,238597000.0,250289000.0,0.398,250289000.0,238597000.0,238597000.0,0.49,0.48,0.49,2351818000.0,,2351818000.0,18344334538.0,22.0,21.034,172835000.0,0.476,1.0,488458000.0,0.777,294136000.0,0.0,794066000.0,,452886000.0,290977000.0,176338000.0,114639000.0,566289000.0,564397000.0,1892000.0,19591267538.0,-99580000.0,0.0,10000000.0,0.0,0.0,10000000.0,-303518000.0,-284728000.0,191625000.0,2313000.0,180737000.0,180737000.0,180737000.0,0.0,0.0,0.288,249861000.0,238597000.0,151719000.0,0.0,8.33,31.498,31.378,217998000.0,0.0,53.97,8.723,8.672,192067000.0,1920060000.0,628511000.0,628511000.0,51412000.0,,,,,0.0,198449000.0,1.0,363002919.0,363124000,376261000.0,1.731,2623971000.0,174584000.0,57860000.0,169330000.0,7.226,1690936000.0
45,FRX1,MRQ,2002-12-31,2002-12-31,2002-12-31,2021-09-16,-6393000.0,2607245000.0,,2020135000.0,587110000.0,,5.943,-26890000.0,1246933000.0,1246933000.0,134363000.0,174581000.0,4.443,0.212,0.0,0.0,0.0,0.0,0.0,12376000.0,0.0,0.0,0.0,230470000.0,242846000.0,0.409,242846000.0,230470000.0,230470000.0,0.48,0.47,0.48,2150603000.0,,2150603000.0,16971388341.0,24.0,21.241,229679000.0,0.635,1.0,459519000.0,0.774,299805000.0,0.0,605800000.0,,415790000.0,124404000.0,79318000.0,45086000.0,456642000.0,454707000.0,1935000.0,17775235341.0,443086000.0,0.0,15928000.0,0.0,0.0,15928000.0,165426000.0,192316000.0,256569000.0,5163000.0,174581000.0,174581000.0,174581000.0,0.0,0.0,0.294,229049000.0,230470000.0,102201000.0,0.0,8.265,33.052,32.74,205087000.0,0.0,49.11,8.614,8.612,154636000.0,1739323000.0,593882000.0,593882000.0,51886000.0,,,,,0.0,177163000.0,1.0,361947370.0,361877000,375417000.0,1.641,2307440000.0,128613000.0,55889000.0,111776000.0,6.376,1565428000.0
46,FRX1,MRQ,2002-09-30,2002-09-30,2002-09-30,2021-09-16,-11768000.0,2351187000.0,,1703474000.0,647713000.0,,5.356,-19071000.0,803847000.0,803847000.0,119833000.0,142842000.0,4.022,0.221,0.0,0.0,0.0,0.0,0.0,23665000.0,0.0,0.0,0.0,188570000.0,212235000.0,0.39,212235000.0,188570000.0,188570000.0,0.4,0.38,0.4,1925919000.0,,1925919000.0,14309939694.0,24.0,21.47,88972000.0,0.247,1.0,424783000.0,0.78,305463000.0,0.0,818339000.0,,394396000.0,316720000.0,197030000.0,119690000.0,425268000.0,423538000.0,1730000.0,14740443694.0,373343000.0,0.0,8939000.0,0.0,0.0,8939000.0,258434000.0,277505000.0,108043000.0,-2073000.0,142842000.0,142842000.0,142842000.0,0.0,0.0,0.262,236213000.0,188570000.0,73181000.0,0.0,7.654,32.712,32.287,184722000.0,0.0,41.005,7.834,7.837,155448000.0,1564742000.0,544616000.0,544616000.0,51318000.0,,,,,0.0,184895000.0,1.0,359479178.0,359606000,371446000.0,1.514,2045724000.0,154369000.0,45728000.0,131270000.0,5.689,1279936000.0
47,FRX1,MRQ,2002-06-30,2002-06-30,2002-06-30,2021-09-16,-9500000.0,2168172000.0,,1235401000.0,932771000.0,,4.939,-14823000.0,430504000.0,430504000.0,110673000.0,123828000.0,3.133,0.223,0.0,0.0,0.0,0.0,0.0,3828000.0,0.0,0.0,0.0,162932000.0,166760000.0,0.348,166760000.0,162932000.0,162932000.0,0.35,0.33,0.35,1772145000.0,,1772145000.0,12251791117.0,23.0,21.144,157325000.0,0.438,1.0,368124000.0,0.769,316200000.0,0.0,1027169000.0,,357849000.0,594225000.0,183586000.0,410639000.0,396027000.0,394299000.0,1728000.0,12711652117.0,-29357000.0,0.0,5028000.0,0.0,0.0,5028000.0,-220001000.0,-161218000.0,172148000.0,13468000.0,123828000.0,123828000.0,123828000.0,0.0,0.0,0.259,205192000.0,162932000.0,87546000.0,0.0,7.173,32.784,32.329,170332000.0,0.0,35.4,7.384,7.378,122285000.0,1421900000.0,478797000.0,478797000.0,50267000.0,,,,,0.0,154925000.0,1.0,359086218.0,358808000,371506000.0,1.334,1851972000.0,138549000.0,39104000.0,112597000.0,5.161,841102000.0
48,FRX1,MRQ,2002-03-31,2002-03-31,2002-03-31,2021-09-16,-23290000.0,1951873000.0,,1195112000.0,756761000.0,,4.547,3898000.0,459861000.0,459861000.0,103228000.0,96553000.0,3.678,0.201,0.0,0.0,0.0,0.0,0.0,44023000.0,0.0,0.0,0.0,133126000.0,177149000.0,0.397,177149000.0,133126000.0,133126000.0,0.27,0.26,0.27,1625089000.0,,1625089000.0,14145716190.0,30.0,26.954,101680000.0,0.285,1.0,343095000.0,0.769,280279000.0,0.0,886765000.0,,348215000.0,433007000.0,151660000.0,281347000.0,326784000.0,324968000.0,1816000.0,14595341190.0,10236000.0,0.0,11751000.0,0.0,0.0,11751000.0,-95020000.0,-67873000.0,97782000.0,-4277000.0,96553000.0,96553000.0,96553000.0,0.0,0.0,0.216,209969000.0,133126000.0,79396000.0,0.0,8.981,43.187,43.0,159039000.0,0.0,40.85,9.112,9.063,116290000.0,1298072000.0,446323000.0,446323000.0,45384000.0,,,,,0.0,164585000.0,1.0,357291094.0,357376000,371678000.0,1.249,1671594000.0,119807000.0,36573000.0,83138000.0,4.677,870144000.0
49,FRX1,MRQ,2001-12-31,2001-12-31,2001-12-31,2021-09-16,-18621000.0,1809507000.0,,1090899000.0,718608000.0,,4.23,-24838000.0,449625000.0,449625000.0,95648000.0,87395000.0,3.612,0.202,0.0,0.0,0.0,0.0,0.0,-12389000.0,0.0,0.0,0.0,122746000.0,110357000.0,0.268,110357000.0,122746000.0,122746000.0,0.25,0.24,0.25,1505646000.0,,1505646000.0,14170808528.0,33.0,33.565,86450000.0,0.243,1.0,316271000.0,0.768,272956000.0,0.0,784895000.0,,323629000.0,365134000.0,102254000.0,262880000.0,303861000.0,302031000.0,1830000.0,14583884528.0,36549000.0,0.0,6352000.0,0.0,0.0,6352000.0,-77727000.0,-52889000.0,111288000.0,-3364000.0,87395000.0,87395000.0,87395000.0,0.0,0.0,0.212,193525000.0,122746000.0,59933000.0,0.0,9.686,46.956,46.299,148723000.0,0.0,40.975,9.792,9.791,117926000.0,1201519000.0,411919000.0,411919000.0,41025000.0,,,,,0.0,152500000.0,1.0,355921526.0,355906000,370676000.0,1.157,1536551000.0,101688000.0,35351000.0,75192000.0,4.317,788868000.0
50,FRX1,MRQ,2001-09-30,2001-09-30,2001-09-30,2021-09-16,-14972000.0,1682076000.0,,958789000.0,723287000.0,,3.966,-6901000.0,413076000.0,413076000.0,88993000.0,79960000.0,3.504,0.196,0.0,0.0,0.0,0.0,0.0,13738000.0,0.0,0.0,0.0,111443000.0,125181000.0,0.326,125181000.0,111443000.0,111443000.0,0.225,0.215,0.225,1406616000.0,,1406616000.0,12326401049.0,31.0,29.763,95408000.0,0.269,1.0,295467000.0,0.769,273050000.0,0.0,722323000.0,,290141000.0,312245000.0,42540000.0,269705000.0,275460000.0,273627000.0,1833000.0,12790847049.0,-51370000.0,0.0,7182000.0,0.0,0.0,7182000.0,-168037000.0,-161136000.0,102309000.0,7176000.0,79960000.0,79960000.0,79960000.0,0.0,0.0,0.208,184024000.0,111443000.0,60168000.0,0.0,9.093,44.243,43.721,146084000.0,0.0,36.07,9.168,9.17,114763000.0,1114124000.0,384460000.0,384460000.0,36634000.0,,,,,0.0,147390000.0,1.0,354611784.0,354706000,370158000.0,1.084,1409026000.0,94983000.0,31483000.0,54509000.0,3.972,685162000.0
51,FRX1,MRQ,2001-06-30,2001-06-30,2001-06-30,2021-09-16,-22381000.0,1564076000.0,,992558000.0,571518000.0,,3.685,-8605000.0,464446000.0,464446000.0,83192000.0,74046000.0,3.818,0.2,0.0,0.0,0.0,0.0,0.0,9256000.0,0.0,0.0,0.0,102863000.0,112119000.0,0.312,112119000.0,102863000.0,102863000.0,0.21,0.2,0.21,1302962000.0,,1302962000.0,12187173461.0,34.0,32.781,106500000.0,0.301,1.0,275930000.0,0.768,283397000.0,0.0,556277000.0,,275103000.0,151109000.0,40686000.0,110423000.0,261114000.0,259956000.0,1158000.0,12566722461.0,84897000.0,0.0,5910000.0,0.0,0.0,5910000.0,-33539000.0,-24934000.0,115105000.0,-2579000.0,74046000.0,74046000.0,74046000.0,0.0,0.0,0.206,173067000.0,102863000.0,65721000.0,0.0,9.645,48.17,47.333,142321000.0,0.0,35.5,9.679,9.666,113941000.0,1034164000.0,359122000.0,359122000.0,34751000.0,,,,,0.0,138316000.0,1.0,353992182.0,353540000,369034000.0,1.016,1280679000.0,94015000.0,28817000.0,62239000.0,3.622,732602000.0
52,FRX1,MRQ,2001-03-31,2001-03-31,2001-03-31,2021-09-16,-19573000.0,1446930000.0,,884149000.0,562781000.0,,3.466,13105000.0,379549000.0,379549000.0,76352000.0,69187000.0,3.954,0.184,0.0,0.0,0.0,0.0,0.0,-21318000.0,0.0,0.0,0.0,95857000.0,74539000.0,0.223,74539000.0,95857000.0,95857000.0,0.2,0.19,0.2,1222114000.0,,1222114000.0,10017557341.0,34.0,32.383,55441000.0,0.157,1.0,257558000.0,0.771,289552000.0,0.0,554211000.0,,263957000.0,126175000.0,25724000.0,100451000.0,224816000.0,223618000.0,1198000.0,10436605341.0,-39499000.0,0.0,7371000.0,0.0,0.0,7371000.0,-86492000.0,-55567000.0,42336000.0,-2714000.0,69187000.0,69187000.0,69187000.0,0.0,0.0,0.207,161701000.0,95857000.0,41921000.0,0.0,8.54,48.521,47.774,136909000.0,0.0,29.62,8.66,8.579,115591000.0,960118000.0,333910000.0,333910000.0,30466000.0,,,,,0.0,131235000.0,1.0,352349944.0,352578000,367486000.0,0.947,1157378000.0,100591000.0,26670000.0,43757000.0,3.283,660531000.0
53,FRX1,MRQ,2000-12-31,2000-12-31,2000-12-31,2021-09-16,-16401000.0,1354874000.0,,878667000.0,476207000.0,,3.251,-8590000.0,419048000.0,419048000.0,73855000.0,65913000.0,4.159,0.186,0.0,0.0,0.0,0.0,0.0,10765000.0,0.0,0.0,0.0,91546000.0,102311000.0,0.322,102311000.0,91546000.0,91546000.0,0.19,0.18,0.19,1142336000.0,,1142336000.0,11332049566.0,47.0,38.576,105332000.0,0.3,1.0,243874000.0,0.768,278016000.0,0.0,446559000.0,,250162000.0,70607000.0,39864000.0,30743000.0,212538000.0,211251000.0,1287000.0,11645870566.0,105227000.0,0.0,5319000.0,0.0,0.0,5319000.0,-17425000.0,-8835000.0,113922000.0,3411000.0,65913000.0,65913000.0,65913000.0,0.0,0.0,0.207,152328000.0,91546000.0,63510000.0,0.0,10.195,66.993,66.438,129112000.0,0.0,33.219,10.247,10.269,72996000.0,890931000.0,317729000.0,317729000.0,26381000.0,,,,,0.0,125947000.0,1.0,350581240.0,351334000,368450000.0,0.904,1076858000.0,98374000.0,25633000.0,20791000.0,3.065,667416000.0
54,FRX1,MRQ,2000-09-30,2000-09-30,2000-09-30,2021-09-16,-20121000.0,1212475000.0,,749819000.0,462656000.0,,3.032,-30217000.0,313821000.0,313821000.0,69931000.0,51738000.0,4.938,0.145,0.0,0.0,0.0,0.0,0.0,10945000.0,0.0,0.0,0.0,71858000.0,82803000.0,0.288,82803000.0,71858000.0,71858000.0,0.15,0.14,0.15,1059314000.0,,1059314000.0,9706038274.0,50.0,39.799,23386000.0,0.067,1.0,217713000.0,0.757,284555000.0,0.0,462258000.0,,197751000.0,61772000.0,47607000.0,14165000.0,153161000.0,151841000.0,1320000.0,10007787274.0,12072000.0,0.0,4492000.0,0.0,0.0,4492000.0,-41339000.0,-11122000.0,53603000.0,-4684000.0,51738000.0,51738000.0,51738000.0,0.0,0.0,0.18,145855000.0,71858000.0,43749000.0,0.0,9.447,71.647,70.795,124580000.0,0.0,28.672,9.445,9.452,70616000.0,825018000.0,287644000.0,287644000.0,25486000.0,,,,,0.0,120369000.0,1.0,349043920.0,349324000,365384000.0,0.823,927920000.0,126940000.0,20120000.0,31706000.0,2.656,597978000.0
55,FRX1,MRQ,2000-06-30,2000-06-30,2000-06-30,2021-09-16,-15445000.0,1162215000.0,,724346000.0,437869000.0,,2.927,-5170000.0,301749000.0,301749000.0,63941000.0,28258000.0,4.607,0.158,0.0,0.0,0.0,0.0,0.0,10231000.0,0.0,0.0,0.0,39466000.0,49697000.0,0.187,49697000.0,39466000.0,39466000.0,0.08,0.08,0.08,1003604000.0,,1003604000.0,8504883709.0,53.0,41.113,-34775000.0,-0.101,1.0,201950000.0,0.76,270501000.0,0.0,432721000.0,,174286000.0,50650000.0,37475000.0,13175000.0,158611000.0,157244000.0,1367000.0,8807483709.0,-851000.0,0.0,32718000.0,0.0,0.0,32718000.0,-3182000.0,1988000.0,-29605000.0,-782000.0,28258000.0,28258000.0,28258000.0,0.0,0.0,0.106,162484000.0,39466000.0,54191000.0,0.0,8.776,75.997,74.704,119607000.0,0.0,25.25,9.003,8.851,79547000.0,773280000.0,265891000.0,265891000.0,23373000.0,,,,,0.0,139111000.0,1.0,348811236.0,342928000,360728000.0,0.775,891714000.0,136499000.0,11208000.0,35936000.0,2.6,567102000.0
56,FRX1,MRQ,2000-03-31,2000-03-31,2000-03-31,2021-09-16,-14312000.0,1128881000.0,,676472000.0,452409000.0,,2.618,-15650000.0,302600000.0,302600000.0,61959000.0,27929000.0,2.792,0.276,0.0,0.0,0.0,0.0,0.0,21333000.0,0.0,0.0,0.0,37615000.0,58948000.0,0.222,58948000.0,37615000.0,37615000.0,0.08,0.08,0.08,884690000.0,,884690000.0,6913723896.0,44.0,34.902,73301000.0,0.217,1.0,203299000.0,0.766,278267000.0,0.0,305685000.0,,177798000.0,52638000.0,35019000.0,17619000.0,244191000.0,242329000.0,1862000.0,7139469896.0,76854000.0,0.0,6579000.0,0.0,0.0,6579000.0,-16828000.0,-1178000.0,88951000.0,-1848000.0,27929000.0,27929000.0,27929000.0,0.0,0.0,0.105,165684000.0,37615000.0,71976000.0,0.0,8.07,63.356,63.06,117016000.0,0.0,21.125,7.939,7.872,91809000.0,745022000.0,265258000.0,265258000.0,22405000.0,,,,,0.0,143279000.0,1.0,337963072.0,337892000,356100000.0,0.785,850614000.0,80324000.0,9686000.0,46453000.0,2.517,434143000.0
57,FRX1,MRQ,1999-12-31,1999-12-31,1999-12-31,2021-09-16,-12212000.0,986355000.0,,525067000.0,461288000.0,,2.528,-10397000.0,225746000.0,225746000.0,58671000.0,31756000.0,3.842,0.163,0.0,0.0,0.0,0.0,0.0,7733000.0,0.0,0.0,0.0,44695000.0,52428000.0,0.218,52428000.0,44695000.0,44695000.0,0.095,0.09,0.095,848191000.0,,848191000.0,4957225546.0,28.0,24.768,31596000.0,0.094,1.0,182174000.0,0.756,297245000.0,0.0,326706000.0,,156805000.0,51460000.0,24718000.0,26742000.0,138164000.0,136658000.0,1506000.0,5134221546.0,48750000.0,0.0,9435000.0,0.0,0.0,9435000.0,-292000.0,10105000.0,41993000.0,-2386000.0,31756000.0,31756000.0,31756000.0,0.0,0.0,0.132,137479000.0,44695000.0,38329000.0,0.0,6.053,41.511,41.512,103879000.0,0.0,15.359,6.214,6.237,57366000.0,717093000.0,240845000.0,240845000.0,17747000.0,,,,,0.0,119732000.0,1.0,334272708.0,335484000,351204000.0,0.718,689110000.0,67841000.0,12939000.0,25450000.0,2.054,388409000.0
58,FRX1,MRQ,1999-09-30,1999-09-30,1999-09-30,2021-09-16,-7440000.0,929581000.0,,466383000.0,463198000.0,,2.395,-51268000.0,176996000.0,176996000.0,50288000.0,27950000.0,3.63,0.163,0.0,0.0,0.0,0.0,0.0,6191000.0,0.0,0.0,0.0,39601000.0,45792000.0,0.222,45792000.0,39601000.0,39601000.0,0.083,0.08,0.083,799532000.0,,799532000.0,3315928476.0,21.0,18.054,-34935000.0,-0.105,1.0,156016000.0,0.756,299854000.0,0.0,324234000.0,,141423000.0,61565000.0,32617000.0,28948000.0,130049000.0,128497000.0,1552000.0,3514601476.0,-21677000.0,0.0,2017000.0,0.0,0.0,2017000.0,-42237000.0,9031000.0,16333000.0,2210000.0,27950000.0,27950000.0,27950000.0,0.0,0.0,0.135,116415000.0,39601000.0,45086000.0,0.0,4.396,30.981,30.974,100555000.0,0.0,10.531,4.749,4.751,56016000.0,685337000.0,206304000.0,206304000.0,15635000.0,,,,,0.0,100780000.0,1.0,333730704.0,333860000,350124000.0,0.618,629727000.0,66255000.0,11651000.0,25565000.0,1.886,337886000.0
59,FRX1,MRQ,1999-06-30,1999-06-30,1999-06-30,2021-09-16,-10693000.0,940538000.0,,486547000.0,453991000.0,,2.298,-58238000.0,198673000.0,198673000.0,44733000.0,25053000.0,2.818,0.227,0.0,0.0,0.0,0.0,0.0,5387000.0,0.0,0.0,0.0,35536000.0,40923000.0,0.219,40923000.0,35536000.0,35536000.0,0.075,0.072,0.075,766312000.0,,766312000.0,3651733682.0,27.0,23.067,-9290000.0,-0.028,1.0,142161000.0,0.761,292337000.0,0.0,276882000.0,,138712000.0,70596000.0,34599000.0,35997000.0,174226000.0,172646000.0,1580000.0,3852701682.0,-2295000.0,0.0,1265000.0,0.0,0.0,1265000.0,-50839000.0,7399000.0,48948000.0,-1669000.0,25053000.0,25053000.0,25053000.0,0.0,0.0,0.134,106625000.0,35536000.0,60471000.0,0.0,5.028,40.215,39.871,92972000.0,0.0,11.562,5.64,5.644,43833000.0,657387000.0,186894000.0,186894000.0,14505000.0,,,,,0.0,92120000.0,1.0,333206632.0,333444000,349716000.0,0.56,648201000.0,78145000.0,10483000.0,31174000.0,1.944,313901000.0
60,FRX1,MRQ,1999-03-31,1999-03-31,1999-03-31,2021-09-16,-7175000.0,875097000.0,,502361000.0,372736000.0,,2.242,-13389000.0,200968000.0,200968000.0,43032000.0,38924000.0,3.866,0.177,0.0,0.0,0.0,0.0,0.0,5475000.0,0.0,0.0,0.0,55526000.0,61001000.0,0.317,61001000.0,55526000.0,55526000.0,0.117,0.113,0.117,743512000.0,,743512000.0,4495537936.0,41.0,34.04,47666000.0,0.144,1.0,149150000.0,0.776,211420000.0,0.0,332749000.0,,132675000.0,77995000.0,40780000.0,37215000.0,131585000.0,129960000.0,1625000.0,4661179936.0,35326000.0,0.0,21601000.0,0.0,0.0,11569000.0,-34342000.0,-32953000.0,61055000.0,-2956000.0,38924000.0,38924000.0,38924000.0,0.0,0.0,0.203,93624000.0,55526000.0,66673000.0,0.0,6.269,60.399,59.973,91196000.0,0.0,14.094,7.47,7.358,57294000.0,632334000.0,192182000.0,192182000.0,12223000.0,,,,,0.0,81401000.0,1.0,330726736.0,331564000,349608000.0,0.58,663677000.0,79690000.0,16602000.0,26798000.0,2.002,372401000.0
61,FRX1,MRQ,1998-12-31,1998-12-31,1998-12-31,2021-09-16,-1772000.0,786216000.0,,422580000.0,363636000.0,,2.074,-4296000.0,165642000.0,165642000.0,34140000.0,21518000.0,3.85,0.163,0.0,0.0,0.0,0.0,0.0,5299000.0,0.0,0.0,0.0,30653000.0,35952000.0,0.232,35952000.0,30653000.0,30653000.0,0.065,0.062,0.065,676180000.0,,676180000.0,4195839099.0,74.0,54.037,-7629000.0,-0.023,1.0,120542000.0,0.779,216208000.0,0.0,294607000.0,,121780000.0,45042000.0,23805000.0,21237000.0,110036000.0,109759000.0,277000.0,4338127099.0,23354000.0,0.0,6017000.0,0.0,0.0,14875000.0,11926000.0,16222000.0,-3333000.0,-114000.0,21518000.0,21518000.0,21518000.0,0.0,0.0,0.139,89889000.0,30653000.0,38326000.0,0.0,6.416,110.421,110.807,93386000.0,0.0,13.297,7.548,7.542,46137000.0,593410000.0,154682000.0,154682000.0,12553000.0,,,,,0.0,77336000.0,1.0,326251504.0,325980000,344712000.0,0.475,570008000.0,76458000.0,9135000.0,18478000.0,1.749,312821000.0
62,FRX1,MRQ,1998-09-30,1998-09-30,1998-09-30,2021-09-16,-784000.0,750056000.0,,375176000.0,374880000.0,,1.983,-2181000.0,142288000.0,142288000.0,32390000.0,10308000.0,3.442,0.171,0.0,0.0,0.0,0.0,0.0,5394000.0,0.0,0.0,0.0,15037000.0,20431000.0,0.137,20431000.0,15037000.0,15037000.0,0.033,0.03,0.033,640775000.0,,640775000.0,2657672181.0,48.0,35.08,15068000.0,0.047,1.0,116970000.0,0.783,219755000.0,0.0,279015000.0,,88747000.0,61264000.0,30555000.0,30709000.0,109281000.0,108998000.0,283000.0,2772789181.0,27171000.0,0.0,1059000.0,0.0,0.0,2134000.0,6268000.0,20449000.0,17249000.0,1520000.0,10308000.0,10308000.0,10308000.0,0.0,0.0,0.069,101933000.0,15037000.0,43119000.0,0.0,4.327,74.431,74.728,90950000.0,0.0,8.594,5.04,5.047,44890000.0,571892000.0,149360000.0,149360000.0,12926000.0,,,,,0.0,89007000.0,1.0,322651832.0,323080000,340768000.0,0.462,530301000.0,72728000.0,4729000.0,14476000.0,1.641,266178000.0
63,FRX1,MRQ,1998-06-30,1998-06-30,1998-06-30,2021-09-16,-4244000.0,731802000.0,,354315000.0,377487000.0,,1.94,-9300000.0,115117000.0,115117000.0,26915000.0,6423000.0,3.322,0.171,0.0,0.0,0.0,0.0,0.0,5096000.0,0.0,0.0,0.0,9587000.0,14683000.0,0.115,14683000.0,9587000.0,9587000.0,0.02,0.02,0.02,624873000.0,,624873000.0,2879307717.0,45.0,34.474,-37910000.0,-0.118,1.0,100849000.0,0.789,210674000.0,0.0,299356000.0,,100611000.0,81713000.0,35056000.0,46657000.0,106929000.0,106655000.0,274000.0,2879307717.0,-34536000.0,0.0,3904000.0,0.0,0.0,4003000.0,-11066000.0,-1766000.0,-28610000.0,1137000.0,6423000.0,6423000.0,6423000.0,0.0,0.0,0.05,91262000.0,9587000.0,37150000.0,0.0,4.608,67.811,68.75,88627000.0,0.0,8.938,5.622,5.62,38904000.0,561584000.0,127764000.0,127764000.0,13939000.0,,,,,0.0,77323000.0,1.0,322160304.0,322028000,339584000.0,0.397,521128000.0,73764000.0,3164000.0,20225000.0,1.618,247660000.0
64,FRX1,MRQ,1998-03-31,1998-03-31,1998-03-31,2021-09-16,-4530000.0,744323000.0,,371647000.0,372676000.0,,1.915,-3213000.0,149653000.0,149653000.0,29344000.0,1038000.0,2.861,0.212,0.0,0.0,0.0,0.0,0.0,5033000.0,0.0,0.0,0.0,1549000.0,6582000.0,0.046,6582000.0,1549000.0,1549000.0,0.003,0.003,0.003,614161000.0,,614161000.0,2852837075.0,52.0,38.125,26445000.0,0.082,1.0,113578000.0,0.795,213937000.0,0.0,250844000.0,,82718000.0,79947000.0,32199000.0,47748000.0,130162000.0,129889000.0,273000.0,3012309075.0,-9819000.0,0.0,8189000.0,0.0,0.0,8177000.0,-47119000.0,-45258000.0,29658000.0,-535000.0,1038000.0,1038000.0,1038000.0,0.0,0.0,0.007,112029000.0,1549000.0,30409000.0,0.0,4.905,82.086,82.965,81450000.0,0.0,9.375,6.346,6.391,41464000.0,555161000.0,142922000.0,142922000.0,45523000.0,,,,,0.0,66506000.0,1.0,321312968.0,320756000,334792000.0,0.446,530386000.0,74746000.0,511000.0,28755000.0,1.654,241758000.0
65,FRX1,MRQ,1997-12-31,1997-12-31,1997-12-31,2021-09-16,0.0,687018000.0,,348789000.0,338229000.0,,1.871,-1890000.0,159472000.0,159472000.0,27716000.0,19484000.0,4.021,0.145,0.0,0.0,0.0,0.0,0.0,4984000.0,0.0,0.0,0.0,29081000.0,34065000.0,0.262,34065000.0,29081000.0,29081000.0,0.06,0.06,0.06,599942000.0,,599942000.0,1822311432.0,75.0,41.008,23533000.0,0.073,1.0,102356000.0,0.787,217447000.0,0.0,223354000.0,,82756000.0,34689000.0,11857000.0,22832000.0,87076000.0,86745000.0,331000.0,1987444432.0,-6037000.0,0.0,-26207000.0,0.0,0.0,-25259000.0,-6586000.0,-5419000.0,25423000.0,385000.0,19484000.0,19484000.0,19484000.0,0.0,0.0,0.15,73275000.0,29081000.0,27063000.0,0.0,3.313,116.964,110.073,81884000.0,0.0,6.164,5.041,5.014,42813000.0,554123000.0,130072000.0,130072000.0,13178000.0,,,,,0.0,60097000.0,1.0,322424576.0,320676000,330292000.0,0.406,469571000.0,49003000.0,9597000.0,20390000.0,1.464,262044000.0
66,FRX1,MRQ,1997-09-30,1997-09-30,1997-09-30,2021-09-16,0.0,,,,,,1.863,-1596000.0,,,25048000.0,15516000.0,,0.135,0.0,0.0,0.0,0.0,0.0,5032000.0,0.0,0.0,0.0,23158000.0,28190000.0,0.253,28190000.0,23158000.0,23158000.0,0.048,0.048,0.048,606018000.0,,606018000.0,1556216401.0,-29.0,-44.795,33869000.0,0.104,1.0,86335000.0,0.775,,0.0,,,,,,,81831000.0,81434000.0,397000.0,1721349401.0,376000.0,0.0,-31605000.0,0.0,0.0,-31205000.0,-3266000.0,-1595000.0,35465000.0,-618000.0,15516000.0,15516000.0,15516000.0,0.0,0.0,0.139,63177000.0,23158000.0,22154000.0,0.0,2.84,-49.457,-52.656,,0.0,5.266,5.61,5.583,,534639000.0,111383000.0,111383000.0,10114000.0,,,,,0.0,53063000.0,1.0,326902840.0,325300000,334560000.0,0.342,,,7642000.0,20051000.0,,
67,FRX1,MRQ,1997-06-30,1997-06-30,1997-06-30,2021-09-16,0.0,686123000.0,,347485000.0,338638000.0,,1.892,323000.0,165133000.0,165133000.0,22304000.0,659000.0,5.285,0.107,0.0,0.0,0.0,0.0,0.0,5007000.0,0.0,0.0,0.0,984000.0,5991000.0,0.066,5991000.0,984000.0,984000.0,0.003,0.003,0.003,620034000.0,,620034000.0,1564052141.0,-22.0,-31.353,11147000.0,0.034,1.0,68023000.0,0.753,221531000.0,0.0,233708000.0,,84621000.0,27675000.0,9961000.0,17714000.0,66089000.0,65751000.0,338000.0,1697667141.0,2291000.0,0.0,-6656000.0,0.0,0.0,-6656000.0,-2534000.0,-857000.0,10824000.0,657000.0,659000.0,659000.0,659000.0,0.0,0.0,0.007,67039000.0,984000.0,17300000.0,0.0,2.738,-37.938,-39.54,82156000.0,0.0,5.18,5.966,5.967,34440000.0,519123000.0,90327000.0,90327000.0,10335000.0,,,,,0.0,56704000.0,1.0,327754584.0,327796000,335292000.0,0.276,464592000.0,50368000.0,325000.0,13872000.0,1.417,281734000.0
68,FRX1,MRQ,1997-03-31,1997-03-31,1997-03-31,2021-09-16,0.0,700281000.0,,359630000.0,340651000.0,,1.9,-2300000.0,0.0,0.0,23159000.0,-18667000.0,4.89,0.118,0.0,0.0,0.0,0.0,0.0,5001000.0,0.0,0.0,0.0,-28809000.0,-23808000.0,-0.381,-23808000.0,-28809000.0,-28809000.0,-0.054,-0.054,-0.054,626399000.0,,626399000.0,1415774553.0,-36.0,-71.453,60169000.0,0.183,1.0,39299000.0,0.629,223253000.0,0.0,403484000.0,,92539000.0,26818000.0,9401000.0,17417000.0,73882000.0,73544000.0,338000.0,1549389553.0,29227000.0,0.0,170117000.0,0.0,0.0,1245000.0,-33256000.0,-9696000.0,62469000.0,-1241000.0,-18667000.0,-18667000.0,-18667000.0,0.0,0.0,-0.299,68108000.0,-28809000.0,22311000.0,0.0,2.473,-65.817,-69.164,83324000.0,0.0,4.703,5.013,5.236,21896000.0,518464000.0,62458000.0,62458000.0,13574000.0,,,,,0.0,54534000.0,1.0,329437960.0,329672000,329672000.0,0.189,477028000.0,70587000.0,-10142000.0,14595000.0,1.447,286086000.0
69,FRX1,MRQ,1996-12-31,1996-12-31,1996-12-31,2021-09-16,0.0,720004000.0,,390242000.0,329762000.0,,1.923,-2345000.0,133615000.0,133615000.0,20227000.0,-32313000.0,5.334,0.114,0.0,0.0,0.0,0.0,0.0,4747000.0,0.0,0.0,0.0,-49861000.0,-45114000.0,-1.057,-45114000.0,-49861000.0,-49861000.0,-0.096,-0.096,-0.096,646536000.0,,646536000.0,,,,11027000.0,0.033,1.0,22435000.0,0.526,225414000.0,0.0,287807000.0,,93932000.0,17122000.0,12884000.0,4238000.0,73468000.0,73168000.0,300000.0,1348636649.0,-22981000.0,0.0,-57858000.0,0.0,0.0,-56558000.0,18337000.0,20682000.0,13372000.0,1868000.0,-32313000.0,-32313000.0,-32313000.0,0.0,0.0,-0.757,72296000.0,-49861000.0,22366000.0,0.0,2.086,71.904,80.27,84031000.0,0.0,4.094,3.808,3.887,91200000.0,537131000.0,42662000.0,42662000.0,11689000.0,,,,,0.0,60607000.0,1.0,329437960.0,336232000,336232000.0,0.127,494590000.0,29817000.0,-17548000.0,15771000.0,1.471,317074000.0
70,FRX1,MRQ,1996-09-30,1996-09-30,1996-09-30,2021-09-16,,,,,,,,-2445000.0,,,22683000.0,5573000.0,,,,,,,,4924000.0,,0.0,0.0,8122000.0,13046000.0,0.146,13046000.0,8122000.0,8122000.0,0.016,0.016,0.016,,,,,,,-41371000.0,-0.116,1.0,66434000.0,0.745,,0.0,,,,,,,,,,,-79784000.0,0.0,-58757000.0,0.0,0.0,-58757000.0,15591000.0,19036000.0,-38926000.0,2308000.0,5573000.0,5573000.0,5573000.0,0.0,0.0,0.063,61386000.0,5048000.0,,0.0,,,21.101,,0.0,4.516,,3.675,,,89117000.0,89117000.0,8180000.0,,,,,0.0,53206000.0,1.0,,355208000,355208000.0,0.251,,,2549000.0,,,
71,FRX1,MRQ,1996-06-30,1996-06-30,1996-06-30,2021-09-16,,,,,,,,-2565000.0,,,19805000.0,21866000.0,,,,,,,,4513000.0,,0.0,0.0,31549000.0,36062000.0,0.323,36062000.0,31549000.0,31549000.0,0.059,0.059,0.059,,,,,,,93870000.0,0.251,1.0,91945000.0,0.823,,0.0,,,,,,,,,,,152837000.0,0.0,-47859000.0,0.0,0.0,-47859000.0,105230000.0,107795000.0,96435000.0,-969000.0,21866000.0,21866000.0,21866000.0,0.0,0.0,0.196,60396000.0,31549000.0,,0.0,,,,,0.0,4.828,,,,,111750000.0,111750000.0,7246000.0,,,,,0.0,53150000.0,1.0,,373248000,373248000.0,0.299,,,9683000.0,,,
72,FRX1,MRQ,1996-03-31,1996-03-31,1996-03-31,2021-09-16,0.0,899361000.0,,470612000.0,428749000.0,,2.491,-2746000.0,83543000.0,83543000.0,21786000.0,23630000.0,5.254,0.111,0.0,0.0,0.0,0.0,0.0,4889000.0,0.0,0.0,0.0,36807000.0,41696000.0,0.377,41696000.0,36807000.0,36807000.0,0.072,,0.072,809517000.0,,809517000.0,,,,-61383000.0,-0.189,1.0,88818000.0,0.803,234171000.0,0.0,492076000.0,,58949000.0,138236000.0,40164000.0,98072000.0,89844000.0,89571000.0,273000.0,,-20629000.0,-76328000.0,3625000.0,0.0,0.0,3850000.0,34657000.0,37292000.0,-58637000.0,-499000.0,23630000.0,23630000.0,23630000.0,0.0,0.0,0.214,52011000.0,36807000.0,13994000.0,0.0,,,21.233,79357000.0,0.0,6.094,,4.803,254708000.0,542005000.0,110604000.0,110604000.0,7356000.0,,,,,0.0,44655000.0,1.0,,324928000,,0.34,665190000.0,27809000.0,13177000.0,25518000.0,2.047,381041000.0
73,FRX1,MRQ,1995-12-31,1995-12-31,1995-12-31,2021-09-16,,,,,,,,,,,26080000.0,24871000.0,,,,,,,,,,0.0,0.0,38740000.0,,,,38740000.0,38740000.0,0.066,,0.066,,,,,,,,,1.0,98917000.0,0.791,,0.0,,,,,,,,,,,,,,,,,,,,,24871000.0,24871000.0,24871000.0,0.0,0.0,0.199,60177000.0,38740000.0,,0.0,,,,,0.0,5.656,,,,,124997000.0,124997000.0,9329000.0,,,,,,50848000.0,1.0,,374840000,,0.333,,,13869000.0,,,
0,FRX1,MRT,2014-03-31,2014-03-31,2014-03-31,2021-09-16,12109000.0,12017531000.0,9105459250.0,4123712000.0,7893819000.0,0.401,22.909,-104097000.0,1780036000.0,1780036000.0,760642000.0,165310000.0,2.73,0.949,3000000000.0,0.0,3000000000.0,3000000000.0,0.0,310652000.0,0.0,0.0,0.0,81568000.0,392220000.0,0.108,392220000.0,81568000.0,81568000.0,0.61,0.61,0.61,6165564000.0,5965372250.0,6165564000.0,23879129335.0,293.0,60.882,366806000.0,1.363,1.0,2886257000.0,0.791,6209447000.0,0.0,5517379000.0,3896429750.0,612664000.0,1543155000.0,373014000.0,1170141000.0,5851967000.0,1510669000.0,4341298000.0,25001562335.0,844361000.0,-2900000000.0,163544000.0,3000000000.0,0.0,3142980000.0,-2772098000.0,559702000.0,470903000.0,2576000.0,165310000.0,165310000.0,165310000.0,0.0,0.0,0.045,2774505000.0,111752000.0,221025000.0,0.0,4.055,151.24,151.262,371815000.0,0.0,92.27,6.856,6.809,576854000.0,9220654000.0,3646899000.0,3646899000.0,788276000.0,0.018,0.028,0.021,0.022,69051000.0,1986229000.0,1.0,270960901.0,269129000,272947000.0,13.551,5808084000.0,313237000.0,-83742000.0,1270997000.0,21.581,2613043000.0
1,FRX1,MRT,2013-12-31,2013-12-31,2013-12-31,2021-09-16,3887000.0,9058742000.0,8008472000.0,4293118000.0,4765624000.0,0.421,22.24,-76009000.0,2322433000.0,2322433000.0,689181000.0,156669000.0,4.128,0.511,1200000000.0,0.0,1200000000.0,1200000000.0,0.0,181744000.0,0.0,0.0,0.0,183036000.0,364780000.0,0.108,364780000.0,183036000.0,183036000.0,0.59,0.59,0.59,5993331000.0,5860295000.0,5993331000.0,15252134053.0,83.0,41.812,299676000.0,1.112,1.0,2679266000.0,0.795,2785170000.0,0.0,4111109000.0,3230956500.0,438002000.0,2165489000.0,701671000.0,1463818000.0,3065411000.0,1040030000.0,2025381000.0,16172588053.0,1373530000.0,0.0,88832000.0,1200000000.0,0.0,1278008000.0,-282066000.0,-112326000.0,375685000.0,1903000.0,156669000.0,156669000.0,156669000.0,0.0,0.0,0.047,2516723000.0,162543000.0,77467000.0,0.0,2.698,103.228,101.746,395573000.0,0.0,60.03,4.801,4.802,369881000.0,9166570000.0,3368447000.0,3368447000.0,836587000.0,0.02,0.027,0.057,0.054,70080000.0,1680136000.0,1.0,269408430.0,269481000,272901000.0,12.5,6273572000.0,274980000.0,26367000.0,785478000.0,23.28,3253088000.0
2,FRX1,MRT,2013-09-30,2013-09-30,2013-09-30,2021-09-16,672000.0,7736966000.0,7615114000.0,3002061000.0,4734905000.0,0.421,22.032,-63123000.0,920454000.0,920454000.0,660222000.0,-14900000.0,3.023,0.308,0.0,0.0,0.0,0.0,0.0,169548000.0,0.0,0.0,0.0,-23577000.0,145971000.0,0.046,145971000.0,-23577000.0,-23577000.0,-0.06,-0.06,-0.06,5916383000.0,5778941250.0,5916383000.0,10651480364.0,-452.0,72.97,83237000.0,0.31,1.0,2546110000.0,0.794,2820140000.0,0.0,3003307000.0,2883591250.0,487793000.0,2180751000.0,757357000.0,1423394000.0,1820583000.0,993065000.0,827518000.0,11486470364.0,-377003000.0,0.0,65222000.0,0.0,0.0,67423000.0,-598153000.0,-365530000.0,146360000.0,7367000.0,-14900000.0,-14900000.0,-14900000.0,0.0,0.0,-0.005,2595906000.0,-49796000.0,66573000.0,0.0,1.941,-770.904,-713.167,384421000.0,0.0,42.79,3.582,3.584,431344000.0,9148609000.0,3206332000.0,3206332000.0,942371000.0,-0.002,-0.003,-0.008,-0.007,70838000.0,1653535000.0,1.0,268438195.0,268540000,270825000.0,11.94,4916826000.0,274919000.0,-8677000.0,788153000.0,18.309,2008996000.0
3,FRX1,MRT,2013-06-30,2013-06-30,2013-06-30,2021-09-16,-10166000.0,7608598000.0,7565238000.0,2997606000.0,4610992000.0,0.41,21.662,-60994000.0,834990000.0,834990000.0,646227000.0,-64110000.0,2.998,0.315,0.0,0.0,0.0,0.0,0.0,158134000.0,0.0,0.0,0.0,-82006000.0,76128000.0,0.025,76128000.0,-82006000.0,-82006000.0,-0.24,-0.24,-0.24,5786211000.0,5746612750.0,5786211000.0,9997789465.0,-122.0,131.329,-44621000.0,-0.167,1.0,2458945000.0,0.792,2819889000.0,0.0,2953924000.0,2754206750.0,459847000.0,2124854000.0,819148000.0,1305706000.0,1822387000.0,999795000.0,822592000.0,10933464465.0,-782536000.0,0.0,41458000.0,0.0,0.0,43370000.0,-846517000.0,-498129000.0,16373000.0,4238000.0,-64110000.0,-64110000.0,-64110000.0,0.0,0.0,-0.021,2573712000.0,-114767000.0,142418000.0,0.0,1.89,-170.542,-170.833,378627000.0,0.0,41.0,3.521,3.527,494003000.0,9078622000.0,3105172000.0,3105172000.0,953852000.0,-0.008,-0.011,-0.03,-0.026,66437000.0,1619860000.0,1.0,266669865.0,267115000,268420000.0,11.625,4788709000.0,287705000.0,-17896000.0,784509000.0,17.928,1997811000.0
4,FRX1,MRT,2013-03-31,2013-03-31,2013-03-31,2021-09-16,10116000.0,7629582000.0,7524591250.0,2947786000.0,4681796000.0,0.411,21.533,-64384000.0,935675000.0,935675000.0,649083000.0,-32103000.0,2.955,0.328,0.0,0.0,0.0,0.0,0.0,147269000.0,0.0,0.0,0.0,-44858000.0,102411000.0,0.033,102411000.0,-44858000.0,-44858000.0,-0.12,-0.12,-0.12,5745255000.0,5736079500.0,5745255000.0,9180549718.0,-205.0,89.644,70730000.0,0.265,1.0,2444919000.0,0.79,2840730000.0,0.0,2855486000.0,2563213750.0,393901000.0,2088622000.0,739198000.0,1349424000.0,1884327000.0,997691000.0,886636000.0,10129452718.0,-643840000.0,0.0,20959000.0,0.0,0.0,22766000.0,-804786000.0,-507325000.0,135114000.0,3066000.0,-32103000.0,-32103000.0,-32103000.0,0.0,0.0,-0.01,2521900000.0,-76981000.0,157349000.0,0.0,1.763,-315.53,-317.0,376960000.0,0.0,38.04,3.274,3.28,478032000.0,9055344000.0,3094002000.0,3094002000.0,963594000.0,-0.004,-0.006,-0.018,-0.014,64725000.0,1558306000.0,1.0,266284246.0,266807000,266807000.0,11.596,4788852000.0,266455000.0,-12755000.0,850556000.0,17.949,1950095000.0
5,FRX1,MRT,2012-12-31,2012-12-31,2012-12-31,2021-09-16,1697000.0,7485310000.0,7490134500.0,2876855000.0,4608455000.0,0.444,21.307,-81175000.0,948903000.0,948903000.0,688831000.0,115126000.0,3.041,0.321,0.0,0.0,0.0,0.0,0.0,143212000.0,0.0,0.0,0.0,138025000.0,281237000.0,0.085,281237000.0,138025000.0,138025000.0,0.43,0.43,0.43,5667916000.0,5718970000.0,5667916000.0,8098342133.0,59.0,28.795,450367000.0,1.693,1.0,2635101000.0,0.793,2868769000.0,0.0,2721648000.0,2398171000.0,381846000.0,2022059000.0,771002000.0,1251057000.0,1817394000.0,945990000.0,871404000.0,9395799133.0,-621969000.0,0.0,12074000.0,0.0,0.0,13920000.0,-1185325000.0,-442456000.0,531542000.0,17894000.0,115126000.0,115126000.0,115126000.0,0.0,0.0,0.035,2533311000.0,101790000.0,77582000.0,0.0,1.658,81.613,82.14,376045000.0,0.0,35.32,2.827,2.827,397909000.0,9009901000.0,3323932000.0,3323932000.0,937184000.0,0.015,0.02,0.058,0.042,65165000.0,1596127000.0,1.0,266019228.0,266018000,266018000.0,12.495,4616541000.0,267969000.0,22899000.0,846185000.0,17.354,1930865000.0
6,FRX1,MRT,2012-09-30,2012-09-30,2012-09-30,2021-09-16,-5281000.0,7537462000.0,7454310250.0,3271819000.0,4265643000.0,0.51,21.715,-81592000.0,1297457000.0,1297457000.0,798252000.0,547170000.0,3.804,0.302,0.0,0.0,0.0,0.0,0.0,133323000.0,0.0,0.0,0.0,681582000.0,814905000.0,0.214,814905000.0,681582000.0,681582000.0,2.05,2.05,2.05,5787069000.0,5665780000.0,5787069000.0,7843831429.0,12.0,9.625,788172000.0,2.957,1.0,3004802000.0,0.79,2894163000.0,0.0,2485769000.0,2312471000.0,342111000.0,1787179000.0,818621000.0,968558000.0,1750393000.0,860073000.0,890320000.0,9461357429.0,140120000.0,0.0,4207000.0,0.0,0.0,3902000.0,-727293000.0,-68066000.0,869764000.0,-6253000.0,547170000.0,547170000.0,547170000.0,0.0,0.0,0.144,2366964000.0,637838000.0,74942000.0,0.0,1.635,17.291,17.371,375038000.0,0.0,35.61,2.488,2.495,419708000.0,9163509000.0,3803054000.0,3803054000.0,803163000.0,0.073,0.097,0.295,0.179,61275000.0,1563801000.0,1.0,265693834.0,266503000,267169000.0,14.27,4643299000.0,256533000.0,134412000.0,865101000.0,17.423,2411746000.0
7,FRX1,MRT,2012-06-30,2012-06-30,2012-06-30,2021-09-16,-6602000.0,7446011000.0,7333870750.0,3555380000.0,3890631000.0,0.575,21.402,-83164000.0,1617526000.0,1617526000.0,912513000.0,776206000.0,4.203,0.296,0.0,0.0,0.0,0.0,0.0,129768000.0,0.0,0.0,0.0,967503000.0,1097271000.0,0.26,1097271000.0,967503000.0,967503000.0,2.88,2.88,2.88,5744078000.0,5513262000.0,5744078000.0,7716942025.0,8.0,7.033,1071588000.0,3.993,1.0,3308076000.0,0.784,2792638000.0,0.0,2189952000.0,2305707000.0,289297000.0,1604746000.0,878749000.0,725997000.0,1701933000.0,845895000.0,856038000.0,9296457025.0,438301000.0,0.0,-350221000.0,0.0,0.0,-350295000.0,-345219000.0,166562000.0,1154752000.0,-20937000.0,776206000.0,776206000.0,776206000.0,0.0,0.0,0.184,2375224000.0,932852000.0,138577000.0,0.0,1.618,11.977,12.149,366992000.0,0.0,34.99,2.203,2.225,417961000.0,9142732000.0,4220589000.0,4220589000.0,797655000.0,0.106,0.141,0.42,0.229,59696000.0,1577569000.0,1.0,265688969.0,268389000,268972000.0,15.726,4653373000.0,251871000.0,191297000.0,830819000.0,17.338,2709485000.0
8,FRX1,MRT,2012-03-31,2012-03-31,2012-03-31,2021-09-16,-2934000.0,7491755000.0,7277511500.0,3586195000.0,3905560000.0,0.625,20.752,-80545000.0,1579515000.0,1579515000.0,998087000.0,979058000.0,3.986,0.32,0.0,0.0,0.0,0.0,0.0,121857000.0,0.0,0.0,0.0,1237688000.0,1359545000.0,0.299,1359545000.0,1237688000.0,1237688000.0,3.58,3.57,3.58,5676817000.0,5398554750.0,5676817000.0,7640445083.0,6.0,5.62,1361682000.0,4.978,1.0,3549675000.0,0.781,2817139000.0,0.0,2195315000.0,2384506000.0,298118000.0,1570922000.0,847555000.0,723367000.0,1814938000.0,899786000.0,915152000.0,9211317083.0,-558323000.0,-1262651000.0,-849526000.0,0.0,0.0,-849508000.0,-1141658000.0,670902000.0,1442227000.0,-9384000.0,979058000.0,979058000.0,979058000.0,0.0,0.0,0.215,2350269000.0,1199406000.0,154275000.0,0.0,1.623,9.408,9.69,360020000.0,0.0,34.69,2.025,2.087,471784000.0,9087447000.0,4547762000.0,4547762000.0,796932000.0,0.135,0.181,0.519,0.272,59317000.0,1553337000.0,1.0,265532346.0,273561000,274016000.0,16.624,4674616000.0,246451000.0,258630000.0,860410000.0,17.088,2686409000.0
9,FRX1,MRT,2011-12-31,2011-12-31,2011-12-31,2021-09-16,-16852000.0,7342013000.0,7135186250.0,3876426000.0,3465587000.0,0.65,20.401,-57911000.0,1570872000.0,1570872000.0,1018122000.0,1108861000.0,3.956,0.346,0.0,0.0,0.0,0.0,0.0,111233000.0,0.0,0.0,0.0,1432067000.0,1543300000.0,0.333,1543300000.0,1432067000.0,1432067000.0,3.97,3.96,3.97,5455156000.0,5354070500.0,5455156000.0,6926716230.0,5.0,4.488,1252003000.0,4.682,1.0,3617182000.0,0.78,2412286000.0,0.0,2378848000.0,2612252000.0,421684000.0,1581458000.0,873978000.0,707480000.0,1886857000.0,980007000.0,906850000.0,8084053230.0,21817000.0,-1262651000.0,-851698000.0,0.0,0.0,-852859000.0,-432411000.0,1143489000.0,1309914000.0,-2827000.0,1108861000.0,1108861000.0,1108861000.0,0.0,0.0,0.239,2218404000.0,1398778000.0,117946000.0,0.0,1.482,7.29,7.622,339677000.0,0.0,30.26,1.744,1.746,611790000.0,8894775000.0,4635304000.0,4635304000.0,723922000.0,0.155,0.207,0.548,0.309,73532000.0,1494482000.0,1.0,267153114.0,267397000,267604000.0,17.335,4929727000.0,245693000.0,323206000.0,870631000.0,18.436,2896419000.0
10,FRX1,MRT,2011-09-30,2011-09-30,2011-09-30,2021-09-16,-3007000.0,7055704000.0,6927084500.0,3611544000.0,3444160000.0,0.658,18.95,-58674000.0,1157337000.0,1157337000.0,1003818000.0,1151132000.0,3.58,0.363,0.0,0.0,0.0,0.0,0.0,99314000.0,0.0,0.0,0.0,1464222000.0,1563536000.0,0.343,1563536000.0,1464222000.0,1464222000.0,4.04,4.03,4.04,5176997000.0,5271904750.0,5176997000.0,7274352085.0,5.0,4.653,1187626000.0,4.347,1.0,3555321000.0,0.78,2430888000.0,0.0,2458713000.0,2879658500.0,430519000.0,1714988000.0,1047307000.0,667681000.0,1878707000.0,1008766000.0,869941000.0,8453577085.0,-381806000.0,-1262651000.0,-850649000.0,0.0,0.0,-851082000.0,-774916000.0,877916000.0,1246300000.0,-2108000.0,1151132000.0,1151132000.0,1151132000.0,0.0,0.0,0.252,2117568000.0,1437753000.0,99546000.0,0.0,1.633,7.344,7.621,336927000.0,0.0,30.79,1.854,1.845,573293000.0,8616339000.0,4559139000.0,4559139000.0,733478000.0,0.166,0.218,0.508,0.321,65408000.0,1384090000.0,1.0,274555930.0,273196000,273753000.0,16.688,4624816000.0,228430000.0,313090000.0,833722000.0,16.929,2602778000.0
11,FRX1,MRT,2011-06-30,2011-06-30,2011-06-30,2021-09-16,20176000.0,7220574000.0,6717310250.0,3831144000.0,3389430000.0,0.666,18.493,-45395000.0,1179225000.0,1179225000.0,986074000.0,1187429000.0,3.533,0.366,0.0,0.0,0.0,0.0,0.0,82964000.0,0.0,0.0,0.0,1516137000.0,1599101000.0,0.357,1599101000.0,1516137000.0,1516137000.0,4.13,4.12,4.13,5285249000.0,5180399250.0,5285249000.0,9119801084.0,6.0,5.703,1123089000.0,3.93,1.0,3488902000.0,0.78,2451835000.0,0.0,2505148000.0,3066329000.0,512341000.0,1775350000.0,1165620000.0,609730000.0,1935325000.0,1084366000.0,850959000.0,11257639084.0,-544417000.0,-1262651000.0,-501494000.0,0.0,0.0,-501966000.0,-1241346000.0,396848000.0,1168484000.0,30411000.0,1187429000.0,1187429000.0,1187429000.0,0.0,0.0,0.265,2002477000.0,1486425000.0,231477000.0,0.0,2.13,9.481,9.525,326470000.0,0.0,39.34,2.516,2.513,560151000.0,8366526000.0,4474976000.0,4474976000.0,690658000.0,0.177,0.229,0.494,0.339,63628000.0,1311819000.0,1.0,286162661.0,285801000,286375000.0,15.658,4768739000.0,224525000.0,328708000.0,814740000.0,16.686,2746778000.0
12,FRX1,MRT,2011-03-31,2011-03-31,2011-03-31,2021-09-16,7996000.0,6922454000.0,6398749000.0,5259673000.0,1662781000.0,0.686,18.893,-38463000.0,2137838000.0,2137838000.0,963981000.0,1046770000.0,5.608,0.259,0.0,0.0,0.0,0.0,0.0,73012000.0,0.0,0.0,0.0,1337736000.0,1410748000.0,0.321,1410748000.0,1337736000.0,1337736000.0,3.6,3.59,3.6,5498880000.0,4982699000.0,5498880000.0,7691716923.0,6.0,5.452,1109498000.0,3.812,1.0,3426151000.0,0.78,740459000.0,0.0,3106299000.0,3108749000.0,451365000.0,2243220000.0,1713303000.0,529917000.0,1423574000.0,937858000.0,485716000.0,9240771923.0,274354000.0,0.0,-505593000.0,0.0,0.0,-506340000.0,-369221000.0,-41357000.0,1147961000.0,1954000.0,1046770000.0,1046770000.0,1046770000.0,0.0,0.0,0.238,2117983000.0,1308168000.0,190767000.0,0.0,1.68,8.828,8.972,319766000.0,0.0,32.3,2.105,2.141,535486000.0,8108389000.0,4390132000.0,4390132000.0,715872000.0,0.164,0.21,0.43,0.305,64242000.0,1402111000.0,1.0,286092010.0,291058000,291175000.0,15.083,6181995000.0,288772000.0,290966000.0,485716000.0,21.24,4321815000.0
13,FRX1,MRT,2010-12-31,2010-12-31,2010-12-31,2021-09-16,-15980000.0,6509606000.0,6224018250.0,4981562000.0,1528044000.0,0.692,17.819,-38304000.0,1549055000.0,1549055000.0,965165000.0,746885000.0,5.287,0.27,0.0,0.0,0.0,0.0,0.0,66378000.0,0.0,0.0,0.0,1016637000.0,1083015000.0,0.251,1083015000.0,1016637000.0,1016637000.0,2.57,2.58,2.57,5126493000.0,4830455750.0,5126493000.0,7594934615.0,7.0,7.013,989872000.0,3.441,1.0,3343207000.0,0.776,569862000.0,0.0,3448474000.0,3056847750.0,411388000.0,2721572000.0,2185037000.0,536535000.0,1383113000.0,942215000.0,440898000.0,9134077615.0,-289037000.0,0.0,-506387000.0,0.0,0.0,-505666000.0,-794076000.0,-680962000.0,1028176000.0,-17471000.0,746885000.0,746885000.0,746885000.0,0.0,0.0,0.173,2355733000.0,987474000.0,86001000.0,0.0,1.782,12.23,12.444,321870000.0,0.0,31.98,2.12,2.136,522512000.0,7785914000.0,4308372000.0,4308372000.0,984740000.0,0.12,0.155,0.333,0.236,52452000.0,1370993000.0,1.0,285618437.0,287704000,287999000.0,14.975,5939744000.0,345045000.0,269752000.0,440898000.0,20.645,4039347000.0
14,FRX1,MRT,2010-09-30,2010-09-30,2010-09-30,2021-09-16,-3568000.0,6216607000.0,6123152000.0,4639791000.0,1576816000.0,0.694,16.74,-40270000.0,1539143000.0,1539143000.0,964385000.0,636410000.0,4.631,0.292,0.0,0.0,0.0,0.0,0.0,78744000.0,0.0,0.0,0.0,901677000.0,980421000.0,0.231,980421000.0,901677000.0,901677000.0,2.15,2.16,2.15,4810975000.0,4760362000.0,4810975000.0,7108248766.0,8.0,7.25,1024829000.0,3.566,1.0,3282127000.0,0.773,470266000.0,0.0,3205395000.0,2909670250.0,454816000.0,2591613000.0,1904153000.0,687460000.0,1405632000.0,1001803000.0,403829000.0,8831890766.0,-196990000.0,0.0,-515534000.0,0.0,0.0,-506621000.0,-751394000.0,-711124000.0,1065099000.0,-4074000.0,636410000.0,636410000.0,636410000.0,0.0,0.0,0.15,2409817000.0,872310000.0,112264000.0,0.0,1.836,13.878,14.386,318369000.0,0.0,30.93,2.08,2.093,451879000.0,7465206000.0,4246512000.0,4246512000.0,1017524000.0,0.104,0.134,0.31,0.212,51517000.0,1392293000.0,1.0,285544480.0,287401000,287491000.0,14.776,5746341000.0,347926000.0,265267000.0,403829000.0,19.994,3637988000.0
15,FRX1,MRT,2010-06-30,2010-06-30,2010-06-30,2021-09-16,-21534000.0,5946329000.0,6018693500.0,4455877000.0,1490452000.0,0.701,14.934,-35845000.0,1723642000.0,1723642000.0,939306000.0,536962000.0,4.154,0.323,0.0,0.0,0.0,0.0,0.0,83751000.0,0.0,0.0,0.0,785425000.0,869176000.0,0.206,869176000.0,785425000.0,785425000.0,1.77,1.77,1.77,4494448000.0,4715559500.0,4494448000.0,6431203691.0,8.0,7.399,1001420000.0,3.328,1.0,3282063000.0,0.777,475155000.0,0.0,2674828000.0,2783082250.0,460732000.0,2164281000.0,1566268000.0,598013000.0,1451881000.0,1072704000.0,379177000.0,8294687691.0,202581000.0,0.0,-515672000.0,0.0,0.0,-507050000.0,-311671000.0,-275826000.0,1037265000.0,-15963000.0,536962000.0,536962000.0,536962000.0,0.0,0.0,0.127,2526923000.0,755140000.0,103661000.0,0.0,1.846,15.447,15.497,320894000.0,0.0,27.43,1.965,1.956,404434000.0,7179096000.0,4221369000.0,4221369000.0,1126092000.0,0.089,0.114,0.282,0.186,49869000.0,1400831000.0,1.0,302394739.0,300950000,301026000.0,14.027,5471174000.0,335572000.0,248463000.0,379177000.0,18.18,3383173000.0
16,FRX1,MRT,2010-03-31,2010-03-31,2010-03-31,2021-09-16,3695000.0,6223531000.0,5930334750.0,4579191000.0,1644340000.0,0.701,16.118,-32252000.0,1863484000.0,1863484000.0,924346000.0,682383000.0,4.674,0.273,0.0,0.0,0.0,0.0,0.0,86510000.0,0.0,0.0,0.0,950686000.0,1037196000.0,0.249,1037196000.0,950686000.0,950686000.0,2.25,2.25,2.25,4889907000.0,4698554750.0,4889907000.0,7644266543.0,8.0,7.37,987696000.0,3.256,1.0,3233044000.0,0.778,481707000.0,0.0,2898694000.0,2786161000.0,467769000.0,2201113000.0,1458778000.0,742335000.0,1333624000.0,979646000.0,353978000.0,9482358543.0,524579000.0,0.0,-15283000.0,0.0,0.0,-6415000.0,-529780000.0,-497528000.0,1019948000.0,40826000.0,682383000.0,682383000.0,682383000.0,0.0,0.0,0.164,2317830000.0,915214000.0,130205000.0,0.0,1.939,13.896,13.938,323284000.0,0.0,31.36,2.281,2.288,475653000.0,7061619000.0,4157390000.0,4157390000.0,1053561000.0,0.115,0.145,0.341,0.229,48508000.0,1264269000.0,1.0,302371127.0,303386000,303781000.0,13.703,5741824000.0,333035000.0,268303000.0,353978000.0,18.926,3599545000.0
17,FRX1,MRT,2009-12-31,2009-12-31,2009-12-31,2021-09-16,-2684000.0,6106141000.0,5673654000.0,4559413000.0,1546728000.0,0.716,15.975,-32030000.0,1838092000.0,1838092000.0,893238000.0,752554000.0,4.957,0.26,0.0,0.0,0.0,0.0,0.0,132871000.0,0.0,0.0,0.0,982633000.0,1115504000.0,0.275,1115504000.0,982633000.0,982633000.0,2.49,2.48,2.49,4846118000.0,4504725750.0,4846118000.0,7953567320.0,8.0,7.13,1037625000.0,3.421,1.0,3167339000.0,0.78,488522000.0,0.0,2859764000.0,2693290750.0,465918000.0,2035647000.0,1405196000.0,630451000.0,1260023000.0,919763000.0,340260000.0,9689700320.0,511141000.0,0.0,-15526000.0,0.0,0.0,-6953000.0,-556611000.0,-499581000.0,1069655000.0,5050000.0,752554000.0,752554000.0,752554000.0,0.0,0.0,0.185,2226371000.0,940968000.0,131923000.0,0.0,1.999,12.876,12.896,327047000.0,0.0,32.11,2.386,2.399,506025000.0,7039028000.0,4060577000.0,4060577000.0,767588000.0,0.133,0.167,0.365,0.242,46764000.0,1458783000.0,1.0,301765815.0,303348000,303845000.0,13.386,5617619000.0,323628000.0,230079000.0,340260000.0,18.519,3639650000.0
18,FRX1,MRT,2009-09-30,2009-09-30,2009-09-30,2021-09-16,-1473000.0,5798773000.0,5373325000.0,4324759000.0,1474014000.0,0.74,15.287,-29921000.0,1736133000.0,1736133000.0,852244000.0,730297000.0,4.98,0.252,0.0,0.0,0.0,0.0,0.0,114600000.0,0.0,0.0,0.0,928454000.0,1043054000.0,0.262,1043054000.0,928454000.0,928454000.0,2.42,2.41,2.42,4631765000.0,4303713500.0,4631765000.0,7360295572.0,8.0,7.056,1036181000.0,3.42,1.0,3124675000.0,0.786,495114000.0,0.0,2699043000.0,2597615500.0,440706000.0,1875880000.0,1330604000.0,545276000.0,1167008000.0,868483000.0,298525000.0,8881356572.0,666291000.0,0.0,-4500000.0,0.0,0.0,-2330000.0,-385501000.0,-330580000.0,1066102000.0,-11980000.0,730297000.0,730297000.0,730297000.0,0.0,0.0,0.184,2254819000.0,869856000.0,124213000.0,0.0,1.917,12.161,12.165,332500000.0,0.0,29.44,2.233,2.243,484664000.0,6828796000.0,3976919000.0,3976919000.0,813030000.0,0.136,0.17,0.357,0.233,46131000.0,1441789000.0,1.0,301676514.0,302983000,303530000.0,13.126,5303659000.0,328014000.0,198157000.0,298525000.0,17.505,3456276000.0
19,FRX1,MRT,2009-06-30,2009-06-30,2009-06-30,2021-09-16,-9771000.0,5592894000.0,5098157000.0,4098840000.0,1494054000.0,0.764,14.611,-39776000.0,1521061000.0,1521061000.0,836084000.0,787721000.0,4.657,0.264,0.0,0.0,0.0,0.0,0.0,103544000.0,0.0,0.0,0.0,988571000.0,1092115000.0,0.28,1092115000.0,988571000.0,988571000.0,2.6,2.6,2.6,4426429000.0,4111983500.0,4426429000.0,6234691316.0,6.0,5.709,1051608000.0,3.471,1.0,3059624000.0,0.785,504528000.0,0.0,2687143000.0,2550633000.0,419832000.0,1880222000.0,1333036000.0,547186000.0,1166465000.0,880162000.0,286303000.0,7573596316.0,528374000.0,0.0,-102602000.0,0.0,0.0,-100108000.0,-417612000.0,-352836000.0,1091384000.0,-45290000.0,787721000.0,787721000.0,787721000.0,0.0,0.0,0.202,2139434000.0,920190000.0,114980000.0,0.0,1.711,9.615,9.658,340556000.0,0.0,25.11,1.944,1.953,487181000.0,6642134000.0,3895708000.0,3895708000.0,696308000.0,0.155,0.192,0.388,0.254,45338000.0,1443126000.0,1.0,301616739.0,302958000,303393000.0,12.859,5088366000.0,326248000.0,200850000.0,286303000.0,16.796,3218678000.0
20,FRX1,MRT,2009-03-31,2009-03-31,2009-03-31,2021-09-16,-47145000.0,5196808000.0,4847171000.0,3785954000.0,1410854000.0,0.794,13.519,-40629000.0,1338905000.0,1338905000.0,816680000.0,767743000.0,4.629,0.263,0.0,0.0,0.0,0.0,0.0,96507000.0,0.0,0.0,0.0,970534000.0,1067041000.0,0.277,1067041000.0,970534000.0,970534000.0,2.52,2.52,2.52,4114591000.0,3939606000.0,4114591000.0,5296466330.0,5.0,4.964,1029170000.0,3.381,1.0,3031692000.0,0.788,512862000.0,0.0,2527213000.0,2488790000.0,393527000.0,1691810000.0,1242017000.0,449793000.0,1082217000.0,817828000.0,264389000.0,6623417330.0,505853000.0,0.0,-333254000.0,0.0,0.0,-330835000.0,-149842000.0,-84213000.0,1069799000.0,-83269000.0,767743000.0,767743000.0,767743000.0,0.0,0.0,0.199,2135568000.0,896124000.0,117192000.0,0.0,1.61,8.627,8.714,345935000.0,0.0,21.96,1.721,1.737,449444000.0,6379236000.0,3848372000.0,3848372000.0,661294000.0,0.158,0.195,0.39,0.252,44103000.0,1474274000.0,1.0,301612811.0,304363000,305121000.0,12.644,4683946000.0,318569000.0,202791000.0,264389000.0,15.389,2968126000.0
21,FRX1,MRT,2008-12-31,2008-12-31,2008-12-31,2021-09-16,-14368000.0,4904825000.0,4679310750.0,3292779000.0,1612046000.0,0.824,13.377,-44008000.0,1326951000.0,1326951000.0,819371000.0,847751000.0,5.452,0.213,0.0,0.0,0.0,0.0,0.0,89142000.0,0.0,0.0,0.0,1049576000.0,1138718000.0,0.295,1138718000.0,1049576000.0,1049576000.0,2.76,2.76,2.76,4042069000.0,3839787500.0,4042069000.0,6606314037.0,6.0,5.802,1024354000.0,3.39,1.0,3035980000.0,0.787,496868000.0,0.0,2477063000.0,2491671250.0,396352000.0,1536066000.0,862886000.0,673180000.0,862756000.0,603943000.0,258813000.0,7676156037.0,537242000.0,0.0,-332248000.0,0.0,0.0,-331489000.0,-159178000.0,254830000.0,1068362000.0,-40453000.0,847751000.0,847751000.0,847751000.0,0.0,0.0,0.22,2079211000.0,956769000.0,61407000.0,0.0,1.899,9.055,9.228,349491000.0,0.0,25.47,1.991,1.996,428892000.0,6286474000.0,3855351000.0,3855351000.0,792601000.0,0.181,0.221,0.421,0.272,43054000.0,1286610000.0,1.0,301380292.0,302163000,302791000.0,12.759,4407957000.0,310783000.0,201825000.0,258813000.0,14.588,2688836000.0
22,FRX1,MRT,2008-09-30,2008-09-30,2008-09-30,2021-09-16,5706000.0,4698101000.0,4523596000.0,3059173000.0,1638928000.0,0.852,12.679,-36337000.0,1069842000.0,1069842000.0,826223000.0,961533000.0,5.007,0.216,0.0,0.0,0.0,0.0,0.0,91426000.0,0.0,0.0,0.0,1218132000.0,1309558000.0,0.34,1309558000.0,1218132000.0,1218132000.0,3.11,3.1,3.11,3864845000.0,3710388250.0,3864845000.0,7628912027.0,6.0,5.826,1105292000.0,3.626,1.0,3027788000.0,0.786,506213000.0,0.0,2511113000.0,2557746000.0,450834000.0,1545300000.0,820025000.0,725275000.0,833256000.0,610933000.0,222323000.0,8621599027.0,110079000.0,0.0,-408805000.0,0.0,0.0,-411885000.0,-597351000.0,-146014000.0,1141629000.0,-22314000.0,961533000.0,961533000.0,961533000.0,0.0,0.0,0.249,1904090000.0,1123698000.0,72695000.0,0.0,2.231,8.967,9.093,345694000.0,0.0,28.28,2.237,2.237,423023000.0,6098499000.0,3854011000.0,3854011000.0,621796000.0,0.213,0.259,0.476,0.316,42433000.0,1282294000.0,1.0,304865595.0,304814000,305938000.0,12.644,4191888000.0,279940000.0,256599000.0,222323000.0,13.752,2448240000.0
23,FRX1,MRT,2008-06-30,2008-06-30,2008-06-30,2021-09-16,33670000.0,4588950000.0,4361140750.0,2980969000.0,1607981000.0,0.866,12.153,-31498000.0,992687000.0,992687000.0,811214000.0,942691000.0,4.651,0.228,0.0,0.0,0.0,0.0,0.0,93556000.0,0.0,0.0,0.0,1181036000.0,1274592000.0,0.338,1274592000.0,1181036000.0,1181036000.0,3.02,3.01,3.02,3736919000.0,3567637750.0,3736919000.0,9754247694.0,8.0,7.653,1130914000.0,3.678,1.0,2963513000.0,0.785,515583000.0,0.0,2439771000.0,2519759250.0,471201000.0,1527385000.0,840085000.0,687300000.0,852031000.0,640909000.0,211122000.0,10587299694.0,370790000.0,0.0,-493232000.0,0.0,0.0,-494849000.0,-305037000.0,141461000.0,1162412000.0,8264000.0,942691000.0,942691000.0,942691000.0,0.0,0.0,0.25,1882649000.0,1080864000.0,101837000.0,0.0,2.833,11.231,11.503,343116000.0,0.0,34.74,2.805,2.83,400120000.0,5854413000.0,3774727000.0,3774727000.0,646177000.0,0.216,0.264,0.469,0.313,42168000.0,1236472000.0,1.0,304758195.0,307493000,308329000.0,12.276,4073367000.0,290489000.0,238345000.0,249353000.0,13.247,2340060000.0
24,FRX1,MRT,2008-03-31,2008-03-31,2008-03-31,2021-09-16,34592000.0,4525367000.0,4208410750.0,3036649000.0,1488718000.0,0.886,11.797,-34888000.0,833052000.0,833052000.0,800114000.0,967933000.0,4.971,0.218,0.0,0.0,0.0,0.0,0.0,91747000.0,0.0,0.0,0.0,1210397000.0,1302144000.0,0.349,1302144000.0,1210397000.0,1210397000.0,3.07,3.06,3.07,3715317000.0,3441469250.0,3715317000.0,11668567591.0,10.0,8.961,1158448000.0,3.678,1.0,2927535000.0,0.785,542752000.0,0.0,2538738000.0,2560071750.0,425138000.0,1607597000.0,1073117000.0,534480000.0,810050000.0,610825000.0,199225000.0,12458276591.0,269389000.0,0.0,-329672000.0,0.0,0.0,-327917000.0,-608142000.0,-158254000.0,1193336000.0,12112000.0,967933000.0,967933000.0,967933000.0,0.0,0.0,0.26,1825818000.0,1101717000.0,223720000.0,0.0,3.353,12.871,13.033,350037000.0,0.0,40.01,3.342,3.38,445987000.0,5611493000.0,3727649000.0,3727649000.0,670973000.0,0.23,0.281,0.473,0.325,42257000.0,1154845000.0,1.0,311379070.0,314949000,316412000.0,11.836,3982615000.0,285873000.0,242464000.0,199225000.0,12.645,2425824000.0
25,FRX1,MRT,2007-12-31,2007-12-31,2007-12-31,2021-09-16,29279000.0,4281966000.0,3990412000.0,2864614000.0,1417352000.0,0.91,11.291,-30775000.0,789709000.0,789709000.0,779018000.0,557247000.0,5.067,0.215,0.0,0.0,0.0,0.0,0.0,102316000.0,0.0,0.0,0.0,838129000.0,940445000.0,0.259,940445000.0,838129000.0,838129000.0,1.78,1.77,1.78,3524472000.0,3268843250.0,3524472000.0,10407421370.0,12.0,11.066,762807000.0,2.444,1.0,2850497000.0,0.785,185566000.0,0.0,2741362000.0,2497909000.0,438142000.0,1790896000.0,967593000.0,823303000.0,757494000.0,565329000.0,192165000.0,11367184370.0,-161593000.0,0.0,-275001000.0,0.0,0.0,-243989000.0,-720076000.0,-644301000.0,793582000.0,8890000.0,557247000.0,557247000.0,557247000.0,0.0,0.0,0.154,2113770000.0,736727000.0,165760000.0,0.0,3.225,20.399,20.478,350688000.0,0.0,36.45,3.132,3.135,404387000.0,5438723000.0,3629515000.0,3629515000.0,1012032000.0,0.14,0.17,0.336,0.231,43433000.0,1101738000.0,1.0,311856910.0,312140000,313107000.0,11.628,4096400000.0,285656000.0,280882000.0,235268000.0,13.124,2299285000.0
26,FRX1,MRT,2007-09-30,2007-09-30,2007-09-30,2021-09-16,30356000.0,4048280000.0,3842280750.0,2702914000.0,1345366000.0,0.918,10.44,-30837000.0,959763000.0,959763000.0,761051000.0,505791000.0,4.673,0.229,0.0,0.0,0.0,0.0,0.0,101661000.0,0.0,0.0,0.0,764128000.0,865789000.0,0.245,865789000.0,764128000.0,764128000.0,1.6,1.59,1.6,3293843000.0,3178092750.0,3293843000.0,11167336649.0,15.0,12.898,744676000.0,2.36,1.0,2766538000.0,0.784,150910000.0,0.0,2359166000.0,2320018250.0,447324000.0,1399286000.0,614898000.0,784388000.0,754437000.0,578441000.0,175996000.0,11789233649.0,455799000.0,0.0,-164973000.0,0.0,0.0,-95857000.0,-238232000.0,-207395000.0,775513000.0,14375000.0,505791000.0,505791000.0,505791000.0,0.0,0.0,0.143,2100527000.0,666011000.0,181591000.0,0.0,3.579,23.309,23.306,356289000.0,0.0,37.29,3.342,3.335,422942000.0,5136966000.0,3527589000.0,3527589000.0,1015815000.0,0.132,0.159,0.329,0.217,42950000.0,1084712000.0,1.0,316150004.0,315510000,316852000.0,11.181,3897370000.0,265185000.0,258337000.0,179100000.0,12.353,2124473000.0
27,FRX1,MRT,2007-06-30,2007-06-30,2007-06-30,2021-09-16,23858000.0,3978030000.0,3664293500.0,2658946000.0,1319084000.0,0.945,10.114,-29259000.0,621897000.0,621897000.0,756157000.0,521658000.0,4.491,0.231,0.0,0.0,0.0,0.0,0.0,101249000.0,0.0,0.0,0.0,795454000.0,896703000.0,0.259,896703000.0,795454000.0,795454000.0,1.65,1.63,1.65,3232245000.0,3062641000.0,3232245000.0,14045370425.0,18.0,15.663,854855000.0,2.675,1.0,2705279000.0,0.782,162987000.0,0.0,2601021000.0,2263939250.0,466776000.0,1668847000.0,909418000.0,759429000.0,745785000.0,592125000.0,153660000.0,14609033425.0,58602000.0,0.0,-281133000.0,0.0,0.0,-206947000.0,-628299000.0,-599040000.0,884114000.0,9734000.0,521658000.0,521658000.0,521658000.0,0.0,0.0,0.151,2002110000.0,703169000.0,202371000.0,0.0,4.52,28.005,27.667,359509000.0,0.0,45.65,4.221,4.215,398702000.0,4911722000.0,3461436000.0,3461436000.0,938829000.0,0.142,0.17,0.351,0.23,42687000.0,1063281000.0,1.0,320022638.0,319580000,321921000.0,10.831,3815043000.0,240007000.0,273796000.0,171208000.0,11.938,2066821000.0
28,FRX1,MRT,2007-03-31,2007-03-31,2007-03-31,2021-09-16,21879000.0,3653372000.0,3506302000.0,2422717000.0,1230655000.0,0.959,9.496,-29987000.0,563663000.0,563663000.0,745602000.0,454103000.0,3.86,0.208,0.0,0.0,0.0,0.0,0.0,101143000.0,0.0,0.0,0.0,708844000.0,809987000.0,0.241,809987000.0,708844000.0,708844000.0,1.43,1.41,1.43,3024813000.0,2972526000.0,3024813000.0,15399342224.0,22.0,19.012,857496000.0,2.692,1.0,2615983000.0,0.778,172014000.0,0.0,2290087000.0,2061713750.0,434163000.0,1449343000.0,788951000.0,660392000.0,628559000.0,627608000.0,951000.0,16350644224.0,149084000.0,0.0,-261359000.0,0.0,0.0,-181134000.0,-571315000.0,-541328000.0,887483000.0,14050000.0,454103000.0,454103000.0,454103000.0,0.0,0.0,0.135,1987339000.0,628644000.0,154614000.0,0.0,5.406,36.006,35.972,361086000.0,0.0,51.44,4.864,4.874,382655000.0,4657356000.0,3361585000.0,3361585000.0,941003000.0,0.13,0.153,0.344,0.211,40770000.0,1046336000.0,1.0,317858558.0,318539000,322781000.0,10.553,3481358000.0,254114000.0,254741000.0,140950000.0,10.929,1795109000.0
29,FRX1,MRT,2006-12-31,2006-12-31,2006-12-31,2021-09-16,20816000.0,3689441000.0,3372919000.0,2513034000.0,1176407000.0,0.955,9.998,-39166000.0,951302000.0,951302000.0,724182000.0,783909000.0,4.767,0.167,0.0,0.0,0.0,0.0,0.0,98472000.0,0.0,0.0,0.0,1018211000.0,1116683000.0,0.347,1116683000.0,1018211000.0,1018211000.0,2.47,2.44,2.47,3161470000.0,2890775000.0,3161470000.0,15522260786.0,15.0,13.9,1104600000.0,3.493,1.0,2496521000.0,0.775,181126000.0,0.0,2029799000.0,2003578000.0,433550000.0,1146595000.0,541256000.0,605339000.0,527971000.0,527214000.0,757000.0,16026224786.0,511289000.0,0.0,-773658000.0,0.0,0.0,-702802000.0,52791000.0,91957000.0,1143766000.0,17534000.0,783909000.0,783909000.0,783909000.0,0.0,0.0,0.243,1570273000.0,926248000.0,135281000.0,0.0,5.069,20.444,20.486,365767000.0,0.0,50.6,4.976,4.968,381405000.0,4895272000.0,3220703000.0,3220703000.0,539240000.0,0.232,0.271,0.508,0.316,28056000.0,1031033000.0,1.0,316723810.0,316200000,320363000.0,10.186,3508315000.0,198090000.0,234302000.0,82984000.0,11.095,1985820000.0
30,FRX1,MRT,2006-09-30,2006-09-30,2006-09-30,2021-09-16,14733000.0,3336331000.0,3321503000.0,2049734000.0,1286597000.0,0.936,8.911,-43672000.0,503964000.0,503964000.0,694518000.0,728771000.0,4.068,0.178,0.0,0.0,0.0,0.0,0.0,97855000.0,0.0,0.0,0.0,948416000.0,1046271000.0,0.337,1046271000.0,948416000.0,948416000.0,2.26,2.23,2.26,2832036000.0,2864151250.0,2832036000.0,15224571993.0,16.0,14.551,924068000.0,2.908,1.0,2413561000.0,0.777,193690000.0,0.0,2134850000.0,1978986000.0,509226000.0,1191891000.0,480796000.0,711095000.0,504295000.0,503827000.0,468000.0,16092261993.0,152200000.0,0.0,-1265114000.0,0.0,0.0,-1230733000.0,403999000.0,449068000.0,967740000.0,11194000.0,728771000.0,728771000.0,728771000.0,0.0,0.0,0.234,1534531000.0,879030000.0,173472000.0,0.0,5.682,22.081,22.394,370511000.0,0.0,50.61,5.178,5.175,361403000.0,4644971000.0,3108079000.0,3108079000.0,521399000.0,0.219,0.254,0.479,0.305,17898000.0,1013132000.0,1.0,317966054.0,317809000,322581000.0,9.78,3142641000.0,168630000.0,219645000.0,56756000.0,9.888,1545907000.0
31,FRX1,MRT,2006-06-30,2006-06-30,2006-06-30,2021-09-16,13762000.0,3346064000.0,3441437000.0,2181468000.0,1164596000.0,0.877,8.932,-55044000.0,867690000.0,867690000.0,667835000.0,692544000.0,4.606,0.165,0.0,0.0,0.0,0.0,0.0,97218000.0,0.0,0.0,0.0,898646000.0,995864000.0,0.33,995864000.0,898646000.0,898646000.0,2.1,2.07,2.1,2871785000.0,2982032000.0,2871785000.0,11719704151.0,13.0,11.768,686533000.0,2.135,1.0,2348841000.0,0.779,212682000.0,0.0,1792119000.0,1887137750.0,559136000.0,765412000.0,200151000.0,565261000.0,474279000.0,473573000.0,706000.0,12438678151.0,-154417000.0,0.0,-932310000.0,0.0,0.0,-893886000.0,-12489000.0,43952000.0,741577000.0,10381000.0,692544000.0,692544000.0,692544000.0,0.0,0.0,0.23,1500481000.0,848360000.0,137710000.0,0.0,4.331,17.961,18.424,375254000.0,0.0,38.69,4.123,4.123,354930000.0,4403860000.0,3016676000.0,3016676000.0,493120000.0,0.201,0.232,0.476,0.298,8759000.0,1007361000.0,1.0,321495946.0,321503000,325915000.0,9.383,3133382000.0,167323000.0,206102000.0,68174000.0,9.746,1707895000.0
32,FRX1,MRT,2006-03-31,2006-03-31,2006-03-31,2021-09-16,6762000.0,3119840000.0,3499991500.0,2207187000.0,912653000.0,0.832,8.031,-55017000.0,414579000.0,414579000.0,650996000.0,708514000.0,5.243,0.156,0.0,0.0,0.0,0.0,0.0,93097000.0,0.0,0.0,0.0,869512000.0,962609000.0,0.331,962609000.0,869512000.0,869512000.0,2.11,2.08,2.11,2697809000.0,3027449500.0,2697809000.0,13651941895.0,16.0,14.182,506328000.0,1.507,1.0,2261108000.0,0.776,226750000.0,0.0,2057544000.0,1864199000.0,635719000.0,908015000.0,612899000.0,295116000.0,422031000.0,420967000.0,1064000.0,14544474895.0,-373974000.0,0.0,-1186805000.0,0.0,0.0,-1151494000.0,217898000.0,274312000.0,561345000.0,-1723000.0,708514000.0,708514000.0,708514000.0,0.0,0.0,0.243,1441882000.0,819226000.0,140911000.0,0.0,5.391,20.528,21.152,375660000.0,0.0,44.63,4.994,5.148,366538000.0,4203253000.0,2912104000.0,2912104000.0,410431000.0,0.202,0.234,0.466,0.299,0.0,1031451000.0,1.0,325890094.0,335912000,340321000.0,8.669,2893090000.0,171160000.0,160998000.0,38330000.0,8.613,1786220000.0
33,FRX1,MRT,2005-12-31,2005-12-31,2005-12-31,2021-09-16,1892000.0,3483777000.0,3646282000.0,2632439000.0,851338000.0,0.784,9.068,-72887000.0,892533000.0,892533000.0,625348000.0,669379000.0,6.255,0.14,0.0,0.0,0.0,0.0,0.0,44457000.0,0.0,0.0,0.0,917250000.0,961707000.0,0.336,961707000.0,917250000.0,917250000.0,1.98,1.94,1.98,3054975000.0,3136093500.0,3054975000.0,12453478886.0,14.0,12.949,449222000.0,1.333,1.0,2233956000.0,0.781,238938000.0,0.0,1931431000.0,1774182750.0,655712000.0,786032000.0,555311000.0,230721000.0,428802000.0,420875000.0,7927000.0,13741457886.0,-1072117000.0,0.0,-1052651000.0,0.0,0.0,-980881000.0,-599576000.0,-525292000.0,522109000.0,-13769000.0,669379000.0,669379000.0,669379000.0,0.0,0.0,0.234,1316706000.0,917250000.0,172096000.0,0.0,4.498,20.529,20.545,371693000.0,0.0,40.68,4.806,4.793,332729000.0,4111363000.0,2859304000.0,2859304000.0,277812000.0,0.184,0.213,0.517,0.321,0.0,1038894000.0,1.0,337793950.0,336890000,340663000.0,8.487,3244839000.0,176579000.0,247871000.0,22472000.0,9.632,2211564000.0
34,FRX1,MRT,2005-09-30,2005-09-30,2005-09-30,2021-09-16,3063000.0,3816067000.0,3755298500.0,3006689000.0,809378000.0,0.781,9.701,-76846000.0,1287979000.0,1287979000.0,635904000.0,735021000.0,5.96,0.155,0.0,0.0,0.0,0.0,0.0,61936000.0,0.0,0.0,0.0,1005864000.0,1067800000.0,0.364,1067800000.0,1005864000.0,1005864000.0,2.11,2.07,2.11,3303559000.0,3223762250.0,3303559000.0,12150817642.0,12.0,11.379,507217000.0,1.489,1.0,2297913000.0,0.783,256156000.0,0.0,1767457000.0,1650096000.0,658262000.0,704744000.0,527031000.0,177713000.0,512508000.0,504475000.0,8033000.0,13245474642.0,-945503000.0,0.0,-1159969000.0,0.0,0.0,-1088199000.0,-438152000.0,-356806000.0,584063000.0,-3215000.0,735021000.0,735021000.0,735021000.0,0.0,0.0,0.251,1292049000.0,1005864000.0,184866000.0,0.0,4.009,18.021,18.469,371834000.0,0.0,38.97,4.515,4.523,355216000.0,3916200000.0,2933817000.0,2933817000.0,261017000.0,0.196,0.228,0.61,0.343,0.0,1031032000.0,1.0,339889008.0,340531000,345815000.0,8.615,3559911000.0,146252000.0,270843000.0,76876000.0,10.454,2502214000.0
35,FRX1,MRT,2005-06-30,2005-06-30,2005-06-30,2021-09-16,2774000.0,3580282000.0,3872948500.0,2754505000.0,825777000.0,0.795,8.899,-75998000.0,1094657000.0,1094657000.0,669155000.0,825463000.0,5.313,0.173,0.0,0.0,0.0,0.0,0.0,57494000.0,0.0,0.0,0.0,1121772000.0,1179266000.0,0.383,1179266000.0,1121772000.0,1121772000.0,2.31,2.27,2.31,3053455000.0,3323192500.0,3053455000.0,12061451710.0,11.0,10.228,690875000.0,2.014,1.0,2409424000.0,0.783,266779000.0,0.0,1700364000.0,1591392500.0,627798000.0,736814000.0,546834000.0,189980000.0,526827000.0,518482000.0,8345000.0,13226949710.0,-417368000.0,0.0,-1287526000.0,0.0,0.0,-1226568000.0,41439000.0,136937000.0,766873000.0,888000.0,825463000.0,825463000.0,825463000.0,0.0,0.0,0.268,1287652000.0,1121772000.0,169484000.0,0.0,4.332,16.024,16.818,364613000.0,0.0,38.85,4.296,4.33,304565000.0,3711316000.0,3078579000.0,3078579000.0,264769000.0,0.213,0.248,0.705,0.364,0.0,1022883000.0,1.0,340462026.0,343107000,348043000.0,8.973,3313503000.0,143809000.0,296309000.0,93112000.0,9.657,2236023000.0
36,FRX1,MRT,2005-03-31,2005-03-31,2005-03-31,2021-09-16,9028000.0,3705002000.0,3989208750.0,2708022000.0,996980000.0,0.792,8.606,-89020000.0,1165498000.0,1165498000.0,687510000.0,838805000.0,4.804,0.183,0.0,0.0,0.0,0.0,0.0,56646000.0,0.0,0.0,0.0,1184755000.0,1241401000.0,0.393,1241401000.0,1184755000.0,1184755000.0,2.3,2.25,2.3,3132385000.0,3433077500.0,3132385000.0,11299419353.0,10.0,9.102,782304000.0,2.149,1.0,2472129000.0,0.782,278335000.0,0.0,1697479000.0,1535966000.0,613903000.0,805382000.0,453747000.0,351635000.0,572617000.0,563690000.0,8927000.0,12983561353.0,-303082000.0,0.0,-976055000.0,0.0,0.0,-921395000.0,-251970000.0,-143450000.0,871324000.0,-1041000.0,838805000.0,838805000.0,838805000.0,0.0,0.0,0.265,1287374000.0,1184755000.0,228016000.0,0.0,4.145,15.479,16.065,362028000.0,0.0,36.95,4.109,4.257,323129000.0,3494739000.0,3159639000.0,3159639000.0,293659000.0,0.21,0.244,0.771,0.375,0.0,993715000.0,1.0,351381904.0,363991000,372090000.0,8.681,3426667000.0,135319000.0,345950000.0,86689000.0,9.414,2144332000.0
37,FRX1,MRT,2004-12-31,2004-12-31,2004-12-31,2021-09-16,16468000.0,3919843000.0,4028642250.0,2812342000.0,1107501000.0,0.804,9.333,-86154000.0,1684142000.0,1684142000.0,714403000.0,931532000.0,5.486,0.151,0.0,0.0,0.0,0.0,0.0,54256000.0,0.0,0.0,0.0,1187157000.0,1241413000.0,0.383,1241413000.0,1187157000.0,1187157000.0,2.52,2.47,2.52,3405650000.0,3463947250.0,3405650000.0,14646896500.0,12.0,11.799,919004000.0,2.518,1.0,2525139000.0,0.779,287955000.0,0.0,1435084000.0,1580733000.0,542474000.0,541248000.0,72736000.0,468512000.0,514193000.0,512662000.0,1531000.0,16526739500.0,283308000.0,0.0,-621334000.0,0.0,0.0,-621334000.0,-106078000.0,7335000.0,1005158000.0,5562000.0,931532000.0,931532000.0,931532000.0,0.0,0.0,0.288,1337982000.0,1187157000.0,137486000.0,0.0,4.853,17.741,17.802,335050000.0,0.0,44.86,5.102,5.053,325418000.0,3441984000.0,3239542000.0,3239542000.0,300069000.0,0.231,0.269,0.751,0.366,0.0,1037913000.0,1.0,368407033.0,364914000,371638000.0,8.878,3631888000.0,175038000.0,255625000.0,104104000.0,9.953,2299680000.0
38,FRX1,MRT,2004-09-30,2004-09-30,2004-09-30,2021-09-16,6195000.0,4286667000.0,3923299750.0,3126621000.0,1160046000.0,0.794,10.007,-105985000.0,1879843000.0,1879843000.0,698838000.0,896845000.0,5.356,0.158,0.0,0.0,0.0,0.0,0.0,37526000.0,0.0,0.0,0.0,1139366000.0,1176892000.0,0.378,1176892000.0,1139366000.0,1139366000.0,2.43,2.37,2.43,3701280000.0,3371348000.0,3701280000.0,14914359054.0,13.0,12.673,872449000.0,2.359,1.0,2415542000.0,0.776,290410000.0,0.0,1532643000.0,1522129000.0,535087000.0,701577000.0,174689000.0,526888000.0,585387000.0,583771000.0,1616000.0,16647588054.0,160922000.0,0.0,-35609000.0,0.0,0.0,-35609000.0,-785208000.0,-636464000.0,978434000.0,3305000.0,896845000.0,896845000.0,896845000.0,0.0,0.0,0.288,1276176000.0,1139366000.0,163821000.0,0.0,4.498,18.562,18.502,325966000.0,0.0,44.96,5.345,5.34,345040000.0,3181179000.0,3114380000.0,3114380000.0,273257000.0,0.229,0.266,0.749,0.366,0.0,1002919000.0,1.0,370275535.0,369879000,375226000.0,8.42,3996257000.0,176253000.0,242521000.0,112462000.0,10.804,2542850000.0
39,FRX1,MRT,2004-06-30,2004-06-30,2004-06-30,2021-09-16,2252000.0,4045323000.0,3658386750.0,2858480000.0,1186843000.0,0.781,9.446,-106576000.0,1733229000.0,1733229000.0,645007000.0,785976000.0,5.192,0.158,0.0,0.0,0.0,0.0,0.0,60545000.0,0.0,0.0,0.0,998939000.0,1059484000.0,0.371,1059484000.0,998939000.0,998939000.0,2.14,2.07,2.14,3492995000.0,3136971500.0,3492995000.0,19218081535.0,19.0,18.139,718647000.0,1.943,1.0,2213664000.0,0.774,282873000.0,0.0,1478658000.0,1397834500.0,581232000.0,652546000.0,80928000.0,571618000.0,552328000.0,550563000.0,1765000.0,20944639535.0,145710000.0,0.0,65368000.0,0.0,0.0,65368000.0,-744835000.0,-610500000.0,825223000.0,-46000.0,785976000.0,785976000.0,785976000.0,0.0,0.0,0.275,1214725000.0,998939000.0,157028000.0,0.0,5.996,26.648,26.463,314934000.0,0.0,56.63,7.327,7.326,263139000.0,2885853000.0,2858671000.0,2858671000.0,265852000.0,0.215,0.251,0.715,0.349,0.0,948873000.0,1.0,369850601.0,369796000,380943000.0,7.73,3762450000.0,175584000.0,212963000.0,67964000.0,10.174,2307917000.0
40,FRX1,MRT,2004-03-31,2004-03-31,2004-03-31,2021-09-16,10324000.0,3862736000.0,3413481500.0,2916234000.0,946502000.0,0.785,8.909,-101511000.0,1091635000.0,1091635000.0,608474000.0,735874000.0,4.822,0.186,0.0,0.0,0.0,0.0,0.0,59558000.0,0.0,0.0,0.0,936822000.0,996380000.0,0.372,996380000.0,936822000.0,936822000.0,2.01,1.95,2.01,3255864000.0,2904613000.0,3255864000.0,24794386522.0,26.0,24.884,526607000.0,1.441,1.0,2071800000.0,0.773,289800000.0,0.0,1876547000.0,1269190000.0,610182000.0,1038877000.0,700987000.0,337890000.0,606872000.0,604754000.0,2118000.0,26341443522.0,144362000.0,0.0,68360000.0,0.0,0.0,68360000.0,-563935000.0,-429665000.0,628118000.0,11819000.0,735874000.0,735874000.0,735874000.0,0.0,0.0,0.275,1134978000.0,936822000.0,159798000.0,0.0,8.09,35.796,35.632,297957000.0,0.0,71.62,9.828,9.765,287618000.0,2655934000.0,2680274000.0,2680274000.0,233916000.0,0.216,0.253,0.738,0.35,0.0,901062000.0,1.0,367794520.0,365447000,376779000.0,7.334,3572936000.0,221458000.0,200948000.0,125510000.0,9.777,2311480000.0
41,FRX1,MRT,2003-12-31,2003-12-31,2003-12-31,2021-09-16,11648000.0,3498473000.0,3177324250.0,2579652000.0,918821000.0,0.811,8.298,-89249000.0,1547057000.0,1547057000.0,579422000.0,771129000.0,5.589,0.153,0.0,0.0,0.0,0.0,0.0,57623000.0,0.0,0.0,0.0,990210000.0,1047833000.0,0.407,1047833000.0,990210000.0,990210000.0,2.11,2.05,2.11,3035253000.0,2678601500.0,3035253000.0,21141428902.0,21.0,20.176,541954000.0,1.482,1.0,1996224000.0,0.775,289197000.0,0.0,1200668000.0,998569750.0,507867000.0,402360000.0,79817000.0,322543000.0,463220000.0,461551000.0,1669000.0,22596008902.0,181969000.0,0.0,46130000.0,0.0,0.0,46130000.0,-510360000.0,-396111000.0,631203000.0,14996000.0,771129000.0,771129000.0,771129000.0,0.0,0.0,0.299,1006014000.0,990210000.0,61780000.0,0.0,7.445,29.303,29.289,273476000.0,0.0,61.8,8.773,8.777,284896000.0,2510452000.0,2575646000.0,2575646000.0,217160000.0,0.243,0.288,0.992,0.384,0.0,788854000.0,1.0,365631212.0,365791000,376507000.0,7.041,3209276000.0,159986000.0,219081000.0,108608000.0,8.774,2118101000.0
42,FRX1,MRT,2003-09-30,2003-09-30,2003-09-30,2021-09-16,3081000.0,3227015000.0,2954517250.0,2400171000.0,826844000.0,0.833,7.57,-81666000.0,1454580000.0,1454580000.0,552919000.0,719592000.0,5.198,0.168,0.0,0.0,0.0,0.0,0.0,58609000.0,0.0,0.0,0.0,932815000.0,991424000.0,0.403,991424000.0,932815000.0,932815000.0,1.97,1.92,1.97,2763774000.0,2457439000.0,2763774000.0,17470324742.0,19.0,17.621,610117000.0,1.671,1.0,1909428000.0,0.775,275182000.0,0.0,1035465000.0,849852750.0,492779000.0,329454000.0,57147000.0,272307000.0,463241000.0,461788000.0,1453000.0,18777929742.0,532578000.0,0.0,45786000.0,0.0,0.0,45786000.0,-217555000.0,-130889000.0,691783000.0,12564000.0,719592000.0,719592000.0,719592000.0,0.0,0.0,0.292,976613000.0,932815000.0,77808000.0,0.0,6.794,26.095,26.117,243796000.0,0.0,51.45,7.626,7.628,227537000.0,2284334000.0,2462347000.0,2462347000.0,218465000.0,0.244,0.293,1.098,0.379,0.0,758148000.0,1.0,364974339.0,365081000,375108000.0,6.745,2951833000.0,167660000.0,213223000.0,118531000.0,8.085,1938383000.0
43,FRX1,MRT,2003-06-30,2003-06-30,2003-06-30,2021-09-16,1134000.0,3065702000.0,2735560250.0,2248694000.0,817008000.0,0.871,7.041,-83013000.0,1307605000.0,1307605000.0,534917000.0,677977000.0,4.493,0.196,0.0,0.0,0.0,0.0,0.0,52988000.0,0.0,0.0,0.0,886557000.0,939545000.0,0.395,939545000.0,886557000.0,886557000.0,1.86,1.81,1.86,2563561000.0,2247975250.0,2563561000.0,18701974132.0,21.0,19.905,553226000.0,1.519,1.0,1846521000.0,0.775,293477000.0,0.0,964080000.0,795571250.0,473387000.0,321961000.0,64990000.0,256971000.0,502141000.0,500540000.0,1601000.0,19967482132.0,758946000.0,0.0,47186000.0,0.0,0.0,47186000.0,66096000.0,154109000.0,636239000.0,9425000.0,677977000.0,677977000.0,677977000.0,0.0,0.0,0.285,959964000.0,886557000.0,75465000.0,0.0,7.789,29.452,29.435,231214000.0,0.0,54.75,8.385,8.371,225243000.0,2099877000.0,2381438000.0,2381438000.0,207963000.0,0.248,0.302,1.114,0.372,0.0,752001000.0,1.0,364702870.0,364098000,376803000.0,6.541,2772225000.0,171177000.0,208580000.0,167070000.0,7.614,1748154000.0
44,FRX1,MRT,2003-03-31,2003-03-31,2003-03-31,2021-09-16,-3429000.0,2918107000.0,2511177750.0,2255333000.0,662774000.0,0.894,6.517,-79574000.0,1265508000.0,1265508000.0,504922000.0,621988000.0,3.996,0.241,0.0,0.0,0.0,0.0,0.0,51561000.0,0.0,0.0,0.0,820569000.0,872130000.0,0.388,872130000.0,820569000.0,820569000.0,1.72,1.66,1.72,2351818000.0,2050121250.0,2351818000.0,18344334538.0,22.0,21.034,648811000.0,1.798,1.0,1740884000.0,0.775,294136000.0,0.0,794066000.0,811343500.0,452886000.0,290977000.0,176338000.0,114639000.0,566289000.0,564397000.0,1892000.0,19591267538.0,687492000.0,0.0,39895000.0,0.0,0.0,39895000.0,-99659000.0,23875000.0,728385000.0,18871000.0,621988000.0,621988000.0,621988000.0,0.0,0.0,0.277,920315000.0,820569000.0,151719000.0,0.0,8.33,31.498,31.378,217998000.0,0.0,53.97,8.723,8.672,192067000.0,1920060000.0,2245806000.0,2245806000.0,204883000.0,0.248,0.303,1.011,0.365,0.0,715432000.0,1.0,363002919.0,360874000,373702000.0,6.223,2623971000.0,174584000.0,198581000.0,169330000.0,7.271,1690936000.0
45,FRX1,MRT,2002-12-31,2002-12-31,2002-12-31,2021-09-16,-6393000.0,2607245000.0,2269619250.0,2020135000.0,587110000.0,0.909,5.943,-56886000.0,1246933000.0,1246933000.0,468097000.0,537804000.0,4.443,0.212,0.0,0.0,0.0,0.0,0.0,83892000.0,0.0,0.0,0.0,715098000.0,798990000.0,0.387,798990000.0,715098000.0,715098000.0,1.5,1.44,1.5,2150603000.0,1868439000.0,2150603000.0,16971388341.0,24.0,21.241,577656000.0,1.596,1.0,1595521000.0,0.773,299805000.0,0.0,605800000.0,834518250.0,415790000.0,124404000.0,79318000.0,45086000.0,456642000.0,454707000.0,1935000.0,17775235341.0,797308000.0,0.0,41646000.0,0.0,0.0,41646000.0,108839000.0,240730000.0,634542000.0,12281000.0,537804000.0,537804000.0,537804000.0,0.0,0.0,0.261,880423000.0,715098000.0,102201000.0,0.0,8.265,33.052,32.74,205087000.0,0.0,49.11,8.614,8.612,154636000.0,1739323000.0,2063618000.0,2063618000.0,198855000.0,0.237,0.288,0.857,0.347,0.0,681568000.0,1.0,361947370.0,361877000,375417000.0,5.703,2307440000.0,128613000.0,177294000.0,111776000.0,6.376,1565428000.0
46,FRX1,MRT,2002-09-30,2002-09-30,2002-09-30,2021-09-16,-11768000.0,2351187000.0,2070184750.0,1703474000.0,647713000.0,0.909,5.356,-54834000.0,803847000.0,803847000.0,429382000.0,450618000.0,4.022,0.221,0.0,0.0,0.0,0.0,0.0,59127000.0,0.0,0.0,0.0,607374000.0,666501000.0,0.354,666501000.0,607374000.0,607374000.0,1.27,1.21,1.27,1925919000.0,1707199750.0,1925919000.0,14309939694.0,24.0,21.47,434427000.0,1.208,1.0,1452273000.0,0.772,305463000.0,0.0,818339000.0,879292000.0,394396000.0,316720000.0,197030000.0,119690000.0,425268000.0,423538000.0,1730000.0,14740443694.0,390771000.0,0.0,32070000.0,0.0,0.0,32070000.0,-134314000.0,-4475000.0,489261000.0,3754000.0,450618000.0,450618000.0,450618000.0,0.0,0.0,0.239,844899000.0,607374000.0,73181000.0,0.0,7.654,32.712,32.287,184722000.0,0.0,41.005,7.834,7.837,155448000.0,1564742000.0,1881655000.0,1881655000.0,187994000.0,0.218,0.264,0.691,0.323,0.0,656905000.0,1.0,359479178.0,359606000,371446000.0,5.233,2045724000.0,154369000.0,156756000.0,131270000.0,5.689,1279936000.0
47,FRX1,MRT,2002-06-30,2002-06-30,2002-06-30,2021-09-16,-9500000.0,2168172000.0,1902907000.0,1235401000.0,932771000.0,0.905,4.939,-42664000.0,430504000.0,430504000.0,398542000.0,387736000.0,3.133,0.223,0.0,0.0,0.0,0.0,0.0,49200000.0,0.0,0.0,0.0,530247000.0,579447000.0,0.337,579447000.0,530247000.0,530247000.0,1.095,1.045,1.095,1772145000.0,1577374000.0,1772145000.0,12251791117.0,23.0,21.144,440863000.0,1.229,1.0,1322957000.0,0.768,316200000.0,0.0,1027169000.0,855288000.0,357849000.0,594225000.0,183586000.0,410639000.0,396027000.0,394299000.0,1728000.0,12711652117.0,-33942000.0,0.0,30313000.0,0.0,0.0,30313000.0,-560785000.0,-443116000.0,483527000.0,13003000.0,387736000.0,387736000.0,387736000.0,0.0,0.0,0.225,792710000.0,530247000.0,87546000.0,0.0,7.173,32.784,32.329,170332000.0,0.0,35.4,7.384,7.378,122285000.0,1421900000.0,1721499000.0,1721499000.0,173310000.0,0.204,0.246,0.62,0.308,0.0,619400000.0,1.0,359086218.0,358808000,371506000.0,4.798,1851972000.0,138549000.0,142511000.0,112597000.0,5.161,841102000.0
48,FRX1,MRT,2002-03-31,2002-03-31,2002-03-31,2021-09-16,-23290000.0,1951873000.0,1751883000.0,1195112000.0,756761000.0,0.914,4.573,-36446000.0,459861000.0,459861000.0,371061000.0,337954000.0,3.678,0.201,0.0,0.0,0.0,0.0,0.0,54628000.0,0.0,0.0,0.0,470178000.0,524806000.0,0.328,524806000.0,470178000.0,470178000.0,0.95,0.91,0.95,1625089000.0,1460078250.0,1625089000.0,14145716190.0,30.0,26.954,390038000.0,1.097,1.0,1230763000.0,0.768,280279000.0,0.0,886765000.0,737565000.0,348215000.0,433007000.0,151660000.0,281347000.0,326784000.0,324968000.0,1816000.0,14595341190.0,80312000.0,0.0,31195000.0,0.0,0.0,31195000.0,-374323000.0,-306832000.0,426484000.0,-3044000.0,337954000.0,337954000.0,337954000.0,0.0,0.0,0.211,760585000.0,470178000.0,79396000.0,0.0,8.981,43.187,43.0,159039000.0,0.0,40.85,9.112,9.063,116290000.0,1298072000.0,1601824000.0,1601824000.0,157794000.0,0.193,0.231,0.637,0.294,0.0,602791000.0,1.0,357291094.0,355390000,370484000.0,4.507,1671594000.0,119807000.0,132224000.0,83138000.0,4.704,870144000.0
49,FRX1,MRT,2001-12-31,2001-12-31,2001-12-31,2021-09-16,-18621000.0,1809507000.0,1625647250.0,1090899000.0,718608000.0,0.916,4.23,-27239000.0,449625000.0,449625000.0,344185000.0,310588000.0,3.612,0.202,0.0,0.0,0.0,0.0,0.0,-10713000.0,0.0,0.0,0.0,432909000.0,422196000.0,0.283,422196000.0,432909000.0,432909000.0,0.885,0.845,0.885,1505646000.0,1359334500.0,1505646000.0,14170808528.0,33.0,33.565,343799000.0,0.966,1.0,1145226000.0,0.769,272956000.0,0.0,784895000.0,654426500.0,323629000.0,365134000.0,102254000.0,262880000.0,303861000.0,302031000.0,1830000.0,14583884528.0,30577000.0,0.0,26815000.0,0.0,0.0,26815000.0,-365795000.0,-294526000.0,371038000.0,-1481000.0,310588000.0,310588000.0,310588000.0,0.0,0.0,0.209,712317000.0,432909000.0,59933000.0,0.0,9.686,46.956,46.299,148723000.0,0.0,40.975,9.792,9.791,117926000.0,1201519000.0,1489411000.0,1489411000.0,142876000.0,0.191,0.228,0.662,0.291,0.0,569441000.0,1.0,355921526.0,355906000,370676000.0,4.185,1536551000.0,101688000.0,122321000.0,75192000.0,4.317,788868000.0
50,FRX1,MRT,2001-09-30,2001-09-30,2001-09-30,2021-09-16,-14972000.0,1682076000.0,1511989000.0,958789000.0,723287000.0,0.923,3.966,-10991000.0,413076000.0,413076000.0,322392000.0,289106000.0,3.504,0.196,0.0,0.0,0.0,0.0,0.0,12441000.0,0.0,0.0,0.0,401709000.0,414150000.0,0.297,414150000.0,401709000.0,401709000.0,0.825,0.785,0.825,1406616000.0,1268507000.0,1406616000.0,12326401049.0,31.0,29.763,362681000.0,1.022,1.0,1072829000.0,0.769,273050000.0,0.0,722323000.0,569842500.0,290141000.0,312245000.0,42540000.0,269705000.0,275460000.0,273627000.0,1833000.0,12790847049.0,99255000.0,0.0,25782000.0,0.0,0.0,25782000.0,-305493000.0,-250472000.0,373672000.0,5294000.0,289106000.0,289106000.0,289106000.0,0.0,0.0,0.207,671120000.0,401709000.0,60168000.0,0.0,9.093,44.243,43.721,146084000.0,0.0,36.07,9.168,9.17,114763000.0,1114124000.0,1395221000.0,1395221000.0,128232000.0,0.191,0.228,0.705,0.288,0.0,542888000.0,1.0,354611784.0,354706000,370158000.0,3.933,1409026000.0,94983000.0,112603000.0,54509000.0,3.972,685162000.0
51,FRX1,MRT,2001-06-30,2001-06-30,2001-06-30,2021-09-16,-22381000.0,1564076000.0,1394588750.0,992558000.0,571518000.0,0.931,3.685,-34307000.0,464446000.0,464446000.0,303330000.0,260884000.0,3.818,0.2,0.0,0.0,0.0,0.0,0.0,9648000.0,0.0,0.0,0.0,362124000.0,371772000.0,0.286,371772000.0,362124000.0,362124000.0,0.75,0.71,0.75,1302962000.0,1181681500.0,1302962000.0,12187173461.0,34.0,32.781,290659000.0,0.822,1.0,995075000.0,0.766,283397000.0,0.0,556277000.0,504826250.0,275103000.0,151109000.0,40686000.0,110423000.0,261114000.0,259956000.0,1158000.0,12566722461.0,162697000.0,0.0,23092000.0,0.0,0.0,23092000.0,-178795000.0,-100458000.0,324966000.0,-6566000.0,260884000.0,260884000.0,260884000.0,0.0,0.0,0.201,632951000.0,362124000.0,65721000.0,0.0,9.645,48.17,47.333,142321000.0,0.0,35.5,9.679,9.666,113941000.0,1034164000.0,1298405000.0,1298405000.0,117084000.0,0.187,0.221,0.717,0.279,0.0,515867000.0,1.0,353992182.0,353540000,369034000.0,3.673,1280679000.0,94015000.0,101240000.0,62239000.0,3.622,732602000.0
52,FRX1,MRT,2001-03-31,2001-03-31,2001-03-31,2021-09-16,-19573000.0,1446930000.0,1294123500.0,884149000.0,562781000.0,0.931,3.501,-30872000.0,379549000.0,379549000.0,284079000.0,215096000.0,3.954,0.184,0.0,0.0,0.0,0.0,0.0,10623000.0,0.0,0.0,0.0,298727000.0,309350000.0,0.257,309350000.0,298727000.0,298727000.0,0.62,0.59,0.62,1222114000.0,1106842000.0,1222114000.0,10017557341.0,34.0,32.383,149384000.0,0.428,1.0,921095000.0,0.764,289552000.0,0.0,554211000.0,473937250.0,263957000.0,126175000.0,25724000.0,100451000.0,224816000.0,223618000.0,1198000.0,10436605341.0,76949000.0,0.0,49900000.0,0.0,0.0,49900000.0,-148438000.0,-73536000.0,180256000.0,-4769000.0,215096000.0,215096000.0,215096000.0,0.0,0.0,0.178,622368000.0,298727000.0,41921000.0,0.0,8.54,48.521,47.774,136909000.0,0.0,29.62,8.66,8.579,115591000.0,960118000.0,1205174000.0,1205174000.0,105706000.0,0.166,0.194,0.63,0.248,0.0,516662000.0,1.0,352349944.0,349056000,365968000.0,3.453,1157378000.0,100591000.0,83631000.0,43757000.0,3.316,660531000.0
53,FRX1,MRT,2000-12-31,2000-12-31,2000-12-31,2021-09-16,-16401000.0,1354874000.0,1214611250.0,878667000.0,476207000.0,0.936,3.251,-59627000.0,419048000.0,419048000.0,269686000.0,173838000.0,4.159,0.186,0.0,0.0,0.0,0.0,0.0,53274000.0,0.0,0.0,0.0,240485000.0,293759000.0,0.258,293759000.0,240485000.0,240485000.0,0.5,0.48,0.5,1142336000.0,1022486000.0,1142336000.0,11332049566.0,47.0,38.576,167244000.0,0.476,1.0,866836000.0,0.763,278016000.0,0.0,446559000.0,411805750.0,250162000.0,70607000.0,39864000.0,30743000.0,212538000.0,211251000.0,1287000.0,11645870566.0,193302000.0,0.0,49108000.0,0.0,0.0,49108000.0,-78774000.0,-19147000.0,226871000.0,-3903000.0,173838000.0,173838000.0,173838000.0,0.0,0.0,0.153,626351000.0,240485000.0,63510000.0,0.0,10.195,66.993,66.438,129112000.0,0.0,33.219,10.247,10.269,72996000.0,890931000.0,1136522000.0,1136522000.0,97645000.0,0.143,0.17,0.584,0.212,0.0,528706000.0,1.0,350581240.0,351334000,368450000.0,3.235,1076858000.0,98374000.0,66647000.0,20791000.0,3.065,667416000.0
54,FRX1,MRT,2000-09-30,2000-09-30,2000-09-30,2021-09-16,-20121000.0,1212475000.0,1122481500.0,749819000.0,462656000.0,0.944,3.032,-61434000.0,313821000.0,313821000.0,254502000.0,139681000.0,4.938,0.145,0.0,0.0,0.0,0.0,0.0,50242000.0,0.0,0.0,0.0,193634000.0,243876000.0,0.23,243876000.0,193634000.0,193634000.0,0.405,0.39,0.405,1059314000.0,948949750.0,1059314000.0,9706038274.0,50.0,39.799,93508000.0,0.268,1.0,805136000.0,0.76,284555000.0,0.0,462258000.0,381842500.0,197751000.0,61772000.0,47607000.0,14165000.0,153161000.0,151841000.0,1320000.0,10007787274.0,136825000.0,0.0,53224000.0,0.0,0.0,53224000.0,-61641000.0,-207000.0,154942000.0,-9700000.0,139681000.0,139681000.0,139681000.0,0.0,0.0,0.132,611502000.0,193634000.0,43749000.0,0.0,9.447,71.647,70.795,124580000.0,0.0,28.672,9.445,9.452,70616000.0,825018000.0,1059638000.0,1059638000.0,89011000.0,0.124,0.147,0.507,0.183,0.0,522491000.0,1.0,349043920.0,349324000,365384000.0,3.033,927920000.0,126940000.0,53953000.0,31706000.0,2.656,597978000.0
55,FRX1,MRT,2000-06-30,2000-06-30,2000-06-30,2021-09-16,-15445000.0,1162215000.0,1051758000.0,724346000.0,437869000.0,0.93,2.927,-82485000.0,301749000.0,301749000.0,234859000.0,115893000.0,4.607,0.158,0.0,0.0,0.0,0.0,0.0,45488000.0,0.0,0.0,0.0,161377000.0,206865000.0,0.211,206865000.0,161377000.0,161377000.0,0.338,0.33,0.338,1003604000.0,884004250.0,1003604000.0,8504883709.0,53.0,41.113,35187000.0,0.103,1.0,743439000.0,0.76,270501000.0,0.0,432721000.0,347336500.0,174286000.0,50650000.0,37475000.0,13175000.0,158611000.0,157244000.0,1367000.0,8807483709.0,103076000.0,0.0,50749000.0,0.0,0.0,50749000.0,-62539000.0,19946000.0,117672000.0,-2806000.0,115893000.0,115893000.0,115893000.0,0.0,0.0,0.118,582062000.0,161377000.0,54191000.0,0.0,8.776,75.997,74.704,119607000.0,0.0,25.25,9.003,8.851,79547000.0,773280000.0,978298000.0,978298000.0,79160000.0,0.11,0.131,0.465,0.165,0.0,502902000.0,1.0,348811236.0,342928000,360728000.0,2.853,891714000.0,136499000.0,45484000.0,35936000.0,2.6,567102000.0
56,FRX1,MRT,2000-03-31,2000-03-31,2000-03-31,2021-09-16,-14312000.0,1128881000.0,996338750.0,676472000.0,452409000.0,0.903,2.64,-135553000.0,302600000.0,302600000.0,215651000.0,112688000.0,2.792,0.276,0.0,0.0,0.0,0.0,0.0,40644000.0,0.0,0.0,0.0,157447000.0,198091000.0,0.22,198091000.0,157447000.0,157447000.0,0.335,0.32,0.335,884690000.0,824681250.0,884690000.0,6913723896.0,44.0,34.902,60672000.0,0.181,1.0,683650000.0,0.76,278267000.0,0.0,305685000.0,308376750.0,177798000.0,52638000.0,35019000.0,17619000.0,244191000.0,242329000.0,1862000.0,7139469896.0,101632000.0,0.0,19296000.0,0.0,0.0,19296000.0,-110196000.0,25357000.0,196225000.0,-3693000.0,112688000.0,112688000.0,112688000.0,0.0,0.0,0.125,526203000.0,157447000.0,71976000.0,0.0,8.07,63.356,63.06,117016000.0,0.0,21.125,7.939,7.872,91809000.0,745022000.0,899301000.0,899301000.0,70292000.0,0.113,0.137,0.511,0.175,0.0,455911000.0,1.0,337963072.0,335132000,351780000.0,2.683,850614000.0,80324000.0,44759000.0,46453000.0,2.538,434143000.0
57,FRX1,MRT,1999-12-31,1999-12-31,1999-12-31,2021-09-16,-12212000.0,986355000.0,932892750.0,525067000.0,461288000.0,0.886,2.528,-133292000.0,225746000.0,225746000.0,196724000.0,123683000.0,3.842,0.163,0.0,0.0,0.0,0.0,0.0,24786000.0,0.0,0.0,0.0,175358000.0,200144000.0,0.242,200144000.0,175358000.0,175358000.0,0.37,0.355,0.37,848191000.0,789386750.0,848191000.0,4957225546.0,28.0,24.768,35037000.0,0.104,1.0,629501000.0,0.762,297245000.0,0.0,326706000.0,315142750.0,156805000.0,51460000.0,24718000.0,26742000.0,138164000.0,136658000.0,1506000.0,5134221546.0,60104000.0,0.0,34318000.0,0.0,0.0,24286000.0,-127710000.0,-6418000.0,168329000.0,-4801000.0,123683000.0,123683000.0,123683000.0,0.0,0.0,0.15,454143000.0,175358000.0,38329000.0,0.0,6.053,41.511,41.512,103879000.0,0.0,15.359,6.214,6.237,57366000.0,717093000.0,826225000.0,826225000.0,60110000.0,0.133,0.157,0.556,0.212,0.0,394033000.0,1.0,334272708.0,335484000,351204000.0,2.463,689110000.0,67841000.0,51675000.0,25450000.0,2.054,388409000.0
58,FRX1,MRT,1999-09-30,1999-09-30,1999-09-30,2021-09-16,-7440000.0,929581000.0,882858000.0,466383000.0,463198000.0,0.838,2.395,-127191000.0,176996000.0,176996000.0,172193000.0,113445000.0,3.63,0.163,0.0,0.0,0.0,0.0,0.0,22352000.0,0.0,0.0,0.0,161316000.0,183668000.0,0.248,183668000.0,161316000.0,161316000.0,0.34,0.328,0.34,799532000.0,746384000.0,799532000.0,3315928476.0,21.0,18.054,-4188000.0,-0.013,1.0,567869000.0,0.767,299854000.0,0.0,324234000.0,307118000.0,141423000.0,61565000.0,32617000.0,28948000.0,130049000.0,128497000.0,1552000.0,3514601476.0,34708000.0,0.0,30900000.0,0.0,0.0,29726000.0,-115492000.0,-301000.0,123003000.0,-2529000.0,113445000.0,113445000.0,113445000.0,0.0,0.0,0.153,406553000.0,161316000.0,45086000.0,0.0,4.396,30.981,30.974,100555000.0,0.0,10.531,4.749,4.751,56016000.0,685337000.0,740062000.0,740062000.0,54916000.0,0.128,0.152,0.525,0.218,0.0,351637000.0,1.0,333730704.0,333860000,350124000.0,2.217,629727000.0,66255000.0,47871000.0,25565000.0,1.886,337886000.0
59,FRX1,MRT,1999-06-30,1999-06-30,1999-06-30,2021-09-16,-10693000.0,940538000.0,837976750.0,486547000.0,453991000.0,0.815,2.298,-78104000.0,198673000.0,198673000.0,154295000.0,95803000.0,2.818,0.227,0.0,0.0,0.0,0.0,0.0,21555000.0,0.0,0.0,0.0,136752000.0,158307000.0,0.232,158307000.0,136752000.0,136752000.0,0.29,0.277,0.29,766312000.0,706694750.0,766312000.0,3651733682.0,27.0,23.067,45815000.0,0.137,1.0,528823000.0,0.774,292337000.0,0.0,276882000.0,295813250.0,138712000.0,70596000.0,34599000.0,35997000.0,174226000.0,172646000.0,1580000.0,3852701682.0,83556000.0,0.0,29942000.0,0.0,0.0,29843000.0,-66987000.0,11117000.0,123919000.0,-3219000.0,95803000.0,95803000.0,95803000.0,0.0,0.0,0.14,392071000.0,136752000.0,60471000.0,0.0,5.028,40.215,39.871,92972000.0,0.0,11.562,5.64,5.644,43833000.0,657387000.0,683118000.0,683118000.0,52207000.0,0.114,0.136,0.462,0.2,0.0,339864000.0,1.0,333206632.0,333444000,349716000.0,2.049,648201000.0,78145000.0,40949000.0,31174000.0,1.944,313901000.0
60,FRX1,MRT,1999-03-31,1999-03-31,1999-03-31,2021-09-16,-7175000.0,875097000.0,785792750.0,502361000.0,372736000.0,0.794,2.282,-29166000.0,200968000.0,200968000.0,136477000.0,77173000.0,3.866,0.177,0.0,0.0,0.0,0.0,0.0,21264000.0,0.0,0.0,0.0,110803000.0,132067000.0,0.212,132067000.0,110803000.0,110803000.0,0.235,0.225,0.235,743512000.0,671335000.0,743512000.0,4495537936.0,41.0,34.04,17195000.0,0.053,1.0,487511000.0,0.781,211420000.0,0.0,332749000.0,301431750.0,132675000.0,77995000.0,40780000.0,37215000.0,131585000.0,129960000.0,1625000.0,4661179936.0,51315000.0,0.0,32581000.0,0.0,0.0,32581000.0,-27214000.0,1952000.0,46361000.0,-413000.0,77173000.0,77173000.0,77173000.0,0.0,0.0,0.124,376708000.0,110803000.0,66673000.0,0.0,6.269,60.399,59.973,91196000.0,0.0,14.094,7.47,7.358,57294000.0,632334000.0,623988000.0,623988000.0,51641000.0,0.098,0.115,0.368,0.178,0.0,325067000.0,1.0,330726736.0,325780000,343824000.0,1.915,663677000.0,79690000.0,33630000.0,26798000.0,2.037,372401000.0
61,FRX1,MRT,1998-12-31,1998-12-31,1998-12-31,2021-09-16,-1772000.0,786216000.0,753099250.0,422580000.0,363636000.0,0.763,2.074,-18990000.0,165642000.0,165642000.0,122789000.0,39287000.0,3.85,0.163,0.0,0.0,0.0,0.0,0.0,20822000.0,0.0,0.0,0.0,56826000.0,77648000.0,0.135,77648000.0,56826000.0,56826000.0,0.12,0.115,0.12,676180000.0,638997250.0,676180000.0,4195839099.0,74.0,54.037,-4026000.0,-0.012,1.0,451939000.0,0.786,216208000.0,0.0,294607000.0,280955500.0,121780000.0,45042000.0,23805000.0,21237000.0,110036000.0,109759000.0,277000.0,4338127099.0,6170000.0,0.0,19169000.0,0.0,0.0,29189000.0,-39991000.0,-10353000.0,14964000.0,2008000.0,39287000.0,39287000.0,39287000.0,0.0,0.0,0.068,395113000.0,56826000.0,38326000.0,0.0,6.416,110.421,110.807,93386000.0,0.0,13.297,7.548,7.542,46137000.0,593410000.0,574728000.0,574728000.0,84941000.0,0.052,0.061,0.202,0.099,0.0,310172000.0,1.0,326251504.0,325980000,344712000.0,1.763,570008000.0,76458000.0,17539000.0,18478000.0,1.749,312821000.0
62,FRX1,MRT,1998-09-30,1998-09-30,1998-09-30,2021-09-16,-784000.0,750056000.0,728299750.0,375176000.0,374880000.0,0.755,1.983,-16584000.0,142288000.0,142288000.0,116365000.0,37253000.0,3.442,0.171,0.0,0.0,0.0,0.0,0.0,20507000.0,0.0,0.0,0.0,55254000.0,75761000.0,0.138,75761000.0,55254000.0,55254000.0,0.115,0.113,0.115,640775000.0,619937750.0,640775000.0,2657672181.0,48.0,35.08,27136000.0,0.084,1.0,433753000.0,0.788,219755000.0,0.0,279015000.0,263142250.0,88747000.0,61264000.0,30555000.0,30709000.0,109281000.0,108998000.0,283000.0,2772789181.0,-23221000.0,0.0,-13055000.0,0.0,0.0,-10945000.0,-58503000.0,-31994000.0,43720000.0,2507000.0,37253000.0,37253000.0,37253000.0,0.0,0.0,0.068,378499000.0,55254000.0,43119000.0,0.0,4.327,74.431,74.728,90950000.0,0.0,8.594,5.04,5.047,44890000.0,571892000.0,550118000.0,550118000.0,85566000.0,0.051,0.06,0.21,0.1,0.0,292933000.0,1.0,322651832.0,323080000,340768000.0,1.703,530301000.0,72728000.0,18001000.0,14476000.0,1.641,266178000.0
63,FRX1,MRT,1998-06-30,1998-06-30,1998-06-30,2021-09-16,-4244000.0,731802000.0,708962500.0,354315000.0,377487000.0,0.722,1.94,-15999000.0,115117000.0,115117000.0,109023000.0,42461000.0,3.322,0.171,0.0,0.0,0.0,0.0,0.0,20145000.0,0.0,0.0,0.0,63375000.0,83520000.0,0.163,83520000.0,63375000.0,63375000.0,0.13,0.13,0.13,624873000.0,611248500.0,624873000.0,2879307717.0,45.0,34.474,45937000.0,0.143,1.0,403118000.0,0.787,210674000.0,0.0,299356000.0,266532000.0,100611000.0,81713000.0,35056000.0,46657000.0,106929000.0,106655000.0,274000.0,2879307717.0,-50016000.0,0.0,-45719000.0,0.0,0.0,-44284000.0,-68037000.0,-54038000.0,61936000.0,369000.0,42461000.0,42461000.0,42461000.0,0.0,0.0,0.083,339743000.0,63375000.0,37150000.0,0.0,4.608,67.811,68.75,88627000.0,0.0,8.938,5.622,5.62,38904000.0,561584000.0,512141000.0,512141000.0,82754000.0,0.06,0.069,0.238,0.124,0.0,256989000.0,1.0,322160304.0,322028000,339584000.0,1.59,521128000.0,73764000.0,20914000.0,20225000.0,1.618,247660000.0
64,FRX1,MRT,1998-03-31,1998-03-31,1998-03-31,2021-09-16,-4530000.0,744323000.0,722302000.0,371647000.0,372676000.0,0.657,1.898,-6376000.0,149653000.0,149653000.0,104412000.0,36697000.0,2.861,0.212,0.0,0.0,0.0,0.0,0.0,20056000.0,0.0,0.0,0.0,54772000.0,74828000.0,0.158,74828000.0,54772000.0,54772000.0,0.113,0.11,0.113,614161000.0,610038750.0,614161000.0,2852837075.0,52.0,38.125,94994000.0,0.294,1.0,370292000.0,0.78,213937000.0,0.0,250844000.0,327164000.0,82718000.0,79947000.0,32199000.0,47748000.0,130162000.0,129889000.0,273000.0,3012309075.0,-13189000.0,0.0,-56279000.0,0.0,0.0,-54943000.0,-59505000.0,-53129000.0,101370000.0,-111000.0,36697000.0,36697000.0,36697000.0,0.0,0.0,0.077,315520000.0,54772000.0,30409000.0,0.0,4.905,82.086,82.965,81450000.0,0.0,9.375,6.346,6.391,41464000.0,555161000.0,474704000.0,474704000.0,79150000.0,0.051,0.06,0.167,0.115,0.0,236370000.0,1.0,321312968.0,323624000,333700000.0,1.467,530386000.0,74746000.0,18075000.0,28755000.0,1.639,241758000.0
65,FRX1,MRT,1997-12-31,1997-12-31,1997-12-31,2021-09-16,0.0,687018000.0,703511000.0,348789000.0,338229000.0,0.56,1.871,-5463000.0,159472000.0,159472000.0,98227000.0,16992000.0,4.021,0.145,0.0,0.0,0.0,0.0,0.0,20024000.0,0.0,0.0,0.0,24414000.0,44438000.0,0.113,44438000.0,24414000.0,24414000.0,0.056,0.056,0.056,599942000.0,613098250.0,599942000.0,1822311432.0,75.0,41.008,128718000.0,0.401,1.0,296013000.0,0.751,217447000.0,0.0,223354000.0,255580500.0,82756000.0,34689000.0,11857000.0,22832000.0,87076000.0,86745000.0,331000.0,1987444432.0,25857000.0,0.0,105649000.0,0.0,0.0,-61875000.0,-45642000.0,-17567000.0,134181000.0,-817000.0,16992000.0,16992000.0,16992000.0,0.0,0.0,0.043,271599000.0,24414000.0,27063000.0,0.0,3.313,116.964,110.073,81884000.0,0.0,6.164,5.041,5.014,42813000.0,554123000.0,394240000.0,394240000.0,47201000.0,0.024,0.028,0.096,0.062,0.0,224398000.0,1.0,322424576.0,320676000,330292000.0,1.229,469571000.0,49003000.0,7422000.0,20390000.0,1.464,262044000.0
66,FRX1,MRT,1997-09-30,1997-09-30,1997-09-30,2021-09-16,0.0,,,,,,1.863,-5918000.0,,,90738000.0,-34805000.0,,0.135,0.0,0.0,0.0,0.0,0.0,19787000.0,0.0,0.0,0.0,-54528000.0,-34741000.0,-0.113,-34741000.0,-54528000.0,-54528000.0,-0.1,-0.1,-0.1,606018000.0,624746750.0,606018000.0,1556216401.0,-29.0,-44.795,116212000.0,0.357,1.0,216092000.0,0.704,,0.0,,,,,,,81831000.0,81434000.0,397000.0,1721349401.0,8913000.0,0.0,73998000.0,0.0,0.0,-93174000.0,-20719000.0,8534000.0,122130000.0,666000.0,-34805000.0,-34805000.0,-34805000.0,0.0,0.0,-0.113,270620000.0,-54528000.0,22154000.0,0.0,2.84,-49.457,-52.656,,0.0,5.266,5.61,5.583,,534639000.0,306830000.0,306830000.0,45712000.0,,-0.056,,-0.178,0.0,224908000.0,1.0,326902840.0,325300000,334560000.0,0.943,,,-19723000.0,20051000.0,,
67,FRX1,MRT,1997-06-30,1997-06-30,1997-06-30,2021-09-16,0.0,686123000.0,,347485000.0,338638000.0,,1.892,-6767000.0,165133000.0,165133000.0,88373000.0,-44748000.0,5.285,0.107,0.0,0.0,0.0,0.0,0.0,19679000.0,0.0,0.0,0.0,-69564000.0,-49885000.0,-0.175,-49885000.0,-69564000.0,-69564000.0,-0.131,-0.131,-0.131,620034000.0,,620034000.0,1564052141.0,-22.0,-31.353,40972000.0,0.125,1.0,196191000.0,0.689,221531000.0,0.0,233708000.0,,84621000.0,27675000.0,9961000.0,17714000.0,66089000.0,65751000.0,338000.0,1697667141.0,-71247000.0,0.0,46846000.0,0.0,0.0,-120726000.0,-1862000.0,29165000.0,47739000.0,3592000.0,-44748000.0,-44748000.0,-44748000.0,0.0,0.0,-0.157,268829000.0,-72638000.0,17300000.0,0.0,2.738,-37.938,-39.54,82156000.0,0.0,5.18,5.966,5.967,34440000.0,519123000.0,284564000.0,284564000.0,43778000.0,,,,-0.244,0.0,225051000.0,1.0,327754584.0,327796000,335292000.0,0.868,464592000.0,50368000.0,-24816000.0,13872000.0,1.417,281734000.0
68,FRX1,MRT,1997-03-31,1997-03-31,1997-03-31,2021-09-16,0.0,700281000.0,799821000.0,359630000.0,340651000.0,0.386,1.821,-9655000.0,0.0,0.0,85874000.0,-23541000.0,4.89,0.118,0.0,0.0,0.0,0.0,0.0,19185000.0,0.0,0.0,0.0,-38999000.0,-19814000.0,-0.064,-19814000.0,-38999000.0,-38999000.0,-0.068,-0.068,-0.068,626399000.0,717958000.0,626399000.0,1415774553.0,-36.0,-71.453,123695000.0,0.36,1.0,223187000.0,0.722,223253000.0,0.0,403484000.0,447780000.0,92539000.0,26818000.0,9401000.0,17417000.0,73882000.0,73544000.0,338000.0,1549389553.0,79299000.0,0.0,5643000.0,0.0,0.0,-161929000.0,105902000.0,137817000.0,133350000.0,1966000.0,-23541000.0,-23541000.0,-23541000.0,0.0,0.0,-0.076,262186000.0,-38999000.0,22311000.0,0.0,2.473,-65.817,-69.164,83324000.0,0.0,4.703,5.013,5.236,21896000.0,518464000.0,309061000.0,309061000.0,40689000.0,-0.029,-0.033,-0.087,-0.126,0.0,221497000.0,1.0,329437960.0,344072000,344072000.0,0.898,477028000.0,70587000.0,-15458000.0,14595000.0,1.386,286086000.0
69,FRX1,MRT,1996-12-31,1996-12-31,1996-12-31,2021-09-16,0.0,720004000.0,,390242000.0,329762000.0,,1.923,-10101000.0,133615000.0,133615000.0,84501000.0,18756000.0,5.334,0.114,0.0,0.0,0.0,0.0,0.0,19073000.0,0.0,0.0,0.0,26617000.0,45690000.0,0.129,45690000.0,26617000.0,26617000.0,0.051,,0.051,646536000.0,,646536000.0,,,,2143000.0,0.006,1.0,269632000.0,0.761,225414000.0,0.0,287807000.0,,93932000.0,17122000.0,12884000.0,4238000.0,73468000.0,73168000.0,300000.0,1348636649.0,29443000.0,-76328000.0,-160849000.0,0.0,0.0,-159324000.0,173815000.0,184805000.0,12244000.0,2708000.0,18756000.0,18756000.0,18756000.0,0.0,0.0,0.053,246089000.0,23543000.0,22366000.0,0.0,2.086,71.904,80.27,84031000.0,0.0,4.094,3.808,3.887,91200000.0,537131000.0,354133000.0,354133000.0,34471000.0,,,,0.075,0.0,211618000.0,1.0,329437960.0,336232000,,1.053,494590000.0,29817000.0,7861000.0,15771000.0,1.471,317074000.0
70,FRX1,MRT,1996-09-30,1996-09-30,1996-09-30,2021-09-16,,,,,,,,,,,90354000.0,75940000.0,,,,,,,,,,0.0,0.0,115218000.0,,,,115218000.0,115218000.0,0.214,,0.214,,,,,,,,,1.0,346114000.0,0.793,,0.0,,,,,,,,,,,,,,,,,,,,,75940000.0,75940000.0,75940000.0,0.0,0.0,0.174,233970000.0,112144000.0,,0.0,,,21.101,,0.0,4.516,,3.675,,,436468000.0,436468000.0,32111000.0,,,,0.264,,201859000.0,1.0,,355208000,,1.229,,,39278000.0,,,
71,FRX1,MRT,1996-06-30,1996-06-30,1996-06-30,2021-09-16,,,,,,,,,,,,,,,,,,,,,,0.0,0.0,,,,,,,,,,,,,,,,,,1.0,,,,,,,,,,,,,,,,,,,,,,,,,,,,,,,,,,,,,,,,4.828,,,,,,,,,,,,,,1.0,,373248000,,,,,,,,
72,FRX1,MRT,1996-03-31,1996-03-31,1996-03-31,2021-09-16,0.0,899361000.0,,470612000.0,428749000.0,,2.233,-11645000.0,83543000.0,83543000.0,90485000.0,104245000.0,5.254,0.111,0.0,0.0,0.0,0.0,0.0,16519000.0,0.0,0.0,0.0,162375000.0,178894000.0,0.389,178894000.0,162375000.0,162375000.0,0.287,0.28,0.287,809517000.0,,809517000.0,,,,-17407000.0,-0.048,1.0,369459000.0,0.803,234171000.0,0.0,492076000.0,,58949000.0,138236000.0,40164000.0,98072000.0,89844000.0,89571000.0,273000.0,,-24068000.0,-76328000.0,8056000.0,0.0,0.0,9381000.0,-26042000.0,106407000.0,-5762000.0,-1645000.0,104245000.0,104245000.0,104245000.0,0.0,0.0,0.227,207084000.0,162375000.0,13994000.0,0.0,,,21.233,79357000.0,0.0,6.094,,4.803,254708000.0,542005000.0,459944000.0,459944000.0,34197000.0,,,,0.353,0.0,172887000.0,1.0,,362512000,371488000.0,1.269,665190000.0,27809000.0,58130000.0,25518000.0,1.835,381041000.0
73,FRX1,MRT,1995-12-31,1995-12-31,1995-12-31,2021-09-16,,,,,,,,,,,,,,,,,,,,,,0.0,0.0,,,,,,,,,,,,,,,,,,1.0,,,,,,,,,,,,,,,,,,,,,,,,,,,,,,,,,,,,,,,,5.656,,,,,,,,,,,,,,1.0,,374840000,,,,,,,,
74,FRX1,MRT,1995-03-31,1995-03-31,1995-03-31,2021-09-16,,,,,,,,-22230000.0,,,75794000.0,100149000.0,,,,,,,,14051000.0,,0.0,0.0,156146000.0,170197000.0,0.42,170197000.0,156146000.0,156146000.0,0.269,0.268,0.269,,,,,,,43013000.0,0.115,1.0,329035000.0,0.813,,0.0,,,,,,,,,,,-73483000.0,0.0,15119000.0,0.0,0.0,25428000.0,-166750000.0,-122233000.0,65243000.0,2596000.0,100149000.0,100149000.0,100149000.0,0.0,0.0,0.247,172889000.0,156146000.0,,0.0,,,22.131,,0.0,5.953,,5.492,,,404829000.0,404829000.0,32010000.0,,,,0.386,0.0,140879000.0,1.0,,373456000,374144000.0,1.084,,,55997000.0,,,
