None,ticker,dimension,calendardate,datekey,reportperiod,lastupdated,accoci,assets,assetsavg,assetsc,assetsnc,assetturnover,bvps,capex,cashneq,cashnequsd,cor,consolinc,currentratio,de,debt,debtc,debtnc,debtusd,deferredrev,depamor,deposits,divyield,dps,ebit,ebitda,ebitdamargin,ebitdausd,ebitusd,ebt,eps,epsdil,epsusd,equity,equityavg,equityusd,ev,evebit,evebitda,fcf,fcfps,fxusd,gp,grossmargin,intangibles,intexp,invcap,invcapavg,inventory,investments,investmentsc,investmentsnc,liabilities,liabilitiesc,liabilitiesnc,marketcap,ncf,ncfbus,ncfcommon,ncfdebt,ncfdiv,ncff,ncfi,ncfinv,ncfo,ncfx,netinc,netinccmn,netinccmnusd,netincdis,netincnci,netmargin,opex,opinc,payables,payoutratio,pb,pe,pe1,ppnenet,prefdivis,price,ps,ps1,receivables,retearn,revenue,revenueusd,rnd,roa,roe,roic,ros,sbcomp,sgna,sharefactor,sharesbas,shareswa,shareswadil,sps,tangibles,taxassets,taxexp,taxliabilities,tbvps,workingcapital
0,OMC,MRY,2020-12-31,2020-12-31,2020-12-31,2021-10-20,-1213800000.0,27647200000.0,24435925000.0,15590100000.0,12057100000.0,0.539,14.348,-75400000.0,5600500000.0,5600500000.0,0.0,1020800000.0,1.004,7.804,6925200000.0,3900000.0,6921300000.0,6925200000.0,0.0,222600000.0,1361300000.0,0.042,2.6,1548900000.0,1771500000.0,0.134,1771500000.0,1548900000.0,1327100000.0,4.38,4.37,4.38,3084400000.0,2645950000.0,3084400000.0,17063595823.0,11.0,9.632,1649200000.0,7.672,1.0,13171100000.0,1.0,9908200000.0,221800000.0,3538600000.0,4845700000.0,1101200000.0,85300000.0,0.0,85300000.0,24070300000.0,15525100000.0,8545200000.0,13407895823.0,1294800000.0,-63900000.0,-217900000.0,581000000.0,-562700000.0,-408400000.0,-136100000.0,3200000.0,1724600000.0,114700000.0,945400000.0,945400000.0,945400000.0,0.0,75400000.0,0.072,11572300000.0,1598800000.0,11513000000.0,0.594,4.347,14.182,14.24,1808600000.0,0.0,62.37,1.018,1.018,7813400000.0,8190600000.0,13171100000.0,13171100000.0,0.0,0.039,0.357,0.32,0.118,70800000.0,11071800000.0,1.0,214973478.0,214973478.0,,61.268,17739000000.0,0.0,381700000.0,688000000.0,82.517,65000000.0
1,OMC,MRY,2019-12-31,2019-12-31,2019-12-31,2021-10-20,-1197600000.0,26783400000.0,25172550000.0,14584700000.0,12198700000.0,0.594,13.107,-102200000.0,4305700000.0,4305700000.0,0.0,1435900000.0,0.913,8.203,6419100000.0,612500000.0,5806600000.0,6419100000.0,0.0,231500000.0,1215300000.0,0.032,2.6,2087800000.0,2319300000.0,0.155,2319300000.0,2087800000.0,1843500000.0,6.09,6.06,6.09,2853900000.0,2535375000.0,2853900000.0,21595549476.0,10.0,9.311,1753800000.0,8.055,1.0,14953700000.0,1.0,9778700000.0,244300000.0,3137200000.0,3971575000.0,1257600000.0,110400000.0,3600000.0,106800000.0,23409700000.0,15980900000.0,7428800000.0,17640649476.0,653300000.0,69400000.0,-603700000.0,214400000.0,-564300000.0,-1222000000.0,-30900000.0,1900000.0,1856000000.0,50200000.0,1339100000.0,1339100000.0,1339100000.0,0.0,96800000.0,0.09,12831400000.0,2122300000.0,11768400000.0,0.427,6.181,13.174,13.304,2061700000.0,0.0,81.02,1.18,1.18,7829000000.0,7806300000.0,14953700000.0,14953700000.0,0.0,0.053,0.528,0.526,0.14,72500000.0,12599900000.0,1.0,217732035.0,217732035.0,,68.679,17004700000.0,0.0,504400000.0,660900000.0,78.099,-1396200000.0
2,OMC,MRY,2018-12-31,2018-12-31,2018-12-31,2021-10-20,-1228500000.0,24617000000.0,23196800000.0,13726900000.0,10890100000.0,0.659,11.366,-195700000.0,3652400000.0,3652400000.0,0.0,1440500000.0,0.899,8.445,4891800000.0,507700000.0,4384100000.0,4891800000.0,0.0,264000000.0,1159000000.0,0.033,2.4,2085500000.0,2349500000.0,0.154,2349500000.0,2085500000.0,1819100000.0,5.85,5.83,5.85,2547100000.0,2469150000.0,2547100000.0,19182899637.0,9.0,8.165,1526600000.0,6.812,1.0,15290200000.0,1.0,9767100000.0,266400000.0,819100000.0,1968325000.0,1161500000.0,126400000.0,5500000.0,120900000.0,21510100000.0,15270200000.0,6239900000.0,16413499637.0,-143600000.0,-42000000.0,-568300000.0,0.0,-548500000.0,-1441100000.0,-221800000.0,15900000.0,1722300000.0,-203000000.0,1326400000.0,1326400000.0,1326400000.0,0.0,114100000.0,0.087,13335100000.0,1955100000.0,11464300000.0,0.41,6.444,12.374,12.52,694400000.0,0.0,73.24,1.073,1.073,7666100000.0,7016100000.0,15290200000.0,15290200000.0,0.0,0.057,0.537,1.06,0.136,70500000.0,13071100000.0,1.0,224105675.0,224105675.0,,68.228,14849900000.0,0.0,492700000.0,594300000.0,66.263,-1543300000.0
3,OMC,MRY,2017-12-31,2017-12-31,2017-12-31,2021-10-20,-963000000.0,24931200000.0,22884850000.0,14116000000.0,10815200000.0,0.667,11.344,-156000000.0,3796000000.0,3796000000.0,0.0,1192200000.0,0.934,8.328,4924700000.0,11800000.0,4912900000.0,4924700000.0,0.0,282100000.0,1266700000.0,0.031,2.25,2033200000.0,2315300000.0,0.152,2315300000.0,2033200000.0,1784600000.0,4.68,4.65,4.68,2615100000.0,2382075000.0,2615100000.0,19912793701.0,10.0,8.601,1867900000.0,8.103,1.0,15273600000.0,1.0,9705900000.0,248600000.0,1245100000.0,2315150000.0,1110600000.0,120700000.0,400000.0,120300000.0,21779000000.0,15108900000.0,6670100000.0,16789693701.0,793800000.0,-26300000.0,-557700000.0,-18100000.0,-515200000.0,-1342600000.0,-115400000.0,66900000.0,2023900000.0,227900000.0,1088400000.0,1088400000.0,1088400000.0,0.0,103800000.0,0.071,13189800000.0,2083800000.0,11574600000.0,0.481,6.42,15.426,15.562,690900000.0,0.0,72.83,1.099,1.099,8083800000.0,6210600000.0,15273600000.0,15273600000.0,0.0,0.048,0.457,0.878,0.133,80200000.0,12907700000.0,1.0,230532661.0,230532661.0,,66.254,15225300000.0,0.0,696200000.0,813600000.0,66.044,-992900000.0
4,OMC,MRY,2016-12-31,2016-12-31,2016-12-31,2021-10-20,-1356000000.0,23165400000.0,21642550000.0,12722000000.0,10443400000.0,0.712,9.166,-165500000.0,3002200000.0,3002200000.0,0.0,1246700000.0,0.908,9.485,4949300000.0,28800000.0,4920500000.0,4949300000.0,0.0,292900000.0,1186600000.0,0.025,2.15,1980400000.0,2273300000.0,0.147,2273300000.0,1980400000.0,1749100000.0,4.8,4.78,4.8,2162000000.0,2285825000.0,2162000000.0,23171717867.0,12.0,10.193,1786900000.0,7.575,1.0,15416900000.0,1.0,9403500000.0,231300000.0,1698100000.0,2482525000.0,1125400000.0,141000000.0,20600000.0,120400000.0,20505800000.0,14010900000.0,6494900000.0,20075817867.0,397000000.0,-308800000.0,-575400000.0,388400000.0,-505400000.0,-998300000.0,-481600000.0,-7300000.0,1952400000.0,-75500000.0,1148600000.0,1148600000.0,1148600000.0,0.0,98100000.0,0.075,13386400000.0,2030500000.0,10476700000.0,0.448,9.286,17.479,17.731,674800000.0,0.0,85.11,1.302,1.302,7510800000.0,5677200000.0,15416900000.0,15416900000.0,0.0,0.053,0.502,0.798,0.128,93400000.0,13093500000.0,1.0,235880835.0,235880835.0,,65.359,13761900000.0,0.0,600500000.0,830100000.0,58.343,-1288900000.0
5,OMC,MRY,2015-12-31,2015-12-31,2015-12-31,2021-10-20,-1015400000.0,22110700000.0,20853625000.0,11980500000.0,10130200000.0,0.726,10.123,-202700000.0,2605200000.0,2605200000.0,0.0,1203400000.0,0.843,7.838,4570800000.0,1006600000.0,3564200000.0,4570800000.0,0.0,291100000.0,1283500000.0,0.026,2.0,1858600000.0,2149700000.0,0.142,2149700000.0,1858600000.0,1677500000.0,4.43,4.41,4.43,2452400000.0,2491675000.0,2452400000.0,21516828810.0,12.0,10.009,1996800000.0,8.243,1.0,15134400000.0,1.0,9021200000.0,181100000.0,835500000.0,2126225000.0,1122700000.0,151100000.0,14500000.0,136600000.0,19221300000.0,14219600000.0,5001700000.0,18329028810.0,217100000.0,-60300000.0,-707400000.0,-1100000.0,-496700000.0,-1456300000.0,-263500000.0,-500000.0,2199500000.0,-262600000.0,1093900000.0,1093900000.0,1093900000.0,0.0,109500000.0,0.072,13214300000.0,1920100000.0,9812000000.0,0.451,7.474,16.756,17.079,692700000.0,0.0,75.66,1.211,1.211,7220900000.0,10178200000.0,15134400000.0,15134400000.0,0.0,0.052,0.439,0.874,0.123,99400000.0,12923200000.0,1.0,242255205.0,242255205.0,,62.473,13089500000.0,0.0,583600000.0,788200000.0,54.032,-2239100000.0
6,OMC,MRY,2014-12-31,2014-12-31,2014-12-31,2021-10-20,-618200000.0,21428400000.0,20926075000.0,11079700000.0,10348700000.0,0.732,11.484,-213000000.0,2388100000.0,2388100000.0,0.0,1233100000.0,0.919,6.353,4549700000.0,7600000.0,4542100000.0,4549700000.0,0.0,294400000.0,1180900000.0,0.025,1.9,1874300000.0,2168700000.0,0.142,2168700000.0,1874300000.0,1697100000.0,4.27,4.24,4.27,2850000000.0,3265775000.0,2850000000.0,22199279267.0,12.0,10.236,1263500000.0,5.091,1.0,15317800000.0,1.0,9211600000.0,177200000.0,2317300000.0,2397150000.0,1166600000.0,150400000.0,2200000.0,148200000.0,18107100000.0,12061100000.0,6046000000.0,19226479267.0,-322400000.0,-74900000.0,-1023700000.0,497000000.0,-468000000.0,-1258100000.0,-266900000.0,21000000.0,1476500000.0,-273900000.0,1104000000.0,1104000000.0,1104000000.0,0.0,129100000.0,0.072,13373700000.0,1944100000.0,8797500000.0,0.445,6.746,17.415,18.143,708000000.0,0.0,77.47,1.255,1.255,6524700000.0,9576900000.0,15317800000.0,15317800000.0,0.0,0.053,0.338,0.782,0.122,63900000.0,13079300000.0,1.0,248179673.0,248179673.0,,61.721,12216800000.0,0.0,593100000.0,845000000.0,49.226,-981400000.0
7,OMC,MRY,2013-12-31,2013-12-31,2013-12-31,2021-10-20,-191600000.0,22098700000.0,21100700000.0,11652300000.0,10446400000.0,0.691,13.92,-212000000.0,2710500000.0,2710500000.0,0.0,1111600000.0,0.949,5.033,4039700000.0,6300000.0,4033400000.0,4039700000.0,0.0,284800000.0,1242200000.0,0.022,1.6,1753500000.0,2038300000.0,0.14,2038300000.0,1753500000.0,1556300000.0,3.73,3.71,3.73,3582400000.0,3287875000.0,3582400000.0,21672428274.0,12.0,10.633,1597000000.0,6.205,1.0,14584500000.0,1.0,9302000000.0,197200000.0,1848200000.0,2696300000.0,1288000000.0,150000000.0,18200000.0,131800000.0,18030800000.0,12277700000.0,5753100000.0,19139928274.0,32200000.0,-32800000.0,-523000000.0,-407100000.0,-318400000.0,-1419800000.0,-228200000.0,0.0,1809000000.0,-128800000.0,991100000.0,991100000.0,991100000.0,0.0,120500000.0,0.068,12759200000.0,1825300000.0,8358900000.0,0.429,5.343,19.312,19.938,737400000.0,0.0,74.37,1.312,1.312,6632600000.0,8961200000.0,14584500000.0,14584500000.0,0.0,0.047,0.301,0.65,0.12,48500000.0,12759200000.0,1.0,257360875.0,257360875.0,,56.669,12796700000.0,0.0,565200000.0,1125900000.0,49.723,-625400000.0
8,OMC,MRY,2012-12-31,2012-12-31,2012-12-31,2021-10-20,-129500000.0,22151900000.0,20719975000.0,11661400000.0,10490500000.0,0.686,13.1,-226300000.0,2678300000.0,2678300000.0,0.0,1117500000.0,0.982,5.258,4455300000.0,6800000.0,4448500000.0,4455300000.0,0.0,282700000.0,1231500000.0,0.024,1.2,1705100000.0,1987800000.0,0.14,1987800000.0,1705100000.0,1525400000.0,3.64,3.61,3.64,3460800000.0,3417075000.0,3460800000.0,15704262776.0,9.0,7.9,1225000000.0,4.637,1.0,14219400000.0,1.0,9300300000.0,179700000.0,2752800000.0,2608450000.0,1008400000.0,175800000.0,20600000.0,155200000.0,18195600000.0,11875800000.0,6319800000.0,13198462776.0,897100000.0,-132700000.0,-917300000.0,1269900000.0,-397800000.0,-220100000.0,-350400000.0,8600000.0,1451300000.0,16300000.0,998300000.0,998300000.0,998300000.0,0.0,119200000.0,0.07,12415200000.0,1804200000.0,8296700000.0,0.33,3.814,13.221,13.725,723800000.0,0.0,49.96,0.928,0.928,6958200000.0,8394400000.0,14219400000.0,14219400000.0,0.0,0.048,0.292,0.654,0.12,-4500000.0,12415200000.0,1.0,264180600.0,264180600.0,,53.825,12851600000.0,0.0,527100000.0,1197400000.0,48.647,-214400000.0
9,OMC,MRY,2011-12-31,2011-12-31,2011-12-31,2021-10-20,-191700000.0,20505400000.0,19441650000.0,10421500000.0,10083900000.0,0.714,12.703,-185500000.0,1781200000.0,1781200000.0,0.0,1060400000.0,0.893,4.716,3193100000.0,10200000.0,3182900000.0,3193100000.0,0.0,273700000.0,1225300000.0,0.022,1.0,1616500000.0,1890200000.0,0.136,1890200000.0,1616500000.0,1458400000.0,3.38,3.33,3.38,3504300000.0,3507500000.0,3504300000.0,14599462920.0,9.0,7.724,1129800000.0,4.095,1.0,13872500000.0,1.0,8924700000.0,158100000.0,1321600000.0,1801125000.0,1017500000.0,208000000.0,23800000.0,184200000.0,16525600000.0,11671000000.0,4854600000.0,12298462920.0,-507500000.0,-403700000.0,-731500000.0,-43200000.0,-269100000.0,-1205700000.0,-574600000.0,14600000.0,1315300000.0,-42500000.0,952600000.0,952600000.0,952600000.0,0.0,107800000.0,0.069,12201400000.0,1671100000.0,8060000000.0,0.296,3.51,12.91,13.189,682900000.0,0.0,44.58,0.887,0.887,6632000000.0,7724100000.0,13872500000.0,13872500000.0,0.0,0.049,0.272,0.897,0.117,44100000.0,12201400000.0,1.0,275874000.0,275874000.0,,50.286,11580700000.0,0.0,505800000.0,1104600000.0,41.978,-1249500000.0
10,OMC,MRY,2010-12-31,2010-12-31,2010-12-31,2021-10-20,-106400000.0,19566100000.0,17751875000.0,10194100000.0,9372000000.0,0.707,11.886,-153700000.0,2288700000.0,2288700000.0,0.0,923700000.0,0.925,4.377,3176200000.0,51600000.0,3124600000.0,3176200000.0,0.0,253000000.0,1187100000.0,0.017,0.8,1422600000.0,1675600000.0,0.134,1675600000.0,1422600000.0,1287900000.0,2.74,2.7,2.74,3580500000.0,3846700000.0,3580500000.0,15328146200.0,11.0,9.148,1334300000.0,4.429,1.0,12542500000.0,1.0,8087300000.0,134700000.0,1343200000.0,1407150000.0,707600000.0,310400000.0,11300000.0,299100000.0,15673000000.0,11023100000.0,4649900000.0,13796746200.0,701700000.0,-152100000.0,-1172900000.0,958600000.0,-229700000.0,-537300000.0,-293700000.0,12100000.0,1488000000.0,44700000.0,827700000.0,827700000.0,827700000.0,0.0,96000000.0,0.066,11082300000.0,1460200000.0,7726900000.0,0.292,3.853,16.669,16.715,653300000.0,0.0,45.8,1.1,1.1,5977200000.0,7052500000.0,12542500000.0,12542500000.0,0.0,0.047,0.215,1.011,0.113,24700000.0,11082300000.0,1.0,301239000.0,301239000.0,,41.636,11478800000.0,14200000.0,460200000.0,924000000.0,38.105,-829000000.0
11,OMC,MRY,2009-12-31,2009-12-31,2009-12-31,2021-10-20,-8000000.0,17920700000.0,16392050000.0,8788500000.0,9132200000.0,0.715,13.478,-130600000.0,1587000000.0,1587000000.0,0.0,871400000.0,0.872,3.211,2257700000.0,37100000.0,2220600000.0,2257700000.0,0.0,242800000.0,1059300000.0,0.015,0.6,1348800000.0,1591600000.0,0.136,1591600000.0,1348800000.0,1226600000.0,2.54,2.53,2.54,4194800000.0,3855075000.0,4194800000.0,14000524300.0,10.0,8.797,1601000000.0,5.144,1.0,11720700000.0,1.0,7862000000.0,122200000.0,646900000.0,1628225000.0,607600000.0,307200000.0,7800000.0,299400000.0,13467900000.0,10082500000.0,3385400000.0,12185124300.0,489700000.0,-137400000.0,3600000.0,-815700000.0,-187100000.0,-1128000000.0,-226000000.0,42000000.0,1731600000.0,112100000.0,793000000.0,793000000.0,793000000.0,0.0,78400000.0,0.068,10345800000.0,1374900000.0,7143900000.0,0.236,2.905,15.366,15.413,677300000.0,0.0,39.15,1.04,1.04,5574100000.0,6465400000.0,11720700000.0,11720700000.0,0.0,0.048,0.206,0.828,0.115,78600000.0,10345800000.0,1.0,311242000.0,311242000.0,,37.658,10058700000.0,40000000.0,433600000.0,644800000.0,32.318,-1294000000.0
12,OMC,MRY,2008-12-31,2008-12-31,2008-12-31,2021-10-20,-247300000.0,17318400000.0,17944650000.0,8564900000.0,8753500000.0,0.745,11.335,-212200000.0,1097300000.0,1097300000.0,0.0,1114400000.0,0.878,3.851,3073200000.0,18900000.0,3054300000.0,3073200000.0,0.0,235900000.0,1005500000.0,0.022,0.6,1667600000.0,1903500000.0,0.142,1903500000.0,1667600000.0,1543000000.0,3.17,3.14,3.17,3522800000.0,3870725000.0,3522800000.0,11070436000.0,7.0,5.816,1182000000.0,3.803,1.0,13359900000.0,1.0,7441200000.0,124600000.0,2098900000.0,2557250000.0,672000000.0,312400000.0,15100000.0,297300000.0,13565000000.0,9754200000.0,3810800000.0,8366736000.0,-695900000.0,-362200000.0,-760800000.0,5500000.0,-192000000.0,-1136400000.0,-597400000.0,-23000000.0,1394200000.0,-356300000.0,1000300000.0,1000300000.0,1000300000.0,0.0,114100000.0,0.075,11670500000.0,1689400000.0,6881200000.0,0.189,2.375,8.364,8.492,719600000.0,0.0,26.92,0.626,0.626,5775500000.0,5859600000.0,13359900000.0,13359900000.0,0.0,0.056,0.258,0.652,0.125,46400000.0,11670500000.0,1.0,310800000.0,310800000.0,,42.986,9877200000.0,45200000.0,542700000.0,513200000.0,31.78,-1189300000.0
13,OMC,MRY,2007-12-31,2007-12-31,2007-12-31,2021-10-20,430700000.0,19271700000.0,17977875000.0,10504200000.0,8767500000.0,0.706,12.517,-223000000.0,1793200000.0,1793200000.0,0.0,1086600000.0,0.936,3.71,3069300000.0,14600000.0,3054700000.0,3069300000.0,0.0,208600000.0,1122800000.0,0.012,0.575,1619500000.0,1828100000.0,0.144,1828100000.0,1619500000.0,1512600000.0,2.95,2.93,2.95,4091700000.0,3822725000.0,4091700000.0,18035057000.0,11.0,9.865,1376300000.0,4.21,1.0,12694000000.0,1.0,7514200000.0,106900000.0,1806400000.0,2630125000.0,801000000.0,294900000.0,47800000.0,247100000.0,15180000000.0,11227200000.0,3952800000.0,15537557000.0,53700000.0,-318700000.0,-798800000.0,500000.0,-182800000.0,-1089300000.0,-391900000.0,149800000.0,1599300000.0,-64400000.0,975700000.0,975700000.0,975700000.0,0.0,110900000.0,0.077,11034900000.0,1659100000.0,8080500000.0,0.195,3.797,15.925,16.112,706700000.0,0.0,47.53,1.224,1.224,6830400000.0,5077500000.0,12694000000.0,12694000000.0,0.0,0.054,0.255,0.616,0.128,51500000.0,11034900000.0,1.0,326900000.0,326900000.0,,38.831,11757500000.0,40500000.0,536900000.0,425500000.0,35.967,-723000000.0
14,OMC,MRY,2006-12-31,2006-12-31,2006-12-31,2021-10-20,267900000.0,17804700000.0,16811175000.0,9646200000.0,8158500000.0,0.677,11.326,-177600000.0,1739500000.0,1739500000.0,0.0,864000000.0,0.937,3.599,3066300000.0,11600000.0,3054700000.0,3066300000.0,0.0,190000000.0,1117500000.0,0.01,0.5,1455800000.0,1645800000.0,0.145,1645800000.0,1455800000.0,1330900000.0,2.52,2.5,2.52,3871300000.0,3740450000.0,3871300000.0,20125286000.0,14.0,12.228,1563600000.0,4.575,1.0,11376900000.0,1.0,6995100000.0,124900000.0,1840300000.0,2712825000.0,0.0,403400000.0,189300000.0,214100000.0,13933400000.0,10296100000.0,3637300000.0,17865886000.0,903700000.0,-204900000.0,-1046700000.0,692700000.0,-175800000.0,-583500000.0,-188800000.0,193700000.0,1741200000.0,-65200000.0,864000000.0,864000000.0,864000000.0,0.0,0.0,0.076,9893400000.0,1483500000.0,7332600000.0,0.198,4.615,20.678,20.742,639800000.0,0.0,52.27,1.57,1.57,6628100000.0,4289800000.0,11376900000.0,11376900000.0,0.0,0.051,0.231,0.537,0.128,44500000.0,9893400000.0,1.0,341800000.0,341800000.0,,33.285,10809600000.0,49400000.0,466900000.0,293800000.0,31.626,-649900000.0
15,OMC,MRY,2005-12-31,2005-12-31,2005-12-31,2021-10-20,59800000.0,15919900000.0,15129250000.0,7967400000.0,7952500000.0,0.693,10.948,-162700000.0,835800000.0,835800000.0,0.0,790700000.0,0.916,3.032,2373600000.0,16100000.0,2357500000.0,2373600000.0,0.0,175200000.0,908700000.0,0.011,0.462,1304000000.0,1479200000.0,0.141,1479200000.0,1304000000.0,1226000000.0,2.19,2.18,2.19,3948000000.0,3860975000.0,3948000000.0,17526890300.0,13.0,11.849,828500000.0,2.297,1.0,10481100000.0,1.0,6614500000.0,78000000.0,2142900000.0,2508425000.0,0.0,556500000.0,374100000.0,182400000.0,11971900000.0,8700300000.0,3271600000.0,15349790300.0,-329800000.0,-265200000.0,-657500000.0,-189400000.0,-164000000.0,-1116800000.0,-162300000.0,265600000.0,991200000.0,-41900000.0,790700000.0,790700000.0,790700000.0,0.0,0.0,0.075,9141300000.0,1339800000.0,6218900000.0,0.211,3.888,19.413,19.436,608700000.0,0.0,42.565,1.465,1.465,5908100000.0,3599000000.0,10481100000.0,10481100000.0,0.0,0.052,0.205,0.52,0.124,102800000.0,9141300000.0,1.0,360620000.0,360620000.0,,29.064,9305400000.0,309800000.0,435300000.0,639000000.0,25.804,-732900000.0
16,OMC,MRY,2004-12-31,2004-12-31,2004-12-31,2021-10-20,268500000.0,16002400000.0,14646875000.0,8095100000.0,7907300000.0,0.665,10.945,-159700000.0,1165600000.0,1165600000.0,0.0,723500000.0,0.926,2.923,2585100000.0,226700000.0,2358400000.0,2585100000.0,0.0,172100000.0,874000000.0,0.011,0.45,1170900000.0,1343000000.0,0.138,1343000000.0,1170900000.0,1119800000.0,1.95,1.94,1.95,4078700000.0,3748475000.0,4078700000.0,17866667344.0,15.0,13.304,1127900000.0,3.027,1.0,9747200000.0,1.0,6521400000.0,51100000.0,2156600000.0,2586750000.0,0.0,736900000.0,574000000.0,162900000.0,11923700000.0,8743900000.0,3179800000.0,15711067344.0,-77900000.0,-307800000.0,-387800000.0,-32500000.0,-163100000.0,-650000000.0,-758900000.0,-291400000.0,1287600000.0,43400000.0,723500000.0,723500000.0,723500000.0,0.0,0.0,0.074,8531800000.0,1215400000.0,6011500000.0,0.231,3.852,21.715,21.621,636400000.0,0.0,42.16,1.612,1.612,5453300000.0,2975400000.0,9747200000.0,9747200000.0,0.0,0.049,0.193,0.453,0.12,143400000.0,8531800000.0,1.0,372653400.0,372653400.0,,26.156,9481000000.0,303400000.0,396300000.0,534400000.0,25.442,-648800000.0
17,OMC,MRY,2003-12-31,2003-12-31,2003-12-31,2021-10-20,109700000.0,14620000000.0,12926376500.0,7285900000.0,7334100000.0,0.667,9.482,-141100000.0,1243500000.0,1243500000.0,0.0,631000000.0,0.939,3.058,2591400000.0,54800000.0,2536600000.0,2591400000.0,0.0,160900000.0,775200000.0,0.009,0.4,1041900000.0,1202800000.0,0.14,1202800000.0,1041900000.0,984000000.0,1.685,1.685,1.685,3603000000.0,3100998250.0,3603000000.0,18617895597.0,18.0,15.479,913100000.0,2.403,1.0,8621400000.0,1.0,6007600000.0,57900000.0,2197800000.0,2485204500.0,0.0,456600000.0,305400000.0,151200000.0,11017000000.0,7762500000.0,3254500000.0,16592778597.0,576500000.0,-410000000.0,-25900000.0,546600000.0,-149300000.0,354600000.0,-814000000.0,-262900000.0,1054200000.0,-18300000.0,631000000.0,631000000.0,631000000.0,0.0,0.0,0.073,7529500000.0,1091900000.0,5513300000.0,0.237,4.605,26.296,25.914,596800000.0,0.0,43.665,1.925,1.925,4970400000.0,2419100000.0,8621400000.0,8621400000.0,0.0,0.049,0.203,0.419,0.121,148800000.0,7529500000.0,1.0,380001800.0,380001800.0,,22.688,8612400000.0,264700000.0,353000000.0,425800000.0,22.664,-476600000.0
18,OMC,MRY,2002-12-31,2002-12-31,2002-12-31,2021-10-20,-154142000.0,11944078000.0,11427693750.0,5637066000.0,6307012000.0,0.659,6.83,-117200000.0,666951000.0,666951000.0,0.0,570500000.0,0.824,3.649,2030548000.0,85650000.0,1944898000.0,2030548000.0,0.0,150300000.0,648577000.0,0.012,0.4,945600000.0,1095900000.0,0.145,1095900000.0,945600000.0,900100000.0,1.535,1.535,1.535,2568927000.0,2249593000.0,2568927000.0,14426318258.0,15.0,13.164,883400000.0,2.349,1.0,7536300000.0,1.0,4948559000.0,45500000.0,1519592000.0,2784048750.0,0.0,166233000.0,28930000.0,137303000.0,9375151000.0,6839524000.0,2535627000.0,12148924258.0,194800000.0,-586300000.0,-371700000.0,432400000.0,-148400000.0,-119800000.0,-683100000.0,20400000.0,1000600000.0,-2900000.0,570500000.0,570500000.0,570500000.0,0.0,0.0,0.076,6551200000.0,985100000.0,4833681000.0,0.261,4.729,21.295,21.042,557735000.0,0.0,32.3,1.612,1.612,4338366000.0,2114506000.0,7536300000.0,7536300000.0,0.0,0.05,0.254,0.34,0.125,14300000.0,6551200000.0,1.0,376127686.0,376127686.0,,20.037,6995519000.0,166815000.0,329600000.0,418696000.0,18.599,-1202458000.0
19,OMC,MRY,2001-12-31,2001-12-31,2001-12-31,2021-10-20,-295358000.0,10617414000.0,10007840000.0,5233824000.0,5383590000.0,0.688,5.861,-149423000.0,472151000.0,472151000.0,0.0,503142000.0,0.788,3.874,1549605000.0,209500000.0,1340105000.0,1549605000.0,0.0,228095000.0,640750000.0,0.009,0.388,946192000.0,1174287000.0,0.17,1174287000.0,946192000.0,855270000.0,1.375,1.35,1.375,2178419000.0,1792148000.0,2178419000.0,18634230716.0,20.0,15.869,626137000.0,1.685,1.0,6889406000.0,1.0,3952844000.0,90922000.0,1098237000.0,2590618750.0,0.0,231004000.0,44848000.0,186156000.0,8438995000.0,6643787000.0,1795208000.0,16605575716.0,-44666000.0,-818819000.0,-60149000.0,354713000.0,-135676000.0,170801000.0,-947852000.0,20390000.0,775560000.0,-43175000.0,503142000.0,503142000.0,503142000.0,0.0,0.0,0.073,5921222000.0,968184000.0,4303152000.0,0.282,7.623,33.004,32.491,537955000.0,0.0,44.675,2.41,2.41,4103540000.0,1619874000.0,6889406000.0,6889406000.0,0.0,0.05,0.281,0.365,0.137,63718000.0,5921222000.0,1.0,371697274.0,371697274.0,,18.535,6664570000.0,100418000.0,352128000.0,366821000.0,17.93,-1409963000.0
20,OMC,MRY,2000-12-31,2000-12-31,2000-12-31,2021-10-20,-232063000.0,9853707000.0,9347115000.0,5366883000.0,4486824000.0,0.658,4.373,-150289000.0,516817000.0,516817000.0,0.0,498795000.0,0.81,5.363,1347507000.0,102120000.0,1245387000.0,1347507000.0,0.0,196181000.0,630502000.0,0.008,0.35,984616000.0,1180797000.0,0.192,1180797000.0,984616000.0,867935000.0,1.425,1.365,1.425,1548477000.0,1421601750.0,1548477000.0,16448234243.0,17.0,13.93,535590000.0,1.512,1.0,6154230000.0,1.0,2988809000.0,116681000.0,1070536000.0,2244207500.0,0.0,492386000.0,59722000.0,432664000.0,8305230000.0,6625052000.0,1680178000.0,14674743243.0,-59610000.0,-795686000.0,-237082000.0,731550000.0,-122278000.0,282135000.0,-1034574000.0,-88599000.0,685879000.0,6950000.0,498795000.0,498795000.0,498795000.0,0.0,0.0,0.081,5276140000.0,878090000.0,4351039000.0,0.246,9.477,29.42,29.081,483105000.0,0.0,41.44,2.384,2.384,4260747000.0,1258568000.0,6154230000.0,6154230000.0,0.0,0.053,0.351,0.439,0.16,88935000.0,5276140000.0,1.0,354120252.0,354120252.0,,17.379,6864898000.0,98404000.0,369140000.0,327136000.0,19.386,-1258169000.0
21,OMC,MRY,1999-12-31,1999-12-31,1999-12-31,2021-10-20,285234000.0,9017637000.0,7654069250.0,4729562000.0,4288075000.0,0.67,4.376,-130349000.0,576427000.0,576427000.0,0.0,362882000.0,0.787,4.807,842001000.0,130369000.0,711632000.0,842001000.0,0.0,97080000.0,417044000.0,0.006,0.312,686551000.0,783631000.0,0.153,783631000.0,686551000.0,636129000.0,1.035,1.005,1.035,1552898000.0,1164738750.0,1552898000.0,18997936000.0,28.0,24.243,842205000.0,2.373,1.0,5130545000.0,1.0,2414941000.0,50422000.0,859207000.0,1343768750.0,0.0,1194921000.0,41760000.0,1153161000.0,7464739000.0,6009063000.0,1455676000.0,17744600000.0,-72354000.0,-694184000.0,-251703000.0,-8883000.0,-103882000.0,-271363000.0,-772475000.0,52058000.0,972554000.0,-1070000.0,362882000.0,362882000.0,362882000.0,0.0,0.0,0.071,4406415000.0,724130000.0,4112777000.0,0.301,11.427,48.899,48.309,444722000.0,0.0,50.0,3.459,3.459,3657513000.0,882051000.0,5130545000.0,5130545000.0,0.0,0.047,0.312,0.511,0.134,96072000.0,4406415000.0,1.0,354892000.0,354892000.0,,14.457,6602696000.0,120346000.0,273247000.0,552585000.0,18.605,-1279501000.0
22,OMC,MRY,1998-12-31,1998-12-31,1998-12-31,2021-10-20,-94781000.0,7121968000.0,6438550000.0,4112521000.0,3009447000.0,0.666,3.099,-114522000.0,648781000.0,648781000.0,0.0,278845000.0,0.823,5.812,857304000.0,139894000.0,717410000.0,857304000.0,0.0,142458000.0,270312000.0,0.009,0.263,538347000.0,680805000.0,0.159,680805000.0,538347000.0,497937000.0,0.805,0.785,0.805,1045510000.0,1004083500.0,1045510000.0,10662385200.0,20.0,15.661,391149000.0,1.159,1.0,4290946000.0,1.0,2073037000.0,40410000.0,261772000.0,840923500.0,0.0,331002000.0,68610000.0,262392000.0,6076458000.0,4995682000.0,1080776000.0,9784362200.0,83643000.0,-505691000.0,42047000.0,289785000.0,-88623000.0,196778000.0,-583485000.0,36728000.0,505671000.0,-35321000.0,278845000.0,278845000.0,278845000.0,0.0,0.0,0.065,3728739000.0,562207000.0,3365844000.0,0.327,9.358,35.089,36.025,376541000.0,0.0,29.0,2.28,2.28,2946634000.0,628742000.0,4290946000.0,4290946000.0,0.0,0.043,0.278,0.64,0.125,52175000.0,3728739000.0,1.0,337391800.0,337391800.0,,12.718,5048931000.0,98154000.0,219092000.0,189978000.0,14.965,-883161000.0
23,OMC,MRY,1997-12-31,1997-12-31,1997-12-31,2021-10-20,-47947000.0,4965743000.0,4437967500.0,2988398000.0,1977345000.0,0.743,2.675,-114814000.0,556436000.0,556436000.0,0.0,217300000.0,0.835,4.729,359337000.0,17672000.0,341665000.0,359337000.0,0.0,110659000.0,185591000.0,0.011,0.225,428622000.0,539281000.0,0.164,539281000.0,428622000.0,383839000.0,0.65,0.64,0.65,866739000.0,830121500.0,866739000.0,7329623360.0,17.0,13.591,480932000.0,1.484,1.0,3296224000.0,1.0,1234539000.0,44783000.0,-44880000.0,617260500.0,0.0,368932000.0,87668000.0,281264000.0,4099004000.0,3578985000.0,520019000.0,6866492360.0,36014000.0,-365118000.0,-42216000.0,175393000.0,-72753000.0,21363000.0,-550171000.0,-70239000.0,595746000.0,-30924000.0,217300000.0,217300000.0,217300000.0,0.0,0.0,0.066,2884540000.0,411684000.0,2595255000.0,0.346,7.922,31.599,32.6,239667000.0,0.0,21.19,2.083,2.083,2091677000.0,555038000.0,3296224000.0,3296224000.0,0.0,0.049,0.262,0.694,0.13,17311000.0,2884540000.0,1.0,324044000.0,324044000.0,,10.172,3731204000.0,68086000.0,166539000.0,173879000.0,11.514,-590587000.0
24,OMC,MRY,1996-12-31,1996-12-31,1996-12-31,2021-10-20,3490000.0,4055943000.0,3759885500.0,2424985000.0,1630958000.0,0.703,2.469,-48777000.0,510267000.0,510267000.0,0.0,176329000.0,0.847,4.066,213516000.0,8772000.0,204744000.0,213516000.0,0.0,85819000.0,151539000.0,0.016,0.188,334035000.0,419854000.0,0.159,419854000.0,334035000.0,299968000.0,0.585,0.56,0.585,800678000.0,670657500.0,800678000.0,,,,445248000.0,1.373,1.0,2641667000.0,1.0,1000312000.0,34067000.0,-104196000.0,534775000.0,0.0,236759000.0,12841000.0,223918000.0,3255265000.0,2863076000.0,392189000.0,3709462658.0,196268000.0,-126000000.0,-91452000.0,42153000.0,-54311000.0,-127764000.0,-163842000.0,10935000.0,494025000.0,-6151000.0,176329000.0,176329000.0,176329000.0,0.0,0.0,0.067,2315094000.0,326573000.0,2070026000.0,0.321,4.633,21.037,19.551,221655000.0,0.0,11.438,1.404,1.404,1712078000.0,419072000.0,2641667000.0,2641667000.0,0.0,0.047,0.263,0.625,0.126,13895000.0,2315094000.0,1.0,324324604.0,324324604.0,,8.145,3055631000.0,79828000.0,123639000.0,138833000.0,9.422,-438091000.0
25,OMC,MRY,1995-12-31,1995-12-31,1995-12-31,2021-10-20,-26641000.0,3527677000.0,,2106035000.0,1421642000.0,,,-49568000.0,313999000.0,313999000.0,0.0,139955000.0,0.842,5.396,311410000.0,21031000.0,290379000.0,311410000.0,0.0,74129000.0,245516000.0,0.018,0.165,280612000.0,354741000.0,0.157,354741000.0,280612000.0,237341000.0,0.475,0.465,0.475,551507000.0,,551507000.0,,,,177021000.0,,1.0,2257536000.0,1.0,832698000.0,43271000.0,189946000.0,,0.0,221690000.0,21474000.0,200216000.0,2976170000.0,2502444000.0,473726000.0,,72202000.0,-103506000.0,-28973000.0,74327000.0,-45935000.0,-16079000.0,-145778000.0,7296000.0,226589000.0,7470000.0,139955000.0,139955000.0,139955000.0,0.0,0.0,0.062,1986631000.0,270905000.0,1734500000.0,0.347,,,19.605,200473000.0,0.0,9.312,,,1609327000.0,299704000.0,2257536000.0,2257536000.0,0.0,,,,0.124,10713000.0,1986631000.0,1.0,,,,,2694979000.0,70242000.0,97386000.0,107923000.0,,-396409000.0
26,OMC,MRY,1994-12-31,1994-12-31,1994-12-31,2021-10-20,,,,,,,,-43983000.0,,,0.0,83486000.0,,,,,,,,66354000.0,,0.024,0.155,201898000.0,268252000.0,0.141,268252000.0,201898000.0,161413000.0,0.295,0.295,0.295,,,,,,,316180000.0,,1.0,1907795000.0,1.0,,40485000.0,,,,,,,,,,,61673000.0,-150161000.0,-59545000.0,-24687000.0,-41307000.0,-133601000.0,-178133000.0,16011000.0,360163000.0,13244000.0,83486000.0,83486000.0,83486000.0,0.0,0.0,0.044,1691691000.0,216104000.0,,0.525,,,21.928,,0.0,6.469,,,,,1907795000.0,1907795000.0,0.0,,,,0.106,9535000.0,1691691000.0,1.0,,,,,,,77927000.0,,,
0,OMC,MRQ,2021-09-30,2021-09-30,2021-09-30,2021-10-20,-1307900000.0,25580800000.0,,13763000000.0,11817800000.0,,15.293,-19700000.0,4431200000.0,4431200000.0,0.0,380100000.0,0.996,6.657,6272900000.0,10200000.0,6262700000.0,6272900000.0,0.0,51100000.0,1325800000.0,0.038,0.7,526300000.0,577400000.0,0.168,577400000.0,526300000.0,475600000.0,1.66,1.65,1.66,3279000000.0,,3279000000.0,17488982594.0,8.0,7.48,514600000.0,2.4,1.0,3435000000.0,1.0,9879600000.0,50700000.0,3717700000.0,,1249600000.0,77800000.0,0.0,77800000.0,21829000000.0,13825200000.0,8003800000.0,15535982594.0,43100000.0,-300000.0,-170000000.0,1000000.0,-150600000.0,-377200000.0,-20000000.0,0.0,534300000.0,-94000000.0,355600000.0,355600000.0,355600000.0,0.0,24500000.0,0.104,2893400000.0,541600000.0,9953800000.0,0.422,4.738,11.179,11.234,1642900000.0,0.0,72.46,1.095,1.095,7186200000.0,8730000000.0,3435000000.0,3435000000.0,0.0,,,,,18700000.0,2842300000.0,1.0,214407709.0,214407709.0,,16.021,15701200000.0,0.0,120000000.0,683200000.0,73.231,-62200000.0
1,OMC,MRQ,2021-06-30,2021-06-30,2021-06-30,2021-10-20,-1187500000.0,25654400000.0,,13658000000.0,11996400000.0,,15.57,-10500000.0,4388100000.0,4388100000.0,0.0,371600000.0,0.997,6.515,6341100000.0,9300000.0,6331800000.0,6341100000.0,0.0,53500000.0,1287200000.0,0.034,0.7,551700000.0,605200000.0,0.169,605200000.0,551700000.0,471400000.0,1.62,1.6,1.62,3348800000.0,,3348800000.0,19130010872.0,9.0,8.303,154700000.0,0.719,1.0,3571600000.0,1.0,10001100000.0,80300000.0,3904700000.0,,1117600000.0,79100000.0,0.0,79100000.0,21817500000.0,13701600000.0,8115900000.0,17204310872.0,-509200000.0,89400000.0,-97400000.0,-454800000.0,-152300000.0,-785500000.0,78900000.0,0.0,165200000.0,32200000.0,348200000.0,348200000.0,348200000.0,0.0,23400000.0,0.097,3053700000.0,517900000.0,9988500000.0,0.432,5.137,12.769,12.819,1691900000.0,0.0,79.99,1.232,1.232,7246300000.0,8523700000.0,3571600000.0,3571600000.0,0.0,,,,,18300000.0,3000200000.0,1.0,215080771.0,215080771.0,,16.606,15653300000.0,0.0,123200000.0,614200000.0,72.779,-43600000.0
2,OMC,MRQ,2021-03-31,2021-03-31,2021-03-31,2021-10-20,-1246200000.0,25614300000.0,,13732100000.0,11882200000.0,,14.935,-12400000.0,4897300000.0,4897300000.0,0.0,306000000.0,1.019,6.827,6823000000.0,5900000.0,6817100000.0,6823000000.0,0.0,53300000.0,1278000000.0,0.036,0.7,453500000.0,506800000.0,0.148,506800000.0,453500000.0,399700000.0,1.33,1.33,1.33,3211200000.0,,3211200000.0,17268017018.0,11.0,9.555,-473300000.0,-2.201,1.0,3426900000.0,1.0,9822300000.0,53800000.0,4245800000.0,,1138700000.0,79700000.0,0.0,79700000.0,21922600000.0,13471900000.0,8450700000.0,15943317019.0,-703200000.0,1600000.0,2700000.0,2200000.0,-140100000.0,-175700000.0,-10800000.0,0.0,-460900000.0,-55800000.0,287800000.0,287800000.0,287800000.0,0.0,18200000.0,0.084,2961500000.0,465400000.0,9465800000.0,0.526,4.965,16.352,16.441,1740700000.0,0.0,74.15,1.209,1.209,6633200000.0,8327500000.0,3426900000.0,3426900000.0,0.0,,,,,20800000.0,2908200000.0,1.0,215014390.0,215014390.0,,15.938,15792000000.0,0.0,111900000.0,710700000.0,73.446,260200000.0
3,OMC,MRQ,2020-12-31,2020-12-31,2020-12-31,2021-10-20,-1213800000.0,27647200000.0,,15590100000.0,12057100000.0,,14.348,-25400000.0,5600500000.0,5600500000.0,0.0,428500000.0,1.004,7.804,6925200000.0,3900000.0,6921300000.0,6925200000.0,0.0,53800000.0,1361300000.0,0.042,0.65,594800000.0,648600000.0,0.173,648600000.0,594800000.0,539600000.0,1.84,1.84,1.84,3084400000.0,,3084400000.0,17063595823.0,11.0,9.632,2360600000.0,10.981,1.0,3757000000.0,1.0,9908200000.0,55200000.0,3538600000.0,,1101200000.0,85300000.0,0.0,85300000.0,24070300000.0,15525100000.0,8545200000.0,13407895823.0,2322200000.0,-4800000.0,-1900000.0,-19300000.0,-140000000.0,-220900000.0,-27000000.0,3200000.0,2386000000.0,184100000.0,398100000.0,398100000.0,398100000.0,0.0,30400000.0,0.106,3142300000.0,614700000.0,11513000000.0,0.353,4.347,14.182,14.24,1808600000.0,0.0,62.37,1.018,1.018,7813400000.0,8190600000.0,3757000000.0,3757000000.0,0.0,,,,,18300000.0,3088500000.0,1.0,214973478.0,214973478.0,,17.477,17739000000.0,0.0,141500000.0,688000000.0,82.517,65000000.0
4,OMC,MRQ,2020-09-30,2020-09-30,2020-09-30,2021-10-20,-1380600000.0,23779500000.0,,11862400000.0,11917100000.0,,12.281,-16400000.0,3278300000.0,3278300000.0,0.0,334900000.0,0.975,7.828,6934000000.0,23600000.0,6910400000.0,6934000000.0,0.0,54700000.0,1129500000.0,0.053,0.65,488600000.0,543300000.0,0.169,543300000.0,488600000.0,434200000.0,1.45,1.45,1.45,2638800000.0,,2638800000.0,14251201838.0,9.0,7.896,184400000.0,0.858,1.0,3206500000.0,1.0,9744600000.0,54400000.0,5526800000.0,,1174400000.0,81400000.0,0.0,81400000.0,20657600000.0,12163800000.0,8493800000.0,10636001838.0,-2700000.0,-62800000.0,-13100000.0,16800000.0,-139800000.0,-181800000.0,-79200000.0,0.0,200800000.0,57500000.0,313300000.0,313300000.0,313300000.0,0.0,21600000.0,0.098,2705100000.0,501400000.0,8572700000.0,0.448,4.031,11.054,11.174,1841100000.0,0.0,49.5,0.785,0.785,6298300000.0,7932600000.0,3206500000.0,3206500000.0,0.0,,,,,17600000.0,2650400000.0,1.0,214868724.0,214868724.0,,14.923,14034900000.0,0.0,120900000.0,610700000.0,65.318,-301400000.0
5,OMC,MRQ,2020-06-30,2020-06-30,2020-06-30,2021-10-20,-1456600000.0,22641100000.0,,10893100000.0,11748000000.0,,11.261,-7200000.0,3281000000.0,3281000000.0,0.0,-14400000.0,0.961,8.197,6896200000.0,6400000.0,6889800000.0,6896200000.0,0.0,57100000.0,1070000000.0,0.048,0.65,51400000.0,108500000.0,0.039,108500000.0,51400000.0,-2300000.0,-0.11,-0.11,-0.11,2413000000.0,,2413000000.0,15340045030.0,10.0,8.595,117800000.0,0.55,1.0,2800700000.0,1.0,9552700000.0,53700000.0,5372700000.0,,1158600000.0,82200000.0,0.0,82200000.0,19779700000.0,11330900000.0,8448800000.0,11699845030.0,588500000.0,1600000.0,-4300000.0,587800000.0,-141200000.0,385500000.0,-5600000.0,0.0,125000000.0,83600000.0,-24200000.0,-24200000.0,-24200000.0,0.0,9800000.0,-0.009,2738200000.0,62500000.0,7919500000.0,-5.909,4.849,12.459,12.668,1868300000.0,0.0,54.6,0.837,0.837,5290800000.0,7759300000.0,2800700000.0,2800700000.0,0.0,,,,,16200000.0,2403200000.0,1.0,214282876.0,214282876.0,,13.07,13088400000.0,0.0,21900000.0,659800000.0,61.08,-437800000.0
6,OMC,MRQ,2020-03-31,2020-03-31,2020-03-31,2021-10-20,-1528300000.0,23675900000.0,,11850100000.0,11825800000.0,,11.286,-26400000.0,2692500000.0,2692500000.0,0.0,271700000.0,0.922,8.478,6332700000.0,10900000.0,6321800000.0,6332700000.0,0.0,57000000.0,1075700000.0,0.047,0.65,414000000.0,471000000.0,0.138,471000000.0,414000000.0,355500000.0,1.19,1.19,1.19,2447600000.0,,2447600000.0,14019435577.0,7.0,6.09,-1013600000.0,-4.674,1.0,3406900000.0,1.0,9514400000.0,58500000.0,4944700000.0,,1313200000.0,94300000.0,1600000.0,92700000.0,20751300000.0,12857000000.0,7894300000.0,11906035577.0,-1613200000.0,2100000.0,-198600000.0,-4300000.0,-141700000.0,-391200000.0,-24300000.0,0.0,-987200000.0,-210500000.0,258100000.0,258100000.0,258100000.0,0.0,13600000.0,0.076,2986700000.0,420200000.0,9387200000.0,0.546,4.864,8.925,8.985,1987600000.0,0.0,54.9,0.8,0.8,6690500000.0,7924500000.0,3406900000.0,3406900000.0,0.0,,,,,18700000.0,2929700000.0,1.0,216867679.0,216867679.0,,15.71,14161500000.0,0.0,97400000.0,670000000.0,65.3,-1006900000.0
7,OMC,MRQ,2019-12-31,2019-12-31,2019-12-31,2021-10-20,-1197600000.0,26783400000.0,,14584700000.0,12198700000.0,,13.107,-25200000.0,4305700000.0,4305700000.0,0.0,449800000.0,0.913,8.203,6419100000.0,612500000.0,5806600000.0,6419100000.0,0.0,56200000.0,1215300000.0,0.032,0.65,625800000.0,682000000.0,0.165,682000000.0,625800000.0,573900000.0,1.9,1.89,1.9,2853900000.0,,2853900000.0,21595549476.0,10.0,9.311,2062700000.0,9.474,1.0,4141200000.0,1.0,9778700000.0,51900000.0,3137200000.0,,1257600000.0,110400000.0,3600000.0,106800000.0,23409700000.0,15980900000.0,7428800000.0,17640649476.0,1865300000.0,-2600000.0,-63800000.0,2000000.0,-141800000.0,-289200000.0,-25900000.0,1900000.0,2087900000.0,92500000.0,415000000.0,415000000.0,415000000.0,0.0,34800000.0,0.1,3494800000.0,646400000.0,11768400000.0,0.342,6.181,13.174,13.304,2061700000.0,0.0,81.02,1.18,1.18,7829000000.0,7806300000.0,4141200000.0,4141200000.0,0.0,,,,,18900000.0,3438600000.0,1.0,217732035.0,217732035.0,,19.02,17004700000.0,0.0,158900000.0,660900000.0,78.099,-1396200000.0
8,OMC,MRQ,2019-09-30,2019-09-30,2019-09-30,2021-10-20,-1348800000.0,23653500000.0,,11600900000.0,12052600000.0,,11.328,-28200000.0,2440400000.0,2440400000.0,0.0,312200000.0,0.875,8.387,6395300000.0,611300000.0,5784000000.0,6395300000.0,0.0,57900000.0,1059200000.0,0.033,0.65,465300000.0,523200000.0,0.144,523200000.0,465300000.0,402500000.0,1.33,1.32,1.33,2464100000.0,,2464100000.0,20985805005.0,10.0,9.062,232800000.0,1.07,1.0,3623800000.0,1.0,9625900000.0,62800000.0,4722700000.0,,1427900000.0,115700000.0,5200000.0,110500000.0,20666000000.0,13259800000.0,7406200000.0,17032105005.0,-457700000.0,-1500000.0,-16200000.0,-398700000.0,-142100000.0,-636100000.0,-29700000.0,0.0,261000000.0,-52900000.0,290200000.0,290200000.0,290200000.0,0.0,22000000.0,0.08,3150500000.0,473300000.0,9439600000.0,0.489,6.912,12.871,13.116,2048100000.0,0.0,78.3,1.143,1.143,6547900000.0,7533100000.0,3623800000.0,3623800000.0,0.0,,,,,19300000.0,3092600000.0,1.0,217523691.0,217523691.0,,16.659,14027600000.0,0.0,112300000.0,615200000.0,64.488,-1658900000.0
9,OMC,MRQ,2019-06-30,2019-06-30,2019-06-30,2021-10-20,-1234900000.0,25042100000.0,,12802800000.0,12239300000.0,,10.947,-21600000.0,2898100000.0,2898100000.0,0.0,394100000.0,0.85,9.162,6851800000.0,1508000000.0,5343800000.0,6851800000.0,0.0,57800000.0,1094100000.0,0.031,0.65,567900000.0,625700000.0,0.168,625700000.0,567900000.0,501300000.0,1.69,1.68,1.69,2410200000.0,,2410200000.0,21308235640.0,10.0,9.098,-118900000.0,-0.54,1.0,3719800000.0,1.0,9718200000.0,66600000.0,4209500000.0,,1363500000.0,117100000.0,5400000.0,111700000.0,22082700000.0,15068100000.0,7014600000.0,18042735640.0,-551600000.0,9300000.0,-239600000.0,24000000.0,-145600000.0,-429000000.0,-12300000.0,0.0,-97300000.0,-13000000.0,370700000.0,370700000.0,370700000.0,0.0,23400000.0,0.1,3146100000.0,573700000.0,10445900000.0,0.385,7.486,13.546,13.727,2115100000.0,0.0,81.95,1.204,1.204,7244900000.0,7384700000.0,3719800000.0,3719800000.0,0.0,,,,,17500000.0,3088300000.0,1.0,220167610.0,220167610.0,,16.895,15323900000.0,0.0,130600000.0,561400000.0,69.601,-2265300000.0
10,OMC,MRQ,2019-03-31,2019-03-31,2019-03-31,2021-10-20,-1218000000.0,25211200000.0,,13072200000.0,12139000000.0,,10.789,-27200000.0,3449700000.0,3449700000.0,0.0,279700000.0,0.877,9.216,6715200000.0,1095200000.0,5620000000.0,6715200000.0,0.0,59600000.0,1104100000.0,0.034,0.65,428900000.0,488500000.0,0.141,488500000.0,428900000.0,365900000.0,1.18,1.17,1.18,2413300000.0,,2413300000.0,17566591346.0,8.0,7.471,-422800000.0,-1.89,1.0,3468900000.0,1.0,9746700000.0,63000000.0,3816900000.0,,1314400000.0,123800000.0,5400000.0,118400000.0,22241600000.0,14913100000.0,7328500000.0,16327191346.0,-202700000.0,64200000.0,-284100000.0,587100000.0,-134800000.0,132300000.0,37000000.0,0.0,-395600000.0,23600000.0,263200000.0,263200000.0,263200000.0,0.0,16500000.0,0.076,3040000000.0,428900000.0,10342900000.0,0.551,6.766,12.318,12.392,1985200000.0,0.0,72.99,1.079,1.079,7036700000.0,7157000000.0,3468900000.0,3468900000.0,0.0,,,,,16800000.0,2980400000.0,1.0,223690798.0,223690798.0,,15.508,15464500000.0,0.0,102700000.0,603400000.0,69.133,-1840900000.0
11,OMC,MRQ,2018-12-31,2018-12-31,2018-12-31,2021-10-20,-1228500000.0,24617000000.0,,13726900000.0,10890100000.0,,11.366,-79500000.0,3652400000.0,3652400000.0,0.0,429700000.0,0.899,8.445,4891800000.0,507700000.0,4384100000.0,4891800000.0,0.0,61300000.0,1159000000.0,0.033,0.6,617200000.0,678500000.0,0.166,678500000.0,617200000.0,548900000.0,1.77,1.77,1.77,2547100000.0,,2547100000.0,19182899637.0,9.0,8.165,1881400000.0,8.395,1.0,4086700000.0,1.0,9767100000.0,68300000.0,819100000.0,,1161500000.0,126400000.0,5500000.0,120900000.0,21510100000.0,15270200000.0,6239900000.0,16413499637.0,1553300000.0,-26200000.0,-50400000.0,-3200000.0,-134800000.0,-264500000.0,-89800000.0,15900000.0,1960900000.0,-53300000.0,399200000.0,399200000.0,399200000.0,0.0,30500000.0,0.098,3459500000.0,627200000.0,11464300000.0,0.339,6.444,12.374,12.52,694400000.0,0.0,73.24,1.073,1.073,7666100000.0,7016100000.0,4086700000.0,4086700000.0,0.0,,,,,16600000.0,3398200000.0,1.0,224105675.0,224105675.0,,18.236,14849900000.0,0.0,149700000.0,594300000.0,66.263,-1543300000.0
12,OMC,MRQ,2018-09-30,2018-09-30,2018-09-30,2021-10-20,-1186200000.0,22487600000.0,,11575300000.0,10912300000.0,,10.615,-26400000.0,2099100000.0,2099100000.0,0.0,331300000.0,0.872,8.205,4868500000.0,510700000.0,4357800000.0,4868500000.0,0.0,65900000.0,1142500000.0,0.035,0.6,483600000.0,549500000.0,0.148,549500000.0,483600000.0,414200000.0,1.33,1.32,1.33,2381700000.0,,2381700000.0,18236134999.0,9.0,7.773,307900000.0,1.372,1.0,3714300000.0,1.0,9808000000.0,69400000.0,2168900000.0,,1359200000.0,125600000.0,6700000.0,118900000.0,19541900000.0,13280100000.0,6261800000.0,15261834999.0,185800000.0,187500000.0,-55200000.0,-6500000.0,-135600000.0,-274200000.0,161100000.0,0.0,334300000.0,-35400000.0,298900000.0,298900000.0,298900000.0,0.0,32400000.0,0.08,3390400000.0,323900000.0,9568200000.0,0.451,6.408,12.916,13.106,673100000.0,0.0,68.02,0.992,0.992,6811000000.0,6751700000.0,3714300000.0,3714300000.0,0.0,,,,,18800000.0,3324500000.0,1.0,224372758.0,224372758.0,,16.554,12679600000.0,0.0,115300000.0,682000000.0,56.511,-1704800000.0
13,OMC,MRQ,2018-06-30,2018-06-30,2018-06-30,2021-10-20,-1167300000.0,22169500000.0,,11230100000.0,10939400000.0,,10.213,-53600000.0,1913300000.0,1913300000.0,0.0,394800000.0,0.89,8.319,4887600000.0,20800000.0,4866800000.0,4887600000.0,0.0,67400000.0,1147100000.0,0.031,0.6,567300000.0,634700000.0,0.164,634700000.0,567300000.0,500900000.0,1.61,1.6,1.61,2321400000.0,,2321400000.0,19660876877.0,10.0,8.453,-5700000.0,-0.025,1.0,3859600000.0,1.0,9820300000.0,66400000.0,2705600000.0,,1353500000.0,125700000.0,5400000.0,120300000.0,19310600000.0,12617900000.0,6692700000.0,17335376877.0,-654800000.0,-32000000.0,-233300000.0,13300000.0,-139200000.0,-475500000.0,-85600000.0,0.0,47900000.0,-141600000.0,364200000.0,364200000.0,364200000.0,0.0,30600000.0,0.094,3277300000.0,582300000.0,9568100000.0,0.373,7.468,15.123,15.254,697200000.0,0.0,76.27,1.127,1.127,6760500000.0,6587700000.0,3859600000.0,3859600000.0,0.0,,,,,17600000.0,3209900000.0,1.0,227289588.0,227289588.0,,16.981,12349200000.0,0.0,136700000.0,714400000.0,54.332,-1387800000.0
14,OMC,MRQ,2018-03-31,2018-03-31,2018-03-31,2021-10-20,-875100000.0,23513100000.0,,12338500000.0,11174600000.0,,11.406,-36200000.0,2568100000.0,2568100000.0,0.0,284700000.0,0.907,7.728,4893600000.0,8600000.0,4885000000.0,4893600000.0,0.0,69400000.0,1214300000.0,0.032,0.6,417300000.0,486700000.0,0.134,486700000.0,417300000.0,355000000.0,1.15,1.14,1.15,2626400000.0,,2626400000.0,17862249835.0,9.0,7.698,-657000000.0,-2.853,1.0,3629600000.0,1.0,10060100000.0,62300000.0,2179700000.0,,1378000000.0,124300000.0,1900000.0,122400000.0,20296300000.0,13598800000.0,6697500000.0,16733549835.0,-1227900000.0,-171300000.0,-229400000.0,-3600000.0,-138900000.0,-426900000.0,-207500000.0,0.0,-620800000.0,27300000.0,264100000.0,264100000.0,264100000.0,0.0,20600000.0,0.073,3207900000.0,421700000.0,10159200000.0,0.522,6.371,15.066,15.14,691700000.0,0.0,72.67,1.093,1.093,7198800000.0,6360100000.0,3629600000.0,3629600000.0,0.0,,,,,17500000.0,3138500000.0,1.0,230267646.0,230267646.0,,15.763,13453000000.0,0.0,90900000.0,814100000.0,58.423,-1260300000.0
15,OMC,MRQ,2017-12-31,2017-12-31,2017-12-31,2021-10-20,-963000000.0,24931200000.0,,14116000000.0,10815200000.0,,11.344,-47700000.0,3796000000.0,3796000000.0,0.0,287800000.0,0.934,8.328,4924700000.0,11800000.0,4912900000.0,4924700000.0,0.0,69700000.0,1266700000.0,0.031,0.6,605500000.0,675200000.0,0.162,675200000.0,605500000.0,543900000.0,1.1,1.1,1.1,2615100000.0,,2615100000.0,19912793701.0,10.0,8.601,2132200000.0,9.249,1.0,4176500000.0,1.0,9705900000.0,61600000.0,1245100000.0,,1110600000.0,120700000.0,400000.0,120300000.0,21779000000.0,15108900000.0,6670100000.0,16789693701.0,1953000000.0,-57100000.0,-44000000.0,-25600000.0,-127300000.0,-220700000.0,-37900000.0,66900000.0,2179900000.0,31700000.0,254400000.0,254400000.0,254400000.0,0.0,33400000.0,0.061,3550100000.0,626400000.0,11574600000.0,0.545,6.42,15.426,15.562,690900000.0,0.0,72.83,1.099,1.099,8083800000.0,6210600000.0,4176500000.0,4176500000.0,0.0,,,,,19600000.0,3480400000.0,1.0,230532661.0,230532661.0,,18.117,15225300000.0,0.0,289500000.0,813600000.0,66.044,-992900000.0
16,OMC,MRQ,2017-09-30,2017-09-30,2017-09-30,2021-10-20,-958200000.0,22207500000.0,,11417400000.0,10790100000.0,,10.932,-40400000.0,1843000000.0,1843000000.0,0.0,286900000.0,0.905,7.598,4966100000.0,38700000.0,4927400000.0,4966100000.0,0.0,68600000.0,1132900000.0,0.03,0.55,460600000.0,529200000.0,0.142,529200000.0,460600000.0,395600000.0,1.14,1.13,1.14,2522500000.0,,2522500000.0,20207263964.0,10.0,8.712,134600000.0,0.583,1.0,3719500000.0,1.0,9713400000.0,65000000.0,2996000000.0,,1458100000.0,137100000.0,8000000.0,129100000.0,19165900000.0,12621200000.0,6544700000.0,17091963964.0,9000000.0,50300000.0,-45500000.0,17700000.0,-127200000.0,-219200000.0,-15500000.0,-25400000.0,175000000.0,68700000.0,263600000.0,263600000.0,263600000.0,0.0,23300000.0,0.071,3249300000.0,470200000.0,9427800000.0,0.482,6.776,14.432,14.667,690500000.0,0.0,74.07,1.114,1.114,7045700000.0,6095100000.0,3719500000.0,3719500000.0,0.0,,,,,20600000.0,3180700000.0,1.0,230754205.0,230754205.0,,16.119,12494100000.0,0.0,132000000.0,793500000.0,54.145,-1203800000.0
17,OMC,MRQ,2017-06-30,2017-06-30,2017-06-30,2021-10-20,-1112000000.0,22163400000.0,,11505100000.0,10658300000.0,,9.693,-35800000.0,1834000000.0,1834000000.0,0.0,355100000.0,0.894,8.601,4949300000.0,19300000.0,4930000000.0,4949300000.0,0.0,71100000.0,1141100000.0,0.027,0.55,558100000.0,629200000.0,0.166,629200000.0,558100000.0,495300000.0,1.41,1.4,1.41,2256100000.0,,2256100000.0,21795378512.0,11.0,9.458,-171500000.0,-0.737,1.0,3790100000.0,1.0,9574300000.0,62800000.0,2840700000.0,,1401600000.0,166700000.0,40400000.0,126300000.0,19404400000.0,12863700000.0,6540700000.0,19294478512.0,-608200000.0,-300000.0,-236600000.0,-8800000.0,-129900000.0,-516100000.0,-16800000.0,19300000.0,-135700000.0,60400000.0,328600000.0,328600000.0,328600000.0,0.0,26500000.0,0.087,3218600000.0,571500000.0,9849200000.0,0.39,8.552,16.428,16.68,687700000.0,0.0,82.9,1.252,1.252,7142800000.0,5958800000.0,3790100000.0,3790100000.0,0.0,,,,,20700000.0,3147500000.0,1.0,232744011.0,232744011.0,,16.284,12589100000.0,0.0,166700000.0,715400000.0,54.09,-1358600000.0
18,OMC,MRQ,2017-03-31,2017-03-31,2017-03-31,2021-10-20,-1253100000.0,22237300000.0,,11728800000.0,10508500000.0,,9.102,-32100000.0,2442200000.0,2442200000.0,0.0,262400000.0,0.897,9.168,4943100000.0,28600000.0,4914500000.0,4943100000.0,0.0,72700000.0,1176600000.0,0.026,0.55,409100000.0,481800000.0,0.134,481800000.0,409100000.0,349800000.0,1.03,1.02,1.03,2134600000.0,,2134600000.0,22165952508.0,11.0,9.652,-227400000.0,-0.97,1.0,3587400000.0,1.0,9489300000.0,59300000.0,2178800000.0,,1349700000.0,161300000.0,43600000.0,117700000.0,19570800000.0,13070100000.0,6500700000.0,20218852508.0,-560000000.0,-19200000.0,-231600000.0,-1400000.0,-130800000.0,-386600000.0,-45200000.0,6100000.0,-195300000.0,67100000.0,241800000.0,241800000.0,241800000.0,0.0,20600000.0,0.067,3171700000.0,415700000.0,9453500000.0,0.534,9.472,17.252,17.522,678200000.0,0.0,86.21,1.304,1.304,6796800000.0,5758200000.0,3587400000.0,3587400000.0,0.0,,,,,19300000.0,3099000000.0,1.0,234530246.0,234530246.0,,15.296,12748000000.0,0.0,108000000.0,850100000.0,54.355,-1341300000.0
19,OMC,MRQ,2016-12-31,2016-12-31,2016-12-31,2021-10-20,-1356000000.0,23165400000.0,,12722000000.0,10443400000.0,,9.166,-65000000.0,3002200000.0,3002200000.0,0.0,380400000.0,0.908,9.485,4949300000.0,28800000.0,4920500000.0,4949300000.0,0.0,72600000.0,1186600000.0,0.025,0.55,606800000.0,679400000.0,0.16,679400000.0,606800000.0,533100000.0,1.47,1.47,1.47,2162000000.0,,2162000000.0,23171717867.0,12.0,10.193,1551700000.0,6.578,1.0,4241800000.0,1.0,9403500000.0,73700000.0,1698100000.0,,1125400000.0,141000000.0,20600000.0,120400000.0,20505800000.0,14010900000.0,6494900000.0,20075817867.0,1065600000.0,-40300000.0,-133800000.0,0.0,-131200000.0,-321700000.0,-96200000.0,9100000.0,1616700000.0,-133200000.0,350300000.0,350300000.0,350300000.0,0.0,30100000.0,0.083,3618300000.0,623500000.0,10476700000.0,0.374,9.286,17.479,17.731,674800000.0,0.0,85.11,1.302,1.302,7510800000.0,5677200000.0,4241800000.0,4241800000.0,0.0,,,,,23600000.0,3545700000.0,1.0,235880835.0,235880835.0,,17.983,13761900000.0,0.0,182800000.0,830100000.0,58.343,-1288900000.0
20,OMC,MRQ,2016-09-30,2016-09-30,2016-09-30,2021-10-20,-1089700000.0,21401900000.0,,10831900000.0,10570000000.0,,9.825,-22600000.0,1936600000.0,1936600000.0,0.0,278200000.0,0.906,7.993,5032500000.0,25200000.0,5007300000.0,5032500000.0,0.0,73100000.0,1126400000.0,0.025,0.55,441000000.0,514100000.0,0.136,514100000.0,441000000.0,388100000.0,1.06,1.06,1.06,2323900000.0,,2323900000.0,23833952355.0,12.0,10.728,690800000.0,2.92,1.0,3791100000.0,1.0,9489500000.0,52900000.0,3047700000.0,,1355000000.0,169800000.0,32600000.0,137200000.0,18575200000.0,11960600000.0,6614600000.0,20105752355.0,630900000.0,-1500000.0,-76500000.0,12100000.0,-131300000.0,-265900000.0,174800000.0,198900000.0,713400000.0,8600000.0,253800000.0,253800000.0,253800000.0,0.0,24400000.0,0.067,3338000000.0,453100000.0,8817100000.0,0.519,8.652,17.794,18.201,678900000.0,0.0,85.0,1.312,1.312,6488900000.0,10593300000.0,3791100000.0,3791100000.0,0.0,,,,,23500000.0,3264900000.0,1.0,236538263.0,236538263.0,,16.027,11912400000.0,0.0,134300000.0,756300000.0,50.361,-1128700000.0
21,OMC,MRQ,2016-06-30,2016-06-30,2016-06-30,2021-10-20,-1061500000.0,20935200000.0,,10314200000.0,10621000000.0,,9.598,-36500000.0,1305700000.0,1305700000.0,0.0,351900000.0,0.894,7.959,5033900000.0,11700000.0,5022200000.0,5033900000.0,0.0,73000000.0,1163100000.0,0.025,0.55,548300000.0,621300000.0,0.16,621300000.0,548300000.0,494000000.0,1.36,1.36,1.36,2281900000.0,,2281900000.0,22278639758.0,12.0,10.159,39800000.0,0.167,1.0,3884900000.0,1.0,9525800000.0,54300000.0,3596800000.0,,1365100000.0,368500000.0,231000000.0,137500000.0,18162100000.0,11540800000.0,6621300000.0,19374239758.0,-441600000.0,-180400000.0,-164700000.0,363000000.0,-120700000.0,-45300000.0,-443900000.0,-227000000.0,76300000.0,-28700000.0,326100000.0,326100000.0,326100000.0,0.0,25800000.0,0.084,3323100000.0,561800000.0,8507000000.0,0.404,8.49,17.37,17.793,683400000.0,0.0,81.49,1.271,1.271,6422600000.0,10470700000.0,3884900000.0,3884900000.0,0.0,,,,,23300000.0,3250100000.0,1.0,237749905.0,237749905.0,,16.34,11409400000.0,0.0,167900000.0,708600000.0,47.989,-1226600000.0
22,OMC,MRQ,2016-03-31,2016-03-31,2016-03-31,2021-10-20,-949300000.0,21067700000.0,,10545400000.0,10522300000.0,,9.915,-41400000.0,1747300000.0,1747300000.0,0.0,236300000.0,0.815,7.645,4651700000.0,1039000000.0,3612700000.0,4651700000.0,0.0,74200000.0,1252300000.0,0.024,0.5,384200000.0,458400000.0,0.131,458400000.0,384200000.0,333900000.0,0.9,0.9,0.9,2375500000.0,,2375500000.0,21906723890.0,12.0,10.103,-495400000.0,-2.068,1.0,3499100000.0,1.0,9445200000.0,50300000.0,1587500000.0,,1361500000.0,140600000.0,2700000.0,137900000.0,18160400000.0,12939400000.0,5221000000.0,19941123890.0,-857900000.0,-86600000.0,-200400000.0,13300000.0,-122200000.0,-365400000.0,-116300000.0,11700000.0,-454000000.0,77800000.0,218400000.0,218400000.0,218400000.0,0.0,17900000.0,0.062,3107000000.0,392100000.0,8405800000.0,0.556,8.394,18.076,18.537,690100000.0,0.0,83.23,1.315,1.315,6321400000.0,10275900000.0,3499100000.0,3499100000.0,0.0,,,,,23000000.0,3032800000.0,1.0,239590579.0,239590579.0,,14.604,11622500000.0,0.0,115500000.0,763100000.0,48.51,-2394000000.0
23,OMC,MRQ,2015-12-31,2015-12-31,2015-12-31,2021-10-20,-1015400000.0,22110700000.0,,11980500000.0,10130200000.0,,10.123,-57100000.0,2605200000.0,2605200000.0,0.0,364200000.0,0.843,7.838,4570800000.0,1006600000.0,3564200000.0,4570800000.0,0.0,72400000.0,1283500000.0,0.026,0.5,555400000.0,627800000.0,0.151,627800000.0,555400000.0,508300000.0,1.35,1.35,1.35,2452400000.0,,2452400000.0,21516828810.0,12.0,10.009,1701600000.0,7.024,1.0,4153300000.0,1.0,9021200000.0,47100000.0,835500000.0,,1122700000.0,151100000.0,14500000.0,136600000.0,19221300000.0,14219600000.0,5001700000.0,18329028810.0,1177700000.0,-24100000.0,-210900000.0,-4700000.0,-122800000.0,-434300000.0,-94800000.0,-13600000.0,1758700000.0,-51900000.0,331600000.0,331600000.0,331600000.0,0.0,32600000.0,0.08,3577800000.0,575500000.0,9812000000.0,0.37,7.474,16.756,17.079,692700000.0,0.0,75.66,1.211,1.211,7220900000.0,10178200000.0,4153300000.0,4153300000.0,0.0,,,,,46800000.0,3505400000.0,1.0,242255205.0,242255205.0,,17.144,13089500000.0,0.0,176700000.0,788200000.0,54.032,-2239100000.0
24,OMC,MRQ,2015-09-30,2015-09-30,2015-09-30,2021-10-20,-981600000.0,20457300000.0,,10252800000.0,10204500000.0,,10.2,-38900000.0,1427500000.0,1427500000.0,0.0,266700000.0,0.828,7.084,4615300000.0,1013100000.0,3602200000.0,4615300000.0,0.0,71700000.0,1181600000.0,0.03,0.5,413800000.0,485500000.0,0.131,485500000.0,413800000.0,368200000.0,0.97,0.97,0.97,2478000000.0,,2478000000.0,19221350464.0,10.0,8.931,453900000.0,1.868,1.0,3706600000.0,1.0,9021600000.0,45600000.0,2236600000.0,,1455300000.0,139000000.0,2500000.0,136500000.0,17553700000.0,12386900000.0,5166800000.0,16010250465.0,71500000.0,-11200000.0,-95900000.0,2500000.0,-123400000.0,-256100000.0,-46300000.0,3800000.0,492800000.0,-118900000.0,239300000.0,239300000.0,239300000.0,0.0,27400000.0,0.065,3278300000.0,428300000.0,8336500000.0,0.515,6.461,14.664,15.046,691300000.0,0.0,65.9,1.055,1.055,6313900000.0,9968800000.0,3706600000.0,3706600000.0,0.0,,,,,17600000.0,3206500000.0,1.0,242947655.0,242947655.0,,15.257,11435700000.0,0.0,128900000.0,854200000.0,47.071,-2134100000.0
25,OMC,MRQ,2015-06-30,2015-06-30,2015-06-30,2021-10-20,-759200000.0,20775500000.0,,10500400000.0,10275100000.0,,10.834,-68500000.0,1356000000.0,1356000000.0,0.0,342700000.0,0.837,6.684,4567100000.0,1019200000.0,3547900000.0,4567100000.0,0.0,72800000.0,1219300000.0,0.029,0.5,523900000.0,596700000.0,0.157,596700000.0,523900000.0,479200000.0,1.27,1.26,1.27,2646800000.0,,2646800000.0,20054250261.0,11.0,9.279,117500000.0,0.481,1.0,3805300000.0,1.0,9124800000.0,44700000.0,2313000000.0,,1511300000.0,142300000.0,6100000.0,136200000.0,17691500000.0,12548800000.0,5142700000.0,16977250261.0,-170700000.0,-2200000.0,-133600000.0,-1600000.0,-124300000.0,-347400000.0,-57500000.0,9300000.0,186000000.0,48200000.0,313900000.0,313900000.0,313900000.0,0.0,28800000.0,0.082,3266700000.0,538600000.0,8622300000.0,0.394,6.414,15.486,15.938,706600000.0,0.0,69.49,1.116,1.116,6501600000.0,9852200000.0,3805300000.0,3805300000.0,0.0,,,,,21300000.0,3194000000.0,1.0,244312135.0,244312135.0,,15.576,11650700000.0,0.0,165300000.0,828600000.0,47.688,-2048400000.0
26,OMC,MRQ,2015-03-31,2015-03-31,2015-03-31,2021-10-20,-936700000.0,20071000000.0,,9904900000.0,10166100000.0,,9.685,-38200000.0,1526700000.0,1526700000.0,0.0,229800000.0,0.899,7.214,4603700000.0,9900000.0,4593800000.0,4603700000.0,0.0,74200000.0,1153300000.0,0.026,0.5,365400000.0,439600000.0,0.127,439600000.0,365400000.0,321800000.0,0.84,0.83,0.84,2389500000.0,,2389500000.0,21421365214.0,11.0,9.881,-276200000.0,-1.119,1.0,3469200000.0,1.0,9007000000.0,43600000.0,3119800000.0,,1410300000.0,147900000.0,5700000.0,142200000.0,17238300000.0,11021200000.0,6217100000.0,19239265214.0,-861400000.0,-22800000.0,-267000000.0,2700000.0,-126200000.0,-418500000.0,-64900000.0,0.0,-238000000.0,-140000000.0,209100000.0,209100000.0,209100000.0,0.0,20700000.0,0.06,3091500000.0,377700000.0,7850200000.0,0.595,8.052,17.37,18.009,681500000.0,0.0,77.98,1.259,1.259,5840100000.0,9661700000.0,3469200000.0,3469200000.0,0.0,,,,,13700000.0,3017300000.0,1.0,246720508.0,246720508.0,,14.061,11064000000.0,0.0,112700000.0,869800000.0,44.844,-1116300000.0
27,OMC,MRQ,2014-12-31,2014-12-31,2014-12-31,2021-10-20,-618200000.0,21428400000.0,,11079700000.0,10348700000.0,,11.484,-74700000.0,2388100000.0,2388100000.0,0.0,373000000.0,0.919,6.353,4549700000.0,7600000.0,4542100000.0,4549700000.0,0.0,77000000.0,1180900000.0,0.025,0.5,553500000.0,630500000.0,0.15,630500000.0,553500000.0,511700000.0,1.3,1.29,1.3,2850000000.0,,2850000000.0,22199279267.0,12.0,10.236,1368700000.0,5.515,1.0,4195100000.0,1.0,9211600000.0,41800000.0,2317300000.0,,1166600000.0,150400000.0,2200000.0,148200000.0,18107100000.0,12061100000.0,6046000000.0,19226479267.0,1550400000.0,-9600000.0,-173500000.0,722400000.0,-127300000.0,339400000.0,-69800000.0,21000000.0,1443400000.0,-162600000.0,329500000.0,329500000.0,329500000.0,0.0,43500000.0,0.079,3615700000.0,579400000.0,8797500000.0,0.385,6.746,17.415,18.143,708000000.0,0.0,77.47,1.255,1.255,6524700000.0,9576900000.0,4195100000.0,4195100000.0,0.0,,,,,14600000.0,3321300000.0,1.0,248179673.0,248179673.0,,16.903,12216800000.0,0.0,182200000.0,845000000.0,49.226,-981400000.0
28,OMC,MRQ,2014-09-30,2014-09-30,2014-09-30,2021-10-20,-420100000.0,19968600000.0,,9567200000.0,10401400000.0,,12.097,-46800000.0,837700000.0,837700000.0,0.0,273600000.0,0.864,5.417,3810500000.0,31600000.0,3778900000.0,3810500000.0,0.0,74100000.0,1130600000.0,0.026,0.5,420400000.0,494500000.0,0.132,494500000.0,420400000.0,378200000.0,0.95,0.95,0.95,3038300000.0,,3038300000.0,19822982382.0,11.0,9.283,173800000.0,0.692,1.0,3749600000.0,1.0,9262200000.0,42200000.0,2603900000.0,,1528000000.0,166200000.0,12600000.0,153600000.0,16457200000.0,11075300000.0,5381900000.0,17294682382.0,-697000000.0,-15100000.0,-281400000.0,-243700000.0,-128900000.0,-705100000.0,-64900000.0,0.0,220600000.0,-147600000.0,243800000.0,243800000.0,243800000.0,0.0,29800000.0,0.065,3316000000.0,433600000.0,7448600000.0,0.526,5.692,16.09,16.795,713600000.0,0.0,68.86,1.139,1.139,6135700000.0,9373600000.0,3749600000.0,3749600000.0,0.0,,,,,20400000.0,3316000000.0,1.0,251157165.0,251157165.0,,14.929,10706400000.0,0.0,134400000.0,1008500000.0,42.628,-1508100000.0
29,OMC,MRQ,2014-06-30,2014-06-30,2014-06-30,2021-10-20,-96500000.0,21219400000.0,,10546500000.0,10672900000.0,,13.374,-49000000.0,1534700000.0,1534700000.0,0.0,358400000.0,0.893,4.997,4063000000.0,277800000.0,3785200000.0,4063000000.0,0.0,72400000.0,1169500000.0,0.024,0.5,531000000.0,603400000.0,0.156,603400000.0,531000000.0,485500000.0,1.24,1.23,1.24,3456300000.0,,3456300000.0,20363253776.0,11.0,9.816,193800000.0,0.75,1.0,3870900000.0,1.0,9494500000.0,45500000.0,2442100000.0,,1462900000.0,165800000.0,9900000.0,155900000.0,17270800000.0,11811100000.0,5459700000.0,18406153776.0,-547400000.0,-38300000.0,-551500000.0,16600000.0,-105900000.0,-735500000.0,-89700000.0,-11900000.0,242800000.0,35000000.0,325200000.0,325200000.0,325200000.0,0.0,33200000.0,0.084,3322500000.0,548400000.0,8015400000.0,0.403,5.325,17.921,18.308,737200000.0,0.0,71.22,1.234,1.234,6499200000.0,9257100000.0,3870900000.0,3870900000.0,0.0,,,,,16100000.0,3322500000.0,1.0,258440800.0,258440800.0,,14.978,11724900000.0,0.0,160300000.0,907200000.0,45.368,-1264600000.0
30,OMC,MRQ,2014-03-31,2014-03-31,2014-03-31,2021-10-20,-169700000.0,21087900000.0,,10576600000.0,10511300000.0,,14.401,-42500000.0,2082100000.0,2082100000.0,0.0,228000000.0,0.924,4.54,4039200000.0,260600000.0,3778600000.0,4039200000.0,0.0,70900000.0,1153600000.0,0.022,0.4,369500000.0,440400000.0,0.126,440400000.0,369500000.0,321800000.0,0.78,0.77,0.78,3718500000.0,,3718500000.0,20074875885.0,11.0,9.82,-472800000.0,-1.831,1.0,3502200000.0,1.0,9371400000.0,47700000.0,2225300000.0,,1488600000.0,140500000.0,7000000.0,133500000.0,16881600000.0,11448300000.0,5433300000.0,18745675885.0,-628400000.0,-11900000.0,-17300000.0,1700000.0,-105900000.0,-156900000.0,-42500000.0,11900000.0,-430300000.0,1300000.0,205500000.0,205500000.0,205500000.0,0.0,22500000.0,0.059,3119500000.0,382700000.0,7403400000.0,0.513,5.041,18.908,19.412,732000000.0,0.0,72.6,1.276,1.276,6006600000.0,9060800000.0,3502200000.0,3502200000.0,0.0,,,,,12800000.0,3119500000.0,1.0,258204902.0,258204902.0,,13.564,11716500000.0,0.0,116300000.0,962700000.0,45.377,-871700000.0
31,OMC,MRQ,2013-12-31,2013-12-31,2013-12-31,2021-10-20,-191600000.0,22098700000.0,,11652300000.0,10446400000.0,,13.92,-88700000.0,2710500000.0,2710500000.0,0.0,340400000.0,0.949,5.033,4039700000.0,6300000.0,4033400000.0,4039700000.0,0.0,71900000.0,1242200000.0,0.022,0.4,525100000.0,597000000.0,0.147,597000000.0,525100000.0,476700000.0,1.13,1.13,1.13,3582400000.0,,3582400000.0,21672428274.0,12.0,10.633,1360400000.0,5.286,1.0,4058100000.0,1.0,9302000000.0,48400000.0,1848200000.0,,1288000000.0,150000000.0,18200000.0,131800000.0,18030800000.0,12277700000.0,5753100000.0,19139928274.0,1189000000.0,-6300000.0,3500000.0,-12900000.0,-105800000.0,-135500000.0,-95700000.0,-17300000.0,1449100000.0,-28900000.0,300400000.0,300400000.0,300400000.0,0.0,40000000.0,0.074,3507000000.0,551100000.0,8358900000.0,0.354,5.343,19.312,19.938,737400000.0,0.0,74.37,1.312,1.312,6632600000.0,8961200000.0,4058100000.0,4058100000.0,0.0,,,,,17800000.0,3507000000.0,1.0,257360875.0,257360875.0,,15.768,12796700000.0,0.0,176300000.0,1125900000.0,49.723,-625400000.0
32,OMC,MRQ,2013-09-30,2013-09-30,2013-09-30,2021-10-20,-220600000.0,20870800000.0,,10465400000.0,10405400000.0,,12.988,-54300000.0,1521500000.0,1521500000.0,0.0,224700000.0,0.931,5.108,4054000000.0,18600000.0,4035400000.0,4054000000.0,0.0,71000000.0,1280400000.0,0.024,0.4,362700000.0,433700000.0,0.124,433700000.0,362700000.0,312200000.0,0.74,0.74,0.74,3340300000.0,,3340300000.0,18967021636.0,11.0,9.45,239100000.0,0.93,1.0,3490500000.0,1.0,9267100000.0,50500000.0,2900800000.0,,1328300000.0,165100000.0,12900000.0,152200000.0,17062800000.0,11235400000.0,5827400000.0,16316321636.0,121600000.0,-4300000.0,-5400000.0,5600000.0,-105900000.0,-170400000.0,-55200000.0,3400000.0,293400000.0,53800000.0,196000000.0,196000000.0,196000000.0,0.0,28700000.0,0.056,3111100000.0,379400000.0,7533100000.0,0.541,4.885,16.354,17.054,701600000.0,0.0,63.44,1.128,1.128,6577800000.0,8766700000.0,3490500000.0,3490500000.0,0.0,,,,,14800000.0,3111100000.0,1.0,257192964.0,257192964.0,,13.572,11603700000.0,0.0,116200000.0,1114200000.0,45.117,-770000000.0
33,OMC,MRQ,2013-06-30,2013-06-30,2013-06-30,2021-10-20,-397400000.0,20525000000.0,,10288200000.0,10236800000.0,,11.817,-30800000.0,1399900000.0,1399900000.0,0.0,321600000.0,0.916,5.569,4050600000.0,13100000.0,4037500000.0,4050600000.0,0.0,70800000.0,1204700000.0,0.022,0.4,502300000.0,573100000.0,0.158,573100000.0,502300000.0,453100000.0,1.09,1.09,1.09,3055700000.0,,3055700000.0,18643644645.0,11.0,9.25,245400000.0,0.949,1.0,3637000000.0,1.0,9115100000.0,49200000.0,2833500000.0,,1258100000.0,162100000.0,14700000.0,147400000.0,17015700000.0,11227100000.0,5788600000.0,16257144645.0,-671900000.0,-21300000.0,-270000000.0,-405200000.0,-106700000.0,-829600000.0,-40900000.0,11200000.0,276200000.0,-77600000.0,289500000.0,289500000.0,289500000.0,0.0,32100000.0,0.08,3114000000.0,523000000.0,7797700000.0,0.367,5.32,16.167,16.855,687100000.0,0.0,62.87,1.13,1.13,6637000000.0,8676500000.0,3637000000.0,3637000000.0,0.0,,,,,6600000.0,3114000000.0,1.0,258583500.0,258583500.0,,14.065,11409900000.0,0.0,163600000.0,1062300000.0,44.125,-938900000.0
34,OMC,MRQ,2013-03-31,2013-03-31,2013-03-31,2021-10-20,-300400000.0,20908300000.0,,10601200000.0,10307100000.0,,12.139,-38200000.0,2071800000.0,2071800000.0,0.0,224800000.0,0.969,5.436,4458300000.0,12000000.0,4446300000.0,4458300000.0,0.0,71100000.0,1243800000.0,0.022,0.4,363300000.0,434400000.0,0.128,434400000.0,363300000.0,314300000.0,0.76,0.76,0.76,3173100000.0,,3173100000.0,17173795730.0,10.0,8.585,-247900000.0,-0.948,1.0,3398900000.0,1.0,9148800000.0,49000000.0,3202700000.0,,1188900000.0,172900000.0,18500000.0,154400000.0,17250200000.0,10943300000.0,6306900000.0,15396795730.0,-606500000.0,-900000.0,-251100000.0,5400000.0,0.0,-284300000.0,-36400000.0,2700000.0,-209700000.0,-76100000.0,205100000.0,205100000.0,205100000.0,0.0,19700000.0,0.06,3027200000.0,371700000.0,7294700000.0,0.526,4.852,15.415,16.049,708000000.0,0.0,58.9,1.076,1.076,6313200000.0,8492900000.0,3398900000.0,3398900000.0,0.0,,,,,9300000.0,3027200000.0,1.0,261405700.0,261405700.0,,13.002,11759500000.0,0.0,109200000.0,1182300000.0,44.986,-342100000.0
35,OMC,MRQ,2012-12-31,2012-12-31,2012-12-31,2021-10-20,-129500000.0,22151900000.0,,11661400000.0,10490500000.0,,13.1,-67600000.0,2678300000.0,2678300000.0,0.0,343600000.0,0.982,5.258,4455300000.0,6800000.0,4448500000.0,4455300000.0,0.0,72100000.0,1231500000.0,0.024,0.3,493700000.0,565800000.0,0.143,565800000.0,493700000.0,444300000.0,1.13,1.12,1.13,3460800000.0,,3460800000.0,15704262776.0,9.0,7.9,1083600000.0,4.102,1.0,3944600000.0,1.0,9300300000.0,49400000.0,2752800000.0,,1008400000.0,175800000.0,20600000.0,155200000.0,18195600000.0,11875800000.0,6319800000.0,13198462776.0,722000000.0,-15400000.0,-123300000.0,-4700000.0,-162400000.0,-329500000.0,-82800000.0,200000.0,1151200000.0,-16900000.0,307100000.0,307100000.0,307100000.0,0.0,36500000.0,0.078,3396600000.0,548000000.0,8296700000.0,0.265,3.814,13.221,13.725,723800000.0,0.0,49.96,0.928,0.928,6958200000.0,8394400000.0,3944600000.0,3944600000.0,0.0,,,,,12200000.0,3396600000.0,1.0,264180600.0,264180600.0,,14.931,12851600000.0,0.0,137200000.0,1197400000.0,48.647,-214400000.0
36,OMC,MRQ,2012-09-30,2012-09-30,2012-09-30,2021-10-20,-120700000.0,20798000000.0,,10397100000.0,10400900000.0,,12.644,-45900000.0,1956300000.0,1956300000.0,0.0,233600000.0,0.971,5.047,4462100000.0,11500000.0,4450600000.0,4462100000.0,0.0,71900000.0,1191500000.0,0.022,0.3,370400000.0,442300000.0,0.13,442300000.0,370400000.0,322600000.0,0.75,0.74,0.75,3358600000.0,,3358600000.0,15968864080.0,10.0,8.146,96900000.0,0.365,1.0,3406600000.0,1.0,9175400000.0,47800000.0,3426200000.0,,700200000.0,209000000.0,16500000.0,192500000.0,16951300000.0,10702200000.0,6249100000.0,13695264080.0,291000000.0,-12100000.0,-165700000.0,524900000.0,-81900000.0,164700000.0,-58500000.0,-500000.0,142800000.0,42000000.0,203900000.0,203900000.0,203900000.0,0.0,29700000.0,0.06,3019300000.0,387300000.0,7430200000.0,0.4,4.078,14.22,14.816,700000000.0,0.0,51.56,0.969,0.969,6260200000.0,8168100000.0,3406600000.0,3406600000.0,0.0,,,,,-3600000.0,3019300000.0,1.0,265618000.0,265618000.0,,12.825,11622600000.0,0.0,118700000.0,1076900000.0,43.757,-305100000.0
37,OMC,MRQ,2012-06-30,2012-06-30,2012-06-30,2021-10-20,-216200000.0,20106500000.0,,9857500000.0,10249000000.0,,11.994,-67200000.0,1665300000.0,1665300000.0,0.0,314200000.0,0.922,5.007,3938900000.0,12800000.0,3926100000.0,3938900000.0,0.0,69400000.0,1279000000.0,0.023,0.3,488600000.0,558000000.0,0.157,558000000.0,488600000.0,444600000.0,1.03,1.02,1.03,3269900000.0,,3269900000.0,14939775000.0,9.0,7.668,90600000.0,0.332,1.0,3561000000.0,1.0,9044700000.0,44000000.0,2645600000.0,,698700000.0,200500000.0,14700000.0,185800000.0,16371400000.0,10689800000.0,5681600000.0,13249575000.0,162600000.0,-74800000.0,-464000000.0,747800000.0,-83700000.0,197000000.0,-151900000.0,-9900000.0,157800000.0,-40300000.0,282700000.0,282700000.0,282700000.0,0.0,31500000.0,0.079,3054600000.0,506400000.0,7461100000.0,0.291,4.052,13.76,14.046,698200000.0,0.0,48.6,0.94,0.94,6041500000.0,8045800000.0,3561000000.0,3561000000.0,0.0,,,,,-28000000.0,3054600000.0,1.0,272625000.0,272625000.0,,13.062,11061800000.0,0.0,161900000.0,1031400000.0,40.575,-832300000.0
38,OMC,MRQ,2012-03-31,2012-03-31,2012-03-31,2021-10-20,-96200000.0,19823500000.0,,9620500000.0,10203000000.0,,13.119,-45600000.0,1502700000.0,1502700000.0,0.0,226000000.0,0.885,4.406,3192900000.0,12100000.0,3180800000.0,3192900000.0,0.0,69300000.0,1289800000.0,0.021,0.3,352400000.0,421700000.0,0.128,421700000.0,352400000.0,313900000.0,0.73,0.72,0.73,3579000000.0,,3579000000.0,15229473250.0,9.0,7.895,-46100000.0,-0.169,1.0,3307300000.0,1.0,9037300000.0,38500000.0,1609200000.0,,708700000.0,191700000.0,5800000.0,185900000.0,15770500000.0,10867200000.0,4903300000.0,13817573250.0,-278500000.0,-30400000.0,-164300000.0,1900000.0,-69800000.0,-252300000.0,-57200000.0,18800000.0,-500000.0,31500000.0,204600000.0,204600000.0,204600000.0,0.0,21400000.0,0.062,2944800000.0,362500000.0,7230400000.0,0.411,3.861,14.464,14.853,687400000.0,0.0,50.65,0.985,0.985,5932400000.0,7844700000.0,3307300000.0,3307300000.0,0.0,,,,,14900000.0,2944800000.0,1.0,272805000.0,272805000.0,,12.123,10786200000.0,0.0,109300000.0,1082100000.0,39.538,-1246700000.0
39,OMC,MRQ,2011-12-31,2011-12-31,2011-12-31,2021-10-20,-191700000.0,20505400000.0,,10421500000.0,10083900000.0,,12.703,-71300000.0,1781200000.0,1781200000.0,0.0,307200000.0,0.893,4.716,3193100000.0,10200000.0,3182900000.0,3193100000.0,0.0,70100000.0,1225300000.0,0.022,0.25,468200000.0,538300000.0,0.14,538300000.0,468200000.0,428700000.0,0.97,0.96,0.97,3504300000.0,,3504300000.0,14599462920.0,9.0,7.724,1243500000.0,4.507,1.0,3852900000.0,1.0,8924700000.0,39500000.0,1321600000.0,,1017500000.0,208000000.0,23800000.0,184200000.0,16525600000.0,11671000000.0,4854600000.0,12298462920.0,880600000.0,-88900000.0,-118300000.0,-7700000.0,-70100000.0,-261000000.0,-161900000.0,-1700000.0,1314800000.0,-11300000.0,271900000.0,271900000.0,271900000.0,0.0,35300000.0,0.071,3365500000.0,487400000.0,8060000000.0,0.258,3.51,12.91,13.189,682900000.0,0.0,44.58,0.887,0.887,6632000000.0,7724100000.0,3852900000.0,3852900000.0,0.0,,,,,18800000.0,3365500000.0,1.0,275874000.0,275874000.0,,13.966,11580700000.0,0.0,156800000.0,1104600000.0,41.978,-1249500000.0
40,OMC,MRQ,2011-09-30,2011-09-30,2011-09-30,2021-10-20,-164600000.0,18936000000.0,,8974700000.0,9961300000.0,,12.333,-33100000.0,900600000.0,900600000.0,0.0,228900000.0,0.88,4.359,3201600000.0,17400000.0,3184200000.0,3201600000.0,0.0,69700000.0,1224400000.0,0.026,0.25,360600000.0,430300000.0,0.127,430300000.0,360600000.0,320800000.0,0.73,0.72,0.73,3446800000.0,,3446800000.0,12522585320.0,8.0,6.791,230000000.0,0.823,1.0,3380900000.0,1.0,8833500000.0,39800000.0,2202600000.0,,799100000.0,210400000.0,11400000.0,199000000.0,15023300000.0,10200900000.0,4822400000.0,10295785320.0,-85700000.0,-53100000.0,-35400000.0,-45500000.0,-69800000.0,-190600000.0,-70700000.0,15500000.0,263100000.0,-87500000.0,203700000.0,203700000.0,203700000.0,0.0,25200000.0,0.06,3007500000.0,373400000.0,6948100000.0,0.342,2.987,11.104,11.335,632100000.0,0.0,36.84,0.757,0.757,5971400000.0,7522000000.0,3380900000.0,3380900000.0,0.0,,,,,12900000.0,3007500000.0,1.0,279473000.0,279473000.0,,12.097,10102500000.0,0.0,117100000.0,993000000.0,36.148,-1226200000.0
41,OMC,MRQ,2011-06-30,2011-06-30,2011-06-30,2021-10-20,73900000.0,19156700000.0,,9034400000.0,10122300000.0,,12.643,-42000000.0,986300000.0,986300000.0,0.0,307200000.0,0.872,4.257,3213100000.0,65700000.0,3147400000.0,3213100000.0,0.0,68700000.0,1233900000.0,0.019,0.25,470100000.0,538800000.0,0.154,538800000.0,470100000.0,433200000.0,0.98,0.96,0.98,3554300000.0,,3554300000.0,15205887360.0,10.0,8.524,-127700000.0,-0.454,1.0,3487400000.0,1.0,8945100000.0,36900000.0,2083600000.0,,782400000.0,226600000.0,17000000.0,209600000.0,15129900000.0,10354800000.0,4775100000.0,13538787360.0,-525900000.0,-50300000.0,-272000000.0,300000.0,-71300000.0,-364100000.0,-102600000.0,-10300000.0,-85700000.0,26500000.0,275100000.0,275100000.0,275100000.0,0.0,32100000.0,0.079,2999300000.0,488100000.0,7155600000.0,0.255,3.809,15.075,15.535,663400000.0,0.0,48.16,1.024,1.024,5981000000.0,7388400000.0,3487400000.0,3487400000.0,0.0,,,,,300000.0,2999300000.0,1.0,281121000.0,281121000.0,,12.405,10211600000.0,0.0,158100000.0,963100000.0,36.325,-1320400000.0
42,OMC,MRQ,2011-03-31,2011-03-31,2011-03-31,2021-10-20,14700000.0,19168500000.0,,9165900000.0,10002600000.0,,12.409,-39100000.0,1512200000.0,1512200000.0,0.0,217100000.0,0.882,4.308,3179300000.0,64100000.0,3115200000.0,3179300000.0,0.0,65200000.0,1249500000.0,0.017,0.25,317700000.0,382900000.0,0.122,382900000.0,317700000.0,275800000.0,0.7,0.69,0.7,3524600000.0,,3524600000.0,14822257100.0,10.0,8.655,-216000000.0,-0.76,1.0,3151300000.0,1.0,8842000000.0,41900000.0,1596700000.0,,803100000.0,209700000.0,5600000.0,204100000.0,15184200000.0,10396900000.0,4787300000.0,13934757100.0,-776500000.0,-211400000.0,-305800000.0,9700000.0,-57900000.0,-390000000.0,-239400000.0,11100000.0,-176900000.0,29800000.0,201900000.0,201900000.0,201900000.0,0.0,15200000.0,0.064,2829200000.0,322100000.0,6918000000.0,0.357,3.954,16.085,16.801,661600000.0,0.0,49.06,1.091,1.091,5470800000.0,7183000000.0,3151300000.0,3151300000.0,0.0,,,,,12100000.0,2829200000.0,1.0,284035000.0,284035000.0,,11.095,10326500000.0,0.0,73900000.0,947900000.0,36.356,-1231000000.0
43,OMC,MRQ,2010-12-31,2010-12-31,2010-12-31,2021-10-20,-106400000.0,19566100000.0,,10194100000.0,9372000000.0,,11.886,-55600000.0,2288700000.0,2288700000.0,0.0,278500000.0,0.925,4.377,3176200000.0,51600000.0,3124600000.0,3176200000.0,0.0,67400000.0,1187100000.0,0.017,0.2,424700000.0,492100000.0,0.137,492100000.0,424700000.0,385900000.0,0.84,0.82,0.84,3580500000.0,,3580500000.0,15328146200.0,11.0,9.148,1388900000.0,4.611,1.0,3586800000.0,1.0,8087300000.0,38800000.0,1343200000.0,,707600000.0,310400000.0,11300000.0,299100000.0,15673000000.0,11023100000.0,4649900000.0,13796746200.0,599400000.0,-36700000.0,-711100000.0,1600000.0,-60500000.0,-794600000.0,-84500000.0,7800000.0,1444500000.0,34000000.0,246500000.0,246500000.0,246500000.0,0.0,32000000.0,0.069,3147200000.0,439600000.0,7726900000.0,0.238,3.853,16.669,16.715,653300000.0,0.0,45.8,1.1,1.1,5977200000.0,7052500000.0,3586800000.0,3586800000.0,0.0,,,,,-10800000.0,3147200000.0,1.0,301239000.0,301239000.0,,11.907,11478800000.0,14200000.0,139400000.0,924000000.0,38.105,-829000000.0
44,OMC,MRQ,2010-09-30,2010-09-30,2010-09-30,2021-10-20,-58300000.0,18282700000.0,,9132300000.0,9150400000.0,,13.662,-35000000.0,1689300000.0,1689300000.0,0.0,195600000.0,0.933,3.371,3220700000.0,316100000.0,2904600000.0,3220700000.0,0.0,62400000.0,1101500000.0,0.019,0.2,307600000.0,370000000.0,0.124,370000000.0,307600000.0,271500000.0,0.58,0.57,0.58,4117200000.0,,4117200000.0,13571274360.0,10.0,8.271,179100000.0,0.594,1.0,2994600000.0,1.0,7982900000.0,36100000.0,2047000000.0,,750600000.0,289000000.0,9000000.0,280000000.0,13881100000.0,9784200000.0,4096900000.0,11897574360.0,1155600000.0,-39000000.0,9700000.0,1002600000.0,-60800000.0,928400000.0,-68700000.0,5300000.0,214100000.0,81800000.0,174600000.0,174600000.0,174600000.0,0.0,21000000.0,0.058,2680500000.0,314100000.0,6592600000.0,0.345,2.89,14.674,14.955,637400000.0,0.0,39.48,0.973,0.973,5516900000.0,6863900000.0,2994600000.0,2994600000.0,0.0,,,,,15500000.0,2680500000.0,1.0,301357000.0,301357000.0,,9.937,10299800000.0,12000000.0,96900000.0,740200000.0,34.178,-651900000.0
45,OMC,MRQ,2010-06-30,2010-06-30,2010-06-30,2021-10-20,-278900000.0,16329200000.0,,7454800000.0,8874400000.0,,12.273,-37900000.0,533700000.0,533700000.0,0.0,268800000.0,0.809,3.269,2207400000.0,305800000.0,1901600000.0,2207400000.0,0.0,61200000.0,1074000000.0,0.02,0.2,406400000.0,467600000.0,0.154,467600000.0,406400000.0,376500000.0,0.8,0.79,0.8,3767300000.0,,3767300000.0,11873322200.0,9.0,7.325,69400000.0,0.226,1.0,3041200000.0,1.0,7701000000.0,29900000.0,1082300000.0,,711100000.0,300700000.0,9400000.0,291300000.0,12316800000.0,9219600000.0,3097200000.0,10528522200.0,-366700000.0,-56800000.0,-232500000.0,-36900000.0,-61500000.0,-341900000.0,-96800000.0,-2100000.0,107300000.0,-35300000.0,243300000.0,243300000.0,243300000.0,0.0,25500000.0,0.08,2625800000.0,415400000.0,6351500000.0,0.25,2.795,13.131,13.243,628500000.0,0.0,34.3,0.873,0.873,5140600000.0,6749800000.0,3041200000.0,3041200000.0,0.0,,,,,900000.0,2625800000.0,1.0,306954000.0,306954000.0,,9.908,8628200000.0,22600000.0,133200000.0,673300000.0,28.109,-1764800000.0
46,OMC,MRQ,2010-03-31,2010-03-31,2010-03-31,2021-10-20,-153500000.0,16829500000.0,,7851000000.0,8978500000.0,,12.633,-25200000.0,900400000.0,900400000.0,0.0,180900000.0,0.85,3.229,2245200000.0,29900000.0,2215300000.0,2245200000.0,0.0,62000000.0,1023000000.0,0.017,0.2,283900000.0,345900000.0,0.118,345900000.0,283900000.0,254100000.0,0.53,0.52,0.53,3921800000.0,,3921800000.0,12719186880.0,9.0,7.941,-303100000.0,-0.976,1.0,2920000000.0,1.0,7783100000.0,29800000.0,1156100000.0,,673900000.0,283100000.0,8000000.0,275100000.0,12664600000.0,9235100000.0,3429500000.0,12048486880.0,-686600000.0,-19600000.0,-239000000.0,-8700000.0,-46900000.0,-329200000.0,-43700000.0,1100000.0,-277900000.0,-35800000.0,163400000.0,163400000.0,163400000.0,0.0,17500000.0,0.056,2629000000.0,291000000.0,6406400000.0,0.377,3.072,15.215,15.28,647500000.0,0.0,38.81,1.013,1.013,5184300000.0,6567300000.0,2920000000.0,2920000000.0,0.0,,,,,19100000.0,2629000000.0,1.0,310448000.0,310448000.0,,9.406,9046400000.0,38200000.0,90700000.0,680800000.0,29.14,-1384100000.0
47,OMC,MRQ,2009-12-31,2009-12-31,2009-12-31,2021-10-20,-8000000.0,17920700000.0,,8788500000.0,9132200000.0,,13.478,-37200000.0,1587000000.0,1587000000.0,0.0,256600000.0,0.872,3.211,2257700000.0,37100000.0,2220600000.0,2257700000.0,0.0,69000000.0,1059300000.0,0.015,0.15,388400000.0,457400000.0,0.14,457400000.0,388400000.0,354200000.0,0.73,0.73,0.73,4194800000.0,,4194800000.0,14000524300.0,10.0,8.797,1241300000.0,3.988,1.0,3265800000.0,1.0,7862000000.0,34200000.0,646900000.0,,607600000.0,307200000.0,7800000.0,299400000.0,13467900000.0,10082500000.0,3385400000.0,12185124300.0,989600000.0,-24800000.0,6800000.0,-154700000.0,-46800000.0,-257300000.0,-48500000.0,13500000.0,1278500000.0,16900000.0,229500000.0,229500000.0,229500000.0,0.0,27100000.0,0.07,2866200000.0,399600000.0,7143900000.0,0.205,2.905,15.366,15.413,677300000.0,0.0,39.15,1.04,1.04,5574100000.0,6465400000.0,3265800000.0,3265800000.0,0.0,,,,,21900000.0,2866200000.0,1.0,311242000.0,311242000.0,,10.493,10058700000.0,40000000.0,124700000.0,644800000.0,32.318,-1294000000.0
48,OMC,MRQ,2009-09-30,2009-09-30,2009-09-30,2021-10-20,8900000.0,16201400000.0,,7109700000.0,9091700000.0,,12.983,-30100000.0,597400000.0,597400000.0,0.0,182700000.0,0.826,2.957,2412800000.0,176800000.0,2236000000.0,2412800000.0,0.0,60100000.0,1001200000.0,0.016,0.15,289900000.0,350000000.0,0.123,350000000.0,289900000.0,256100000.0,0.53,0.53,0.53,4034700000.0,,4034700000.0,13537432980.0,10.0,8.256,313600000.0,1.009,1.0,2837600000.0,1.0,7779700000.0,33800000.0,1632100000.0,,669000000.0,331700000.0,15900000.0,315800000.0,11928800000.0,8605000000.0,3323800000.0,11479732980.0,197500000.0,-50200000.0,-700000.0,-44200000.0,-46800000.0,-99900000.0,-60000000.0,20300000.0,343700000.0,13700000.0,165600000.0,165600000.0,165600000.0,0.0,17100000.0,0.058,2542800000.0,294800000.0,5893200000.0,0.283,2.845,13.756,13.732,694300000.0,0.0,36.94,0.971,0.971,4812500000.0,6282800000.0,2837600000.0,2837600000.0,0.0,,,,,21000000.0,2542800000.0,1.0,310767000.0,310767000.0,,9.131,8421700000.0,33600000.0,90500000.0,526500000.0,27.1,-1495300000.0
49,OMC,MRQ,2009-06-30,2009-06-30,2009-06-30,2021-10-20,-32900000.0,15885400000.0,,6899800000.0,8985600000.0,,12.416,-40000000.0,399900000.0,399900000.0,0.0,253800000.0,0.828,3.057,2457600000.0,44100000.0,2413500000.0,2457600000.0,0.0,57900000.0,934300000.0,0.019,0.15,390500000.0,448400000.0,0.156,448400000.0,390500000.0,363100000.0,0.75,0.75,0.75,3859500000.0,,3859500000.0,12168485100.0,8.0,7.087,297800000.0,0.958,1.0,2870700000.0,1.0,7661600000.0,27400000.0,1952600000.0,,614100000.0,327200000.0,12000000.0,315200000.0,11798500000.0,8328900000.0,3469600000.0,9816485100.0,-12500000.0,-60700000.0,-900000.0,-308800000.0,-46800000.0,-398900000.0,-96300000.0,4400000.0,337800000.0,144900000.0,233400000.0,233400000.0,233400000.0,0.0,20400000.0,0.081,2472600000.0,398100000.0,5893500000.0,0.2,2.543,11.123,11.12,704800000.0,0.0,31.58,0.798,0.798,4940300000.0,6164000000.0,2870700000.0,2870700000.0,0.0,,,,,21200000.0,2472600000.0,1.0,310845000.0,310845000.0,,9.235,8223800000.0,31900000.0,129700000.0,469400000.0,26.456,-1429100000.0
50,OMC,MRQ,2009-03-31,2009-03-31,2009-03-31,2021-10-20,-363100000.0,15560700000.0,,6939900000.0,8620800000.0,,10.714,-23300000.0,412400000.0,412400000.0,0.0,178200000.0,0.837,3.609,2764400000.0,46300000.0,2718100000.0,2764400000.0,0.0,55800000.0,949400000.0,0.026,0.15,280000000.0,335800000.0,0.122,335800000.0,280000000.0,253200000.0,0.53,0.53,0.53,3331300000.0,,3331300000.0,9251708800.0,6.0,5.048,-251700000.0,-0.81,1.0,2746600000.0,1.0,7339600000.0,26800000.0,2281300000.0,,636800000.0,314500000.0,14800000.0,299700000.0,12023100000.0,8291800000.0,3731300000.0,7275808800.0,-684900000.0,-1700000.0,-1600000.0,-308000000.0,-46700000.0,-371900000.0,-21200000.0,3800000.0,-228400000.0,-63400000.0,164500000.0,164500000.0,164500000.0,0.0,13700000.0,0.06,2464200000.0,282400000.0,5635700000.0,0.283,2.184,7.61,7.672,690100000.0,0.0,23.4,0.564,0.564,4883000000.0,5981300000.0,2746600000.0,2746600000.0,0.0,,,,,14500000.0,2464200000.0,1.0,310932000.0,310932000.0,,8.833,8221100000.0,36600000.0,88700000.0,469200000.0,26.44,-1351900000.0
51,OMC,MRQ,2008-12-31,2008-12-31,2008-12-31,2021-10-20,-247300000.0,17318400000.0,,8564900000.0,8753500000.0,,11.335,-60600000.0,1097300000.0,1097300000.0,0.0,298400000.0,0.878,3.851,3073200000.0,18900000.0,3054300000.0,3073200000.0,0.0,59700000.0,1005500000.0,0.022,0.15,445800000.0,505500000.0,0.15,505500000.0,445800000.0,413100000.0,0.88,0.86,0.88,3522800000.0,,3522800000.0,11070436000.0,7.0,5.816,1099200000.0,3.537,1.0,3371400000.0,1.0,7441200000.0,32700000.0,2098900000.0,,672000000.0,312400000.0,15100000.0,297300000.0,13565000000.0,9754200000.0,3810800000.0,8366736000.0,566700000.0,27200000.0,7400000.0,-165100000.0,-46700000.0,-302100000.0,-77100000.0,-43700000.0,1159800000.0,-213900000.0,271000000.0,271000000.0,271000000.0,0.0,27400000.0,0.08,2923000000.0,448400000.0,6881200000.0,0.17,2.375,8.364,8.492,719600000.0,0.0,26.92,0.626,0.626,5775500000.0,5859600000.0,3371400000.0,3371400000.0,0.0,,,,,15000000.0,2923000000.0,1.0,310800000.0,310800000.0,,10.847,9877200000.0,45200000.0,142100000.0,513200000.0,31.78,-1189300000.0
52,OMC,MRQ,2008-09-30,2008-09-30,2008-09-30,2021-10-20,137700000.0,17339200000.0,,8351200000.0,8988000000.0,,11.484,-58900000.0,530600000.0,530600000.0,0.0,241300000.0,0.865,3.736,3234300000.0,179900000.0,3054400000.0,3234300000.0,0.0,60500000.0,1122400000.0,0.016,0.15,366900000.0,427400000.0,0.129,427400000.0,366900000.0,331800000.0,0.68,0.68,0.68,3661200000.0,,3661200000.0,14457728000.0,8.0,7.345,267000000.0,0.838,1.0,3316200000.0,1.0,7617400000.0,35100000.0,2775800000.0,,890600000.0,329000000.0,22000000.0,307000000.0,13678000000.0,9649700000.0,4028300000.0,12292928000.0,-385200000.0,-179300000.0,-424100000.0,157600000.0,-48000000.0,-354500000.0,-217300000.0,20900000.0,325900000.0,-139300000.0,213600000.0,213600000.0,213600000.0,0.0,27700000.0,0.064,2942800000.0,373400000.0,6642900000.0,0.221,3.358,11.785,11.975,719600000.0,0.0,38.56,0.903,0.903,5906000000.0,5663800000.0,3316200000.0,3316200000.0,0.0,,,,,13200000.0,2942800000.0,1.0,318800000.0,318800000.0,,10.402,9721800000.0,36500000.0,118200000.0,400400000.0,30.495,-1298500000.0
53,OMC,MRQ,2008-06-30,2008-06-30,2008-06-30,2021-10-20,498100000.0,18683600000.0,,9533600000.0,9150000000.0,,13.306,-50500000.0,915800000.0,915800000.0,0.0,341900000.0,0.922,3.384,3080600000.0,26000000.0,3054600000.0,3080600000.0,0.0,58500000.0,1235600000.0,0.013,0.15,505600000.0,564100000.0,0.162,564100000.0,505600000.0,474200000.0,0.96,0.95,0.96,4262000000.0,,4262000000.0,16638764000.0,10.0,8.604,365600000.0,1.141,1.0,3476900000.0,1.0,7829200000.0,31400000.0,2673900000.0,,0.0,278500000.0,43300000.0,235200000.0,14421600000.0,10345300000.0,4076300000.0,14375064000.0,101900000.0,-121100000.0,-61300000.0,3900000.0,-48200000.0,-139300000.0,-168100000.0,3500000.0,416100000.0,-6800000.0,307000000.0,307000000.0,307000000.0,0.0,34900000.0,0.088,2960100000.0,516800000.0,7403700000.0,0.156,3.373,13.933,14.203,732800000.0,0.0,44.88,1.073,1.073,7231200000.0,5496700000.0,3476900000.0,3476900000.0,0.0,,,,,7100000.0,2960100000.0,1.0,320300000.0,320300000.0,,10.855,10854400000.0,36700000.0,167200000.0,386500000.0,33.888,-811700000.0
54,OMC,MRQ,2008-03-31,2008-03-31,2008-03-31,2021-10-20,483000000.0,18437400000.0,,9468300000.0,8969100000.0,,12.592,-42200000.0,813900000.0,813900000.0,0.0,232700000.0,0.915,3.567,3077600000.0,22800000.0,3054800000.0,3077600000.0,0.0,57200000.0,1225500000.0,0.014,0.15,349300000.0,406500000.0,0.127,406500000.0,349300000.0,323900000.0,0.65,0.64,0.65,4036900000.0,,4036900000.0,15440208000.0,9.0,8.233,-549800000.0,-1.715,1.0,3195400000.0,1.0,7678000000.0,25400000.0,2680400000.0,,0.0,285300000.0,49000000.0,236300000.0,14400500000.0,10342700000.0,4057800000.0,14164108000.0,-979300000.0,-89000000.0,-282800000.0,9100000.0,-49100000.0,-340500000.0,-134900000.0,-3700000.0,-507600000.0,3700000.0,208700000.0,208700000.0,208700000.0,0.0,24000000.0,0.065,2844600000.0,350800000.0,7119600000.0,0.231,3.509,14.144,14.485,724500000.0,0.0,44.18,1.085,1.085,7115100000.0,5238000000.0,3195400000.0,3195400000.0,0.0,,,,,11100000.0,2844600000.0,1.0,320600000.0,320600000.0,,9.967,10759400000.0,30900000.0,115200000.0,405300000.0,33.56,-874400000.0
55,OMC,MRQ,2007-12-31,2007-12-31,2007-12-31,2021-10-20,430700000.0,19271700000.0,,10504200000.0,8767500000.0,,12.517,-62200000.0,1793200000.0,1793200000.0,0.0,424700000.0,0.936,3.71,3069300000.0,14600000.0,3054700000.0,3069300000.0,0.0,57800000.0,1122800000.0,0.012,0.15,512500000.0,570300000.0,0.157,570300000.0,512500000.0,489300000.0,0.93,0.93,0.93,4091700000.0,,4091700000.0,18035057000.0,11.0,9.865,1368400000.0,4.186,1.0,3625900000.0,1.0,7514200000.0,23200000.0,1806400000.0,,801000000.0,294900000.0,47800000.0,247100000.0,15180000000.0,11227200000.0,3952800000.0,15537557000.0,1216000000.0,-800000.0,-20700000.0,900000.0,-49100000.0,-147400000.0,-45500000.0,17500000.0,1430600000.0,-21700000.0,313800000.0,313800000.0,313800000.0,0.0,110900000.0,0.087,3094100000.0,531800000.0,8080500000.0,0.161,3.797,15.925,16.112,706700000.0,0.0,47.53,1.224,1.224,6830400000.0,5077500000.0,3625900000.0,3625900000.0,0.0,,,,,13500000.0,3094100000.0,1.0,326900000.0,326900000.0,,11.092,11757500000.0,40500000.0,175500000.0,425500000.0,35.967,-723000000.0
56,OMC,MRQ,2007-09-30,2007-09-30,2007-09-30,2021-10-20,470200000.0,18133200000.0,,9048800000.0,9084400000.0,,11.793,-59600000.0,577200000.0,577200000.0,0.0,202200000.0,0.903,3.684,3074700000.0,18100000.0,3056600000.0,3074700000.0,0.0,52500000.0,1191300000.0,0.011,0.15,340500000.0,393000000.0,0.127,393000000.0,340500000.0,314300000.0,0.62,0.62,0.62,3871700000.0,,3871700000.0,18082547000.0,12.0,10.202,156600000.0,0.477,1.0,3101400000.0,1.0,7489100000.0,26200000.0,3118000000.0,,0.0,300500000.0,58000000.0,242500000.0,14261500000.0,10023600000.0,4237900000.0,15787947000.0,-195200000.0,-174000000.0,-87600000.0,-700000.0,-49500000.0,-138700000.0,-242600000.0,-9000000.0,216200000.0,-30100000.0,202200000.0,202200000.0,202200000.0,0.0,0.0,0.065,2751200000.0,350200000.0,7098200000.0,0.242,4.078,16.812,16.933,690500000.0,0.0,48.09,1.285,1.285,7154700000.0,4812700000.0,3101400000.0,3101400000.0,0.0,,,,,16300000.0,2751200000.0,1.0,328300000.0,328300000.0,,9.447,10644100000.0,399800000.0,112100000.0,684300000.0,32.422,-974800000.0
57,OMC,MRQ,2007-06-30,2007-06-30,2007-06-30,2021-10-20,367000000.0,17362200000.0,,8637900000.0,8724300000.0,,11.142,-66300000.0,772400000.0,772400000.0,0.0,276700000.0,0.904,3.71,3067000000.0,11800000.0,3055200000.0,3067000000.0,0.0,50500000.0,1077500000.0,0.01,0.15,455200000.0,505700000.0,0.162,505700000.0,455200000.0,425500000.0,0.85,0.84,0.85,3685900000.0,,3685900000.0,19545336000.0,13.0,11.296,232500000.0,0.703,1.0,3126100000.0,1.0,7211600000.0,29700000.0,2889800000.0,,0.0,285100000.0,48400000.0,236700000.0,13676300000.0,9555400000.0,4120900000.0,17505936000.0,-255900000.0,-124500000.0,-286900000.0,-1200000.0,-41600000.0,-351400000.0,-202000000.0,-11200000.0,298800000.0,-1300000.0,276700000.0,276700000.0,276700000.0,0.0,0.0,0.089,2664500000.0,461600000.0,6926200000.0,0.176,4.749,19.153,19.314,661900000.0,0.0,52.92,1.464,1.464,6628100000.0,4659700000.0,3126100000.0,3126100000.0,0.0,,,,,12900000.0,2664500000.0,1.0,330800000.0,330800000.0,,9.45,10150600000.0,361600000.0,148800000.0,627000000.0,30.685,-917500000.0
58,OMC,MRQ,2007-03-31,2007-03-31,2007-03-31,2021-10-20,286400000.0,17144400000.0,,8611800000.0,8532600000.0,,10.896,-34900000.0,1028300000.0,1028300000.0,0.0,183000000.0,0.912,3.708,3067700000.0,13000000.0,3054700000.0,3067700000.0,0.0,47800000.0,1111800000.0,0.01,0.125,311300000.0,359100000.0,0.126,359100000.0,311300000.0,283500000.0,0.55,0.55,0.55,3641600000.0,,3641600000.0,18434498000.0,12.0,10.968,-381200000.0,-1.141,1.0,2840600000.0,1.0,7034000000.0,27800000.0,2706300000.0,,0.0,251300000.0,36700000.0,214600000.0,13502800000.0,9443500000.0,4059300000.0,17107698000.0,-711200000.0,-19400000.0,-403600000.0,1500000.0,-42600000.0,-451800000.0,98200000.0,152500000.0,-346300000.0,-11300000.0,183000000.0,183000000.0,183000000.0,0.0,0.0,0.064,2525100000.0,315500000.0,6490900000.0,0.227,4.698,19.41,19.613,634100000.0,0.0,51.19,1.468,1.468,6370700000.0,4432300000.0,2840600000.0,2840600000.0,0.0,,,,,8800000.0,2525100000.0,1.0,334200000.0,334200000.0,,8.5,10110400000.0,404500000.0,100500000.0,619100000.0,30.253,-831700000.0
59,OMC,MRQ,2006-12-31,2006-12-31,2006-12-31,2021-10-20,267900000.0,17804700000.0,,9646200000.0,8158500000.0,,11.326,-58100000.0,1739500000.0,1739500000.0,0.0,277200000.0,0.937,3.599,3066300000.0,11600000.0,3054700000.0,3066300000.0,0.0,52500000.0,1117500000.0,0.01,0.125,462200000.0,514700000.0,0.16,514700000.0,462200000.0,428600000.0,0.82,0.81,0.82,3871300000.0,,3871300000.0,20125286000.0,14.0,12.228,1292800000.0,3.782,1.0,3216200000.0,1.0,6995100000.0,33600000.0,1840300000.0,,0.0,403400000.0,189300000.0,214100000.0,13933400000.0,10296100000.0,3637300000.0,17865886000.0,931200000.0,-27700000.0,-131100000.0,-2300000.0,-42700000.0,-182100000.0,-234500000.0,-148700000.0,1350900000.0,-3100000.0,277200000.0,277200000.0,277200000.0,0.0,0.0,0.086,2742000000.0,474200000.0,7332600000.0,0.152,4.615,20.678,20.742,639800000.0,0.0,52.27,1.57,1.57,6628100000.0,4289800000.0,3216200000.0,3216200000.0,0.0,,,,,6800000.0,2742000000.0,1.0,341800000.0,341800000.0,,9.41,10809600000.0,49400000.0,151400000.0,293800000.0,31.626,-649900000.0
60,OMC,MRQ,2006-09-30,2006-09-30,2006-09-30,2021-10-20,205800000.0,16325900000.0,,8016700000.0,8309200000.0,,10.731,-46500000.0,808300000.0,808300000.0,0.0,177100000.0,0.93,3.428,3067700000.0,12500000.0,3055200000.0,3067700000.0,0.0,47200000.0,1013700000.0,0.011,0.125,303600000.0,350800000.0,0.126,350800000.0,303600000.0,270000000.0,0.52,0.52,0.52,3687200000.0,,3687200000.0,18226180000.0,13.0,11.454,157200000.0,0.458,1.0,2774300000.0,1.0,6937400000.0,33600000.0,3030200000.0,,0.0,246500000.0,40500000.0,206000000.0,12638700000.0,8617700000.0,4021000000.0,16080480000.0,-283700000.0,-38700000.0,-110500000.0,-167600000.0,-43300000.0,-335600000.0,-88700000.0,-3500000.0,203700000.0,-63100000.0,177100000.0,177100000.0,177100000.0,0.0,0.0,0.064,2466900000.0,307400000.0,6117100000.0,0.24,4.361,19.155,19.379,617600000.0,0.0,46.8,1.449,1.449,6117200000.0,4055100000.0,2774300000.0,2774300000.0,0.0,,,,,13900000.0,2466900000.0,1.0,343600000.0,343600000.0,,8.074,9388500000.0,290100000.0,92900000.0,637000000.0,27.324,-601000000.0
61,OMC,MRQ,2006-06-30,2006-06-30,2006-06-30,2021-10-20,195000000.0,16453300000.0,,8195500000.0,8257800000.0,,10.65,-39500000.0,1092000000.0,1092000000.0,0.0,244100000.0,0.95,3.528,3237700000.0,17300000.0,3220400000.0,3237700000.0,0.0,46100000.0,986100000.0,0.011,0.125,410000000.0,456100000.0,0.162,456100000.0,410000000.0,375800000.0,0.72,0.71,0.72,3633800000.0,,3633800000.0,16750921270.0,12.0,10.797,46100000.0,0.135,1.0,2823400000.0,1.0,6903700000.0,34200000.0,3064600000.0,,0.0,233400000.0,43200000.0,190200000.0,12819500000.0,8630700000.0,4188800000.0,15199021270.0,-730900000.0,-107400000.0,-466900000.0,-137300000.0,-44600000.0,-672700000.0,-148400000.0,-1500000.0,85600000.0,4600000.0,244100000.0,244100000.0,244100000.0,0.0,0.0,0.086,2406000000.0,417400000.0,6249600000.0,0.174,4.183,18.443,18.996,617900000.0,0.0,44.545,1.401,1.401,6025400000.0,3920800000.0,2823400000.0,2823400000.0,0.0,,,,,13700000.0,2406000000.0,1.0,341206000.0,341206000.0,,8.275,9549600000.0,298200000.0,131700000.0,650400000.0,27.988,-435200000.0
62,OMC,MRQ,2006-03-31,2006-03-31,2006-03-31,2021-10-20,79800000.0,16660800000.0,,8623400000.0,8037400000.0,,10.541,-33500000.0,1822900000.0,1822900000.0,0.0,165700000.0,1.003,3.42,3374800000.0,22400000.0,3352400000.0,3374800000.0,0.0,44200000.0,957500000.0,0.011,0.125,280000000.0,324200000.0,0.126,324200000.0,280000000.0,256600000.0,0.47,0.465,0.47,3769500000.0,,3769500000.0,16422508725.0,12.0,10.894,67500000.0,0.189,1.0,2562900000.0,1.0,6696300000.0,23400000.0,2916200000.0,,0.0,219600000.0,38800000.0,180800000.0,12891300000.0,8600200000.0,4291100000.0,14884708725.0,987100000.0,-31100000.0,-338200000.0,999900000.0,-45200000.0,606900000.0,282800000.0,347400000.0,101000000.0,-3600000.0,165700000.0,165700000.0,165700000.0,0.0,0.0,0.065,2278500000.0,284400000.0,6076600000.0,0.266,3.949,18.472,18.541,606000000.0,0.0,41.625,1.399,1.399,5753000000.0,3720000000.0,2562900000.0,2562900000.0,0.0,,,,,10100000.0,2278500000.0,1.0,357590600.0,357590600.0,,7.167,9964500000.0,308800000.0,90900000.0,637900000.0,27.866,23200000.0
63,OMC,MRQ,2005-12-31,2005-12-31,2005-12-31,2021-10-20,59800000.0,15919900000.0,,7967400000.0,7952500000.0,,10.948,-60300000.0,835800000.0,835800000.0,0.0,252600000.0,0.916,3.032,2373600000.0,16100000.0,2357500000.0,2373600000.0,0.0,47100000.0,908700000.0,0.011,0.125,413000000.0,460100000.0,0.157,460100000.0,413000000.0,390500000.0,0.705,0.705,0.705,3948000000.0,,3948000000.0,17526890300.0,13.0,11.849,1235300000.0,3.425,1.0,2939400000.0,1.0,6614500000.0,22500000.0,2142900000.0,,0.0,556500000.0,374100000.0,182400000.0,11971900000.0,8700300000.0,3271600000.0,15349790300.0,440200000.0,-102300000.0,-64600000.0,-197200000.0,-40200000.0,-316100000.0,-518100000.0,-355500000.0,1295600000.0,-21200000.0,252600000.0,252600000.0,252600000.0,0.0,0.0,0.086,2513300000.0,426100000.0,6218900000.0,0.177,3.888,19.413,19.436,608700000.0,0.0,42.565,1.465,1.465,5908100000.0,3599000000.0,2939400000.0,2939400000.0,0.0,,,,,20800000.0,2513300000.0,1.0,360620000.0,360620000.0,,8.151,9305400000.0,309800000.0,137900000.0,639000000.0,25.804,-732900000.0
64,OMC,MRQ,2005-09-30,2005-09-30,2005-09-30,2021-10-20,111800000.0,14833500000.0,,6961400000.0,7872100000.0,,10.532,-35200000.0,395600000.0,395600000.0,0.0,161700000.0,0.899,2.867,2572700000.0,214600000.0,2358100000.0,2572700000.0,0.0,42600000.0,906300000.0,0.011,0.113,268500000.0,311100000.0,0.123,311100000.0,268500000.0,248600000.0,0.45,0.45,0.45,3835900000.0,,3835900000.0,17376992396.0,14.0,12.048,230600000.0,0.633,1.0,2522900000.0,1.0,6558300000.0,19900000.0,2709100000.0,,0.0,180800000.0,14400000.0,166400000.0,10997600000.0,7743200000.0,3254400000.0,15229792396.0,52100000.0,-59800000.0,-103100000.0,79800000.0,-41400000.0,-107600000.0,-98100000.0,-3100000.0,265800000.0,-8000000.0,161700000.0,161700000.0,161700000.0,0.0,0.0,0.064,2248400000.0,274500000.0,5326100000.0,0.251,3.97,19.664,19.678,599800000.0,0.0,41.815,1.474,1.474,5646200000.0,3391100000.0,2522900000.0,2522900000.0,0.0,,,,,20600000.0,2248400000.0,1.0,364218400.0,364218400.0,,6.927,8275200000.0,292600000.0,86900000.0,555000000.0,22.72,-781800000.0
65,OMC,MRQ,2005-06-30,2005-06-30,2005-06-30,2021-10-20,122200000.0,14714100000.0,,6923200000.0,7790900000.0,,10.382,-37100000.0,343500000.0,343500000.0,0.0,225800000.0,0.898,2.865,2490700000.0,132800000.0,2357900000.0,2490700000.0,0.0,43800000.0,880700000.0,0.011,0.113,368300000.0,412100000.0,0.158,412100000.0,368300000.0,350100000.0,0.62,0.62,0.62,3807500000.0,,3807500000.0,16625899374.0,13.0,11.781,109700000.0,0.299,1.0,2615800000.0,1.0,6470200000.0,18200000.0,2677900000.0,,0.0,183300000.0,21600000.0,161700000.0,10906600000.0,7713200000.0,3193400000.0,14644399374.0,-244600000.0,-109300000.0,-111900000.0,-64400000.0,-40800000.0,-303600000.0,-78900000.0,67500000.0,146800000.0,-8900000.0,225800000.0,225800000.0,225800000.0,0.0,0.0,0.086,2233800000.0,382000000.0,5394300000.0,0.182,3.846,19.317,19.29,602500000.0,0.0,39.93,1.446,1.446,5663900000.0,3269800000.0,2615800000.0,2615800000.0,0.0,,,,,21800000.0,2233800000.0,1.0,366751800.0,366751800.0,,7.132,8243900000.0,286300000.0,124300000.0,519000000.0,22.478,-790000000.0
66,OMC,MRQ,2005-03-31,2005-03-31,2005-03-31,2021-10-20,222400000.0,15049500000.0,,7217600000.0,7831900000.0,,10.425,-30100000.0,588100000.0,588100000.0,0.0,150500000.0,0.897,2.906,2569600000.0,211500000.0,2358100000.0,2569600000.0,0.0,41700000.0,905300000.0,0.01,0.113,253900000.0,295600000.0,0.123,295600000.0,253900000.0,236600000.0,0.41,0.41,0.41,3852500000.0,,3852500000.0,17775920737.0,15.0,12.969,-747100000.0,-2.022,1.0,2403000000.0,1.0,6483400000.0,17300000.0,2503800000.0,,0.0,180800000.0,17300000.0,163500000.0,11197000000.0,8043800000.0,3153200000.0,16356420737.0,-577500000.0,6200000.0,-377900000.0,-7600000.0,-41600000.0,-389500000.0,532800000.0,556700000.0,-717000000.0,-3800000.0,150500000.0,150500000.0,150500000.0,0.0,0.0,0.063,2145700000.0,257300000.0,5375800000.0,0.276,4.246,22.151,22.13,617100000.0,0.0,44.26,1.649,1.649,5625900000.0,3084900000.0,2403000000.0,2403000000.0,0.0,,,,,39600000.0,2145700000.0,1.0,369553112.0,369553112.0,,6.502,8566100000.0,300800000.0,86100000.0,513500000.0,23.18,-826200000.0
67,OMC,MRQ,2004-12-31,2004-12-31,2004-12-31,2021-10-20,268500000.0,16002400000.0,,8095100000.0,7907300000.0,,10.945,-56400000.0,1165600000.0,1165600000.0,0.0,236500000.0,0.926,2.923,2585100000.0,226700000.0,2358400000.0,2585100000.0,0.0,43300000.0,874000000.0,0.011,0.113,380200000.0,423500000.0,0.152,423500000.0,380200000.0,365900000.0,0.645,0.64,0.645,4078700000.0,,4078700000.0,17866667344.0,15.0,13.304,1383800000.0,3.713,1.0,2789100000.0,1.0,6521400000.0,14300000.0,2156600000.0,,0.0,736900000.0,574000000.0,162900000.0,11923700000.0,8743900000.0,3179800000.0,15711067344.0,736500000.0,-66500000.0,58700000.0,-11800000.0,-41500000.0,-34000000.0,-697100000.0,-574200000.0,1440200000.0,27400000.0,236500000.0,236500000.0,236500000.0,0.0,0.0,0.085,2394200000.0,394900000.0,6011500000.0,0.175,3.852,21.715,21.621,636400000.0,0.0,42.16,1.612,1.612,5453300000.0,2975400000.0,2789100000.0,2789100000.0,0.0,,,,,133500000.0,2394200000.0,1.0,372653400.0,372653400.0,,7.484,9481000000.0,303400000.0,129400000.0,534400000.0,25.442,-648800000.0
68,OMC,MRQ,2004-09-30,2004-09-30,2004-09-30,2021-10-20,122800000.0,14129500000.0,,6497400000.0,7632100000.0,,9.733,-25200000.0,429100000.0,429100000.0,0.0,145300000.0,0.886,2.877,2584700000.0,225600000.0,2359100000.0,2584700000.0,0.0,42200000.0,890500000.0,0.012,0.113,237900000.0,280100000.0,0.121,280100000.0,237900000.0,225600000.0,0.395,0.395,0.395,3644900000.0,,3644900000.0,15613826098.0,14.0,11.968,86100000.0,0.23,1.0,2319000000.0,1.0,6267300000.0,12300000.0,2684100000.0,,0.0,175300000.0,24200000.0,151100000.0,10484600000.0,7333700000.0,3150900000.0,13680726098.0,-229100000.0,-82600000.0,-159700000.0,-10700000.0,-41900000.0,-222400000.0,-111900000.0,-4100000.0,111300000.0,-6100000.0,145300000.0,145300000.0,145300000.0,0.0,0.0,0.063,2071600000.0,247400000.0,4926100000.0,0.286,3.753,19.603,19.587,601300000.0,0.0,36.53,1.446,1.446,5168300000.0,2780600000.0,2319000000.0,2319000000.0,0.0,,,,,1500000.0,2071600000.0,1.0,374506600.0,374506600.0,,6.192,7862200000.0,264300000.0,80300000.0,435700000.0,20.993,-836300000.0
69,OMC,MRQ,2004-06-30,2004-06-30,2004-06-30,2021-10-20,107600000.0,14417300000.0,,6885400000.0,7531900000.0,,9.655,-32700000.0,658200000.0,658200000.0,0.0,206100000.0,0.901,2.949,2591300000.0,231900000.0,2359400000.0,2591300000.0,0.0,41400000.0,837800000.0,0.011,0.113,330000000.0,371400000.0,0.154,371400000.0,330000000.0,319200000.0,0.55,0.55,0.55,3650600000.0,,3650600000.0,16441962995.0,15.0,12.927,490700000.0,1.298,1.0,2407800000.0,1.0,6165900000.0,10800000.0,2544500000.0,,0.0,171100000.0,20200000.0,150900000.0,10766700000.0,7640000000.0,3126700000.0,14346662995.0,138900000.0,-127100000.0,-145700000.0,-21400000.0,-42100000.0,-232800000.0,-153900000.0,5900000.0,523400000.0,2200000.0,206100000.0,206100000.0,206100000.0,0.0,0.0,0.086,2064100000.0,343700000.0,5327400000.0,0.205,3.93,21.185,21.081,607700000.0,0.0,37.945,1.564,1.564,5338800000.0,2676600000.0,2407800000.0,2407800000.0,0.0,,,,,3300000.0,2064100000.0,1.0,378091000.0,378091000.0,,6.368,8251400000.0,260600000.0,113100000.0,406600000.0,21.824,-754600000.0
70,OMC,MRQ,2004-03-31,2004-03-31,2004-03-31,2021-10-20,135400000.0,14038300000.0,,6620000000.0,7418300000.0,,9.499,-45400000.0,519300000.0,519300000.0,0.0,135600000.0,0.929,2.878,2614600000.0,66900000.0,2547700000.0,2614600000.0,0.0,45200000.0,775300000.0,0.01,0.113,222900000.0,268100000.0,0.12,268100000.0,222900000.0,209200000.0,0.36,0.36,0.36,3619700000.0,,3619700000.0,16352828165.0,15.0,13.192,-832700000.0,-2.185,1.0,2231400000.0,1.0,6049000000.0,13700000.0,2961800000.0,,0.0,172800000.0,25000000.0,147800000.0,10418600000.0,7122800000.0,3295800000.0,15290156165.0,-724200000.0,-31600000.0,-141100000.0,11400000.0,-37600000.0,-160800000.0,204000000.0,281000000.0,-787300000.0,19900000.0,135600000.0,135600000.0,135600000.0,0.0,0.0,0.061,2002100000.0,229300000.0,4977300000.0,0.314,4.224,23.484,23.194,619200000.0,0.0,40.125,1.715,1.715,5269500000.0,2512600000.0,2231400000.0,2231400000.0,0.0,,,,,5100000.0,2002100000.0,1.0,381063082.0,381063082.0,,5.856,7989300000.0,256500000.0,73600000.0,366400000.0,20.966,-502800000.0
71,OMC,MRQ,2003-12-31,2003-12-31,2003-12-31,2021-10-20,109700000.0,14620000000.0,,7285900000.0,7334100000.0,,9.482,-45500000.0,1243500000.0,1243500000.0,0.0,210900000.0,0.939,3.058,2591400000.0,54800000.0,2536600000.0,2591400000.0,0.0,46000000.0,775200000.0,0.009,0.1,339000000.0,385000000.0,0.154,385000000.0,339000000.0,323900000.0,0.56,0.56,0.56,3603000000.0,,3603000000.0,18617895597.0,18.0,15.479,1117600000.0,2.941,1.0,2506000000.0,1.0,6007600000.0,15100000.0,2197800000.0,,0.0,456600000.0,305400000.0,151200000.0,11017000000.0,7762500000.0,3254500000.0,16592778597.0,679600000.0,-138900000.0,0.0,14000000.0,-37500000.0,-15700000.0,-454800000.0,-270400000.0,1163100000.0,-13000000.0,210900000.0,210900000.0,210900000.0,0.0,0.0,0.084,2152800000.0,353200000.0,5513300000.0,0.179,4.605,26.296,25.914,596800000.0,0.0,43.665,1.925,1.925,4970400000.0,2419100000.0,2506000000.0,2506000000.0,0.0,,,,,139800000.0,2152800000.0,1.0,380001800.0,380001800.0,,6.595,8612400000.0,264700000.0,113000000.0,425800000.0,22.664,-476600000.0
72,OMC,MRQ,2003-09-30,2003-09-30,2003-09-30,2021-10-20,-10089000.0,12680697000.0,,5915259000.0,6765438000.0,,8.202,-35500000.0,563890000.0,563890000.0,0.0,124600000.0,0.907,3.068,2589007000.0,64683000.0,2524324000.0,2589007000.0,0.0,38500000.0,707374000.0,0.011,0.1,208900000.0,247400000.0,0.122,247400000.0,208900000.0,193500000.0,0.33,0.33,0.33,3117417000.0,,3117417000.0,15740151265.0,17.0,14.851,218900000.0,0.576,1.0,2028600000.0,1.0,5670146000.0,15400000.0,2514293000.0,,0.0,169196000.0,23822000.0,145374000.0,9563280000.0,6521375000.0,3041905000.0,13654151265.0,40900000.0,-97700000.0,-25900000.0,-22800000.0,-37100000.0,-81100000.0,-135600000.0,-2400000.0,254400000.0,3200000.0,124600000.0,124600000.0,124600000.0,0.0,0.0,0.061,1811500000.0,217100000.0,4468728000.0,0.303,4.38,24.888,24.439,572378000.0,0.0,35.925,1.658,1.658,4631701000.0,2456938000.0,2028600000.0,2028600000.0,0.0,,,,,3400000.0,1811500000.0,1.0,380073800.0,380073800.0,,5.337,7010551000.0,42216000.0,68900000.0,0.0,18.445,-606116000.0
73,OMC,MRQ,2003-06-30,2003-06-30,2003-06-30,2021-10-20,-23311000.0,12589695000.0,,5919033000.0,6670662000.0,,7.918,-31100000.0,523032000.0,523032000.0,0.0,180000000.0,0.901,3.217,2609032000.0,85292000.0,2523740000.0,2609032000.0,0.0,38900000.0,678551000.0,0.011,0.1,300200000.0,339100000.0,0.158,339100000.0,300200000.0,284000000.0,0.48,0.48,0.48,2985541000.0,,2985541000.0,15644424360.0,17.0,14.803,269400000.0,0.715,1.0,2149500000.0,1.0,5562290000.0,16200000.0,2543877000.0,,0.0,167553000.0,20547000.0,147006000.0,9604154000.0,6569528000.0,3034626000.0,13516941360.0,168400000.0,-151400000.0,0.0,114300000.0,-37500000.0,44800000.0,-175900000.0,6600000.0,300500000.0,-1000000.0,180000000.0,180000000.0,180000000.0,0.0,0.0,0.084,1830200000.0,319300000.0,4543047000.0,0.208,4.527,24.571,24.223,569110000.0,0.0,35.85,1.695,1.695,4696191000.0,2359122000.0,2149500000.0,2149500000.0,0.0,,,,,4500000.0,1830200000.0,1.0,377041600.0,377041600.0,,5.701,7027405000.0,54413000.0,104000000.0,0.0,18.638,-650495000.0
74,OMC,MRQ,2003-03-31,2003-03-31,2003-03-31,2021-10-20,-136699000.0,11815114000.0,,5573816000.0,6241298000.0,,7.153,-29000000.0,354563000.0,354563000.0,0.0,115500000.0,0.891,3.379,2482046000.0,101975000.0,2380071000.0,2482046000.0,0.0,37500000.0,670820000.0,0.015,0.1,193800000.0,231300000.0,0.119,231300000.0,193800000.0,182600000.0,0.31,0.31,0.31,2698035000.0,,2698035000.0,11580139984.0,13.0,10.809,-692800000.0,-1.837,1.0,1937200000.0,1.0,5003476000.0,11200000.0,2684848000.0,,0.0,167819000.0,26085000.0,141734000.0,9117079000.0,6254273000.0,2862806000.0,10216542984.0,-312400000.0,-22000000.0,0.0,441100000.0,-37200000.0,406600000.0,-47700000.0,3300000.0,-663800000.0,-7500000.0,115500000.0,115500000.0,115500000.0,0.0,0.0,0.06,1735000000.0,202200000.0,4260470000.0,0.323,3.787,18.328,17.997,559371000.0,0.0,27.085,1.32,1.32,4519419000.0,2205801000.0,1937200000.0,1937200000.0,0.0,,,,,1100000.0,1735000000.0,1.0,377202990.0,377202990.0,,5.136,6811638000.0,45591000.0,67100000.0,0.0,18.058,-680457000.0
75,OMC,MRQ,2002-12-31,2002-12-31,2002-12-31,2021-10-20,-154142000.0,11944078000.0,,5637066000.0,6307012000.0,,6.83,-25919000.0,666951000.0,666951000.0,0.0,128515000.0,0.824,3.649,2030548000.0,85650000.0,1944898000.0,2030548000.0,0.0,44894000.0,648577000.0,0.012,0.1,197173000.0,242067000.0,0.114,242067000.0,197173000.0,186547000.0,0.35,0.355,0.35,2568927000.0,,2568927000.0,14426318258.0,15.0,13.164,1207353000.0,3.21,1.0,2118846000.0,1.0,4948559000.0,10626000.0,1519592000.0,,0.0,166233000.0,28930000.0,137303000.0,9375151000.0,6839524000.0,2535627000.0,12148924258.0,309302000.0,-243777000.0,-2881000.0,-583490000.0,-37442000.0,-654291000.0,-261903000.0,7793000.0,1233272000.0,-7776000.0,128515000.0,128515000.0,128515000.0,0.0,0.0,0.061,1904486000.0,214360000.0,4833681000.0,0.286,4.729,21.295,21.042,557735000.0,0.0,32.3,1.612,1.612,4338366000.0,2114506000.0,2118846000.0,2118846000.0,0.0,,,,,-43313000.0,1904486000.0,1.0,376127686.0,376127686.0,,5.633,6995519000.0,166815000.0,58032000.0,418696000.0,18.599,-1202458000.0
76,OMC,MRQ,2002-09-30,2002-09-30,2002-09-30,2021-10-20,-223198000.0,11222307000.0,,5314050000.0,5908257000.0,,6.139,-29270000.0,357649000.0,357649000.0,0.0,126104000.0,0.897,3.862,2635043000.0,126334000.0,2508709000.0,2635043000.0,0.0,38243000.0,557210000.0,0.014,0.1,206165000.0,244408000.0,0.138,244408000.0,206165000.0,195800000.0,0.34,0.34,0.34,2308105000.0,,2308105000.0,12778822042.0,12.0,10.506,130855000.0,0.348,1.0,1768459000.0,1.0,4467248000.0,10365000.0,3105010000.0,,0.0,207938000.0,34994000.0,172944000.0,8914202000.0,5927443000.0,2986759000.0,10466964042.0,-52322000.0,-63585000.0,0.0,-105018000.0,-36994000.0,-158245000.0,-80412000.0,12443000.0,160125000.0,26210000.0,126104000.0,126104000.0,126104000.0,0.0,0.0,0.071,1557068000.0,211391000.0,4062253000.0,0.294,4.535,17.269,17.028,547033000.0,0.0,27.84,1.417,1.417,4238156000.0,1950717000.0,1768459000.0,1768459000.0,0.0,,,,,13446000.0,1557068000.0,1.0,375968536.0,375968536.0,,4.704,6755059000.0,93938000.0,69696000.0,0.0,17.967,-613393000.0
77,OMC,MRQ,2002-06-30,2002-06-30,2002-06-30,2021-10-20,-218285000.0,11575553000.0,,5689546000.0,5886007000.0,,5.898,-29745000.0,409971000.0,409971000.0,0.0,187315000.0,0.899,4.246,2721829000.0,165766000.0,2556063000.0,2721829000.0,0.0,33610000.0,549011000.0,0.017,0.1,319987000.0,353597000.0,0.184,353597000.0,319987000.0,309329000.0,0.505,0.5,0.505,2206736000.0,,2206736000.0,10958589640.0,11.0,9.041,335646000.0,0.897,1.0,1916569000.0,1.0,4380502000.0,10658000.0,3178332000.0,,0.0,223569000.0,44421000.0,179148000.0,9368817000.0,6328577000.0,3040240000.0,8568083640.0,-91740000.0,-172046000.0,-39000.0,-212313000.0,-37154000.0,-244561000.0,-199474000.0,2317000.0,365391000.0,-13096000.0,187315000.0,187315000.0,187315000.0,0.0,0.0,0.098,1586079000.0,330490000.0,4361927000.0,0.198,3.883,14.969,14.822,557901000.0,0.0,22.9,1.192,1.192,4555004000.0,1861489000.0,1916569000.0,1916569000.0,0.0,,,,,17838000.0,1586079000.0,1.0,374152124.0,374152124.0,,5.122,7195051000.0,90748000.0,122014000.0,0.0,19.23,-639031000.0
78,OMC,MRQ,2002-03-31,2002-03-31,2002-03-31,2021-10-20,-324582000.0,10968837000.0,,5444179000.0,5524658000.0,,5.072,-32266000.0,501711000.0,501711000.0,0.0,128566000.0,0.908,4.729,2892217000.0,282446000.0,2609771000.0,2892217000.0,0.0,33553000.0,598069000.0,0.008,0.1,222276000.0,255829000.0,0.148,255829000.0,222276000.0,208424000.0,0.345,0.34,0.345,1914604000.0,,1914604000.0,18893841082.0,19.0,15.87,-790454000.0,-2.094,1.0,1732426000.0,1.0,4030194000.0,13852000.0,3333261000.0,,0.0,232984000.0,47808000.0,185176000.0,9054233000.0,5995888000.0,3058345000.0,17816387082.0,29560000.0,-106892000.0,-368780000.0,1333221000.0,-36810000.0,937297000.0,-141311000.0,-2153000.0,-758188000.0,-8238000.0,128566000.0,128566000.0,128566000.0,0.0,0.0,0.074,1503567000.0,228859000.0,3819643000.0,0.29,9.306,33.213,32.44,556811000.0,0.0,47.2,2.538,2.538,4239542000.0,1711300000.0,1732426000.0,1732426000.0,0.0,,,,,26329000.0,1503567000.0,1.0,377465828.0,377465828.0,,4.59,6938643000.0,95509000.0,79858000.0,0.0,18.382,-551709000.0
79,OMC,MRQ,2001-12-31,2001-12-31,2001-12-31,2021-10-20,-295358000.0,10617414000.0,,5233824000.0,5383590000.0,,5.861,-17908000.0,472151000.0,472151000.0,0.0,164141000.0,0.788,3.874,1549605000.0,209500000.0,1340105000.0,1549605000.0,0.0,65699000.0,640750000.0,0.009,0.1,296773000.0,362472000.0,0.184,362472000.0,296773000.0,276594000.0,0.445,0.435,0.445,2178419000.0,,2178419000.0,18634230716.0,20.0,15.869,1167179000.0,3.14,1.0,1970473000.0,1.0,3952844000.0,20179000.0,1098237000.0,,0.0,231004000.0,44848000.0,186156000.0,8438995000.0,6643787000.0,1795208000.0,16605575716.0,51006000.0,-253146000.0,0.0,-744514000.0,-35686000.0,-811785000.0,-306859000.0,-35805000.0,1185087000.0,-15437000.0,164141000.0,164141000.0,164141000.0,0.0,0.0,0.083,1666889000.0,303584000.0,4303152000.0,0.225,7.623,33.004,32.491,537955000.0,0.0,44.675,2.41,2.41,4103540000.0,1619874000.0,1970473000.0,1970473000.0,0.0,,,,,13071000.0,1666889000.0,1.0,371697274.0,371697274.0,,5.301,6664570000.0,100418000.0,112453000.0,366821000.0,17.93,-1409963000.0
80,OMC,MRQ,2001-09-30,2001-09-30,2001-09-30,2021-10-20,-251969000.0,10361118000.0,,5205321000.0,5155797000.0,,4.874,-45653000.0,421145000.0,421145000.0,0.0,92355000.0,0.919,4.727,2449800000.0,109492000.0,2340308000.0,2449800000.0,0.0,59201000.0,510047000.0,0.012,0.1,180983000.0,240184000.0,0.153,240184000.0,180983000.0,156695000.0,0.25,0.25,0.25,1809299000.0,,1809299000.0,13845316328.0,14.0,11.762,67643000.0,0.182,1.0,1571012000.0,1.0,3457226000.0,24288000.0,3269384000.0,,0.0,261702000.0,27551000.0,234151000.0,8551819000.0,5663163000.0,2888656000.0,12045866328.0,-4100000.0,-266273000.0,0.0,197694000.0,-37587000.0,190490000.0,-301262000.0,10664000.0,113296000.0,-6624000.0,92355000.0,92355000.0,92355000.0,0.0,0.0,0.059,1388802000.0,182210000.0,3798970000.0,0.4,6.658,25.033,24.398,554648000.0,0.0,32.45,1.792,1.792,4148106000.0,1492480000.0,1571012000.0,1571012000.0,0.0,,,,,19704000.0,1388802000.0,1.0,371213138.0,371213138.0,,4.232,6903892000.0,105920000.0,64340000.0,0.0,18.598,-457842000.0
81,OMC,MRQ,2001-06-30,2001-06-30,2001-06-30,2021-10-20,-295660000.0,9825599000.0,,5135246000.0,4690353000.0,,4.506,-51283000.0,425245000.0,425245000.0,0.0,151366000.0,0.922,4.886,2224695000.0,124408000.0,2100287000.0,2224695000.0,0.0,50550000.0,488514000.0,0.008,0.1,281527000.0,332077000.0,0.19,332077000.0,281527000.0,258979000.0,0.415,0.405,0.415,1669185000.0,,1669185000.0,17816570246.0,19.0,15.389,339684000.0,0.917,1.0,1746788000.0,1.0,3128429000.0,22548000.0,2928659000.0,,0.0,322231000.0,31938000.0,290293000.0,8156414000.0,5567961000.0,2588453000.0,15928968246.0,4540000.0,-215931000.0,0.0,-80042000.0,-31775000.0,-90310000.0,-284930000.0,-17716000.0,390967000.0,-11187000.0,151366000.0,151366000.0,151366000.0,0.0,0.0,0.087,1455682000.0,291106000.0,3745647000.0,0.241,9.543,33.569,32.453,522676000.0,0.0,43.0,2.412,2.412,4100572000.0,1436812000.0,1746788000.0,1746788000.0,0.0,,,,,14178000.0,1455682000.0,1.0,370441122.0,370441122.0,,4.715,6697170000.0,64852000.0,107613000.0,285496000.0,18.079,-432715000.0
82,OMC,MRQ,2001-03-31,2001-03-31,2001-03-31,2021-10-20,-310012000.0,9227229000.0,,4795076000.0,4432153000.0,,4.1,-34579000.0,420705000.0,420705000.0,0.0,95280000.0,0.934,5.104,2308307000.0,174485000.0,2133822000.0,2308307000.0,0.0,52645000.0,518958000.0,0.008,0.087,186911000.0,239556000.0,0.15,239556000.0,186911000.0,163003000.0,0.26,0.26,0.26,1511689000.0,,1511689000.0,16111514212.0,18.0,14.491,-948369000.0,-2.572,1.0,1601134000.0,1.0,2916547000.0,23908000.0,3066195000.0,,0.0,477011000.0,37466000.0,439545000.0,7715540000.0,5132089000.0,2583451000.0,15280824212.0,-96112000.0,-83469000.0,-60149000.0,981575000.0,-30628000.0,882406000.0,-54801000.0,63247000.0,-913790000.0,-9927000.0,95280000.0,95280000.0,95280000.0,0.0,0.0,0.06,1409850000.0,191284000.0,3227592000.0,0.335,10.108,33.917,32.502,482321000.0,0.0,41.44,2.396,2.396,3789736000.0,1322029000.0,1601134000.0,1601134000.0,0.0,,,,,16765000.0,1409850000.0,1.0,368745758.0,368745758.0,,4.342,6310682000.0,108061000.0,67723000.0,256230000.0,17.114,-337013000.0
83,OMC,MRQ,2000-12-31,2000-12-31,2000-12-31,2021-10-20,-232063000.0,9853707000.0,,5366883000.0,4486824000.0,,4.373,-40536000.0,516817000.0,516817000.0,0.0,142206000.0,0.81,5.363,1347507000.0,102120000.0,1245387000.0,1347507000.0,0.0,57482000.0,630502000.0,0.008,0.087,307838000.0,365320000.0,0.203,365320000.0,307838000.0,242070000.0,0.405,0.39,0.405,1548477000.0,,1548477000.0,16448234243.0,17.0,13.93,1109737000.0,3.134,1.0,1802447000.0,1.0,2988809000.0,65768000.0,1070536000.0,,0.0,492386000.0,59722000.0,432664000.0,8305230000.0,6625052000.0,1680178000.0,14674743243.0,81773000.0,-223302000.0,-57904000.0,-554814000.0,-30319000.0,-733092000.0,-340534000.0,-76696000.0,1150273000.0,5126000.0,142206000.0,142206000.0,142206000.0,0.0,0.0,0.079,1524015000.0,278432000.0,4351039000.0,0.215,9.477,29.42,29.081,483105000.0,0.0,41.44,2.384,2.384,4260747000.0,1258568000.0,1802447000.0,1802447000.0,0.0,,,,,34527000.0,1524015000.0,1.0,354120252.0,354120252.0,,5.09,6864898000.0,98404000.0,99864000.0,327136000.0,19.386,-1258169000.0
84,OMC,MRQ,2000-09-30,2000-09-30,2000-09-30,2021-10-20,-166556000.0,9352515000.0,,5050930000.0,4301585000.0,,3.527,-40502000.0,435044000.0,435044000.0,0.0,85664000.0,0.879,6.463,2208535000.0,320106000.0,1888429000.0,2208535000.0,0.0,47052000.0,514701000.0,0.01,0.087,173715000.0,220767000.0,0.152,220767000.0,173715000.0,150216000.0,0.245,0.24,0.245,1253177000.0,,1253177000.0,14592724192.0,17.0,14.738,56900000.0,0.16,1.0,1452523000.0,1.0,2698514000.0,23499000.0,2681909000.0,,0.0,692818000.0,48109000.0,644709000.0,8099338000.0,5745583000.0,2353755000.0,12956990192.0,-2764000.0,-102936000.0,-72019000.0,135969000.0,-30805000.0,33145000.0,-134806000.0,8632000.0,97402000.0,1495000.0,85664000.0,85664000.0,85664000.0,0.0,0.0,0.059,1270269000.0,182254000.0,3460911000.0,0.355,10.339,27.193,26.816,460227000.0,0.0,36.47,2.213,2.213,3983892000.0,1146955000.0,1452523000.0,1452523000.0,0.0,,,,,11627000.0,1270269000.0,1.0,355278042.0,355278042.0,,4.088,6654001000.0,115260000.0,64552000.0,55743000.0,18.729,-694653000.0
85,OMC,MRQ,2000-06-30,2000-06-30,2000-06-30,2021-10-20,-29348000.0,9378992000.0,,4913489000.0,4465503000.0,,3.895,-36162000.0,437808000.0,437808000.0,0.0,127387000.0,0.847,5.778,2073542000.0,438772000.0,1634770000.0,2073542000.0,0.0,46476000.0,468882000.0,0.008,0.087,239736000.0,286212000.0,0.188,286212000.0,239736000.0,223643000.0,0.365,0.35,0.365,1383689000.0,,1383689000.0,17279415888.0,20.0,18.08,294634000.0,0.829,1.0,1520245000.0,1.0,2674593000.0,16093000.0,2536135000.0,,0.0,819397000.0,50201000.0,769196000.0,7995303000.0,5803998000.0,2191305000.0,15821045888.0,84346000.0,-346400000.0,-28562000.0,169551000.0,-30477000.0,165624000.0,-416123000.0,-33561000.0,330796000.0,4049000.0,127387000.0,127387000.0,127387000.0,0.0,0.0,0.084,1266528000.0,253717000.0,3571872000.0,0.238,11.434,34.311,33.863,454303000.0,0.0,44.53,2.819,2.819,3809246000.0,1091811000.0,1520245000.0,1520245000.0,0.0,,,,,25661000.0,1266528000.0,1.0,355289600.0,355289600.0,,4.279,6704399000.0,153818000.0,96256000.0,135373000.0,18.87,-890509000.0
86,OMC,MRQ,2000-03-31,2000-03-31,2000-03-31,2021-10-20,181737000.0,8803246000.0,,4520236000.0,4283010000.0,,4.242,-33089000.0,353462000.0,353462000.0,0.0,143538000.0,0.889,4.865,1811832000.0,261685000.0,1550147000.0,1811832000.0,0.0,45171000.0,431180000.0,0.007,0.087,263328000.0,308499000.0,0.224,308499000.0,263328000.0,252007000.0,0.41,0.39,0.41,1501064000.0,,1501064000.0,16831533552.0,21.0,18.338,-925681000.0,-2.616,1.0,1379015000.0,1.0,2491103000.0,11321000.0,2688250000.0,,0.0,1069653000.0,39421000.0,1030232000.0,7302182000.0,5082263000.0,2219919000.0,16565959552.0,-222965000.0,-123048000.0,-78597000.0,980844000.0,-30677000.0,816458000.0,-143111000.0,13026000.0,-892592000.0,-3720000.0,143538000.0,143538000.0,143538000.0,0.0,0.0,0.104,1215328000.0,163687000.0,3182275000.0,0.212,11.036,37.577,37.303,448573000.0,0.0,46.815,3.089,3.089,3562322000.0,995084000.0,1379015000.0,1379015000.0,0.0,,,,,17120000.0,1215328000.0,1.0,353860078.0,353860078.0,,3.897,6312143000.0,81934000.0,108469000.0,237294000.0,17.838,-562027000.0
87,OMC,MRQ,1999-12-31,1999-12-31,1999-12-31,2021-10-20,285234000.0,9017637000.0,,4729562000.0,4288075000.0,,4.376,-46970000.0,576427000.0,576427000.0,0.0,119893000.0,0.787,4.807,842001000.0,130369000.0,711632000.0,842001000.0,0.0,-23846000.0,417044000.0,0.006,0.087,198512000.0,174666000.0,0.116,174666000.0,198512000.0,208201000.0,0.34,0.33,0.34,1552898000.0,,1552898000.0,18997936000.0,28.0,24.243,1347593000.0,3.797,1.0,1502419000.0,1.0,2414941000.0,-9689000.0,859207000.0,,0.0,1194921000.0,41760000.0,1153161000.0,7464739000.0,6009063000.0,1455676000.0,17744600000.0,280412000.0,-399498000.0,-76644000.0,-716898000.0,-26124000.0,-696379000.0,-414994000.0,31474000.0,1394563000.0,-2778000.0,119893000.0,119893000.0,119893000.0,0.0,0.0,0.08,1270515000.0,231904000.0,4112777000.0,0.256,11.427,48.899,48.309,444722000.0,0.0,50.0,3.459,3.459,3657513000.0,882051000.0,1502419000.0,1502419000.0,0.0,,,,,75907000.0,1270515000.0,1.0,354892000.0,354892000.0,,4.233,6602696000.0,120346000.0,88308000.0,552585000.0,18.605,-1279501000.0
88,OMC,MRQ,1999-09-30,1999-09-30,1999-09-30,2021-10-20,-101386000.0,7461809000.0,,4235089000.0,3226720000.0,,2.987,-24692000.0,296015000.0,296015000.0,0.0,70285000.0,0.864,6.038,1549351000.0,395632000.0,1153719000.0,1549351000.0,0.0,41610000.0,0.0,0.008,0.075,144727000.0,186337000.0,0.154,186337000.0,144727000.0,124136000.0,0.2,0.195,0.2,1060290000.0,,1060290000.0,15174983191.0,24.0,19.365,27834000.0,0.078,1.0,1210880000.0,1.0,2214221000.0,20591000.0,1598380000.0,,0.0,374700000.0,41142000.0,333558000.0,6401519000.0,4902544000.0,1498975000.0,14053762191.0,-10675000.0,-45695000.0,-50148000.0,102978000.0,-26319000.0,25014000.0,-81848000.0,-11461000.0,52526000.0,-6367000.0,70285000.0,70285000.0,70285000.0,0.0,0.0,0.058,1063720000.0,147160000.0,3055543000.0,0.375,13.255,42.811,42.348,390334000.0,0.0,39.595,2.876,2.876,3330991000.0,792825000.0,1210880000.0,1210880000.0,0.0,,,,,7511000.0,1063720000.0,1.0,354937800.0,354937800.0,,3.412,5247588000.0,76057000.0,53851000.0,76433000.0,14.785,-667455000.0
89,OMC,MRQ,1999-06-30,1999-06-30,1999-06-30,2021-10-20,-128271000.0,7226595000.0,,4087422000.0,3139173000.0,,2.885,-31524000.0,306690000.0,306690000.0,0.0,107142000.0,0.863,6.003,1427911000.0,279595000.0,1148316000.0,1427911000.0,0.0,39578000.0,0.0,0.007,0.075,208763000.0,248341000.0,0.195,248341000.0,208763000.0,187715000.0,0.305,0.295,0.305,1032000000.0,,1032000000.0,15364238000.0,26.0,20.268,139026000.0,0.389,1.0,1270369000.0,1.0,2134534000.0,21048000.0,1475274000.0,,0.0,352255000.0,30423000.0,321832000.0,6194595000.0,4738008000.0,1456587000.0,14310552000.0,-3983000.0,-141216000.0,-65871000.0,78487000.0,-26370000.0,-25966000.0,-156935000.0,15805000.0,170550000.0,8368000.0,107142000.0,107142000.0,107142000.0,0.0,0.0,0.084,1059873000.0,210496000.0,3075038000.0,0.246,13.867,45.58,44.693,380573000.0,0.0,40.0,3.039,3.039,3265725000.0,748738000.0,1270369000.0,1270369000.0,0.0,,,,,7381000.0,1059873000.0,1.0,357763800.0,357763800.0,,3.551,5092061000.0,72180000.0,80573000.0,58137000.0,14.233,-650586000.0
90,OMC,MRQ,1999-03-31,1999-03-31,1999-03-31,2021-10-20,-119154000.0,6910236000.0,,3877393000.0,3032843000.0,,2.846,-27163000.0,310673000.0,310673000.0,0.0,65562000.0,0.867,5.816,1364359000.0,253569000.0,1110790000.0,1364359000.0,0.0,39738000.0,0.0,0.007,0.075,134549000.0,174287000.0,0.152,174287000.0,134549000.0,116077000.0,0.185,0.185,0.185,1013767000.0,,1013767000.0,14407826993.0,25.0,19.991,-672248000.0,-1.887,1.0,1146877000.0,1.0,2049154000.0,18472000.0,1442214000.0,,0.0,360114000.0,47674000.0,312440000.0,5896469000.0,4472554000.0,1423915000.0,14239561993.0,-338108000.0,-107775000.0,-59040000.0,526550000.0,-25069000.0,425968000.0,-118698000.0,16240000.0,-645085000.0,-293000.0,65562000.0,65562000.0,65562000.0,0.0,0.0,0.057,1012307000.0,134570000.0,2824329000.0,0.405,14.046,48.585,47.583,374024000.0,0.0,39.97,3.142,3.142,3040655000.0,667939000.0,1146877000.0,1146877000.0,0.0,,,,,5273000.0,1012307000.0,1.0,356256242.0,356256242.0,,3.219,4861082000.0,94610000.0,50515000.0,65791000.0,13.645,-595161000.0
91,OMC,MRQ,1998-12-31,1998-12-31,1998-12-31,2021-10-20,-94781000.0,7121968000.0,,4112521000.0,3009447000.0,,3.099,-36242000.0,648781000.0,648781000.0,0.0,85285000.0,0.823,5.812,857304000.0,139894000.0,717410000.0,857304000.0,0.0,40828000.0,270312000.0,0.009,0.075,133823000.0,174651000.0,0.139,174651000.0,133823000.0,147322000.0,0.245,0.24,0.245,1045510000.0,,1045510000.0,10662385200.0,20.0,15.661,910107000.0,2.697,1.0,1258002000.0,1.0,2073037000.0,-13499000.0,261772000.0,,0.0,331002000.0,68610000.0,262392000.0,6076458000.0,4995682000.0,1080776000.0,9784362200.0,335547000.0,-32750000.0,-47551000.0,-409722000.0,-22810000.0,-498260000.0,-86110000.0,-17118000.0,946349000.0,-26432000.0,85285000.0,85285000.0,85285000.0,0.0,0.0,0.068,1093933000.0,164069000.0,3365844000.0,0.306,9.358,35.089,36.025,376541000.0,0.0,29.0,2.28,2.28,2946634000.0,628742000.0,1258002000.0,1258002000.0,0.0,,,,,36729000.0,1093933000.0,1.0,337391800.0,337391800.0,,3.729,5048931000.0,98154000.0,62037000.0,189978000.0,14.965,-883161000.0
92,OMC,MRQ,1998-09-30,1998-09-30,1998-09-30,2021-10-20,-55959000.0,6429911000.0,,3509695000.0,2920216000.0,,2.951,-13252000.0,313234000.0,313234000.0,0.0,55980000.0,0.872,5.419,1257995000.0,189892000.0,1068103000.0,1257995000.0,0.0,39087000.0,0.0,0.011,0.062,121694000.0,160781000.0,0.156,160781000.0,121694000.0,102084000.0,0.16,0.16,0.16,1001660000.0,,1001660000.0,8234115500.0,15.0,11.716,-60761000.0,-0.179,1.0,1032985000.0,1.0,1971616000.0,19610000.0,1376800000.0,,0.0,302398000.0,34271000.0,268127000.0,5428251000.0,4026256000.0,1401995000.0,7637314500.0,-24684000.0,-130553000.0,-38606000.0,251358000.0,-20987000.0,182176000.0,-140751000.0,3054000.0,-47509000.0,-18600000.0,55980000.0,55980000.0,55980000.0,0.0,0.0,0.054,914290000.0,118695000.0,2497319000.0,0.388,7.625,29.05,30.201,346695000.0,0.0,22.5,1.863,1.863,2717860000.0,567460000.0,1032985000.0,1032985000.0,0.0,,,,,5478000.0,914290000.0,1.0,339436200.0,339436200.0,,3.043,4458295000.0,90941000.0,46104000.0,67177000.0,13.134,-516561000.0
93,OMC,MRQ,1998-06-30,1998-06-30,1998-06-30,2021-10-20,-40785000.0,6305148000.0,,3569368000.0,2735780000.0,,2.971,-39733000.0,337918000.0,337918000.0,0.0,86256000.0,0.862,5.234,977311000.0,139387000.0,837924000.0,977311000.0,0.0,33084000.0,0.0,0.01,0.062,177911000.0,210995000.0,0.193,210995000.0,177911000.0,157826000.0,0.25,0.24,0.25,1011453000.0,,1011453000.0,9194311308.0,18.0,14.24,194394000.0,0.571,1.0,1094160000.0,1.0,1888983000.0,20085000.0,916617000.0,,0.0,269974000.0,36620000.0,233354000.0,5293695000.0,4138941000.0,1154754000.0,8491235308.0,54697000.0,-103434000.0,-23735000.0,-23896000.0,-24918000.0,-82788000.0,-105024000.0,38143000.0,234127000.0,8382000.0,86256000.0,86256000.0,86256000.0,0.0,0.0,0.079,916364000.0,177796000.0,2735819000.0,0.248,8.395,34.182,34.881,345480000.0,0.0,24.94,2.227,2.227,2754584000.0,532322000.0,1094160000.0,1094160000.0,0.0,,,,,5486000.0,916364000.0,1.0,340466532.0,340466532.0,,3.214,4416165000.0,81037000.0,71570000.0,79523000.0,12.971,-569573000.0
94,OMC,MRQ,1998-03-31,1998-03-31,1998-03-31,2021-10-20,-48984000.0,5897173000.0,,3313107000.0,2584066000.0,,2.828,-25295000.0,283221000.0,283221000.0,0.0,51324000.0,0.829,5.158,990406000.0,338427000.0,651979000.0,990406000.0,0.0,29459000.0,0.0,0.01,0.062,104919000.0,134378000.0,0.148,134378000.0,104919000.0,90705000.0,0.15,0.145,0.15,957711000.0,,957711000.0,7771848783.0,17.0,13.425,-652591000.0,-1.927,1.0,905799000.0,1.0,1796995000.0,14214000.0,808505000.0,,0.0,300890000.0,74657000.0,226233000.0,4939462000.0,3998858000.0,940604000.0,7968947783.0,-281917000.0,-238954000.0,151939000.0,472045000.0,-19908000.0,595650000.0,-251600000.0,12649000.0,-627296000.0,1329000.0,51324000.0,51324000.0,51324000.0,0.0,0.0,0.057,804152000.0,101647000.0,2403590000.0,0.413,8.321,34.867,35.119,331727000.0,0.0,23.53,2.273,2.273,2591166000.0,468458000.0,905799000.0,905799000.0,0.0,,,,,4482000.0,804152000.0,1.0,338671814.0,338671814.0,,2.675,4100178000.0,82828000.0,39381000.0,69382000.0,12.107,-685751000.0
95,OMC,MRQ,1997-12-31,1997-12-31,1997-12-31,2021-10-20,-47947000.0,4965743000.0,,2988398000.0,1977345000.0,,2.675,-67563000.0,556436000.0,556436000.0,0.0,69342000.0,0.835,4.729,359337000.0,17672000.0,341665000.0,359337000.0,0.0,38343000.0,185591000.0,0.011,0.062,158340000.0,196683000.0,0.184,196683000.0,158340000.0,129691000.0,0.185,0.185,0.185,866739000.0,,866739000.0,7329623360.0,17.0,13.591,766863000.0,2.367,1.0,1066467000.0,1.0,1234539000.0,28649000.0,-44880000.0,,0.0,368932000.0,87668000.0,281264000.0,4099004000.0,3578985000.0,520019000.0,6866492360.0,308028000.0,-64962000.0,-16240000.0,-331666000.0,-25049000.0,-384082000.0,-148294000.0,-15769000.0,834426000.0,5978000.0,69342000.0,69342000.0,69342000.0,0.0,0.0,0.065,931531000.0,134936000.0,2595255000.0,0.335,7.922,31.599,32.6,239667000.0,0.0,21.19,2.083,2.083,2091677000.0,555038000.0,1066467000.0,1066467000.0,0.0,,,,,4387000.0,931531000.0,1.0,324044000.0,324044000.0,,3.291,3731204000.0,68086000.0,60349000.0,173879000.0,11.514,-590587000.0
96,OMC,MRQ,1997-09-30,1997-09-30,1997-09-30,2021-10-20,-46145000.0,4388079000.0,,2472593000.0,1915486000.0,,2.518,-15749000.0,238253000.0,238253000.0,0.0,41491000.0,0.892,4.353,701384000.0,104881000.0,596503000.0,701384000.0,0.0,25424000.0,0.0,0.012,0.062,78194000.0,103618000.0,0.139,103618000.0,78194000.0,71370000.0,0.13,0.13,0.13,819796000.0,,819796000.0,6201839750.0,16.0,12.729,-18428000.0,-0.057,1.0,746839000.0,1.0,1161287000.0,6824000.0,917931000.0,,0.0,349306000.0,71644000.0,277662000.0,3568283000.0,2771992000.0,796291000.0,5922213750.0,-55775000.0,-119205000.0,-35904000.0,150446000.0,-15961000.0,77036000.0,-111342000.0,23612000.0,-2679000.0,-18790000.0,41491000.0,41491000.0,41491000.0,0.0,0.0,0.056,666955000.0,79884000.0,1838341000.0,0.477,7.224,28.446,27.474,228789000.0,0.0,18.188,1.986,1.986,1909262000.0,500435000.0,746839000.0,746839000.0,0.0,,,,,4399000.0,666955000.0,1.0,325620000.0,325620000.0,,2.294,3226792000.0,75693000.0,29879000.0,78331000.0,9.91,-299399000.0
97,OMC,MRQ,1997-06-30,1997-06-30,1997-06-30,2021-10-20,-34558000.0,4341491000.0,,2514854000.0,1826637000.0,,2.574,-13960000.0,294028000.0,294028000.0,0.0,66399000.0,0.918,4.159,573654000.0,28640000.0,545014000.0,573654000.0,0.0,24806000.0,0.0,0.013,0.05,119405000.0,144211000.0,0.183,144211000.0,119405000.0,114444000.0,0.205,0.2,0.205,841525000.0,,841525000.0,5389555120.0,15.0,11.635,225708000.0,0.69,1.0,786341000.0,1.0,1148131000.0,4961000.0,733459000.0,,0.0,332086000.0,95471000.0,236615000.0,3499966000.0,2739527000.0,760439000.0,5036650120.0,66068000.0,-111750000.0,5740000.0,-10085000.0,-15897000.0,-21413000.0,-139249000.0,-13539000.0,239668000.0,-12938000.0,66399000.0,66399000.0,66399000.0,0.0,0.0,0.084,663467000.0,122874000.0,1903841000.0,0.244,5.985,25.319,24.188,228883000.0,0.0,15.408,1.757,1.757,1886473000.0,478861000.0,786341000.0,786341000.0,0.0,,,,,4625000.0,663467000.0,1.0,326896000.0,326896000.0,,2.405,3193360000.0,73410000.0,48045000.0,77333000.0,9.769,-224673000.0
98,OMC,MRQ,1997-03-31,1997-03-31,1997-03-31,2021-10-20,-22331000.0,4056557000.0,,2361045000.0,1695512000.0,,2.443,-17542000.0,227960000.0,227960000.0,0.0,40068000.0,0.945,4.119,580865000.0,31394000.0,549471000.0,580865000.0,0.0,22086000.0,0.0,0.016,0.05,72683000.0,94769000.0,0.136,94769000.0,72683000.0,68334000.0,0.125,0.125,0.125,792426000.0,,792426000.0,3747576812.0,11.0,8.587,-493211000.0,-1.521,1.0,696577000.0,1.0,1048982000.0,4349000.0,862532000.0,,0.0,310836000.0,79791000.0,231045000.0,3264131000.0,2497948000.0,766183000.0,4044327812.0,-282307000.0,-69201000.0,4188000.0,366698000.0,-15846000.0,349822000.0,-151286000.0,-64543000.0,-475669000.0,-5174000.0,40068000.0,40068000.0,40068000.0,0.0,0.0,0.058,622587000.0,73990000.0,1695768000.0,0.4,5.104,21.804,20.544,222159000.0,0.0,12.47,1.472,1.472,1804883000.0,428500000.0,696577000.0,696577000.0,0.0,,,,,3900000.0,622587000.0,1.0,324324604.0,324324604.0,,2.148,3007575000.0,78019000.0,28266000.0,64086000.0,9.273,-136903000.0
99,OMC,MRQ,1996-12-31,1996-12-31,1996-12-31,2021-10-20,3490000.0,4055943000.0,,2424985000.0,1630958000.0,,2.469,-10922000.0,510267000.0,510267000.0,0.0,60230000.0,0.847,4.066,213516000.0,8772000.0,204744000.0,213516000.0,0.0,26246000.0,151539000.0,0.016,0.05,118362000.0,144608000.0,0.192,144608000.0,118362000.0,100936000.0,0.202,0.185,0.202,800678000.0,,800678000.0,,,,673007000.0,2.075,1.0,751829000.0,1.0,1000312000.0,17426000.0,-104196000.0,,0.0,236759000.0,12841000.0,223918000.0,3255265000.0,2863076000.0,392189000.0,3709462658.0,319240000.0,-58173000.0,-18122000.0,-248888000.0,-15779000.0,-288646000.0,-65187000.0,3908000.0,683929000.0,-10856000.0,60230000.0,60230000.0,60230000.0,0.0,0.0,0.08,647173000.0,104656000.0,2070026000.0,0.248,4.633,21.037,19.551,221655000.0,0.0,11.438,1.404,1.404,1712078000.0,419072000.0,751829000.0,751829000.0,0.0,,,,,3795000.0,647173000.0,1.0,324324604.0,324324604.0,,2.318,3055631000.0,79828000.0,40706000.0,138833000.0,9.422,-438091000.0
100,OMC,MRQ,1996-09-30,1996-09-30,1996-09-30,2021-10-20,-26519000.0,3558047000.0,,2063730000.0,1494317000.0,,,-12471000.0,191027000.0,191027000.0,0.0,32233000.0,0.926,3.843,489282000.0,61143000.0,428139000.0,489282000.0,0.0,20735000.0,0.0,0.015,0.05,58913000.0,79648000.0,0.126,79648000.0,58913000.0,54469000.0,0.105,0.105,0.105,734604000.0,,734604000.0,,,,-25023000.0,,1.0,631772000.0,1.0,913243000.0,4444000.0,714292000.0,,0.0,211884000.0,15742000.0,196142000.0,2823443000.0,2228767000.0,594676000.0,,-59105000.0,-26609000.0,-48107000.0,56020000.0,-12956000.0,-13387000.0,-32735000.0,6345000.0,-12552000.0,-431000.0,32233000.0,32233000.0,32233000.0,0.0,0.0,0.051,572168000.0,59604000.0,1488205000.0,0.476,,,,212623000.0,0.0,11.688,,,1635369000.0,374646000.0,631772000.0,631772000.0,0.0,,,,,3728000.0,572168000.0,1.0,,,,,2644804000.0,65550000.0,22236000.0,42950000.0,,-165037000.0
101,OMC,MRQ,1996-06-30,1996-06-30,1996-06-30,2021-10-20,-26031000.0,3721126000.0,,2257874000.0,1463252000.0,,,-11722000.0,250132000.0,250132000.0,0.0,52953000.0,0.885,5.253,574209000.0,174068000.0,400141000.0,574209000.0,0.0,19924000.0,0.0,0.016,0.044,97487000.0,117411000.0,0.176,117411000.0,97487000.0,91379000.0,0.175,0.17,0.175,595076000.0,,595076000.0,,,,231093000.0,,1.0,666465000.0,1.0,877240000.0,6108000.0,615731000.0,,0.0,219126000.0,21887000.0,197239000.0,3126050000.0,2552232000.0,573818000.0,,54735000.0,-14812000.0,-4355000.0,-148788000.0,-12751000.0,-172151000.0,-20453000.0,6081000.0,242815000.0,4524000.0,52953000.0,52953000.0,52953000.0,0.0,0.0,0.079,565256000.0,101209000.0,1716675000.0,0.251,,,,211334000.0,0.0,11.031,,,1785612000.0,358206000.0,666465000.0,666465000.0,0.0,,,,,3606000.0,565256000.0,1.0,,,,,2843886000.0,68180000.0,38426000.0,62529000.0,,-294358000.0
102,OMC,MRQ,1996-03-31,1996-03-31,1996-03-31,2021-10-20,-32856000.0,3704426000.0,,2244789000.0,1459637000.0,,,-13662000.0,195397000.0,195397000.0,0.0,30913000.0,0.914,5.708,698648000.0,172472000.0,526176000.0,698648000.0,0.0,18914000.0,0.0,0.016,0.044,59273000.0,78187000.0,0.132,78187000.0,59273000.0,53184000.0,0.102,0.102,0.102,552272000.0,,552272000.0,,,,-433829000.0,,1.0,591601000.0,1.0,838464000.0,6089000.0,913273000.0,,0.0,244779000.0,28503000.0,216276000.0,3152154000.0,2455940000.0,696214000.0,,-118602000.0,-26406000.0,-20868000.0,383809000.0,-12825000.0,346420000.0,-45467000.0,-5399000.0,-420167000.0,612000.0,30913000.0,30913000.0,30913000.0,0.0,0.0,0.052,530497000.0,61104000.0,1615140000.0,0.431,,,,212403000.0,0.0,10.75,,,1818071000.0,318253000.0,591601000.0,591601000.0,0.0,,,,,2766000.0,530497000.0,1.0,,,,,2865962000.0,71041000.0,22271000.0,52272000.0,,-211151000.0
103,OMC,MRQ,1995-12-31,1995-12-31,1995-12-31,2021-10-20,-26641000.0,3527677000.0,,2106035000.0,1421642000.0,,,,313999000.0,313999000.0,,,0.842,5.396,311410000.0,21031000.0,290379000.0,311410000.0,0.0,,245516000.0,0.018,0.044,,,,,,,,,,551507000.0,,551507000.0,,,,,,1.0,,,832698000.0,,189946000.0,,0.0,221690000.0,21474000.0,200216000.0,2976170000.0,2502444000.0,473726000.0,,,,,,,,,,,,,,,,,,,,1734500000.0,,,,19.605,200473000.0,,9.312,,,1609327000.0,299704000.0,,,,,,,,,,1.0,,,,,2694979000.0,70242000.0,,107923000.0,,-396409000.0
0,OMC,MRT,2021-09-30,2021-09-30,2021-09-30,2021-10-20,-1307900000.0,25580800000.0,26124175000.0,13763000000.0,11817800000.0,0.543,15.293,-68000000.0,4431200000.0,4431200000.0,0.0,1486200000.0,0.996,6.657,6272900000.0,10200000.0,6262700000.0,6272900000.0,0.0,211700000.0,1325800000.0,0.038,2.75,2126300000.0,2338000000.0,0.165,2338000000.0,2126300000.0,1886300000.0,6.45,6.42,6.45,3279000000.0,3230850000.0,3279000000.0,17488982594.0,8.0,7.48,2556600000.0,11.924,1.0,14190500000.0,1.0,9879600000.0,240000000.0,3717700000.0,3851700000.0,1249600000.0,77800000.0,0.0,77800000.0,21829000000.0,13825200000.0,8003800000.0,15535982594.0,1152900000.0,85900000.0,-266600000.0,-470900000.0,-583000000.0,-1559300000.0,21100000.0,3200000.0,2624600000.0,66500000.0,1389700000.0,1389700000.0,1389700000.0,0.0,96500000.0,0.098,12050900000.0,2139600000.0,9953800000.0,0.426,4.738,11.179,11.234,1642900000.0,0.0,72.46,1.095,1.095,7186200000.0,8730000000.0,14190500000.0,14190500000.0,0.0,0.053,0.43,0.552,0.15,76100000.0,11839200000.0,1.0,214407709.0,214407709.0,,66.185,15701200000.0,0.0,496600000.0,683200000.0,73.231,-62200000.0
1,OMC,MRT,2021-06-30,2021-06-30,2021-06-30,2021-10-20,-1187500000.0,25654400000.0,25673850000.0,13658000000.0,11996400000.0,0.544,15.57,-64700000.0,4388100000.0,4388100000.0,0.0,1441000000.0,0.997,6.515,6341100000.0,9300000.0,6331800000.0,6341100000.0,0.0,215300000.0,1287200000.0,0.034,2.7,2088600000.0,2303900000.0,0.165,2303900000.0,2088600000.0,1844900000.0,6.24,6.22,6.24,3348800000.0,3070800000.0,3348800000.0,19130010872.0,9.0,8.303,2226400000.0,10.351,1.0,13962000000.0,1.0,10001100000.0,243700000.0,3904700000.0,4303975000.0,1117600000.0,79100000.0,0.0,79100000.0,21817500000.0,13701600000.0,8115900000.0,17204310872.0,1107100000.0,23400000.0,-109700000.0,-455100000.0,-572200000.0,-1363900000.0,-38100000.0,3200000.0,2291100000.0,218000000.0,1347400000.0,1347400000.0,1347400000.0,0.0,93600000.0,0.097,11862600000.0,2099400000.0,9988500000.0,0.433,5.137,12.769,12.819,1691900000.0,0.0,79.99,1.232,1.232,7246300000.0,8523700000.0,13962000000.0,13962000000.0,0.0,0.052,0.439,0.485,0.15,75000000.0,11647300000.0,1.0,215080771.0,215080771.0,,64.915,15653300000.0,0.0,497500000.0,614200000.0,72.779,-43600000.0
2,OMC,MRT,2021-03-31,2021-03-31,2021-03-31,2021-10-20,-1246200000.0,25614300000.0,24920525000.0,13732100000.0,11882200000.0,0.529,14.935,-61400000.0,4897300000.0,4897300000.0,0.0,1055000000.0,1.019,6.827,6823000000.0,5900000.0,6817100000.0,6823000000.0,0.0,218900000.0,1278000000.0,0.036,2.65,1588300000.0,1807200000.0,0.137,1807200000.0,1588300000.0,1371200000.0,4.51,4.51,4.51,3211200000.0,2836850000.0,3211200000.0,17268017018.0,11.0,9.555,2189500000.0,10.183,1.0,13191100000.0,1.0,9822300000.0,217100000.0,4245800000.0,4670975000.0,1138700000.0,79700000.0,0.0,79700000.0,21922600000.0,13471900000.0,8450700000.0,15943317019.0,2204800000.0,-64400000.0,-16600000.0,587500000.0,-561100000.0,-192900000.0,-122600000.0,3200000.0,2250900000.0,269400000.0,975000000.0,975000000.0,975000000.0,0.0,80000000.0,0.074,11547100000.0,1644000000.0,9465800000.0,0.588,4.965,16.352,16.441,1740700000.0,0.0,74.15,1.209,1.209,6633200000.0,8327500000.0,13191100000.0,13191100000.0,0.0,0.039,0.344,0.34,0.12,72900000.0,11050300000.0,1.0,215014390.0,215014390.0,,61.35,15792000000.0,0.0,396200000.0,710700000.0,73.446,260200000.0
3,OMC,MRT,2020-12-31,2020-12-31,2020-12-31,2021-10-20,-1213800000.0,27647200000.0,24435925000.0,15590100000.0,12057100000.0,0.539,14.348,-75400000.0,5600500000.0,5600500000.0,0.0,1020800000.0,1.004,7.804,6925200000.0,3900000.0,6921300000.0,6925200000.0,0.0,222600000.0,1361300000.0,0.042,2.6,1548900000.0,1771500000.0,0.134,1771500000.0,1548900000.0,1327100000.0,4.38,4.37,4.38,3084400000.0,2645950000.0,3084400000.0,17063595823.0,11.0,9.632,1649200000.0,7.672,1.0,13171100000.0,1.0,9908200000.0,221800000.0,3538600000.0,4845700000.0,1101200000.0,85300000.0,0.0,85300000.0,24070300000.0,15525100000.0,8545200000.0,13407895823.0,1294800000.0,-63900000.0,-217900000.0,581000000.0,-562700000.0,-408400000.0,-136100000.0,3200000.0,1724600000.0,114700000.0,945400000.0,945400000.0,945400000.0,0.0,75400000.0,0.072,11572300000.0,1598800000.0,11513000000.0,0.594,4.347,14.182,14.24,1808600000.0,0.0,62.37,1.018,1.018,7813400000.0,8190600000.0,13171100000.0,13171100000.0,0.0,0.039,0.357,0.32,0.118,70800000.0,11071800000.0,1.0,214973478.0,214973478.0,,61.268,17739000000.0,0.0,381700000.0,688000000.0,82.517,65000000.0
4,OMC,MRT,2020-09-30,2020-09-30,2020-09-30,2021-10-20,-1380600000.0,23779500000.0,24219975000.0,11862400000.0,11917100000.0,0.56,12.281,-75200000.0,3278300000.0,3278300000.0,0.0,1042000000.0,0.975,7.828,6934000000.0,23600000.0,6910400000.0,6934000000.0,0.0,225000000.0,1129500000.0,0.053,2.6,1579800000.0,1804800000.0,0.133,1804800000.0,1579800000.0,1361300000.0,4.43,4.42,4.43,2638800000.0,2588325000.0,2638800000.0,14251201838.0,9.0,7.896,1351300000.0,6.289,1.0,13555300000.0,1.0,9744600000.0,218500000.0,5526800000.0,4745350000.0,1174400000.0,81400000.0,0.0,81400000.0,20657600000.0,12163800000.0,8493800000.0,10636001838.0,837900000.0,-61700000.0,-279800000.0,602300000.0,-564500000.0,-476700000.0,-135000000.0,1900000.0,1426500000.0,23100000.0,962200000.0,962200000.0,962200000.0,0.0,79800000.0,0.071,11924800000.0,1630500000.0,8572700000.0,0.587,4.031,11.054,11.174,1841100000.0,0.0,49.5,0.785,0.785,6298300000.0,7932600000.0,13555300000.0,13555300000.0,0.0,0.04,0.372,0.333,0.117,71400000.0,11421900000.0,1.0,214868724.0,214868724.0,,63.086,14034900000.0,0.0,399100000.0,610700000.0,65.318,-301400000.0
5,OMC,MRT,2020-06-30,2020-06-30,2020-06-30,2021-10-20,-1456600000.0,22641100000.0,24188475000.0,10893100000.0,11748000000.0,0.578,11.261,-87000000.0,3281000000.0,3281000000.0,0.0,1019300000.0,0.961,8.197,6896200000.0,6400000.0,6889800000.0,6896200000.0,0.0,228200000.0,1070000000.0,0.048,2.6,1556500000.0,1784700000.0,0.128,1784700000.0,1556500000.0,1329600000.0,4.31,4.29,4.31,2413000000.0,2544650000.0,2413000000.0,15340045030.0,10.0,8.595,1399700000.0,6.532,1.0,13972600000.0,1.0,9552700000.0,226900000.0,5372700000.0,4544325000.0,1158600000.0,82200000.0,0.0,82200000.0,19779700000.0,11330900000.0,8448800000.0,11699845030.0,382900000.0,-400000.0,-282900000.0,186800000.0,-566800000.0,-931000000.0,-85500000.0,1900000.0,1486700000.0,-87300000.0,939100000.0,939100000.0,939100000.0,0.0,80200000.0,0.067,12370200000.0,1602400000.0,7919500000.0,0.603,4.849,12.459,12.668,1868300000.0,0.0,54.6,0.837,0.837,5290800000.0,7759300000.0,13972600000.0,13972600000.0,0.0,0.039,0.369,0.343,0.111,73100000.0,11864100000.0,1.0,214282876.0,214282876.0,,65.206,13088400000.0,0.0,390500000.0,659800000.0,61.08,-437800000.0
6,OMC,MRT,2020-03-31,2020-03-31,2020-03-31,2021-10-20,-1528300000.0,23675900000.0,24788725000.0,11850100000.0,11825800000.0,0.601,11.286,-101400000.0,2692500000.0,2692500000.0,0.0,1427800000.0,0.922,8.478,6332700000.0,10900000.0,6321800000.0,6332700000.0,0.0,228900000.0,1075700000.0,0.047,2.6,2073000000.0,2301900000.0,0.155,2301900000.0,2073000000.0,1833200000.0,6.11,6.08,6.11,2447600000.0,2543950000.0,2447600000.0,14019435577.0,7.0,6.09,1163000000.0,5.363,1.0,14891700000.0,1.0,9514400000.0,239800000.0,4944700000.0,4253525000.0,1313200000.0,94300000.0,1600000.0,92700000.0,20751300000.0,12857000000.0,7894300000.0,11906035577.0,-757200000.0,7300000.0,-518200000.0,-377000000.0,-571200000.0,-1745500000.0,-92200000.0,1900000.0,1264400000.0,-183900000.0,1334000000.0,1334000000.0,1334000000.0,0.0,93800000.0,0.09,12778100000.0,2113600000.0,9387200000.0,0.426,4.864,8.925,8.985,1987600000.0,0.0,54.9,0.8,0.8,6690500000.0,7924500000.0,14891700000.0,14891700000.0,0.0,0.054,0.524,0.487,0.139,74400000.0,12549200000.0,1.0,216867679.0,216867679.0,,68.667,14161500000.0,0.0,499200000.0,670000000.0,65.3,-1006900000.0
7,OMC,MRT,2019-12-31,2019-12-31,2019-12-31,2021-10-20,-1197600000.0,26783400000.0,25172550000.0,14584700000.0,12198700000.0,0.594,13.107,-102200000.0,4305700000.0,4305700000.0,0.0,1435900000.0,0.913,8.203,6419100000.0,612500000.0,5806600000.0,6419100000.0,0.0,231500000.0,1215300000.0,0.032,2.6,2087800000.0,2319300000.0,0.155,2319300000.0,2087800000.0,1843500000.0,6.09,6.06,6.09,2853900000.0,2535375000.0,2853900000.0,21595549476.0,10.0,9.311,1753800000.0,8.055,1.0,14953700000.0,1.0,9778700000.0,244300000.0,3137200000.0,3971575000.0,1257600000.0,110400000.0,3600000.0,106800000.0,23409700000.0,15980900000.0,7428800000.0,17640649476.0,653300000.0,69400000.0,-603700000.0,214400000.0,-564300000.0,-1222000000.0,-30900000.0,1900000.0,1856000000.0,50200000.0,1339100000.0,1339100000.0,1339100000.0,0.0,96800000.0,0.09,12831400000.0,2122300000.0,11768400000.0,0.427,6.181,13.174,13.304,2061700000.0,0.0,81.02,1.18,1.18,7829000000.0,7806300000.0,14953700000.0,14953700000.0,0.0,0.053,0.528,0.526,0.14,72500000.0,12599900000.0,1.0,217732035.0,217732035.0,,68.679,17004700000.0,0.0,504400000.0,660900000.0,78.099,-1396200000.0
8,OMC,MRT,2019-09-30,2019-09-30,2019-09-30,2021-10-20,-1348800000.0,23653500000.0,24630950000.0,11600900000.0,12052600000.0,0.605,11.328,-156500000.0,2440400000.0,2440400000.0,0.0,1415700000.0,0.875,8.387,6395300000.0,611300000.0,5784000000.0,6395300000.0,0.0,236600000.0,1059200000.0,0.033,2.55,2079300000.0,2315900000.0,0.155,2315900000.0,2079300000.0,1818600000.0,5.97,5.94,5.97,2464100000.0,2458675000.0,2464100000.0,20985805005.0,10.0,9.062,1572500000.0,7.229,1.0,14899200000.0,1.0,9625900000.0,260700000.0,4722700000.0,3392050000.0,1427900000.0,115700000.0,5200000.0,110500000.0,20666000000.0,13259800000.0,7406200000.0,17032105005.0,341300000.0,45800000.0,-590300000.0,209200000.0,-557300000.0,-1197300000.0,-94800000.0,15900000.0,1729000000.0,-95600000.0,1323300000.0,1323300000.0,1323300000.0,0.0,92400000.0,0.089,12796100000.0,2103100000.0,9439600000.0,0.427,6.912,12.871,13.116,2048100000.0,0.0,78.3,1.143,1.143,6547900000.0,7533100000.0,14899200000.0,14899200000.0,0.0,0.054,0.538,0.613,0.14,70200000.0,12559500000.0,1.0,217523691.0,217523691.0,,68.495,14027600000.0,0.0,495300000.0,615200000.0,64.488,-1658900000.0
9,OMC,MRT,2019-06-30,2019-06-30,2019-06-30,2021-10-20,-1234900000.0,25042100000.0,24339475000.0,12802800000.0,12239300000.0,0.616,10.947,-154700000.0,2898100000.0,2898100000.0,0.0,1434800000.0,0.85,9.162,6851800000.0,1508000000.0,5343800000.0,6851800000.0,0.0,244600000.0,1094100000.0,0.031,2.5,2097600000.0,2342200000.0,0.156,2342200000.0,2097600000.0,1830300000.0,5.97,5.94,5.97,2410200000.0,2438075000.0,2410200000.0,21308235640.0,10.0,9.098,1647600000.0,7.483,1.0,14989700000.0,1.0,9718200000.0,267300000.0,4209500000.0,2753600000.0,1363500000.0,117100000.0,5400000.0,111700000.0,22082700000.0,15068100000.0,7014600000.0,18042735640.0,984800000.0,234800000.0,-629300000.0,601400000.0,-550800000.0,-835400000.0,96000000.0,15900000.0,1802300000.0,-78100000.0,1332000000.0,1332000000.0,1332000000.0,0.0,102800000.0,0.089,13036000000.0,1953700000.0,10445900000.0,0.419,7.486,13.546,13.727,2115100000.0,0.0,81.95,1.204,1.204,7244900000.0,7384700000.0,14989700000.0,14989700000.0,0.0,0.055,0.546,0.762,0.14,69700000.0,12791400000.0,1.0,220167610.0,220167610.0,,68.083,15323900000.0,0.0,498300000.0,561400000.0,69.601,-2265300000.0
10,OMC,MRT,2019-03-31,2019-03-31,2019-03-31,2021-10-20,-1218000000.0,25211200000.0,23621325000.0,13072200000.0,12139000000.0,0.641,10.789,-186700000.0,3449700000.0,3449700000.0,0.0,1435500000.0,0.877,9.216,6715200000.0,1095200000.0,5620000000.0,6715200000.0,0.0,254200000.0,1104100000.0,0.034,2.45,2097000000.0,2351200000.0,0.155,2351200000.0,2097000000.0,1829900000.0,5.89,5.86,5.89,2413300000.0,2415875000.0,2413300000.0,17566591346.0,8.0,7.471,1760800000.0,7.872,1.0,15129500000.0,1.0,9746700000.0,267100000.0,3816900000.0,2377625000.0,1314400000.0,123800000.0,5400000.0,118400000.0,22241600000.0,14913100000.0,7328500000.0,16327191346.0,881600000.0,193500000.0,-623000000.0,590700000.0,-544400000.0,-881900000.0,22700000.0,15900000.0,1947500000.0,-206700000.0,1325500000.0,1325500000.0,1325500000.0,0.0,110000000.0,0.088,13167200000.0,1962300000.0,10342900000.0,0.416,6.766,12.318,12.392,1985200000.0,0.0,72.99,1.079,1.079,7036700000.0,7157000000.0,15129500000.0,15129500000.0,0.0,0.056,0.549,0.882,0.139,69800000.0,12913000000.0,1.0,223690798.0,223690798.0,,67.636,15464500000.0,0.0,504400000.0,603400000.0,69.133,-1840900000.0
11,OMC,MRT,2018-12-31,2018-12-31,2018-12-31,2021-10-20,-1228500000.0,24617000000.0,23196800000.0,13726900000.0,10890100000.0,0.659,11.366,-195700000.0,3652400000.0,3652400000.0,0.0,1440500000.0,0.899,8.445,4891800000.0,507700000.0,4384100000.0,4891800000.0,0.0,264000000.0,1159000000.0,0.033,2.4,2085500000.0,2349500000.0,0.154,2349500000.0,2085500000.0,1819100000.0,5.85,5.83,5.85,2547100000.0,2469150000.0,2547100000.0,19182899637.0,9.0,8.165,1526600000.0,6.812,1.0,15290200000.0,1.0,9767100000.0,266400000.0,819100000.0,1968325000.0,1161500000.0,126400000.0,5500000.0,120900000.0,21510100000.0,15270200000.0,6239900000.0,16413499637.0,-143600000.0,-42000000.0,-568300000.0,0.0,-548500000.0,-1441100000.0,-221800000.0,15900000.0,1722300000.0,-203000000.0,1326400000.0,1326400000.0,1326400000.0,0.0,114100000.0,0.087,13335100000.0,1955100000.0,11464300000.0,0.41,6.444,12.374,12.52,694400000.0,0.0,73.24,1.073,1.073,7666100000.0,7016100000.0,15290200000.0,15290200000.0,0.0,0.057,0.537,1.06,0.136,70500000.0,13071100000.0,1.0,224105675.0,224105675.0,,68.228,14849900000.0,0.0,492700000.0,594300000.0,66.263,-1543300000.0
12,OMC,MRT,2018-09-30,2018-09-30,2018-09-30,2021-10-20,-1186200000.0,22487600000.0,23275350000.0,11575300000.0,10912300000.0,0.661,10.615,-163900000.0,2099100000.0,2099100000.0,0.0,1298600000.0,0.872,8.205,4868500000.0,510700000.0,4357800000.0,4868500000.0,0.0,272400000.0,1142500000.0,0.035,2.4,2073700000.0,2346100000.0,0.153,2346100000.0,2073700000.0,1814000000.0,5.19,5.16,5.19,2381700000.0,2486150000.0,2381700000.0,18236134999.0,9.0,7.773,1777400000.0,7.922,1.0,15380000000.0,1.0,9808000000.0,259700000.0,2168900000.0,2074825000.0,1359200000.0,125600000.0,6700000.0,118900000.0,19541900000.0,13280100000.0,6261800000.0,15261834999.0,256100000.0,-72900000.0,-561900000.0,-22400000.0,-541000000.0,-1397300000.0,-169900000.0,66900000.0,1941300000.0,-118000000.0,1181600000.0,1181600000.0,1181600000.0,0.0,117000000.0,0.077,13425700000.0,1954300000.0,9568200000.0,0.462,6.408,12.916,13.106,673100000.0,0.0,68.02,0.992,0.992,6811000000.0,6751700000.0,15380000000.0,15380000000.0,0.0,0.051,0.475,0.999,0.135,73500000.0,13153300000.0,1.0,224372758.0,224372758.0,,68.547,12679600000.0,0.0,632400000.0,682000000.0,56.511,-1704800000.0
13,OMC,MRT,2018-06-30,2018-06-30,2018-06-30,2021-10-20,-1167300000.0,22169500000.0,23205325000.0,11230100000.0,10939400000.0,0.663,10.213,-177900000.0,1913300000.0,1913300000.0,0.0,1254200000.0,0.89,8.319,4887600000.0,20800000.0,4866800000.0,4887600000.0,0.0,275100000.0,1147100000.0,0.031,2.35,2050700000.0,2325800000.0,0.151,2325800000.0,2050700000.0,1795400000.0,5.0,4.97,5.0,2321400000.0,2521350000.0,2321400000.0,19660876877.0,10.0,8.453,1604100000.0,7.058,1.0,15385200000.0,1.0,9820300000.0,255300000.0,2705600000.0,2281600000.0,1353500000.0,125700000.0,5400000.0,120300000.0,19310600000.0,12617900000.0,6692700000.0,17335376877.0,79300000.0,-210100000.0,-552200000.0,1800000.0,-532600000.0,-1342300000.0,-346500000.0,41500000.0,1782000000.0,-13900000.0,1146300000.0,1146300000.0,1146300000.0,0.0,107900000.0,0.075,13284600000.0,2100600000.0,9568100000.0,0.47,7.468,15.123,15.254,697200000.0,0.0,76.27,1.127,1.127,6760500000.0,6587700000.0,15385200000.0,15385200000.0,0.0,0.049,0.455,0.899,0.133,75300000.0,13009500000.0,1.0,227289588.0,227289588.0,,67.69,12349200000.0,0.0,649100000.0,714400000.0,54.332,-1387800000.0
14,OMC,MRT,2018-03-31,2018-03-31,2018-03-31,2021-10-20,-875100000.0,23513100000.0,23203800000.0,12338500000.0,11174600000.0,0.66,11.406,-160100000.0,2568100000.0,2568100000.0,0.0,1214500000.0,0.907,7.728,4893600000.0,8600000.0,4885000000.0,4893600000.0,0.0,278800000.0,1214300000.0,0.032,2.3,2041500000.0,2320300000.0,0.151,2320300000.0,2041500000.0,1789800000.0,4.8,4.77,4.8,2626400000.0,2505025000.0,2626400000.0,17862249835.0,9.0,7.698,1438300000.0,6.246,1.0,15315700000.0,1.0,10060100000.0,251700000.0,2179700000.0,2315375000.0,1378000000.0,124300000.0,1900000.0,122400000.0,20296300000.0,13598800000.0,6697500000.0,16733549835.0,125900000.0,-178400000.0,-555500000.0,-20300000.0,-523300000.0,-1382900000.0,-277700000.0,60800000.0,1598400000.0,188100000.0,1110700000.0,1110700000.0,1110700000.0,0.0,103800000.0,0.073,13225900000.0,2089800000.0,10159200000.0,0.479,6.371,15.066,15.14,691700000.0,0.0,72.67,1.093,1.093,7198800000.0,6360100000.0,15315700000.0,15315700000.0,0.0,0.048,0.443,0.882,0.133,78400000.0,12947100000.0,1.0,230267646.0,230267646.0,,66.513,13453000000.0,0.0,679100000.0,814100000.0,58.423,-1260300000.0
15,OMC,MRT,2017-12-31,2017-12-31,2017-12-31,2021-10-20,-963000000.0,24931200000.0,22884850000.0,14116000000.0,10815200000.0,0.667,11.344,-156000000.0,3796000000.0,3796000000.0,0.0,1192200000.0,0.934,8.328,4924700000.0,11800000.0,4912900000.0,4924700000.0,0.0,282100000.0,1266700000.0,0.031,2.25,2033200000.0,2315300000.0,0.152,2315300000.0,2033200000.0,1784600000.0,4.68,4.65,4.68,2615100000.0,2382075000.0,2615100000.0,19912793701.0,10.0,8.601,1867900000.0,8.103,1.0,15273600000.0,1.0,9705900000.0,248600000.0,1245100000.0,2315150000.0,1110600000.0,120700000.0,400000.0,120300000.0,21779000000.0,15108900000.0,6670100000.0,16789693701.0,793800000.0,-26300000.0,-557700000.0,-18100000.0,-515200000.0,-1342600000.0,-115400000.0,66900000.0,2023900000.0,227900000.0,1088400000.0,1088400000.0,1088400000.0,0.0,103800000.0,0.071,13189800000.0,2083800000.0,11574600000.0,0.481,6.42,15.426,15.562,690900000.0,0.0,72.83,1.099,1.099,8083800000.0,6210600000.0,15273600000.0,15273600000.0,0.0,0.048,0.457,0.878,0.133,80200000.0,12907700000.0,1.0,230532661.0,230532661.0,,66.254,15225300000.0,0.0,696200000.0,813600000.0,66.044,-992900000.0
16,OMC,MRT,2017-09-30,2017-09-30,2017-09-30,2021-10-20,-958200000.0,22207500000.0,22443400000.0,11417400000.0,10790100000.0,0.683,10.932,-173300000.0,1843000000.0,1843000000.0,0.0,1284800000.0,0.905,7.598,4966100000.0,38700000.0,4927400000.0,4966100000.0,0.0,285000000.0,1132900000.0,0.03,2.2,2034600000.0,2319600000.0,0.151,2319600000.0,2034600000.0,1773800000.0,5.05,5.02,5.05,2522500000.0,2268800000.0,2522500000.0,20207263964.0,10.0,8.712,1287400000.0,5.579,1.0,15338800000.0,1.0,9713400000.0,260800000.0,2996000000.0,2428400000.0,1458100000.0,137100000.0,8000000.0,129100000.0,19165900000.0,12621200000.0,6544700000.0,17091963964.0,-93600000.0,-9500000.0,-647500000.0,7500000.0,-519100000.0,-1443600000.0,-173700000.0,9100000.0,1460700000.0,63000000.0,1184300000.0,1184300000.0,1184300000.0,0.0,100500000.0,0.077,13257900000.0,2080900000.0,9427800000.0,0.436,6.776,14.432,14.667,690500000.0,0.0,74.07,1.114,1.114,7045700000.0,6095100000.0,15338800000.0,15338800000.0,0.0,0.053,0.522,0.838,0.133,84200000.0,12972900000.0,1.0,230754205.0,230754205.0,,66.472,12494100000.0,0.0,589500000.0,793500000.0,54.145,-1203800000.0
17,OMC,MRT,2017-06-30,2017-06-30,2017-06-30,2021-10-20,-1112000000.0,22163400000.0,22242000000.0,11505100000.0,10658300000.0,0.693,9.693,-155500000.0,1834000000.0,1834000000.0,0.0,1276100000.0,0.894,8.601,4949300000.0,19300000.0,4930000000.0,4949300000.0,0.0,289500000.0,1141100000.0,0.027,2.2,2015000000.0,2304500000.0,0.15,2304500000.0,2015000000.0,1766300000.0,4.97,4.95,4.97,2256100000.0,2219150000.0,2256100000.0,21795378512.0,11.0,9.458,1843600000.0,7.921,1.0,15410400000.0,1.0,9574300000.0,248700000.0,2840700000.0,2441325000.0,1401600000.0,166700000.0,40400000.0,126300000.0,19404400000.0,12863700000.0,6540700000.0,19294478512.0,528300000.0,-61300000.0,-678500000.0,1900000.0,-523200000.0,-1490300000.0,16600000.0,233400000.0,1999100000.0,2900000.0,1174500000.0,1174500000.0,1174500000.0,0.0,101600000.0,0.076,13346600000.0,2063800000.0,9849200000.0,0.443,8.552,16.428,16.68,687700000.0,0.0,82.9,1.252,1.252,7142800000.0,5958800000.0,15410400000.0,15410400000.0,0.0,0.053,0.529,0.825,0.131,87100000.0,13057100000.0,1.0,232744011.0,232744011.0,,66.212,12589100000.0,0.0,591800000.0,715400000.0,54.09,-1358600000.0
18,OMC,MRT,2017-03-31,2017-03-31,2017-03-31,2021-10-20,-1253100000.0,22237300000.0,21934950000.0,11728800000.0,10508500000.0,0.707,9.102,-156200000.0,2442200000.0,2442200000.0,0.0,1272900000.0,0.897,9.168,4943100000.0,28600000.0,4914500000.0,4943100000.0,0.0,291400000.0,1176600000.0,0.026,2.2,2005200000.0,2296600000.0,0.148,2296600000.0,2005200000.0,1765000000.0,4.92,4.91,4.92,2134600000.0,2225600000.0,2134600000.0,22165952508.0,11.0,9.652,2054900000.0,8.762,1.0,15505200000.0,1.0,9489300000.0,240200000.0,2178800000.0,2630350000.0,1349700000.0,161300000.0,43600000.0,117700000.0,19570800000.0,13070100000.0,6500700000.0,20218852508.0,694900000.0,-241400000.0,-606600000.0,373700000.0,-514000000.0,-1019500000.0,-410500000.0,-12900000.0,2211100000.0,-86200000.0,1172000000.0,1172000000.0,1172000000.0,0.0,100900000.0,0.076,13451100000.0,2054100000.0,9453500000.0,0.447,9.472,17.252,17.522,678200000.0,0.0,86.21,1.304,1.304,6796800000.0,5758200000.0,15505200000.0,15505200000.0,0.0,0.053,0.527,0.762,0.129,89700000.0,13159700000.0,1.0,234530246.0,234530246.0,,66.112,12748000000.0,0.0,593000000.0,850100000.0,54.355,-1341300000.0
19,OMC,MRT,2016-12-31,2016-12-31,2016-12-31,2021-10-20,-1356000000.0,23165400000.0,21642550000.0,12722000000.0,10443400000.0,0.712,9.166,-165500000.0,3002200000.0,3002200000.0,0.0,1246700000.0,0.908,9.485,4949300000.0,28800000.0,4920500000.0,4949300000.0,0.0,292900000.0,1186600000.0,0.025,2.15,1980400000.0,2273300000.0,0.147,2273300000.0,1980400000.0,1749100000.0,4.8,4.78,4.8,2162000000.0,2285825000.0,2162000000.0,23171717867.0,12.0,10.193,1786900000.0,7.575,1.0,15416900000.0,1.0,9403500000.0,231300000.0,1698100000.0,2482525000.0,1125400000.0,141000000.0,20600000.0,120400000.0,20505800000.0,14010900000.0,6494900000.0,20075817867.0,397000000.0,-308800000.0,-575400000.0,388400000.0,-505400000.0,-998300000.0,-481600000.0,-7300000.0,1952400000.0,-75500000.0,1148600000.0,1148600000.0,1148600000.0,0.0,98100000.0,0.075,13386400000.0,2030500000.0,10476700000.0,0.448,9.286,17.479,17.731,674800000.0,0.0,85.11,1.302,1.302,7510800000.0,5677200000.0,15416900000.0,15416900000.0,0.0,0.053,0.502,0.798,0.128,93400000.0,13093500000.0,1.0,235880835.0,235880835.0,,65.359,13761900000.0,0.0,600500000.0,830100000.0,58.343,-1288900000.0
20,OMC,MRT,2016-09-30,2016-09-30,2016-09-30,2021-10-20,-1089700000.0,21401900000.0,21378875000.0,10831900000.0,10570000000.0,0.717,9.825,-157600000.0,1936600000.0,1936600000.0,0.0,1230600000.0,0.906,7.993,5032500000.0,25200000.0,5007300000.0,5032500000.0,0.0,292700000.0,1126400000.0,0.025,2.1,1928900000.0,2221600000.0,0.145,2221600000.0,1928900000.0,1724300000.0,4.67,4.67,4.67,2323900000.0,2358425000.0,2323900000.0,23833952355.0,12.0,10.728,1936800000.0,8.188,1.0,15328400000.0,1.0,9489500000.0,204600000.0,3047700000.0,2266875000.0,1355000000.0,169800000.0,32600000.0,137200000.0,18575200000.0,11960600000.0,6614600000.0,20105752355.0,509100000.0,-292600000.0,-652500000.0,383700000.0,-497000000.0,-1110900000.0,-480200000.0,-30000000.0,2094400000.0,5800000.0,1129900000.0,1129900000.0,1129900000.0,0.0,100700000.0,0.074,13345900000.0,1982500000.0,8817100000.0,0.45,8.652,17.794,18.201,678900000.0,0.0,85.0,1.312,1.312,6488900000.0,10593300000.0,15328400000.0,15328400000.0,0.0,0.053,0.479,0.851,0.126,116600000.0,13053200000.0,1.0,236538263.0,236538263.0,,64.803,11912400000.0,0.0,594400000.0,756300000.0,50.361,-1128700000.0
21,OMC,MRT,2016-06-30,2016-06-30,2016-06-30,2021-10-20,-1061500000.0,20935200000.0,21142725000.0,10314200000.0,10621000000.0,0.721,9.598,-173900000.0,1305700000.0,1305700000.0,0.0,1219100000.0,0.894,7.959,5033900000.0,11700000.0,5022200000.0,5033900000.0,0.0,291300000.0,1163100000.0,0.025,2.05,1901700000.0,2193000000.0,0.144,2193000000.0,1901700000.0,1704400000.0,4.58,4.58,4.58,2281900000.0,2396950000.0,2281900000.0,22278639758.0,12.0,10.159,1699900000.0,7.15,1.0,15243900000.0,1.0,9525800000.0,197300000.0,3596800000.0,2064100000.0,1365100000.0,368500000.0,231000000.0,137500000.0,18162100000.0,11540800000.0,6621300000.0,19374239758.0,-50300000.0,-302300000.0,-671900000.0,374100000.0,-489100000.0,-1101100000.0,-701300000.0,-225100000.0,1873800000.0,-121700000.0,1115400000.0,1115400000.0,1115400000.0,0.0,103700000.0,0.073,13286200000.0,1957700000.0,8507000000.0,0.448,8.49,17.37,17.793,683400000.0,0.0,81.49,1.271,1.271,6422600000.0,10470700000.0,15243900000.0,15243900000.0,0.0,0.053,0.465,0.921,0.125,110700000.0,12994800000.0,1.0,237749905.0,237749905.0,,64.117,11409400000.0,0.0,589000000.0,708600000.0,47.989,-1226600000.0
22,OMC,MRT,2016-03-31,2016-03-31,2016-03-31,2021-10-20,-949300000.0,21067700000.0,21102800000.0,10545400000.0,10522300000.0,0.719,9.915,-205900000.0,1747300000.0,1747300000.0,0.0,1209900000.0,0.815,7.645,4651700000.0,1039000000.0,3612700000.0,4651700000.0,0.0,291100000.0,1252300000.0,0.024,2.0,1877300000.0,2168400000.0,0.143,2168400000.0,1877300000.0,1689600000.0,4.49,4.48,4.49,2375500000.0,2488175000.0,2375500000.0,21906723890.0,12.0,10.103,1777600000.0,7.419,1.0,15164300000.0,1.0,9445200000.0,187700000.0,1587500000.0,1743150000.0,1361500000.0,140600000.0,2700000.0,137900000.0,18160400000.0,12939400000.0,5221000000.0,19941123890.0,220600000.0,-124100000.0,-640800000.0,9500000.0,-492700000.0,-1403200000.0,-314900000.0,11200000.0,1983500000.0,-44800000.0,1103200000.0,1103200000.0,1103200000.0,0.0,106700000.0,0.073,13229800000.0,1934500000.0,8405800000.0,0.445,8.394,18.076,18.537,690100000.0,0.0,83.23,1.315,1.315,6321400000.0,10275900000.0,15164300000.0,15164300000.0,0.0,0.052,0.443,1.077,0.124,108700000.0,12938700000.0,1.0,239590579.0,239590579.0,,63.293,11622500000.0,0.0,586400000.0,763100000.0,48.51,-2394000000.0
23,OMC,MRT,2015-12-31,2015-12-31,2015-12-31,2021-10-20,-1015400000.0,22110700000.0,20853625000.0,11980500000.0,10130200000.0,0.726,10.123,-202700000.0,2605200000.0,2605200000.0,0.0,1203400000.0,0.843,7.838,4570800000.0,1006600000.0,3564200000.0,4570800000.0,0.0,291100000.0,1283500000.0,0.026,2.0,1858600000.0,2149700000.0,0.142,2149700000.0,1858600000.0,1677500000.0,4.43,4.41,4.43,2452400000.0,2491675000.0,2452400000.0,21516828810.0,12.0,10.009,1996800000.0,8.243,1.0,15134400000.0,1.0,9021200000.0,181100000.0,835500000.0,2126225000.0,1122700000.0,151100000.0,14500000.0,136600000.0,19221300000.0,14219600000.0,5001700000.0,18329028810.0,217100000.0,-60300000.0,-707400000.0,-1100000.0,-496700000.0,-1456300000.0,-263500000.0,-500000.0,2199500000.0,-262600000.0,1093900000.0,1093900000.0,1093900000.0,0.0,109500000.0,0.072,13214300000.0,1920100000.0,9812000000.0,0.451,7.474,16.756,17.079,692700000.0,0.0,75.66,1.211,1.211,7220900000.0,10178200000.0,15134400000.0,15134400000.0,0.0,0.052,0.439,0.874,0.123,99400000.0,12923200000.0,1.0,242255205.0,242255205.0,,62.473,13089500000.0,0.0,583600000.0,788200000.0,54.032,-2239100000.0
24,OMC,MRT,2015-09-30,2015-09-30,2015-09-30,2021-10-20,-981600000.0,20457300000.0,20683050000.0,10252800000.0,10204500000.0,0.734,10.2,-220300000.0,1427500000.0,1427500000.0,0.0,1212200000.0,0.828,7.084,4615300000.0,1013100000.0,3602200000.0,4615300000.0,0.0,295700000.0,1181600000.0,0.03,2.0,1856600000.0,2152300000.0,0.142,2152300000.0,1856600000.0,1680900000.0,4.38,4.35,4.38,2478000000.0,2591075000.0,2478000000.0,19221350464.0,10.0,8.931,1663900000.0,6.849,1.0,15176200000.0,1.0,9021600000.0,175700000.0,2236600000.0,2496675000.0,1455300000.0,139000000.0,2500000.0,136500000.0,17553700000.0,12386900000.0,5166800000.0,16010250465.0,589800000.0,-45800000.0,-670000000.0,726000000.0,-501200000.0,-682600000.0,-238500000.0,34100000.0,1884200000.0,-373300000.0,1091800000.0,1091800000.0,1091800000.0,0.0,120400000.0,0.072,13252200000.0,1924000000.0,8336500000.0,0.457,6.461,14.664,15.046,691300000.0,0.0,65.9,1.055,1.055,6313900000.0,9968800000.0,15176200000.0,15176200000.0,0.0,0.053,0.421,0.744,0.122,67200000.0,12739100000.0,1.0,242947655.0,242947655.0,,62.467,11435700000.0,0.0,589100000.0,854200000.0,47.071,-2134100000.0
25,OMC,MRT,2015-06-30,2015-06-30,2015-06-30,2021-10-20,-759200000.0,20775500000.0,20560875000.0,10500400000.0,10275100000.0,0.74,10.834,-228200000.0,1356000000.0,1356000000.0,0.0,1219100000.0,0.837,6.684,4567100000.0,1019200000.0,3547900000.0,4567100000.0,0.0,298100000.0,1219300000.0,0.029,2.0,1863200000.0,2161300000.0,0.142,2161300000.0,1863200000.0,1690900000.0,4.36,4.33,4.36,2646800000.0,2731150000.0,2646800000.0,20054250261.0,11.0,9.279,1383800000.0,5.664,1.0,15219200000.0,1.0,9124800000.0,172300000.0,2313000000.0,2588500000.0,1511300000.0,142300000.0,6100000.0,136200000.0,17691500000.0,12548800000.0,5142700000.0,16977250261.0,-178700000.0,-49700000.0,-855500000.0,479800000.0,-506700000.0,-1131600000.0,-257100000.0,30300000.0,1612000000.0,-402000000.0,1096300000.0,1096300000.0,1096300000.0,0.0,122800000.0,0.072,13289900000.0,1929300000.0,8622300000.0,0.459,6.414,15.486,15.938,706600000.0,0.0,69.49,1.116,1.116,6501600000.0,9852200000.0,15219200000.0,15219200000.0,0.0,0.053,0.401,0.72,0.122,70000000.0,12848600000.0,1.0,244312135.0,244312135.0,,62.294,11650700000.0,0.0,594600000.0,828600000.0,47.688,-2048400000.0
26,OMC,MRT,2015-03-31,2015-03-31,2015-03-31,2021-10-20,-936700000.0,20071000000.0,20671850000.0,9904900000.0,10166100000.0,0.739,9.685,-208700000.0,1526700000.0,1526700000.0,0.0,1234800000.0,0.899,7.214,4603700000.0,9900000.0,4593800000.0,4603700000.0,0.0,297700000.0,1153300000.0,0.026,2.0,1870300000.0,2168000000.0,0.142,2168000000.0,1870300000.0,1697200000.0,4.33,4.3,4.33,2389500000.0,2933525000.0,2389500000.0,21421365214.0,11.0,9.881,1460100000.0,5.918,1.0,15284800000.0,1.0,9007000000.0,173100000.0,3119800000.0,2620775000.0,1410300000.0,147900000.0,5700000.0,142200000.0,17238300000.0,11021200000.0,6217100000.0,19239265214.0,-555400000.0,-85800000.0,-1273400000.0,498000000.0,-488300000.0,-1519700000.0,-289300000.0,9100000.0,1668800000.0,-415200000.0,1107600000.0,1107600000.0,1107600000.0,0.0,127200000.0,0.072,13345700000.0,1939100000.0,7850200000.0,0.462,8.052,17.37,18.009,681500000.0,0.0,77.98,1.259,1.259,5840100000.0,9661700000.0,15284800000.0,15284800000.0,0.0,0.054,0.378,0.714,0.122,64800000.0,12977100000.0,1.0,246720508.0,246720508.0,,61.952,11064000000.0,0.0,589600000.0,869800000.0,44.844,-1116300000.0
27,OMC,MRT,2014-12-31,2014-12-31,2014-12-31,2021-10-20,-618200000.0,21428400000.0,20926075000.0,11079700000.0,10348700000.0,0.732,11.484,-213000000.0,2388100000.0,2388100000.0,0.0,1233100000.0,0.919,6.353,4549700000.0,7600000.0,4542100000.0,4549700000.0,0.0,294400000.0,1180900000.0,0.025,1.9,1874300000.0,2168700000.0,0.142,2168700000.0,1874300000.0,1697100000.0,4.27,4.24,4.27,2850000000.0,3265775000.0,2850000000.0,22199279267.0,12.0,10.236,1263500000.0,5.091,1.0,15317800000.0,1.0,9211600000.0,177200000.0,2317300000.0,2397150000.0,1166600000.0,150400000.0,2200000.0,148200000.0,18107100000.0,12061100000.0,6046000000.0,19226479267.0,-322400000.0,-74900000.0,-1023700000.0,497000000.0,-468000000.0,-1258100000.0,-266900000.0,21000000.0,1476500000.0,-273900000.0,1104000000.0,1104000000.0,1104000000.0,0.0,129100000.0,0.072,13373700000.0,1944100000.0,8797500000.0,0.445,6.746,17.415,18.143,708000000.0,0.0,77.47,1.255,1.255,6524700000.0,9576900000.0,15317800000.0,15317800000.0,0.0,0.053,0.338,0.782,0.122,63900000.0,13079300000.0,1.0,248179673.0,248179673.0,,61.721,12216800000.0,0.0,593100000.0,845000000.0,49.226,-981400000.0
28,OMC,MRT,2014-09-30,2014-09-30,2014-09-30,2021-10-20,-420100000.0,19968600000.0,21093650000.0,9567200000.0,10401400000.0,0.72,12.097,-227000000.0,837700000.0,837700000.0,0.0,1200400000.0,0.864,5.417,3810500000.0,31600000.0,3778900000.0,3810500000.0,0.0,289300000.0,1130600000.0,0.026,1.8,1846000000.0,2135300000.0,0.141,2135300000.0,1846000000.0,1662200000.0,4.1,4.08,4.1,3038300000.0,3448875000.0,3038300000.0,19822982382.0,11.0,9.283,1255200000.0,4.998,1.0,15180800000.0,1.0,9262200000.0,183800000.0,2603900000.0,2279875000.0,1528000000.0,166200000.0,12600000.0,153600000.0,16457200000.0,11075300000.0,5381900000.0,17294682382.0,-683800000.0,-71600000.0,-846700000.0,-238300000.0,-446500000.0,-1733000000.0,-292800000.0,-17300000.0,1482200000.0,-140200000.0,1074900000.0,1074900000.0,1074900000.0,0.0,125500000.0,0.071,13265000000.0,1915800000.0,7448600000.0,0.439,5.692,16.09,16.795,713600000.0,0.0,68.86,1.139,1.139,6135700000.0,9373600000.0,15180800000.0,15180800000.0,0.0,0.051,0.312,0.81,0.122,67100000.0,13265000000.0,1.0,251157165.0,251157165.0,,60.443,10706400000.0,0.0,587300000.0,1008500000.0,42.628,-1508100000.0
29,OMC,MRT,2014-06-30,2014-06-30,2014-06-30,2021-10-20,-96500000.0,21219400000.0,21319200000.0,10546500000.0,10672900000.0,0.7,13.374,-234500000.0,1534700000.0,1534700000.0,0.0,1151500000.0,0.893,4.997,4063000000.0,277800000.0,3785200000.0,4063000000.0,0.0,286200000.0,1169500000.0,0.024,1.7,1788300000.0,2074500000.0,0.139,2074500000.0,1788300000.0,1596200000.0,3.89,3.87,3.89,3456300000.0,3524375000.0,3456300000.0,20363253776.0,11.0,9.816,1320500000.0,5.109,1.0,14921700000.0,1.0,9494500000.0,192100000.0,2442100000.0,2354100000.0,1462900000.0,165800000.0,9900000.0,155900000.0,17270800000.0,11811100000.0,5459700000.0,18406153776.0,134800000.0,-60800000.0,-570700000.0,11000000.0,-423500000.0,-1198300000.0,-283100000.0,-13900000.0,1555000000.0,61200000.0,1027100000.0,1027100000.0,1027100000.0,0.0,124400000.0,0.069,13060100000.0,1861600000.0,8015400000.0,0.437,5.325,17.921,18.308,737200000.0,0.0,71.22,1.234,1.234,6499200000.0,9257100000.0,14921700000.0,14921700000.0,0.0,0.048,0.291,0.76,0.12,61500000.0,13060100000.0,1.0,258440800.0,258440800.0,,57.737,11724900000.0,0.0,569100000.0,907200000.0,45.368,-1264600000.0
30,OMC,MRT,2014-03-31,2014-03-31,2014-03-31,2021-10-20,-169700000.0,21087900000.0,21145600000.0,10576600000.0,10511300000.0,0.695,14.401,-216300000.0,2082100000.0,2082100000.0,0.0,1114700000.0,0.924,4.54,4039200000.0,260600000.0,3778600000.0,4039200000.0,0.0,284600000.0,1153600000.0,0.022,1.6,1759600000.0,2044200000.0,0.139,2044200000.0,1759600000.0,1563800000.0,3.74,3.73,3.74,3718500000.0,3424225000.0,3718500000.0,20074875885.0,11.0,9.82,1372100000.0,5.314,1.0,14687800000.0,1.0,9371400000.0,195800000.0,2225300000.0,2451950000.0,1488600000.0,140500000.0,7000000.0,133500000.0,16881600000.0,11448300000.0,5433300000.0,18745675885.0,10300000.0,-43800000.0,-289200000.0,-410800000.0,-424300000.0,-1292400000.0,-234300000.0,9200000.0,1588400000.0,-51400000.0,991400000.0,991400000.0,991400000.0,0.0,123300000.0,0.067,12851600000.0,1836200000.0,7403400000.0,0.428,5.041,18.908,19.412,732000000.0,0.0,72.6,1.276,1.276,6006600000.0,9060800000.0,14687800000.0,14687800000.0,0.0,0.047,0.29,0.718,0.12,52000000.0,12851600000.0,1.0,258204902.0,258204902.0,,56.884,11716500000.0,0.0,572400000.0,962700000.0,45.377,-871700000.0
31,OMC,MRT,2013-12-31,2013-12-31,2013-12-31,2021-10-20,-191600000.0,22098700000.0,21100700000.0,11652300000.0,10446400000.0,0.691,13.92,-212000000.0,2710500000.0,2710500000.0,0.0,1111600000.0,0.949,5.033,4039700000.0,6300000.0,4033400000.0,4039700000.0,0.0,284800000.0,1242200000.0,0.022,1.6,1753500000.0,2038300000.0,0.14,2038300000.0,1753500000.0,1556300000.0,3.73,3.71,3.73,3582400000.0,3287875000.0,3582400000.0,21672428274.0,12.0,10.633,1597000000.0,6.205,1.0,14584500000.0,1.0,9302000000.0,197200000.0,1848200000.0,2696300000.0,1288000000.0,150000000.0,18200000.0,131800000.0,18030800000.0,12277700000.0,5753100000.0,19139928274.0,32200000.0,-32800000.0,-523000000.0,-407100000.0,-318400000.0,-1419800000.0,-228200000.0,0.0,1809000000.0,-128800000.0,991100000.0,991100000.0,991100000.0,0.0,120500000.0,0.068,12759200000.0,1825300000.0,8358900000.0,0.429,5.343,19.312,19.938,737400000.0,0.0,74.37,1.312,1.312,6632600000.0,8961200000.0,14584500000.0,14584500000.0,0.0,0.047,0.301,0.65,0.12,48500000.0,12759200000.0,1.0,257360875.0,257360875.0,,56.669,12796700000.0,0.0,565200000.0,1125900000.0,49.723,-625400000.0
32,OMC,MRT,2013-09-30,2013-09-30,2013-09-30,2021-10-20,-220600000.0,20870800000.0,21114000000.0,10465400000.0,10405400000.0,0.685,12.988,-190900000.0,1521500000.0,1521500000.0,0.0,1114700000.0,0.931,5.108,4054000000.0,18600000.0,4035400000.0,4054000000.0,0.0,285000000.0,1280400000.0,0.024,1.5,1722000000.0,2007000000.0,0.139,2007000000.0,1722000000.0,1523900000.0,3.72,3.71,3.72,3340300000.0,3257475000.0,3340300000.0,18967021636.0,11.0,9.45,1320200000.0,5.133,1.0,14471000000.0,1.0,9267100000.0,198100000.0,2900800000.0,2922450000.0,1328300000.0,165100000.0,12900000.0,152200000.0,17062800000.0,11235400000.0,5827400000.0,16316321636.0,-434800000.0,-41900000.0,-649800000.0,-398900000.0,-375000000.0,-1613800000.0,-215300000.0,17500000.0,1511100000.0,-116800000.0,997700000.0,997700000.0,997700000.0,0.0,117000000.0,0.069,12648900000.0,1822100000.0,7533100000.0,0.403,4.885,16.354,17.054,701600000.0,0.0,63.44,1.128,1.128,6577800000.0,8766700000.0,14471000000.0,14471000000.0,0.0,0.047,0.306,0.589,0.119,42900000.0,12648900000.0,1.0,257192964.0,257192964.0,,56.265,11603700000.0,0.0,526200000.0,1114200000.0,45.117,-770000000.0
33,OMC,MRT,2013-06-30,2013-06-30,2013-06-30,2021-10-20,-397400000.0,20525000000.0,21095800000.0,10288200000.0,10236800000.0,0.682,11.817,-182500000.0,1399900000.0,1399900000.0,0.0,1123600000.0,0.916,5.569,4050600000.0,13100000.0,4037500000.0,4050600000.0,0.0,285900000.0,1204700000.0,0.022,1.4,1729700000.0,2015600000.0,0.14,2015600000.0,1729700000.0,1534300000.0,3.73,3.71,3.73,3055700000.0,3262050000.0,3055700000.0,18643644645.0,11.0,9.25,1178000000.0,4.556,1.0,14387100000.0,1.0,9115100000.0,195400000.0,2833500000.0,3053800000.0,1258100000.0,162100000.0,14700000.0,147400000.0,17015700000.0,11227100000.0,5788600000.0,16257144645.0,-265400000.0,-49700000.0,-810100000.0,120400000.0,-351000000.0,-1278700000.0,-218600000.0,13600000.0,1360500000.0,-128600000.0,1005600000.0,1005600000.0,1005600000.0,0.0,118000000.0,0.07,12557100000.0,1830000000.0,7797700000.0,0.375,5.32,16.167,16.855,687100000.0,0.0,62.87,1.13,1.13,6637000000.0,8676500000.0,14387100000.0,14387100000.0,0.0,0.048,0.308,0.566,0.12,24500000.0,12557100000.0,1.0,258583500.0,258583500.0,,55.638,11409900000.0,0.0,528700000.0,1062300000.0,44.125,-938900000.0
34,OMC,MRT,2013-03-31,2013-03-31,2013-03-31,2021-10-20,-300400000.0,20908300000.0,20991175000.0,10601200000.0,10307100000.0,0.682,12.139,-218900000.0,2071800000.0,2071800000.0,0.0,1116200000.0,0.969,5.436,4458300000.0,12000000.0,4446300000.0,4458300000.0,0.0,284500000.0,1243800000.0,0.022,1.3,1716000000.0,2000500000.0,0.14,2000500000.0,1716000000.0,1525800000.0,3.67,3.64,3.67,3173100000.0,3315600000.0,3173100000.0,17173795730.0,10.0,8.585,1023200000.0,3.914,1.0,14311100000.0,1.0,9148800000.0,190200000.0,3202700000.0,3006825000.0,1188900000.0,172900000.0,18500000.0,154400000.0,17250200000.0,10943300000.0,6306900000.0,15396795730.0,569100000.0,-103200000.0,-1004100000.0,1273400000.0,-328000000.0,-252100000.0,-329600000.0,-7500000.0,1242100000.0,-91300000.0,998800000.0,998800000.0,998800000.0,0.0,117400000.0,0.07,12497700000.0,1813400000.0,7294700000.0,0.354,4.852,15.415,16.049,708000000.0,0.0,58.9,1.076,1.076,6313200000.0,8492900000.0,14311100000.0,14311100000.0,0.0,0.048,0.301,0.571,0.12,-10100000.0,12497700000.0,1.0,261405700.0,261405700.0,,54.747,11759500000.0,0.0,527000000.0,1182300000.0,44.986,-342100000.0
35,OMC,MRT,2012-12-31,2012-12-31,2012-12-31,2021-10-20,-129500000.0,22151900000.0,20719975000.0,11661400000.0,10490500000.0,0.686,13.1,-226300000.0,2678300000.0,2678300000.0,0.0,1117500000.0,0.982,5.258,4455300000.0,6800000.0,4448500000.0,4455300000.0,0.0,282700000.0,1231500000.0,0.024,1.2,1705100000.0,1987800000.0,0.14,1987800000.0,1705100000.0,1525400000.0,3.64,3.61,3.64,3460800000.0,3417075000.0,3460800000.0,15704262776.0,9.0,7.9,1225000000.0,4.637,1.0,14219400000.0,1.0,9300300000.0,179700000.0,2752800000.0,2608450000.0,1008400000.0,175800000.0,20600000.0,155200000.0,18195600000.0,11875800000.0,6319800000.0,13198462776.0,897100000.0,-132700000.0,-917300000.0,1269900000.0,-397800000.0,-220100000.0,-350400000.0,8600000.0,1451300000.0,16300000.0,998300000.0,998300000.0,998300000.0,0.0,119200000.0,0.07,12415200000.0,1804200000.0,8296700000.0,0.33,3.814,13.221,13.725,723800000.0,0.0,49.96,0.928,0.928,6958200000.0,8394400000.0,14219400000.0,14219400000.0,0.0,0.048,0.292,0.654,0.12,-4500000.0,12415200000.0,1.0,264180600.0,264180600.0,,53.825,12851600000.0,0.0,527100000.0,1197400000.0,48.647,-214400000.0
36,OMC,MRT,2012-09-30,2012-09-30,2012-09-30,2021-10-20,-120700000.0,20798000000.0,20308350000.0,10397100000.0,10400900000.0,0.696,12.644,-230000000.0,1956300000.0,1956300000.0,0.0,1081000000.0,0.971,5.047,4462100000.0,11500000.0,4450600000.0,4462100000.0,0.0,280700000.0,1191500000.0,0.022,1.15,1679600000.0,1960300000.0,0.139,1960300000.0,1679600000.0,1509800000.0,3.48,3.44,3.48,3358600000.0,3427950000.0,3358600000.0,15968864080.0,10.0,8.146,1384900000.0,5.214,1.0,14127800000.0,1.0,9175400000.0,169800000.0,3426200000.0,2250650000.0,700200000.0,209000000.0,16500000.0,192500000.0,16951300000.0,10702200000.0,6249100000.0,13695264080.0,1055700000.0,-206200000.0,-912300000.0,1266900000.0,-305500000.0,-151600000.0,-429500000.0,6700000.0,1614900000.0,21900000.0,963100000.0,963100000.0,963100000.0,0.0,117900000.0,0.068,12384200000.0,1743600000.0,7430200000.0,0.33,4.078,14.22,14.816,700000000.0,0.0,51.56,0.969,0.969,6260200000.0,8168100000.0,14127800000.0,14127800000.0,0.0,0.047,0.281,0.746,0.119,2100000.0,12384200000.0,1.0,265618000.0,265618000.0,,53.188,11622600000.0,0.0,546700000.0,1076900000.0,43.757,-305100000.0
37,OMC,MRT,2012-06-30,2012-06-30,2012-06-30,2021-10-20,-216200000.0,20106500000.0,19842850000.0,9857500000.0,10249000000.0,0.711,11.994,-217200000.0,1665300000.0,1665300000.0,0.0,1076300000.0,0.922,5.007,3938900000.0,12800000.0,3926100000.0,3938900000.0,0.0,278500000.0,1279000000.0,0.023,1.1,1669800000.0,1948300000.0,0.138,1948300000.0,1669800000.0,1508000000.0,3.46,3.42,3.46,3269900000.0,3450000000.0,3269900000.0,14939775000.0,9.0,7.668,1518000000.0,5.568,1.0,14102100000.0,1.0,9044700000.0,161800000.0,2645600000.0,1944750000.0,698700000.0,200500000.0,14700000.0,185800000.0,16371400000.0,10689800000.0,5681600000.0,13249575000.0,679000000.0,-247200000.0,-782000000.0,696500000.0,-293400000.0,-506900000.0,-441700000.0,22700000.0,1735200000.0,-107600000.0,962900000.0,962900000.0,962900000.0,0.0,113400000.0,0.068,12372400000.0,1729700000.0,7461100000.0,0.318,4.052,13.76,14.046,698200000.0,0.0,48.6,0.94,0.94,6041500000.0,8045800000.0,14102100000.0,14102100000.0,0.0,0.049,0.279,0.859,0.118,18600000.0,12372400000.0,1.0,272625000.0,272625000.0,,51.727,11061800000.0,0.0,545100000.0,1031400000.0,40.575,-832300000.0
38,OMC,MRT,2012-03-31,2012-03-31,2012-03-31,2021-10-20,-96200000.0,19823500000.0,19605400000.0,9620500000.0,10203000000.0,0.716,13.119,-192000000.0,1502700000.0,1502700000.0,0.0,1069300000.0,0.885,4.406,3192900000.0,12100000.0,3180800000.0,3192900000.0,0.0,277800000.0,1289800000.0,0.021,1.05,1651300000.0,1929100000.0,0.138,1929100000.0,1651300000.0,1496600000.0,3.41,3.36,3.41,3579000000.0,3521100000.0,3579000000.0,15229473250.0,9.0,7.895,1299700000.0,4.764,1.0,14028500000.0,1.0,9037300000.0,154700000.0,1609200000.0,1804250000.0,708700000.0,191700000.0,5800000.0,185900000.0,15770500000.0,10867200000.0,4903300000.0,13817573250.0,-9500000.0,-222700000.0,-590000000.0,-51000000.0,-281000000.0,-1068000000.0,-392400000.0,22300000.0,1491700000.0,-40800000.0,955300000.0,955300000.0,955300000.0,0.0,114000000.0,0.068,12317100000.0,1711400000.0,7230400000.0,0.308,3.861,14.464,14.853,687400000.0,0.0,50.65,0.985,0.985,5932400000.0,7844700000.0,14028500000.0,14028500000.0,0.0,0.049,0.271,0.915,0.118,46900000.0,12317100000.0,1.0,272805000.0,272805000.0,,51.423,10786200000.0,0.0,541300000.0,1082100000.0,39.538,-1246700000.0
39,OMC,MRT,2011-12-31,2011-12-31,2011-12-31,2021-10-20,-191700000.0,20505400000.0,19441650000.0,10421500000.0,10083900000.0,0.714,12.703,-185500000.0,1781200000.0,1781200000.0,0.0,1060400000.0,0.893,4.716,3193100000.0,10200000.0,3182900000.0,3193100000.0,0.0,273700000.0,1225300000.0,0.022,1.0,1616500000.0,1890200000.0,0.136,1890200000.0,1616500000.0,1458400000.0,3.38,3.33,3.38,3504300000.0,3507500000.0,3504300000.0,14599462920.0,9.0,7.724,1129800000.0,4.095,1.0,13872500000.0,1.0,8924700000.0,158100000.0,1321600000.0,1801125000.0,1017500000.0,208000000.0,23800000.0,184200000.0,16525600000.0,11671000000.0,4854600000.0,12298462920.0,-507500000.0,-403700000.0,-731500000.0,-43200000.0,-269100000.0,-1205700000.0,-574600000.0,14600000.0,1315300000.0,-42500000.0,952600000.0,952600000.0,952600000.0,0.0,107800000.0,0.069,12201400000.0,1671100000.0,8060000000.0,0.296,3.51,12.91,13.189,682900000.0,0.0,44.58,0.887,0.887,6632000000.0,7724100000.0,13872500000.0,13872500000.0,0.0,0.049,0.272,0.897,0.117,44100000.0,12201400000.0,1.0,275874000.0,275874000.0,,50.286,11580700000.0,0.0,505800000.0,1104600000.0,41.978,-1249500000.0
40,OMC,MRT,2011-09-30,2011-09-30,2011-09-30,2021-10-20,-164600000.0,18936000000.0,19206825000.0,8974700000.0,9961300000.0,0.708,12.333,-169800000.0,900600000.0,900600000.0,0.0,1031700000.0,0.88,4.359,3201600000.0,17400000.0,3184200000.0,3201600000.0,0.0,271000000.0,1224400000.0,0.026,0.95,1573100000.0,1844100000.0,0.136,1844100000.0,1573100000.0,1415700000.0,3.25,3.19,3.25,3446800000.0,3526550000.0,3446800000.0,12522585320.0,8.0,6.791,1275200000.0,4.563,1.0,13606400000.0,1.0,8833500000.0,157400000.0,2202600000.0,1806525000.0,799100000.0,210400000.0,11400000.0,199000000.0,15023300000.0,10200900000.0,4822400000.0,10295785320.0,-788700000.0,-351500000.0,-1324300000.0,-33900000.0,-259500000.0,-1739300000.0,-497200000.0,24100000.0,1445000000.0,2800000.0,927200000.0,927200000.0,927200000.0,0.0,104500000.0,0.068,11983200000.0,1623200000.0,6948100000.0,0.292,2.987,11.104,11.335,632100000.0,0.0,36.84,0.757,0.757,5971400000.0,7522000000.0,13606400000.0,13606400000.0,0.0,0.048,0.263,0.871,0.116,14500000.0,11983200000.0,1.0,279473000.0,279473000.0,,48.686,10102500000.0,0.0,488500000.0,993000000.0,36.148,-1226200000.0
41,OMC,MRT,2011-06-30,2011-06-30,2011-06-30,2021-10-20,73900000.0,19156700000.0,19043500000.0,9034400000.0,10122300000.0,0.694,12.643,-171700000.0,986300000.0,986300000.0,0.0,998400000.0,0.872,4.257,3213100000.0,65700000.0,3147400000.0,3213100000.0,0.0,263700000.0,1233900000.0,0.019,0.9,1520100000.0,1783800000.0,0.135,1783800000.0,1520100000.0,1366400000.0,3.1,3.04,3.1,3554300000.0,3694150000.0,3554300000.0,15205887360.0,10.0,8.524,1224300000.0,4.355,1.0,13220100000.0,1.0,8945100000.0,153700000.0,2083600000.0,1767625000.0,782400000.0,226600000.0,17000000.0,209600000.0,15129900000.0,10354800000.0,4775100000.0,13538787360.0,452600000.0,-337400000.0,-1279200000.0,1014200000.0,-250500000.0,-620300000.0,-495200000.0,13900000.0,1396000000.0,172100000.0,898100000.0,898100000.0,898100000.0,0.0,100300000.0,0.068,11656200000.0,1563900000.0,7155600000.0,0.29,3.809,15.075,15.535,663400000.0,0.0,48.16,1.024,1.024,5981000000.0,7388400000.0,13220100000.0,13220100000.0,0.0,0.047,0.243,0.86,0.115,17100000.0,11656200000.0,1.0,281121000.0,281121000.0,,47.026,10211600000.0,0.0,468300000.0,963100000.0,36.325,-1320400000.0
42,OMC,MRT,2011-03-31,2011-03-31,2011-03-31,2021-10-20,14700000.0,19168500000.0,18336625000.0,9165900000.0,10002600000.0,0.697,12.409,-167600000.0,1512200000.0,1512200000.0,0.0,960000000.0,0.882,4.308,3179300000.0,64100000.0,3115200000.0,3179300000.0,0.0,256200000.0,1249500000.0,0.017,0.85,1456400000.0,1712600000.0,0.134,1712600000.0,1456400000.0,1309700000.0,2.92,2.87,2.92,3524600000.0,3747400000.0,3524600000.0,14822257100.0,10.0,8.655,1421400000.0,5.004,1.0,12773900000.0,1.0,8842000000.0,146700000.0,1596700000.0,1517300000.0,803100000.0,209700000.0,5600000.0,204100000.0,15184200000.0,10396900000.0,4787300000.0,13934757100.0,611800000.0,-343900000.0,-1239700000.0,977000000.0,-240700000.0,-598100000.0,-489400000.0,22100000.0,1589000000.0,110300000.0,866300000.0,866300000.0,866300000.0,0.0,93700000.0,0.068,11282700000.0,1491200000.0,6918000000.0,0.291,3.954,16.085,16.801,661600000.0,0.0,49.06,1.091,1.091,5470800000.0,7183000000.0,12773900000.0,12773900000.0,0.0,0.047,0.231,0.96,0.114,17700000.0,11282700000.0,1.0,284035000.0,284035000.0,,44.973,10326500000.0,0.0,443400000.0,947900000.0,36.356,-1231000000.0
43,OMC,MRT,2010-12-31,2010-12-31,2010-12-31,2021-10-20,-106400000.0,19566100000.0,17751875000.0,10194100000.0,9372000000.0,0.707,11.886,-153700000.0,2288700000.0,2288700000.0,0.0,923700000.0,0.925,4.377,3176200000.0,51600000.0,3124600000.0,3176200000.0,0.0,253000000.0,1187100000.0,0.017,0.8,1422600000.0,1675600000.0,0.134,1675600000.0,1422600000.0,1287900000.0,2.74,2.7,2.74,3580500000.0,3846700000.0,3580500000.0,15328146200.0,11.0,9.148,1334300000.0,4.429,1.0,12542500000.0,1.0,8087300000.0,134700000.0,1343200000.0,1407150000.0,707600000.0,310400000.0,11300000.0,299100000.0,15673000000.0,11023100000.0,4649900000.0,13796746200.0,701700000.0,-152100000.0,-1172900000.0,958600000.0,-229700000.0,-537300000.0,-293700000.0,12100000.0,1488000000.0,44700000.0,827700000.0,827700000.0,827700000.0,0.0,96000000.0,0.066,11082300000.0,1460200000.0,7726900000.0,0.292,3.853,16.669,16.715,653300000.0,0.0,45.8,1.1,1.1,5977200000.0,7052500000.0,12542500000.0,12542500000.0,0.0,0.047,0.215,1.011,0.113,24700000.0,11082300000.0,1.0,301239000.0,301239000.0,,41.636,11478800000.0,14200000.0,460200000.0,924000000.0,38.105,-829000000.0
44,OMC,MRT,2010-09-30,2010-09-30,2010-09-30,2021-10-20,-58300000.0,18282700000.0,17340525000.0,9132300000.0,9150400000.0,0.705,13.662,-135300000.0,1689300000.0,1689300000.0,0.0,901900000.0,0.933,3.371,3220700000.0,316100000.0,2904600000.0,3220700000.0,0.0,254600000.0,1101500000.0,0.019,0.75,1386300000.0,1640900000.0,0.134,1640900000.0,1386300000.0,1256300000.0,2.64,2.61,2.64,4117200000.0,4000275000.0,4117200000.0,13571274360.0,10.0,8.271,1186700000.0,3.938,1.0,12221600000.0,1.0,7982900000.0,130000000.0,2047000000.0,1233075000.0,750600000.0,289000000.0,9000000.0,280000000.0,13881100000.0,9784200000.0,4096900000.0,11897574360.0,1091900000.0,-140200000.0,-455000000.0,802300000.0,-216000000.0,0.0,-257700000.0,17800000.0,1322000000.0,27600000.0,810800000.0,810800000.0,810800000.0,0.0,91100000.0,0.066,10801500000.0,1420100000.0,6592600000.0,0.284,2.89,14.674,14.955,637400000.0,0.0,39.48,0.973,0.973,5516900000.0,6863900000.0,12221600000.0,12221600000.0,0.0,0.047,0.203,1.124,0.113,57400000.0,10801500000.0,1.0,301357000.0,301357000.0,,40.555,10299800000.0,12000000.0,445500000.0,740200000.0,34.178,-651900000.0
45,OMC,MRT,2010-06-30,2010-06-30,2010-06-30,2021-10-20,-278900000.0,16329200000.0,16820200000.0,7454800000.0,8874400000.0,0.717,12.273,-130400000.0,533700000.0,533700000.0,0.0,889000000.0,0.809,3.269,2207400000.0,305800000.0,1901600000.0,2207400000.0,0.0,252300000.0,1074000000.0,0.02,0.7,1368600000.0,1620900000.0,0.134,1620900000.0,1368600000.0,1240900000.0,2.59,2.57,2.59,3767300000.0,3979650000.0,3767300000.0,11873322200.0,9.0,7.325,1321200000.0,4.304,1.0,12064600000.0,1.0,7701000000.0,127700000.0,1082300000.0,1129350000.0,711100000.0,300700000.0,9400000.0,291300000.0,12316800000.0,9219600000.0,3097200000.0,10528522200.0,133800000.0,-151400000.0,-465400000.0,-244500000.0,-202000000.0,-1028300000.0,-249000000.0,32800000.0,1451600000.0,-40500000.0,801800000.0,801800000.0,801800000.0,0.0,87200000.0,0.066,10663800000.0,1400800000.0,6351500000.0,0.27,2.795,13.131,13.243,628500000.0,0.0,34.3,0.873,0.873,5140600000.0,6749800000.0,12064600000.0,12064600000.0,0.0,0.048,0.201,1.212,0.113,62900000.0,10663800000.0,1.0,306954000.0,306954000.0,,39.304,8628200000.0,22600000.0,439100000.0,673300000.0,28.109,-1764800000.0
46,OMC,MRT,2010-03-31,2010-03-31,2010-03-31,2021-10-20,-153500000.0,16829500000.0,16709250000.0,7851000000.0,8978500000.0,0.712,12.633,-132500000.0,900400000.0,900400000.0,0.0,874000000.0,0.85,3.229,2245200000.0,29900000.0,2215300000.0,2245200000.0,0.0,249000000.0,1023000000.0,0.017,0.65,1352700000.0,1601700000.0,0.135,1601700000.0,1352700000.0,1227500000.0,2.54,2.53,2.54,3921800000.0,4002700000.0,3921800000.0,12719186880.0,9.0,7.941,1549600000.0,4.991,1.0,11894100000.0,1.0,7783100000.0,125200000.0,1156100000.0,1346925000.0,673900000.0,283100000.0,8000000.0,275100000.0,12664600000.0,9235100000.0,3429500000.0,12048486880.0,488000000.0,-155300000.0,-233800000.0,-516400000.0,-187300000.0,-1085300000.0,-248500000.0,39300000.0,1682100000.0,139700000.0,791900000.0,791900000.0,791900000.0,0.0,82100000.0,0.067,10510600000.0,1383500000.0,6406400000.0,0.256,3.072,15.215,15.28,647500000.0,0.0,38.81,1.013,1.013,5184300000.0,6567300000.0,11894100000.0,11894100000.0,0.0,0.047,0.198,1.004,0.114,83200000.0,10510600000.0,1.0,310448000.0,310448000.0,,38.313,9046400000.0,38200000.0,435600000.0,680800000.0,29.14,-1384100000.0
47,OMC,MRT,2009-12-31,2009-12-31,2009-12-31,2021-10-20,-8000000.0,17920700000.0,16392050000.0,8788500000.0,9132200000.0,0.715,13.478,-130600000.0,1587000000.0,1587000000.0,0.0,871400000.0,0.872,3.211,2257700000.0,37100000.0,2220600000.0,2257700000.0,0.0,242800000.0,1059300000.0,0.015,0.6,1348800000.0,1591600000.0,0.136,1591600000.0,1348800000.0,1226600000.0,2.54,2.53,2.54,4194800000.0,3855075000.0,4194800000.0,14000524300.0,10.0,8.797,1601000000.0,5.144,1.0,11720700000.0,1.0,7862000000.0,122200000.0,646900000.0,1628225000.0,607600000.0,307200000.0,7800000.0,299400000.0,13467900000.0,10082500000.0,3385400000.0,12185124300.0,489700000.0,-137400000.0,3600000.0,-815700000.0,-187100000.0,-1128000000.0,-226000000.0,42000000.0,1731600000.0,112100000.0,793000000.0,793000000.0,793000000.0,0.0,78400000.0,0.068,10345800000.0,1374900000.0,7143900000.0,0.236,2.905,15.366,15.413,677300000.0,0.0,39.15,1.04,1.04,5574100000.0,6465400000.0,11720700000.0,11720700000.0,0.0,0.048,0.206,0.828,0.115,78600000.0,10345800000.0,1.0,311242000.0,311242000.0,,37.658,10058700000.0,40000000.0,433600000.0,644800000.0,32.318,-1294000000.0
48,OMC,MRT,2009-09-30,2009-09-30,2009-09-30,2021-10-20,8900000.0,16201400000.0,16241475000.0,7109700000.0,9091700000.0,0.728,12.983,-154000000.0,597400000.0,597400000.0,0.0,913100000.0,0.826,2.957,2412800000.0,176800000.0,2236000000.0,2412800000.0,0.0,233500000.0,1001200000.0,0.016,0.6,1406200000.0,1639700000.0,0.139,1639700000.0,1406200000.0,1285500000.0,2.69,2.67,2.69,4034700000.0,3687075000.0,4034700000.0,13537432980.0,10.0,8.256,1458900000.0,4.695,1.0,11826300000.0,1.0,7779700000.0,120700000.0,1632100000.0,1991225000.0,669000000.0,331700000.0,15900000.0,315800000.0,11928800000.0,8605000000.0,3323800000.0,11479732980.0,66800000.0,-85400000.0,4200000.0,-826100000.0,-187000000.0,-1172800000.0,-254600000.0,-15200000.0,1612900000.0,-118700000.0,834500000.0,834500000.0,834500000.0,0.0,78600000.0,0.071,10402600000.0,1423700000.0,5893200000.0,0.223,2.845,13.756,13.732,694300000.0,0.0,36.94,0.971,0.971,4812500000.0,6282800000.0,11826300000.0,11826300000.0,0.0,0.051,0.226,0.706,0.119,71700000.0,10402600000.0,1.0,310767000.0,310767000.0,,38.055,8421700000.0,33600000.0,451000000.0,526500000.0,27.1,-1495300000.0
49,OMC,MRT,2009-06-30,2009-06-30,2009-06-30,2021-10-20,-32900000.0,15885400000.0,16525925000.0,6899800000.0,8985600000.0,0.745,12.416,-182800000.0,399900000.0,399900000.0,0.0,971700000.0,0.828,3.057,2457600000.0,44100000.0,2413500000.0,2457600000.0,0.0,233900000.0,934300000.0,0.019,0.6,1483200000.0,1717100000.0,0.14,1717100000.0,1483200000.0,1361200000.0,2.84,2.82,2.84,3859500000.0,3593700000.0,3859500000.0,12168485100.0,8.0,7.087,1412300000.0,4.543,1.0,12304900000.0,1.0,7661600000.0,122000000.0,1952600000.0,2277150000.0,614100000.0,327200000.0,12000000.0,315200000.0,11798500000.0,8328900000.0,3469600000.0,9816485100.0,-515900000.0,-214500000.0,-419200000.0,-624300000.0,-188200000.0,-1427400000.0,-411900000.0,-14600000.0,1595100000.0,-271700000.0,882500000.0,882500000.0,882500000.0,0.0,89200000.0,0.072,10802600000.0,1502300000.0,5893500000.0,0.211,2.543,11.123,11.12,704800000.0,0.0,31.58,0.798,0.798,4940300000.0,6164000000.0,12304900000.0,12304900000.0,0.0,0.053,0.246,0.651,0.121,63900000.0,10802600000.0,1.0,310845000.0,310845000.0,,39.585,8223800000.0,31900000.0,478700000.0,469400000.0,26.456,-1429100000.0
50,OMC,MRT,2009-03-31,2009-03-31,2009-03-31,2021-10-20,-363100000.0,15560700000.0,17225475000.0,6939900000.0,8620800000.0,0.75,10.714,-193300000.0,412400000.0,412400000.0,0.0,1059800000.0,0.837,3.609,2764400000.0,46300000.0,2718100000.0,2764400000.0,0.0,234500000.0,949400000.0,0.026,0.6,1598300000.0,1832800000.0,0.142,1832800000.0,1598300000.0,1472300000.0,3.05,3.02,3.05,3331300000.0,3694325000.0,3331300000.0,9251708800.0,6.0,5.048,1480100000.0,4.76,1.0,12911100000.0,1.0,7339600000.0,126000000.0,2281300000.0,2457475000.0,636800000.0,314500000.0,14800000.0,299700000.0,12023100000.0,8291800000.0,3731300000.0,7275808800.0,-401500000.0,-274900000.0,-479600000.0,-311600000.0,-189600000.0,-1167800000.0,-483700000.0,-15500000.0,1673400000.0,-423400000.0,956100000.0,956100000.0,956100000.0,0.0,103700000.0,0.074,11290100000.0,1621000000.0,5635700000.0,0.197,2.184,7.61,7.672,690100000.0,0.0,23.4,0.564,0.564,4883000000.0,5981300000.0,12911100000.0,12911100000.0,0.0,0.056,0.259,0.65,0.124,49800000.0,11290100000.0,1.0,310932000.0,310932000.0,,41.524,8221100000.0,36600000.0,516200000.0,469200000.0,26.44,-1351900000.0
51,OMC,MRT,2008-12-31,2008-12-31,2008-12-31,2021-10-20,-247300000.0,17318400000.0,17944650000.0,8564900000.0,8753500000.0,0.745,11.335,-212200000.0,1097300000.0,1097300000.0,0.0,1114400000.0,0.878,3.851,3073200000.0,18900000.0,3054300000.0,3073200000.0,0.0,235900000.0,1005500000.0,0.022,0.6,1667600000.0,1903500000.0,0.142,1903500000.0,1667600000.0,1543000000.0,3.17,3.14,3.17,3522800000.0,3870725000.0,3522800000.0,11070436000.0,7.0,5.816,1182000000.0,3.803,1.0,13359900000.0,1.0,7441200000.0,124600000.0,2098900000.0,2557250000.0,672000000.0,312400000.0,15100000.0,297300000.0,13565000000.0,9754200000.0,3810800000.0,8366736000.0,-695900000.0,-362200000.0,-760800000.0,5500000.0,-192000000.0,-1136400000.0,-597400000.0,-23000000.0,1394200000.0,-356300000.0,1000300000.0,1000300000.0,1000300000.0,0.0,114100000.0,0.075,11670500000.0,1689400000.0,6881200000.0,0.189,2.375,8.364,8.492,719600000.0,0.0,26.92,0.626,0.626,5775500000.0,5859600000.0,13359900000.0,13359900000.0,0.0,0.056,0.258,0.652,0.125,46400000.0,11670500000.0,1.0,310800000.0,310800000.0,,42.986,9877200000.0,45200000.0,542700000.0,513200000.0,31.78,-1189300000.0
52,OMC,MRT,2008-09-30,2008-09-30,2008-09-30,2021-10-20,137700000.0,17339200000.0,18432975000.0,8351200000.0,8988000000.0,0.739,11.484,-213800000.0,530600000.0,530600000.0,0.0,1240600000.0,0.865,3.736,3234300000.0,179900000.0,3054400000.0,3234300000.0,0.0,234000000.0,1122400000.0,0.016,0.6,1734300000.0,1968300000.0,0.145,1968300000.0,1734300000.0,1619200000.0,3.22,3.2,3.22,3661200000.0,4012950000.0,3661200000.0,14457728000.0,8.0,7.345,1451200000.0,4.552,1.0,13614400000.0,1.0,7617400000.0,115100000.0,2775800000.0,2484125000.0,890600000.0,329000000.0,22000000.0,307000000.0,13678000000.0,9649700000.0,4028300000.0,12292928000.0,-46600000.0,-390200000.0,-788900000.0,171500000.0,-194400000.0,-981700000.0,-565800000.0,38200000.0,1665000000.0,-164100000.0,1043100000.0,1043100000.0,1043100000.0,0.0,197500000.0,0.077,11841600000.0,1772800000.0,6642900000.0,0.186,3.358,11.785,11.975,719600000.0,0.0,38.56,0.903,0.903,5906000000.0,5663800000.0,13614400000.0,13614400000.0,0.0,0.057,0.26,0.698,0.127,44900000.0,11841600000.0,1.0,318800000.0,318800000.0,,42.705,9721800000.0,36500000.0,576100000.0,400400000.0,30.495,-1298500000.0
53,OMC,MRT,2008-06-30,2008-06-30,2008-06-30,2021-10-20,498100000.0,18683600000.0,18631475000.0,9533600000.0,9150000000.0,0.719,13.306,-214500000.0,915800000.0,915800000.0,0.0,1201500000.0,0.922,3.384,3080600000.0,26000000.0,3054600000.0,3080600000.0,0.0,226000000.0,1235600000.0,0.013,0.6,1707900000.0,1933900000.0,0.144,1933900000.0,1707900000.0,1601700000.0,3.16,3.14,3.16,4262000000.0,4065575000.0,4262000000.0,16638764000.0,10.0,8.604,1340800000.0,4.186,1.0,13399600000.0,1.0,7829200000.0,106200000.0,2673900000.0,2569675000.0,0.0,278500000.0,43300000.0,235200000.0,14421600000.0,10345300000.0,4076300000.0,14375064000.0,143400000.0,-384900000.0,-452400000.0,13200000.0,-195900000.0,-765900000.0,-591100000.0,8300000.0,1555300000.0,-54900000.0,1031700000.0,1031700000.0,1031700000.0,0.0,169800000.0,0.077,11650000000.0,1749600000.0,7403700000.0,0.19,3.373,13.933,14.203,732800000.0,0.0,44.88,1.073,1.073,7231200000.0,5496700000.0,13399600000.0,13399600000.0,0.0,0.055,0.254,0.665,0.127,48000000.0,11650000000.0,1.0,320300000.0,320300000.0,,41.835,10854400000.0,36700000.0,570000000.0,386500000.0,33.888,-811700000.0
54,OMC,MRT,2008-03-31,2008-03-31,2008-03-31,2021-10-20,483000000.0,18437400000.0,18301125000.0,9468300000.0,8969100000.0,0.713,12.592,-230300000.0,813900000.0,813900000.0,0.0,1136300000.0,0.915,3.567,3077600000.0,22800000.0,3054800000.0,3077600000.0,0.0,218000000.0,1225500000.0,0.014,0.6,1657500000.0,1875500000.0,0.144,1875500000.0,1657500000.0,1553000000.0,3.05,3.03,3.05,4036900000.0,3921550000.0,4036900000.0,15440208000.0,9.0,8.233,1207700000.0,3.767,1.0,13048800000.0,1.0,7678000000.0,104500000.0,2680400000.0,2623650000.0,0.0,285300000.0,49000000.0,236300000.0,14400500000.0,10342700000.0,4057800000.0,14164108000.0,-214400000.0,-388300000.0,-678000000.0,8100000.0,-189300000.0,-978000000.0,-625000000.0,-6400000.0,1438000000.0,-49400000.0,1001400000.0,1001400000.0,1001400000.0,0.0,134900000.0,0.077,11354400000.0,1694400000.0,7119600000.0,0.197,3.509,14.144,14.485,724500000.0,0.0,44.18,1.085,1.085,7115100000.0,5238000000.0,13048800000.0,13048800000.0,0.0,0.055,0.255,0.632,0.127,53800000.0,11354400000.0,1.0,320600000.0,320600000.0,,40.701,10759400000.0,30900000.0,551600000.0,405300000.0,33.56,-874400000.0
55,OMC,MRT,2007-12-31,2007-12-31,2007-12-31,2021-10-20,430700000.0,19271700000.0,17977875000.0,10504200000.0,8767500000.0,0.706,12.517,-223000000.0,1793200000.0,1793200000.0,0.0,1086600000.0,0.936,3.71,3069300000.0,14600000.0,3054700000.0,3069300000.0,0.0,208600000.0,1122800000.0,0.012,0.575,1619500000.0,1828100000.0,0.144,1828100000.0,1619500000.0,1512600000.0,2.95,2.93,2.95,4091700000.0,3822725000.0,4091700000.0,18035057000.0,11.0,9.865,1376300000.0,4.21,1.0,12694000000.0,1.0,7514200000.0,106900000.0,1806400000.0,2630125000.0,801000000.0,294900000.0,47800000.0,247100000.0,15180000000.0,11227200000.0,3952800000.0,15537557000.0,53700000.0,-318700000.0,-798800000.0,500000.0,-182800000.0,-1089300000.0,-391900000.0,149800000.0,1599300000.0,-64400000.0,975700000.0,975700000.0,975700000.0,0.0,110900000.0,0.077,11034900000.0,1659100000.0,8080500000.0,0.195,3.797,15.925,16.112,706700000.0,0.0,47.53,1.224,1.224,6830400000.0,5077500000.0,12694000000.0,12694000000.0,0.0,0.054,0.255,0.616,0.128,51500000.0,11034900000.0,1.0,326900000.0,326900000.0,,38.831,11757500000.0,40500000.0,536900000.0,425500000.0,35.967,-723000000.0
56,OMC,MRT,2007-09-30,2007-09-30,2007-09-30,2021-10-20,470200000.0,18133200000.0,17611125000.0,9048800000.0,9084400000.0,0.698,11.793,-218900000.0,577200000.0,577200000.0,0.0,939100000.0,0.903,3.684,3074700000.0,18100000.0,3056600000.0,3074700000.0,0.0,203300000.0,1191300000.0,0.011,0.55,1569200000.0,1772500000.0,0.144,1772500000.0,1569200000.0,1451900000.0,2.84,2.82,2.84,3871700000.0,3767625000.0,3871700000.0,18082547000.0,12.0,10.202,1300700000.0,3.962,1.0,12284300000.0,1.0,7489100000.0,117300000.0,3118000000.0,2638600000.0,0.0,300500000.0,58000000.0,242500000.0,14261500000.0,10023600000.0,4237900000.0,15787947000.0,-231100000.0,-345600000.0,-909200000.0,-2700000.0,-176400000.0,-1124000000.0,-580900000.0,-16400000.0,1519600000.0,-45800000.0,939100000.0,939100000.0,939100000.0,0.0,0.0,0.076,10682800000.0,1601500000.0,7098200000.0,0.194,4.078,16.812,16.933,690500000.0,0.0,48.09,1.285,1.285,7154700000.0,4812700000.0,12284300000.0,12284300000.0,0.0,0.053,0.249,0.595,0.128,44800000.0,10682800000.0,1.0,328300000.0,328300000.0,,37.418,10644100000.0,399800000.0,512800000.0,684300000.0,32.422,-974800000.0
57,OMC,MRT,2007-06-30,2007-06-30,2007-06-30,2021-10-20,367000000.0,17362200000.0,17159300000.0,8637900000.0,8724300000.0,0.697,11.142,-205800000.0,772400000.0,772400000.0,0.0,914000000.0,0.904,3.71,3067000000.0,11800000.0,3055200000.0,3067000000.0,0.0,198000000.0,1077500000.0,0.01,0.525,1532300000.0,1730300000.0,0.145,1730300000.0,1532300000.0,1407600000.0,2.74,2.72,2.74,3685900000.0,3721500000.0,3685900000.0,19545336000.0,13.0,11.296,1301300000.0,3.934,1.0,11957200000.0,1.0,7211600000.0,124700000.0,2889800000.0,2616650000.0,0.0,285100000.0,48400000.0,236700000.0,13676300000.0,9555400000.0,4120900000.0,17505936000.0,-319600000.0,-210300000.0,-932100000.0,-169600000.0,-170200000.0,-1320900000.0,-427000000.0,-10900000.0,1507100000.0,-78800000.0,914000000.0,914000000.0,914000000.0,0.0,0.0,0.076,10398500000.0,1558700000.0,6926200000.0,0.192,4.749,19.153,19.314,661900000.0,0.0,52.92,1.464,1.464,6628100000.0,4659700000.0,11957200000.0,11957200000.0,0.0,0.053,0.246,0.586,0.128,42400000.0,10398500000.0,1.0,330800000.0,330800000.0,,36.146,10150600000.0,361600000.0,493600000.0,627000000.0,30.685,-917500000.0
58,OMC,MRT,2007-03-31,2007-03-31,2007-03-31,2021-10-20,286400000.0,17144400000.0,16932075000.0,8611800000.0,8532600000.0,0.688,10.896,-179000000.0,1028300000.0,1028300000.0,0.0,881400000.0,0.912,3.708,3067700000.0,13000000.0,3054700000.0,3067700000.0,0.0,193600000.0,1111800000.0,0.01,0.5,1487100000.0,1680700000.0,0.144,1680700000.0,1487100000.0,1357900000.0,2.61,2.59,2.61,3641600000.0,3708475000.0,3641600000.0,18434498000.0,12.0,10.968,1114900000.0,3.336,1.0,11654500000.0,1.0,7034000000.0,129200000.0,2706300000.0,2660350000.0,0.0,251300000.0,36700000.0,214600000.0,13502800000.0,9443500000.0,4059300000.0,17107698000.0,-794600000.0,-193200000.0,-1112100000.0,-305700000.0,-173200000.0,-1642200000.0,-373400000.0,-1200000.0,1293900000.0,-72900000.0,881400000.0,881400000.0,881400000.0,0.0,0.0,0.076,10140000000.0,1514500000.0,6490900000.0,0.192,4.698,19.41,19.613,634100000.0,0.0,51.19,1.468,1.468,6370700000.0,4432300000.0,11654500000.0,11654500000.0,0.0,0.052,0.238,0.559,0.128,43200000.0,10140000000.0,1.0,334200000.0,334200000.0,,34.873,10110400000.0,404500000.0,476500000.0,619100000.0,30.253,-831700000.0
59,OMC,MRT,2006-12-31,2006-12-31,2006-12-31,2021-10-20,267900000.0,17804700000.0,16811175000.0,9646200000.0,8158500000.0,0.677,11.326,-177600000.0,1739500000.0,1739500000.0,0.0,864000000.0,0.937,3.599,3066300000.0,11600000.0,3054700000.0,3066300000.0,0.0,190000000.0,1117500000.0,0.01,0.5,1455800000.0,1645800000.0,0.145,1645800000.0,1455800000.0,1330900000.0,2.52,2.5,2.52,3871300000.0,3740450000.0,3871300000.0,20125286000.0,14.0,12.228,1563600000.0,4.575,1.0,11376900000.0,1.0,6995100000.0,124900000.0,1840300000.0,2712825000.0,0.0,403400000.0,189300000.0,214100000.0,13933400000.0,10296100000.0,3637300000.0,17865886000.0,903700000.0,-204900000.0,-1046700000.0,692700000.0,-175800000.0,-583500000.0,-188800000.0,193700000.0,1741200000.0,-65200000.0,864000000.0,864000000.0,864000000.0,0.0,0.0,0.076,9893400000.0,1483500000.0,7332600000.0,0.198,4.615,20.678,20.742,639800000.0,0.0,52.27,1.57,1.57,6628100000.0,4289800000.0,11376900000.0,11376900000.0,0.0,0.051,0.231,0.537,0.128,44500000.0,9893400000.0,1.0,341800000.0,341800000.0,,33.285,10809600000.0,49400000.0,466900000.0,293800000.0,31.626,-649900000.0
60,OMC,MRT,2006-09-30,2006-09-30,2006-09-30,2021-10-20,205800000.0,16325900000.0,16339975000.0,8016700000.0,8309200000.0,0.679,10.731,-179800000.0,808300000.0,808300000.0,0.0,839500000.0,0.93,3.428,3067700000.0,12500000.0,3055200000.0,3067700000.0,0.0,184600000.0,1013700000.0,0.011,0.5,1406600000.0,1591200000.0,0.143,1591200000.0,1406600000.0,1292900000.0,2.415,2.4,2.415,3687200000.0,3759625000.0,3687200000.0,18226180000.0,13.0,11.454,1506100000.0,4.383,1.0,11100000000.0,1.0,6937400000.0,113700000.0,3030200000.0,2788475000.0,0.0,246500000.0,40500000.0,206000000.0,12638700000.0,8617700000.0,4021000000.0,16080480000.0,412700000.0,-279500000.0,-980200000.0,497800000.0,-173300000.0,-717500000.0,-472400000.0,-13100000.0,1685900000.0,-83300000.0,839500000.0,839500000.0,839500000.0,0.0,0.0,0.076,9664700000.0,1435300000.0,6117100000.0,0.207,4.361,19.155,19.379,617600000.0,0.0,46.8,1.449,1.449,6117200000.0,4055100000.0,11100000000.0,11100000000.0,0.0,0.051,0.223,0.504,0.127,58500000.0,9664700000.0,1.0,343600000.0,343600000.0,,32.305,9388500000.0,290100000.0,453400000.0,637000000.0,27.324,-601000000.0
61,OMC,MRT,2006-06-30,2006-06-30,2006-06-30,2021-10-20,195000000.0,16453300000.0,15966875000.0,8195500000.0,8257800000.0,0.679,10.65,-168500000.0,1092000000.0,1092000000.0,0.0,824100000.0,0.95,3.528,3237700000.0,17300000.0,3220400000.0,3237700000.0,0.0,180000000.0,986100000.0,0.011,0.487,1371500000.0,1551500000.0,0.143,1551500000.0,1371500000.0,1271500000.0,2.345,2.33,2.345,3633800000.0,3796800000.0,3633800000.0,16750921270.0,12.0,10.797,1579500000.0,4.629,1.0,10848600000.0,1.0,6903700000.0,100000000.0,3064600000.0,2708200000.0,0.0,233400000.0,43200000.0,190200000.0,12819500000.0,8630700000.0,4188800000.0,15199021270.0,748500000.0,-300600000.0,-972800000.0,745200000.0,-171400000.0,-489500000.0,-481800000.0,-12700000.0,1748000000.0,-28200000.0,824100000.0,824100000.0,824100000.0,0.0,0.0,0.076,9446200000.0,1402400000.0,6249600000.0,0.208,4.183,18.443,18.996,617900000.0,0.0,44.545,1.401,1.401,6025400000.0,3920800000.0,10848600000.0,10848600000.0,0.0,0.052,0.217,0.506,0.126,65200000.0,9446200000.0,1.0,341206000.0,341206000.0,,31.795,9549600000.0,298200000.0,447400000.0,650400000.0,27.988,-435200000.0
62,OMC,MRT,2006-03-31,2006-03-31,2006-03-31,2021-10-20,79800000.0,16660800000.0,15532075000.0,8623400000.0,8037400000.0,0.685,10.541,-166100000.0,1822900000.0,1822900000.0,0.0,805800000.0,1.003,3.42,3374800000.0,22400000.0,3352400000.0,3374800000.0,0.0,177700000.0,957500000.0,0.011,0.475,1329800000.0,1507500000.0,0.142,1507500000.0,1329800000.0,1245800000.0,2.245,2.24,2.245,3769500000.0,3840225000.0,3769500000.0,16422508725.0,12.0,10.894,1643100000.0,4.595,1.0,10641000000.0,1.0,6696300000.0,84000000.0,2916200000.0,2611525000.0,0.0,219600000.0,38800000.0,180800000.0,12891300000.0,8600200000.0,4291100000.0,14884708725.0,1234800000.0,-302500000.0,-617800000.0,818100000.0,-167600000.0,-120400000.0,-412300000.0,56300000.0,1809200000.0,-41700000.0,805800000.0,805800000.0,805800000.0,0.0,0.0,0.076,9274000000.0,1367000000.0,6076600000.0,0.212,3.949,18.472,18.541,606000000.0,0.0,41.625,1.399,1.399,5753000000.0,3720000000.0,10641000000.0,10641000000.0,0.0,0.052,0.21,0.509,0.125,73300000.0,9274000000.0,1.0,357590600.0,357590600.0,,29.757,9964500000.0,308800000.0,440000000.0,637900000.0,27.866,23200000.0
63,OMC,MRT,2005-12-31,2005-12-31,2005-12-31,2021-10-20,59800000.0,15919900000.0,15129250000.0,7967400000.0,7952500000.0,0.693,10.948,-162700000.0,835800000.0,835800000.0,0.0,790700000.0,0.916,3.032,2373600000.0,16100000.0,2357500000.0,2373600000.0,0.0,175200000.0,908700000.0,0.011,0.462,1304000000.0,1479200000.0,0.141,1479200000.0,1304000000.0,1226000000.0,2.19,2.18,2.19,3948000000.0,3860975000.0,3948000000.0,17526890300.0,13.0,11.849,828500000.0,2.297,1.0,10481100000.0,1.0,6614500000.0,78000000.0,2142900000.0,2508425000.0,0.0,556500000.0,374100000.0,182400000.0,11971900000.0,8700300000.0,3271600000.0,15349790300.0,-329800000.0,-265200000.0,-657500000.0,-189400000.0,-164000000.0,-1116800000.0,-162300000.0,265600000.0,991200000.0,-41900000.0,790700000.0,790700000.0,790700000.0,0.0,0.0,0.075,9141300000.0,1339800000.0,6218900000.0,0.211,3.888,19.413,19.436,608700000.0,0.0,42.565,1.465,1.465,5908100000.0,3599000000.0,10481100000.0,10481100000.0,0.0,0.052,0.205,0.52,0.124,102800000.0,9141300000.0,1.0,360620000.0,360620000.0,,29.064,9305400000.0,309800000.0,435300000.0,639000000.0,25.804,-732900000.0
64,OMC,MRT,2005-09-30,2005-09-30,2005-09-30,2021-10-20,111800000.0,14833500000.0,15149875000.0,6961400000.0,7872100000.0,0.682,10.532,-158800000.0,395600000.0,395600000.0,0.0,774500000.0,0.899,2.867,2572700000.0,214600000.0,2358100000.0,2572700000.0,0.0,171400000.0,906300000.0,0.011,0.45,1270900000.0,1442300000.0,0.14,1442300000.0,1270900000.0,1201200000.0,2.125,2.12,2.125,3835900000.0,3893650000.0,3835900000.0,17376992396.0,14.0,12.048,977000000.0,2.682,1.0,10330800000.0,1.0,6558300000.0,69700000.0,2709100000.0,2511850000.0,0.0,180800000.0,14400000.0,166400000.0,10997600000.0,7743200000.0,3254400000.0,15229792396.0,-33500000.0,-229400000.0,-534200000.0,-4000000.0,-165300000.0,-834700000.0,-341300000.0,46900000.0,1135800000.0,6700000.0,774500000.0,774500000.0,774500000.0,0.0,0.0,0.075,9022100000.0,1308700000.0,5326100000.0,0.212,3.97,19.664,19.678,599800000.0,0.0,41.815,1.474,1.474,5646200000.0,3391100000.0,10330800000.0,10330800000.0,0.0,0.051,0.199,0.506,0.123,215500000.0,9022100000.0,1.0,364218400.0,364218400.0,,28.364,8275200000.0,292600000.0,426700000.0,555000000.0,22.72,-781800000.0
65,OMC,MRT,2005-06-30,2005-06-30,2005-06-30,2021-10-20,122200000.0,14714100000.0,14973875000.0,6923200000.0,7790900000.0,0.676,10.382,-148800000.0,343500000.0,343500000.0,0.0,758100000.0,0.898,2.865,2490700000.0,132800000.0,2357900000.0,2490700000.0,0.0,171000000.0,880700000.0,0.011,0.45,1240300000.0,1411300000.0,0.139,1411300000.0,1240300000.0,1178200000.0,2.07,2.065,2.07,3807500000.0,3845900000.0,3807500000.0,16625899374.0,13.0,11.781,832500000.0,2.27,1.0,10126900000.0,1.0,6470200000.0,62100000.0,2677900000.0,2505600000.0,0.0,183300000.0,21600000.0,161700000.0,10906600000.0,7713200000.0,3193400000.0,14644399374.0,-314700000.0,-252200000.0,-590800000.0,-94500000.0,-165800000.0,-949500000.0,-355100000.0,45900000.0,981300000.0,8600000.0,758100000.0,758100000.0,758100000.0,0.0,0.0,0.075,8845300000.0,1281600000.0,5394300000.0,0.217,3.846,19.317,19.29,602500000.0,0.0,39.93,1.446,1.446,5663900000.0,3269800000.0,10126900000.0,10126900000.0,0.0,0.051,0.197,0.495,0.122,196400000.0,8845300000.0,1.0,366751800.0,366751800.0,,27.612,8243900000.0,286300000.0,420100000.0,519000000.0,22.478,-790000000.0
66,OMC,MRT,2005-03-31,2005-03-31,2005-03-31,2021-10-20,222400000.0,15049500000.0,14899675000.0,7217600000.0,7831900000.0,0.666,10.425,-144400000.0,588100000.0,588100000.0,0.0,738400000.0,0.897,2.906,2569600000.0,211500000.0,2358100000.0,2569600000.0,0.0,168600000.0,905300000.0,0.01,0.45,1202000000.0,1370600000.0,0.138,1370600000.0,1202000000.0,1147300000.0,2.0,1.995,2.0,3852500000.0,3806675000.0,3852500000.0,17775920737.0,15.0,12.969,1213500000.0,3.284,1.0,9918900000.0,1.0,6483400000.0,54700000.0,2503800000.0,2472250000.0,0.0,180800000.0,17300000.0,163500000.0,11197000000.0,8043800000.0,3153200000.0,16356420737.0,68800000.0,-270000000.0,-624600000.0,-51500000.0,-167100000.0,-878700000.0,-430100000.0,-15700000.0,1357900000.0,19700000.0,738400000.0,738400000.0,738400000.0,0.0,0.0,0.074,8675600000.0,1243300000.0,5375800000.0,0.225,4.246,22.151,22.13,617100000.0,0.0,44.26,1.649,1.649,5625900000.0,3084900000.0,9918900000.0,9918900000.0,0.0,0.05,0.194,0.486,0.121,177900000.0,8675600000.0,1.0,369553112.0,369553112.0,,26.84,8566100000.0,300800000.0,408900000.0,513500000.0,23.18,-826200000.0
67,OMC,MRT,2004-12-31,2004-12-31,2004-12-31,2021-10-20,268500000.0,16002400000.0,14646875000.0,8095100000.0,7907300000.0,0.665,10.945,-159700000.0,1165600000.0,1165600000.0,0.0,723500000.0,0.926,2.923,2585100000.0,226700000.0,2358400000.0,2585100000.0,0.0,172100000.0,874000000.0,0.011,0.45,1170900000.0,1343000000.0,0.138,1343000000.0,1170900000.0,1119800000.0,1.95,1.94,1.95,4078700000.0,3748475000.0,4078700000.0,17866667344.0,15.0,13.304,1127900000.0,3.027,1.0,9747200000.0,1.0,6521400000.0,51100000.0,2156600000.0,2586750000.0,0.0,736900000.0,574000000.0,162900000.0,11923700000.0,8743900000.0,3179800000.0,15711067344.0,-77900000.0,-307800000.0,-387800000.0,-32500000.0,-163100000.0,-650000000.0,-758900000.0,-291400000.0,1287600000.0,43400000.0,723500000.0,723500000.0,723500000.0,0.0,0.0,0.074,8531800000.0,1215400000.0,6011500000.0,0.231,3.852,21.715,21.621,636400000.0,0.0,42.16,1.612,1.612,5453300000.0,2975400000.0,9747200000.0,9747200000.0,0.0,0.049,0.193,0.453,0.12,143400000.0,8531800000.0,1.0,372653400.0,372653400.0,,26.156,9481000000.0,303400000.0,396300000.0,534400000.0,25.442,-648800000.0
68,OMC,MRT,2004-09-30,2004-09-30,2004-09-30,2021-10-20,122800000.0,14129500000.0,14301275000.0,6497400000.0,7632100000.0,0.662,9.733,-148800000.0,429100000.0,429100000.0,0.0,697900000.0,0.886,2.877,2584700000.0,225600000.0,2359100000.0,2584700000.0,0.0,174800000.0,890500000.0,0.012,0.438,1129800000.0,1304600000.0,0.138,1304600000.0,1129800000.0,1077900000.0,1.865,1.865,1.865,3644900000.0,3629550000.0,3644900000.0,15613826098.0,14.0,11.968,861700000.0,2.301,1.0,9464200000.0,1.0,6267300000.0,51900000.0,2684100000.0,2597050000.0,0.0,175300000.0,24200000.0,151100000.0,10484600000.0,7333700000.0,3150900000.0,13680726098.0,-134800000.0,-380200000.0,-446500000.0,-6700000.0,-159100000.0,-631700000.0,-516600000.0,12400000.0,1010500000.0,3000000.0,697900000.0,697900000.0,697900000.0,0.0,0.0,0.074,8290600000.0,1173600000.0,4926100000.0,0.235,3.753,19.603,19.587,601300000.0,0.0,36.53,1.446,1.446,5168300000.0,2780600000.0,9464200000.0,9464200000.0,0.0,0.049,0.192,0.435,0.119,149700000.0,8290600000.0,1.0,374506600.0,374506600.0,,25.271,7862200000.0,264300000.0,380000000.0,435700000.0,20.993,-836300000.0
69,OMC,MRT,2004-06-30,2004-06-30,2004-06-30,2021-10-20,107600000.0,14417300000.0,13939074250.0,6885400000.0,7531900000.0,0.658,9.655,-159100000.0,658200000.0,658200000.0,0.0,677200000.0,0.901,2.949,2591300000.0,231900000.0,2359400000.0,2591300000.0,0.0,171100000.0,837800000.0,0.011,0.425,1100800000.0,1271900000.0,0.139,1271900000.0,1100800000.0,1045800000.0,1.8,1.8,1.8,3650600000.0,3497679250.0,3650600000.0,16441962995.0,15.0,12.927,994500000.0,2.63,1.0,9173800000.0,1.0,6165900000.0,55000000.0,2544500000.0,2554598250.0,0.0,171100000.0,20200000.0,150900000.0,10766700000.0,7640000000.0,3126700000.0,14346662995.0,135200000.0,-395300000.0,-312700000.0,-18800000.0,-154300000.0,-490400000.0,-540300000.0,14100000.0,1153600000.0,12300000.0,677200000.0,677200000.0,677200000.0,0.0,0.0,0.074,8030500000.0,1143300000.0,5327400000.0,0.236,3.93,21.185,21.081,607700000.0,0.0,37.945,1.564,1.564,5338800000.0,2676600000.0,9173800000.0,9173800000.0,0.0,0.049,0.194,0.431,0.12,151600000.0,8030500000.0,1.0,378091000.0,378091000.0,,24.263,8251400000.0,260600000.0,368600000.0,406600000.0,21.824,-754600000.0
70,OMC,MRT,2004-03-31,2004-03-31,2004-03-31,2021-10-20,135400000.0,14038300000.0,13482173000.0,6620000000.0,7418300000.0,0.661,9.499,-157500000.0,519300000.0,519300000.0,0.0,651100000.0,0.929,2.878,2614600000.0,66900000.0,2547700000.0,2614600000.0,0.0,168600000.0,775300000.0,0.01,0.412,1071000000.0,1239600000.0,0.139,1239600000.0,1071000000.0,1010600000.0,1.73,1.73,1.73,3619700000.0,3331414500.0,3619700000.0,16352828165.0,15.0,13.192,773200000.0,2.029,1.0,8915500000.0,1.0,6049000000.0,60400000.0,2961800000.0,2554442500.0,0.0,172800000.0,25000000.0,147800000.0,10418600000.0,7122800000.0,3295800000.0,15290156165.0,164700000.0,-419600000.0,-167000000.0,116900000.0,-149700000.0,-212800000.0,-562300000.0,14800000.0,930700000.0,9100000.0,651100000.0,651100000.0,651100000.0,0.0,0.0,0.073,7796600000.0,1118900000.0,4977300000.0,0.238,4.224,23.484,23.194,619200000.0,0.0,40.125,1.715,1.715,5269500000.0,2512600000.0,8915500000.0,8915500000.0,0.0,0.048,0.195,0.419,0.12,152800000.0,7796600000.0,1.0,381063082.0,381063082.0,,23.396,7989300000.0,256500000.0,359500000.0,366400000.0,20.966,-502800000.0
71,OMC,MRT,2003-12-31,2003-12-31,2003-12-31,2021-10-20,109700000.0,14620000000.0,12926376500.0,7285900000.0,7334100000.0,0.667,9.482,-141100000.0,1243500000.0,1243500000.0,0.0,631000000.0,0.939,3.058,2591400000.0,54800000.0,2536600000.0,2591400000.0,0.0,160900000.0,775200000.0,0.009,0.4,1041900000.0,1202800000.0,0.14,1202800000.0,1041900000.0,984000000.0,1.685,1.685,1.685,3603000000.0,3100998250.0,3603000000.0,18617895597.0,18.0,15.479,913100000.0,2.403,1.0,8621400000.0,1.0,6007600000.0,57900000.0,2197800000.0,2485204500.0,0.0,456600000.0,305400000.0,151200000.0,11017000000.0,7762500000.0,3254500000.0,16592778597.0,576500000.0,-410000000.0,-25900000.0,546600000.0,-149300000.0,354600000.0,-814000000.0,-262900000.0,1054200000.0,-18300000.0,631000000.0,631000000.0,631000000.0,0.0,0.0,0.073,7529500000.0,1091900000.0,5513300000.0,0.237,4.605,26.296,25.914,596800000.0,0.0,43.665,1.925,1.925,4970400000.0,2419100000.0,8621400000.0,8621400000.0,0.0,0.049,0.203,0.419,0.121,148800000.0,7529500000.0,1.0,380001800.0,380001800.0,,22.688,8612400000.0,264700000.0,353000000.0,425800000.0,22.664,-476600000.0
72,OMC,MRT,2003-09-30,2003-09-30,2003-09-30,2021-10-20,-10089000.0,12680697000.0,12257396000.0,5915259000.0,6765438000.0,0.672,8.202,-121519000.0,563890000.0,563890000.0,0.0,548615000.0,0.907,3.068,2589007000.0,64683000.0,2524324000.0,2589007000.0,0.0,159794000.0,707374000.0,0.011,0.4,900073000.0,1059867000.0,0.129,1059867000.0,900073000.0,846647000.0,1.47,1.475,1.47,3117417000.0,2842480000.0,3117417000.0,15740151265.0,17.0,14.851,1002853000.0,2.639,1.0,8234146000.0,1.0,5670146000.0,53426000.0,2514293000.0,2315652500.0,0.0,169196000.0,23822000.0,145374000.0,9563280000.0,6521375000.0,3041905000.0,13654151265.0,206202000.0,-514877000.0,-28781000.0,-50890000.0,-149242000.0,-283991000.0,-621103000.0,15293000.0,1124372000.0,-13076000.0,548615000.0,548615000.0,548615000.0,0.0,0.0,0.067,7281186000.0,952960000.0,4468728000.0,0.272,4.38,24.888,24.439,572378000.0,0.0,35.925,1.658,1.658,4631701000.0,2456938000.0,8234146000.0,8234146000.0,0.0,0.045,0.193,0.389,0.109,-34313000.0,7281186000.0,1.0,380073800.0,380073800.0,,21.665,7010551000.0,42216000.0,298032000.0,0.0,18.445,-606116000.0
73,OMC,MRT,2003-06-30,2003-06-30,2003-06-30,2021-10-20,-23311000.0,12589695000.0,11892798500.0,5919033000.0,6670662000.0,0.67,7.918,-115289000.0,523032000.0,523032000.0,0.0,550119000.0,0.901,3.217,2609032000.0,85292000.0,2523740000.0,2609032000.0,0.0,159537000.0,678551000.0,0.011,0.4,897338000.0,1056875000.0,0.133,1056875000.0,897338000.0,848947000.0,1.48,1.485,1.48,2985541000.0,2640152000.0,2985541000.0,15644424360.0,17.0,14.803,914808000.0,2.426,1.0,7974005000.0,1.0,5562290000.0,48391000.0,2543877000.0,2463331750.0,0.0,167553000.0,20547000.0,147006000.0,9604154000.0,6569528000.0,3034626000.0,13516941360.0,112980000.0,-480762000.0,-2881000.0,-133108000.0,-149136000.0,-361136000.0,-565915000.0,30136000.0,1030097000.0,9934000.0,550119000.0,550119000.0,550119000.0,0.0,0.0,0.069,7026754000.0,947251000.0,4543047000.0,0.27,4.527,24.571,24.223,569110000.0,0.0,35.85,1.695,1.695,4696191000.0,2359122000.0,7974005000.0,7974005000.0,0.0,0.046,0.208,0.364,0.113,-24267000.0,7026754000.0,1.0,377041600.0,377041600.0,,21.149,7027405000.0,54413000.0,298828000.0,0.0,18.638,-650495000.0
74,OMC,MRT,2003-03-31,2003-03-31,2003-03-31,2021-10-20,-136699000.0,11815114000.0,11639263000.0,5573816000.0,6241298000.0,0.665,7.153,-113934000.0,354563000.0,354563000.0,0.0,557434000.0,0.891,3.379,2482046000.0,101975000.0,2380071000.0,2482046000.0,0.0,154247000.0,670820000.0,0.015,0.4,917125000.0,1071372000.0,0.138,1071372000.0,917125000.0,874276000.0,1.505,1.505,1.505,2698035000.0,2445450750.0,2698035000.0,11580139984.0,13.0,10.809,981054000.0,2.601,1.0,7741074000.0,1.0,5003476000.0,42849000.0,2684848000.0,2621945500.0,0.0,167819000.0,26085000.0,141734000.0,9117079000.0,6254273000.0,2862806000.0,10216542984.0,-147160000.0,-501408000.0,-2920000.0,-459721000.0,-148790000.0,-650497000.0,-589489000.0,25853000.0,1094988000.0,-2162000.0,557434000.0,557434000.0,557434000.0,0.0,0.0,0.072,6782633000.0,958441000.0,4260470000.0,0.266,3.787,18.328,17.997,559371000.0,0.0,27.085,1.32,1.32,4519419000.0,2205801000.0,7741074000.0,7741074000.0,0.0,0.048,0.228,0.35,0.118,-10929000.0,6782633000.0,1.0,377202990.0,377202990.0,,20.522,6811638000.0,45591000.0,316842000.0,0.0,18.058,-680457000.0
75,OMC,MRT,2002-12-31,2002-12-31,2002-12-31,2021-10-20,-154142000.0,11944078000.0,11427693750.0,5637066000.0,6307012000.0,0.659,6.83,-117200000.0,666951000.0,666951000.0,0.0,570500000.0,0.824,3.649,2030548000.0,85650000.0,1944898000.0,2030548000.0,0.0,150300000.0,648577000.0,0.012,0.4,945600000.0,1095900000.0,0.145,1095900000.0,945600000.0,900100000.0,1.535,1.535,1.535,2568927000.0,2249593000.0,2568927000.0,14426318258.0,15.0,13.164,883400000.0,2.349,1.0,7536300000.0,1.0,4948559000.0,45500000.0,1519592000.0,2784048750.0,0.0,166233000.0,28930000.0,137303000.0,9375151000.0,6839524000.0,2535627000.0,12148924258.0,194800000.0,-586300000.0,-371700000.0,432400000.0,-148400000.0,-119800000.0,-683100000.0,20400000.0,1000600000.0,-2900000.0,570500000.0,570500000.0,570500000.0,0.0,0.0,0.076,6551200000.0,985100000.0,4833681000.0,0.261,4.729,21.295,21.042,557735000.0,0.0,32.3,1.612,1.612,4338366000.0,2114506000.0,7536300000.0,7536300000.0,0.0,0.05,0.254,0.34,0.125,14300000.0,6551200000.0,1.0,376127686.0,376127686.0,,20.037,6995519000.0,166815000.0,329600000.0,418696000.0,18.599,-1202458000.0
76,OMC,MRT,2002-09-30,2002-09-30,2002-09-30,2021-10-20,-223198000.0,11222307000.0,11096027750.0,5314050000.0,5908257000.0,0.666,6.139,-109189000.0,357649000.0,357649000.0,0.0,606126000.0,0.897,3.862,2635043000.0,126334000.0,2508709000.0,2635043000.0,0.0,171105000.0,557210000.0,0.014,0.4,1045201000.0,1216306000.0,0.165,1216306000.0,1045201000.0,990147000.0,1.635,1.615,1.635,2308105000.0,2151966000.0,2308105000.0,12778822042.0,12.0,10.506,843226000.0,2.243,1.0,7387927000.0,1.0,4467248000.0,55054000.0,3105010000.0,2678710000.0,0.0,207938000.0,34994000.0,172944000.0,8914202000.0,5927443000.0,2986759000.0,10466964042.0,-63496000.0,-595669000.0,-368819000.0,271376000.0,-146644000.0,-277294000.0,-728056000.0,-23198000.0,952415000.0,-10561000.0,606126000.0,606126000.0,606126000.0,0.0,0.0,0.082,6313603000.0,1074324000.0,4062253000.0,0.245,4.535,17.269,17.028,547033000.0,0.0,27.84,1.417,1.417,4238156000.0,1950717000.0,7387927000.0,7387927000.0,0.0,0.055,0.282,0.39,0.141,70684000.0,6313603000.0,1.0,375968536.0,375968536.0,,19.65,6755059000.0,93938000.0,384021000.0,0.0,17.967,-613393000.0
77,OMC,MRT,2002-06-30,2002-06-30,2002-06-30,2021-10-20,-218285000.0,11575553000.0,10880730500.0,5689546000.0,5886007000.0,0.661,5.898,-125572000.0,409971000.0,409971000.0,0.0,572377000.0,0.899,4.246,2721829000.0,165766000.0,2556063000.0,2721829000.0,0.0,192063000.0,549011000.0,0.017,0.4,1020019000.0,1212082000.0,0.169,1212082000.0,1020019000.0,951042000.0,1.545,1.525,1.545,2206736000.0,2027264500.0,2206736000.0,10958589640.0,11.0,9.041,780014000.0,2.085,1.0,7190480000.0,1.0,4380502000.0,68977000.0,3178332000.0,2719803500.0,0.0,223569000.0,44421000.0,179148000.0,9368817000.0,6328577000.0,3040240000.0,8568083640.0,-15274000.0,-798357000.0,-368819000.0,574088000.0,-147237000.0,71441000.0,-948906000.0,-24977000.0,905586000.0,-43395000.0,572377000.0,572377000.0,572377000.0,0.0,0.0,0.08,6145337000.0,1045143000.0,4361927000.0,0.259,3.883,14.969,14.822,557901000.0,0.0,22.9,1.192,1.192,4555004000.0,1861489000.0,7190480000.0,7190480000.0,0.0,0.053,0.282,0.375,0.142,76942000.0,6145337000.0,1.0,374152124.0,374152124.0,,19.218,7195051000.0,90748000.0,378665000.0,0.0,19.23,-639031000.0
78,OMC,MRT,2002-03-31,2002-03-31,2002-03-31,2021-10-20,-324582000.0,10968837000.0,10443242000.0,5444179000.0,5524658000.0,0.672,5.072,-147110000.0,501711000.0,501711000.0,0.0,536428000.0,0.908,4.729,2892217000.0,282446000.0,2609771000.0,2892217000.0,0.0,209003000.0,598069000.0,0.008,0.4,981559000.0,1190562000.0,0.17,1190562000.0,981559000.0,900692000.0,1.455,1.43,1.455,1914604000.0,1892876750.0,1914604000.0,18893841082.0,19.0,15.87,784052000.0,2.077,1.0,7020699000.0,1.0,4030194000.0,80867000.0,3333261000.0,2657385250.0,0.0,232984000.0,47808000.0,185176000.0,9054233000.0,5995888000.0,3058345000.0,17816387082.0,81006000.0,-842242000.0,-368780000.0,706359000.0,-141858000.0,225692000.0,-1034362000.0,-45010000.0,931162000.0,-41486000.0,536428000.0,536428000.0,536428000.0,0.0,0.0,0.076,6014940000.0,1005759000.0,3819643000.0,0.275,9.306,33.213,32.44,556811000.0,0.0,47.2,2.538,2.538,4239542000.0,1711300000.0,7020699000.0,7020699000.0,0.0,0.051,0.283,0.369,0.14,73282000.0,6014940000.0,1.0,377465828.0,377465828.0,,18.6,6938643000.0,95509000.0,364264000.0,0.0,18.382,-551709000.0
79,OMC,MRT,2001-12-31,2001-12-31,2001-12-31,2021-10-20,-295358000.0,10617414000.0,10007840000.0,5233824000.0,5383590000.0,0.688,5.861,-149423000.0,472151000.0,472151000.0,0.0,503142000.0,0.788,3.874,1549605000.0,209500000.0,1340105000.0,1549605000.0,0.0,228095000.0,640750000.0,0.009,0.388,946192000.0,1174287000.0,0.17,1174287000.0,946192000.0,855270000.0,1.375,1.35,1.375,2178419000.0,1792148000.0,2178419000.0,18634230716.0,20.0,15.869,626137000.0,1.685,1.0,6889406000.0,1.0,3952844000.0,90922000.0,1098237000.0,2590618750.0,0.0,231004000.0,44848000.0,186156000.0,8438995000.0,6643787000.0,1795208000.0,16605575716.0,-44666000.0,-818819000.0,-60149000.0,354713000.0,-135676000.0,170801000.0,-947852000.0,20390000.0,775560000.0,-43175000.0,503142000.0,503142000.0,503142000.0,0.0,0.0,0.073,5921222000.0,968184000.0,4303152000.0,0.282,7.623,33.004,32.491,537955000.0,0.0,44.675,2.41,2.41,4103540000.0,1619874000.0,6889406000.0,6889406000.0,0.0,0.05,0.281,0.365,0.137,63718000.0,5921222000.0,1.0,371697274.0,371697274.0,,18.535,6664570000.0,100418000.0,352128000.0,366821000.0,17.93,-1409963000.0
80,OMC,MRT,2001-09-30,2001-09-30,2001-09-30,2021-10-20,-251969000.0,10361118000.0,9816913250.0,5205321000.0,5155797000.0,0.685,4.874,-172051000.0,421145000.0,421145000.0,0.0,481207000.0,0.919,4.727,2449800000.0,109492000.0,2340308000.0,2449800000.0,0.0,219878000.0,510047000.0,0.012,0.375,957259000.0,1177137000.0,0.175,1177137000.0,957259000.0,820747000.0,1.33,1.305,1.33,1809299000.0,1634662500.0,1809299000.0,13845316328.0,14.0,11.762,568695000.0,1.532,1.0,6721381000.0,1.0,3457226000.0,136512000.0,3269384000.0,2583693500.0,0.0,261702000.0,27551000.0,234151000.0,8551819000.0,5663163000.0,2888656000.0,12045866328.0,-13899000.0,-788975000.0,-118053000.0,544413000.0,-130309000.0,249494000.0,-981527000.0,-20501000.0,740746000.0,-22612000.0,481207000.0,481207000.0,481207000.0,0.0,0.0,0.072,5778349000.0,943032000.0,3798970000.0,0.282,6.658,25.033,24.398,554648000.0,0.0,32.45,1.792,1.792,4148106000.0,1492480000.0,6721381000.0,6721381000.0,0.0,0.049,0.294,0.371,0.142,85174000.0,5778349000.0,1.0,371213138.0,371213138.0,,18.107,6903892000.0,105920000.0,339540000.0,0.0,18.598,-457842000.0
81,OMC,MRT,2001-06-30,2001-06-30,2001-06-30,2021-10-20,-295660000.0,9825599000.0,9564762500.0,5135246000.0,4690353000.0,0.69,4.506,-166900000.0,425245000.0,425245000.0,0.0,474516000.0,0.922,4.886,2224695000.0,124408000.0,2100287000.0,2224695000.0,0.0,207729000.0,488514000.0,0.008,0.363,949991000.0,1157720000.0,0.175,1157720000.0,949991000.0,814268000.0,1.325,1.295,1.325,1669185000.0,1495632000.0,1669185000.0,17816570246.0,19.0,15.389,557952000.0,1.506,1.0,6602892000.0,1.0,3128429000.0,135723000.0,2928659000.0,2436824750.0,0.0,322231000.0,31938000.0,290293000.0,8156414000.0,5567961000.0,2588453000.0,15928968246.0,-12563000.0,-625638000.0,-190072000.0,482688000.0,-123527000.0,92149000.0,-815071000.0,-22533000.0,724852000.0,-14493000.0,474516000.0,474516000.0,474516000.0,0.0,0.0,0.072,5659816000.0,943076000.0,3745647000.0,0.274,9.543,33.569,32.453,522676000.0,0.0,43.0,2.412,2.412,4100572000.0,1436812000.0,6602892000.0,6602892000.0,0.0,0.05,0.317,0.39,0.144,77097000.0,5659816000.0,1.0,370441122.0,370441122.0,,17.824,6697170000.0,64852000.0,339752000.0,285496000.0,18.079,-432715000.0
82,OMC,MRT,2001-03-31,2001-03-31,2001-03-31,2021-10-20,-310012000.0,9227229000.0,9453110750.0,4795076000.0,4432153000.0,0.675,4.1,-151779000.0,420705000.0,420705000.0,0.0,450537000.0,0.934,5.104,2308307000.0,174485000.0,2133822000.0,2308307000.0,0.0,203655000.0,518958000.0,0.008,0.35,908200000.0,1111855000.0,0.174,1111855000.0,908200000.0,778932000.0,1.275,1.24,1.275,1511689000.0,1424258000.0,1511689000.0,16111514212.0,18.0,14.491,512902000.0,1.391,1.0,6376349000.0,1.0,2916547000.0,129268000.0,3066195000.0,2338693750.0,0.0,477011000.0,37466000.0,439545000.0,7715540000.0,5132089000.0,2583451000.0,15280824212.0,67243000.0,-756107000.0,-218634000.0,732281000.0,-122229000.0,348083000.0,-946264000.0,-38378000.0,664681000.0,743000.0,450537000.0,450537000.0,450537000.0,0.0,0.0,0.071,5470662000.0,905687000.0,3227592000.0,0.275,10.108,33.917,32.502,482321000.0,0.0,41.44,2.396,2.396,3789736000.0,1322029000.0,6376349000.0,6376349000.0,0.0,0.048,0.316,0.388,0.142,88580000.0,5470662000.0,1.0,368745758.0,368745758.0,,17.292,6310682000.0,108061000.0,328395000.0,256230000.0,17.114,-337013000.0
83,OMC,MRT,2000-12-31,2000-12-31,2000-12-31,2021-10-20,-232063000.0,9853707000.0,9347115000.0,5366883000.0,4486824000.0,0.658,4.373,-150289000.0,516817000.0,516817000.0,0.0,498795000.0,0.81,5.363,1347507000.0,102120000.0,1245387000.0,1347507000.0,0.0,196181000.0,630502000.0,0.008,0.35,984616000.0,1180797000.0,0.192,1180797000.0,984616000.0,867935000.0,1.425,1.365,1.425,1548477000.0,1421601750.0,1548477000.0,16448234243.0,17.0,13.93,535590000.0,1.512,1.0,6154230000.0,1.0,2988809000.0,116681000.0,1070536000.0,2244207500.0,0.0,492386000.0,59722000.0,432664000.0,8305230000.0,6625052000.0,1680178000.0,14674743243.0,-59610000.0,-795686000.0,-237082000.0,731550000.0,-122278000.0,282135000.0,-1034574000.0,-88599000.0,685879000.0,6950000.0,498795000.0,498795000.0,498795000.0,0.0,0.0,0.081,5276140000.0,878090000.0,4351039000.0,0.246,9.477,29.42,29.081,483105000.0,0.0,41.44,2.384,2.384,4260747000.0,1258568000.0,6154230000.0,6154230000.0,0.0,0.053,0.351,0.439,0.16,88935000.0,5276140000.0,1.0,354120252.0,354120252.0,,17.379,6864898000.0,98404000.0,369140000.0,327136000.0,19.386,-1258169000.0
84,OMC,MRT,2000-09-30,2000-09-30,2000-09-30,2021-10-20,-166556000.0,9352515000.0,9138097500.0,5050930000.0,4301585000.0,0.641,3.527,-156723000.0,435044000.0,435044000.0,0.0,476482000.0,0.879,6.463,2208535000.0,320106000.0,1888429000.0,2208535000.0,0.0,114853000.0,514701000.0,0.01,0.35,875291000.0,990144000.0,0.169,990144000.0,875291000.0,834067000.0,1.36,1.31,1.36,1253177000.0,1422707000.0,1253177000.0,14592724192.0,17.0,14.738,773446000.0,2.177,1.0,5854202000.0,1.0,2698514000.0,41224000.0,2681909000.0,2191375250.0,0.0,692818000.0,48109000.0,644709000.0,8099338000.0,5745583000.0,2353755000.0,12956990192.0,139029000.0,-971882000.0,-255822000.0,569466000.0,-118083000.0,318848000.0,-1109034000.0,19571000.0,930169000.0,-954000.0,476482000.0,476482000.0,476482000.0,0.0,0.0,0.081,5022640000.0,831562000.0,3460911000.0,0.257,10.339,27.193,26.816,460227000.0,0.0,36.47,2.213,2.213,3983892000.0,1146955000.0,5854202000.0,5854202000.0,0.0,0.052,0.335,0.399,0.15,130315000.0,5022640000.0,1.0,355278042.0,355278042.0,,16.478,6654001000.0,115260000.0,357585000.0,55743000.0,18.729,-694653000.0
85,OMC,MRT,2000-06-30,2000-06-30,2000-06-30,2021-10-20,-29348000.0,9378992000.0,8665421000.0,4913489000.0,4465503000.0,0.648,3.895,-140913000.0,437808000.0,437808000.0,0.0,461103000.0,0.847,5.778,2073542000.0,438772000.0,1634770000.0,2073542000.0,0.0,109411000.0,468882000.0,0.008,0.337,846303000.0,955714000.0,0.17,955714000.0,846303000.0,807987000.0,1.315,1.265,1.315,1383689000.0,1374485250.0,1383689000.0,17279415888.0,20.0,18.08,744380000.0,2.095,1.0,5612559000.0,1.0,2674593000.0,38316000.0,2536135000.0,1920493000.0,0.0,819397000.0,50201000.0,769196000.0,7995303000.0,5803998000.0,2191305000.0,15821045888.0,131118000.0,-914641000.0,-233951000.0,536475000.0,-113597000.0,310717000.0,-1056076000.0,-522000.0,885293000.0,-8816000.0,461103000.0,461103000.0,461103000.0,0.0,0.0,0.082,4816091000.0,796468000.0,3571872000.0,0.256,11.434,34.311,33.863,454303000.0,0.0,44.53,2.819,2.819,3809246000.0,1091811000.0,5612559000.0,5612559000.0,0.0,0.053,0.335,0.441,0.151,126199000.0,4816091000.0,1.0,355289600.0,355289600.0,,15.797,6704399000.0,153818000.0,346884000.0,135373000.0,18.87,-890509000.0
86,OMC,MRT,2000-03-31,2000-03-31,2000-03-31,2021-10-20,181737000.0,8803246000.0,8127321750.0,4520236000.0,4283010000.0,0.66,4.242,-136275000.0,353462000.0,353462000.0,0.0,440858000.0,0.889,4.865,1811832000.0,261685000.0,1550147000.0,1811832000.0,0.0,102513000.0,431180000.0,0.007,0.325,815330000.0,917843000.0,0.171,917843000.0,815330000.0,772059000.0,1.255,1.21,1.255,1501064000.0,1286563000.0,1501064000.0,16831533552.0,21.0,18.338,588772000.0,1.664,1.0,5362683000.0,1.0,2491103000.0,43271000.0,2688250000.0,1655277750.0,0.0,1069653000.0,39421000.0,1030232000.0,7302182000.0,5082263000.0,2219919000.0,16565959552.0,42789000.0,-709457000.0,-271260000.0,445411000.0,-109490000.0,119127000.0,-796888000.0,48844000.0,725047000.0,-4497000.0,440858000.0,440858000.0,440858000.0,0.0,0.0,0.082,4609436000.0,753247000.0,3182275000.0,0.259,11.036,37.577,37.303,448573000.0,0.0,46.815,3.089,3.089,3562322000.0,995084000.0,5362683000.0,5362683000.0,0.0,0.054,0.343,0.493,0.152,107919000.0,4609436000.0,1.0,353860078.0,353860078.0,,15.155,6312143000.0,81934000.0,331201000.0,237294000.0,17.838,-562027000.0
87,OMC,MRT,1999-12-31,1999-12-31,1999-12-31,2021-10-20,285234000.0,9017637000.0,7654069250.0,4729562000.0,4288075000.0,0.67,4.376,-130349000.0,576427000.0,576427000.0,0.0,362882000.0,0.787,4.807,842001000.0,130369000.0,711632000.0,842001000.0,0.0,97080000.0,417044000.0,0.006,0.312,686551000.0,783631000.0,0.153,783631000.0,686551000.0,636129000.0,1.035,1.005,1.035,1552898000.0,1164738750.0,1552898000.0,18997936000.0,28.0,24.243,842205000.0,2.373,1.0,5130545000.0,1.0,2414941000.0,50422000.0,859207000.0,1343768750.0,0.0,1194921000.0,41760000.0,1153161000.0,7464739000.0,6009063000.0,1455676000.0,17744600000.0,-72354000.0,-694184000.0,-251703000.0,-8883000.0,-103882000.0,-271363000.0,-772475000.0,52058000.0,972554000.0,-1070000.0,362882000.0,362882000.0,362882000.0,0.0,0.0,0.071,4406415000.0,724130000.0,4112777000.0,0.301,11.427,48.899,48.309,444722000.0,0.0,50.0,3.459,3.459,3657513000.0,882051000.0,5130545000.0,5130545000.0,0.0,0.047,0.312,0.511,0.134,96072000.0,4406415000.0,1.0,354892000.0,354892000.0,,14.457,6602696000.0,120346000.0,273247000.0,552585000.0,18.605,-1279501000.0
88,OMC,MRT,1999-09-30,1999-09-30,1999-09-30,2021-10-20,-101386000.0,7461809000.0,7180152000.0,4235089000.0,3226720000.0,0.681,2.987,-119621000.0,296015000.0,296015000.0,0.0,328274000.0,0.864,6.038,1549351000.0,395632000.0,1153719000.0,1549351000.0,0.0,161754000.0,0.0,0.008,0.3,621862000.0,783616000.0,0.16,783616000.0,621862000.0,575250000.0,0.935,0.915,0.935,1060290000.0,1037891750.0,1060290000.0,15174983191.0,24.0,19.365,404719000.0,1.14,1.0,4886128000.0,1.0,2214221000.0,46612000.0,1598380000.0,1194410000.0,0.0,374700000.0,41142000.0,333558000.0,6401519000.0,4902544000.0,1498975000.0,14053762191.0,-17219000.0,-327436000.0,-222610000.0,298293000.0,-100568000.0,-73244000.0,-443591000.0,3466000.0,524340000.0,-24724000.0,328274000.0,328274000.0,328274000.0,0.0,0.0,0.067,4229833000.0,656295000.0,3055543000.0,0.321,13.255,42.811,42.348,390334000.0,0.0,39.595,2.876,2.876,3330991000.0,792825000.0,4886128000.0,4886128000.0,0.0,0.046,0.316,0.521,0.127,56894000.0,4229833000.0,1.0,354937800.0,354937800.0,,13.766,5247588000.0,76057000.0,246976000.0,76433000.0,14.785,-667455000.0
89,OMC,MRT,1999-06-30,1999-06-30,1999-06-30,2021-10-20,-128271000.0,7226595000.0,6922177500.0,4087422000.0,3139173000.0,0.68,2.885,-108181000.0,306690000.0,306690000.0,0.0,313969000.0,0.863,6.003,1427911000.0,279595000.0,1148316000.0,1427911000.0,0.0,159231000.0,0.0,0.007,0.287,598829000.0,758060000.0,0.161,758060000.0,598829000.0,553198000.0,0.895,0.88,0.895,1032000000.0,1023234250.0,1032000000.0,15364238000.0,26.0,20.268,316124000.0,0.884,1.0,4708233000.0,1.0,2134534000.0,45631000.0,1475274000.0,1139015000.0,0.0,352255000.0,30423000.0,321832000.0,6194595000.0,4738008000.0,1456587000.0,14310552000.0,-31228000.0,-412294000.0,-211068000.0,446673000.0,-95236000.0,83918000.0,-502494000.0,17981000.0,424305000.0,-36957000.0,313969000.0,313969000.0,313969000.0,0.0,0.0,0.067,4080403000.0,627830000.0,3075038000.0,0.321,13.867,45.58,44.693,380573000.0,0.0,40.0,3.039,3.039,3265725000.0,748738000.0,4708233000.0,4708233000.0,0.0,0.045,0.307,0.526,0.127,54861000.0,4080403000.0,1.0,357763800.0,357763800.0,,13.16,5092061000.0,72180000.0,239229000.0,58137000.0,14.233,-650586000.0
90,OMC,MRT,1999-03-31,1999-03-31,1999-03-31,2021-10-20,-119154000.0,6910236000.0,6691815750.0,3877393000.0,3032843000.0,0.677,2.846,-116390000.0,310673000.0,310673000.0,0.0,293083000.0,0.867,5.816,1364359000.0,253569000.0,1110790000.0,1364359000.0,0.0,152737000.0,0.0,0.007,0.275,567977000.0,720714000.0,0.159,720714000.0,567977000.0,523309000.0,0.84,0.825,0.84,1013767000.0,1018097500.0,1013767000.0,14407826993.0,25.0,19.991,371492000.0,1.043,1.0,4532024000.0,1.0,2049154000.0,44668000.0,1442214000.0,999350750.0,0.0,360114000.0,47674000.0,312440000.0,5896469000.0,4472554000.0,1423915000.0,14239561993.0,27452000.0,-374512000.0,-168932000.0,344290000.0,-93784000.0,27096000.0,-450583000.0,40319000.0,487882000.0,-36943000.0,293083000.0,293083000.0,293083000.0,0.0,0.0,0.065,3936894000.0,595130000.0,2824329000.0,0.327,14.046,48.585,47.583,374024000.0,0.0,39.97,3.142,3.142,3040655000.0,667939000.0,4532024000.0,4532024000.0,0.0,0.044,0.288,0.568,0.125,52966000.0,3936894000.0,1.0,356256242.0,356256242.0,,12.721,4861082000.0,94610000.0,230226000.0,65791000.0,13.645,-595161000.0
91,OMC,MRT,1998-12-31,1998-12-31,1998-12-31,2021-10-20,-94781000.0,7121968000.0,6438550000.0,4112521000.0,3009447000.0,0.666,3.099,-114522000.0,648781000.0,648781000.0,0.0,278845000.0,0.823,5.812,857304000.0,139894000.0,717410000.0,857304000.0,0.0,142458000.0,270312000.0,0.009,0.263,538347000.0,680805000.0,0.159,680805000.0,538347000.0,497937000.0,0.805,0.785,0.805,1045510000.0,1004083500.0,1045510000.0,10662385200.0,20.0,15.661,391149000.0,1.159,1.0,4290946000.0,1.0,2073037000.0,40410000.0,261772000.0,840923500.0,0.0,331002000.0,68610000.0,262392000.0,6076458000.0,4995682000.0,1080776000.0,9784362200.0,83643000.0,-505691000.0,42047000.0,289785000.0,-88623000.0,196778000.0,-583485000.0,36728000.0,505671000.0,-35321000.0,278845000.0,278845000.0,278845000.0,0.0,0.0,0.065,3728739000.0,562207000.0,3365844000.0,0.327,9.358,35.089,36.025,376541000.0,0.0,29.0,2.28,2.28,2946634000.0,628742000.0,4290946000.0,4290946000.0,0.0,0.043,0.278,0.64,0.125,52175000.0,3728739000.0,1.0,337391800.0,337391800.0,,12.718,5048931000.0,98154000.0,219092000.0,189978000.0,14.965,-883161000.0
92,OMC,MRT,1998-09-30,1998-09-30,1998-09-30,2021-10-20,-55959000.0,6429911000.0,5899493750.0,3509695000.0,2920216000.0,0.695,2.951,-145843000.0,313234000.0,313234000.0,0.0,262902000.0,0.872,5.419,1257995000.0,189892000.0,1068103000.0,1257995000.0,0.0,139973000.0,0.0,0.011,0.25,562864000.0,702837000.0,0.171,702837000.0,562864000.0,480306000.0,0.745,0.73,0.745,1001660000.0,959390750.0,1001660000.0,8234115500.0,15.0,11.716,247905000.0,0.73,1.0,4099411000.0,1.0,1971616000.0,82558000.0,1376800000.0,764260500.0,0.0,302398000.0,34271000.0,268127000.0,5428251000.0,4026256000.0,1401995000.0,7637314500.0,56124000.0,-537903000.0,73358000.0,367841000.0,-90862000.0,310956000.0,-645669000.0,38077000.0,393748000.0,-2911000.0,262902000.0,262902000.0,262902000.0,0.0,0.0,0.064,3566337000.0,533074000.0,2497319000.0,0.336,7.625,29.05,30.201,346695000.0,0.0,22.5,1.863,1.863,2717860000.0,567460000.0,4099411000.0,4099411000.0,0.0,0.045,0.274,0.736,0.137,19833000.0,3566337000.0,1.0,339436200.0,339436200.0,,12.077,4458295000.0,90941000.0,217404000.0,67177000.0,13.134,-516561000.0
93,OMC,MRT,1998-06-30,1998-06-30,1998-06-30,2021-10-20,-40785000.0,6305148000.0,5389035750.0,3569368000.0,2735780000.0,0.708,2.971,-148340000.0,337918000.0,337918000.0,0.0,248413000.0,0.862,5.234,977311000.0,139387000.0,837924000.0,977311000.0,0.0,126310000.0,0.0,0.01,0.25,519364000.0,645674000.0,0.169,645674000.0,519364000.0,449592000.0,0.715,0.7,0.715,1011453000.0,913924750.0,1011453000.0,9194311308.0,18.0,14.24,290238000.0,0.852,1.0,3813265000.0,1.0,1888983000.0,69772000.0,916617000.0,649543250.0,0.0,269974000.0,36620000.0,233354000.0,5293695000.0,4138941000.0,1154754000.0,8491235308.0,25033000.0,-526555000.0,76060000.0,266929000.0,-85836000.0,205816000.0,-616260000.0,58635000.0,438578000.0,-3101000.0,248413000.0,248413000.0,248413000.0,0.0,0.0,0.065,3319002000.0,494263000.0,2735819000.0,0.35,8.395,34.182,34.881,345480000.0,0.0,24.94,2.227,2.227,2754584000.0,532322000.0,3813265000.0,3813265000.0,0.0,0.046,0.272,0.8,0.136,18754000.0,3319002000.0,1.0,340466532.0,340466532.0,,11.2,4416165000.0,81037000.0,201179000.0,79523000.0,12.971,-569573000.0
94,OMC,MRT,1998-03-31,1998-03-31,1998-03-31,2021-10-20,-48984000.0,5897173000.0,4898121500.0,3313107000.0,2584066000.0,0.716,2.828,-122567000.0,283221000.0,283221000.0,0.0,228556000.0,0.829,5.158,990406000.0,338427000.0,651979000.0,990406000.0,0.0,118032000.0,0.0,0.01,0.237,460858000.0,578890000.0,0.165,578890000.0,460858000.0,406210000.0,0.67,0.66,0.67,957711000.0,871442750.0,957711000.0,7771848783.0,17.0,13.425,321552000.0,0.949,1.0,3505446000.0,1.0,1796995000.0,54648000.0,808505000.0,603753750.0,0.0,300890000.0,74657000.0,226233000.0,4939462000.0,3998858000.0,940604000.0,7968947783.0,36404000.0,-534871000.0,105535000.0,280740000.0,-76815000.0,267191000.0,-650485000.0,6953000.0,444119000.0,-24421000.0,228556000.0,228556000.0,228556000.0,0.0,0.0,0.065,3066105000.0,439341000.0,2403590000.0,0.354,8.321,34.867,35.119,331727000.0,0.0,23.53,2.273,2.273,2591166000.0,468458000.0,3505446000.0,3505446000.0,0.0,0.047,0.262,0.763,0.131,17893000.0,3066105000.0,1.0,338671814.0,338671814.0,,10.351,4100178000.0,82828000.0,177654000.0,69382000.0,12.107,-685751000.0
95,OMC,MRT,1997-12-31,1997-12-31,1997-12-31,2021-10-20,-47947000.0,4965743000.0,4437967500.0,2988398000.0,1977345000.0,0.743,2.675,-114814000.0,556436000.0,556436000.0,0.0,217300000.0,0.835,4.729,359337000.0,17672000.0,341665000.0,359337000.0,0.0,110659000.0,185591000.0,0.011,0.225,428622000.0,539281000.0,0.164,539281000.0,428622000.0,383839000.0,0.65,0.64,0.65,866739000.0,830121500.0,866739000.0,7329623360.0,17.0,13.591,480932000.0,1.484,1.0,3296224000.0,1.0,1234539000.0,44783000.0,-44880000.0,617260500.0,0.0,368932000.0,87668000.0,281264000.0,4099004000.0,3578985000.0,520019000.0,6866492360.0,36014000.0,-365118000.0,-42216000.0,175393000.0,-72753000.0,21363000.0,-550171000.0,-70239000.0,595746000.0,-30924000.0,217300000.0,217300000.0,217300000.0,0.0,0.0,0.066,2884540000.0,411684000.0,2595255000.0,0.346,7.922,31.599,32.6,239667000.0,0.0,21.19,2.083,2.083,2091677000.0,555038000.0,3296224000.0,3296224000.0,0.0,0.049,0.262,0.694,0.13,17311000.0,2884540000.0,1.0,324044000.0,324044000.0,,10.172,3731204000.0,68086000.0,166539000.0,173879000.0,11.514,-590587000.0
96,OMC,MRT,1997-09-30,1997-09-30,1997-09-30,2021-10-20,-46145000.0,4388079000.0,4210517500.0,2472593000.0,1915486000.0,0.708,2.518,-58173000.0,238253000.0,238253000.0,0.0,208188000.0,0.892,4.353,701384000.0,104881000.0,596503000.0,701384000.0,0.0,98562000.0,0.0,0.012,0.213,388644000.0,487206000.0,0.163,487206000.0,388644000.0,355084000.0,0.662,0.64,0.662,819796000.0,813606250.0,819796000.0,6201839750.0,16.0,12.729,387076000.0,1.189,1.0,2981586000.0,1.0,1161287000.0,33560000.0,917931000.0,602431500.0,0.0,349306000.0,71644000.0,277662000.0,3568283000.0,2771992000.0,796291000.0,5922213750.0,47226000.0,-358329000.0,-44098000.0,258171000.0,-63483000.0,116799000.0,-467064000.0,-50562000.0,445249000.0,-47758000.0,208188000.0,208188000.0,208188000.0,0.0,0.0,0.07,2600182000.0,381404000.0,1838341000.0,0.322,7.224,28.446,27.474,228789000.0,0.0,18.188,1.986,1.986,1909262000.0,500435000.0,2981586000.0,2981586000.0,0.0,0.049,0.256,0.645,0.13,16719000.0,2600182000.0,1.0,325620000.0,325620000.0,,9.157,3226792000.0,75693000.0,146896000.0,78331000.0,9.91,-299399000.0
97,OMC,MRT,1997-06-30,1997-06-30,1997-06-30,2021-10-20,-34558000.0,4341491000.0,4003009500.0,2514854000.0,1826637000.0,0.716,2.574,-54895000.0,294028000.0,294028000.0,0.0,198930000.0,0.918,4.159,573654000.0,28640000.0,545014000.0,573654000.0,0.0,93873000.0,0.0,0.013,0.2,369363000.0,463236000.0,0.162,463236000.0,369363000.0,338183000.0,0.637,0.615,0.637,841525000.0,792308250.0,841525000.0,5389555120.0,15.0,11.635,380481000.0,1.164,1.0,2866519000.0,1.0,1148131000.0,31180000.0,733459000.0,551521750.0,0.0,332086000.0,95471000.0,236615000.0,3499966000.0,2739527000.0,760439000.0,5036650120.0,43896000.0,-265733000.0,-56301000.0,163745000.0,-60478000.0,26376000.0,-388457000.0,-67829000.0,435376000.0,-29399000.0,198930000.0,198930000.0,198930000.0,0.0,0.0,0.069,2505395000.0,361124000.0,1903841000.0,0.314,5.985,25.319,24.188,228883000.0,0.0,15.408,1.757,1.757,1886473000.0,478861000.0,2866519000.0,2866519000.0,0.0,0.05,0.251,0.67,0.129,16048000.0,2505395000.0,1.0,326896000.0,326896000.0,,8.769,3193360000.0,73410000.0,139253000.0,77333000.0,9.769,-224673000.0
98,OMC,MRT,1997-03-31,1997-03-31,1997-03-31,2021-10-20,-22331000.0,4056557000.0,3847918250.0,2361045000.0,1695512000.0,0.714,2.443,-52657000.0,227960000.0,227960000.0,0.0,185484000.0,0.945,4.119,580865000.0,31394000.0,549471000.0,580865000.0,0.0,88991000.0,0.0,0.016,0.194,347445000.0,436436000.0,0.159,436436000.0,347445000.0,315118000.0,0.607,0.585,0.607,792426000.0,730696000.0,792426000.0,3747576812.0,11.0,8.587,385866000.0,1.19,1.0,2746643000.0,1.0,1048982000.0,32327000.0,862532000.0,522089750.0,0.0,310836000.0,79791000.0,231045000.0,3264131000.0,2497948000.0,766183000.0,4044327812.0,32563000.0,-168795000.0,-66396000.0,25042000.0,-57332000.0,-124362000.0,-269661000.0,-48209000.0,438523000.0,-11937000.0,185484000.0,185484000.0,185484000.0,0.0,0.0,0.068,2407184000.0,339459000.0,1695768000.0,0.32,5.104,21.804,20.544,222159000.0,0.0,12.47,1.472,1.472,1804883000.0,428500000.0,2746643000.0,2746643000.0,0.0,0.048,0.254,0.665,0.126,15029000.0,2407184000.0,1.0,324324604.0,324324604.0,,8.469,3007575000.0,78019000.0,129634000.0,64086000.0,9.273,-136903000.0
99,OMC,MRT,1996-12-31,1996-12-31,1996-12-31,2021-10-20,3490000.0,4055943000.0,3759885500.0,2424985000.0,1630958000.0,0.703,2.469,-48777000.0,510267000.0,510267000.0,0.0,176329000.0,0.847,4.066,213516000.0,8772000.0,204744000.0,213516000.0,0.0,85819000.0,151539000.0,0.016,0.188,334035000.0,419854000.0,0.159,419854000.0,334035000.0,299968000.0,0.585,0.56,0.585,800678000.0,670657500.0,800678000.0,,,,445248000.0,1.373,1.0,2641667000.0,1.0,1000312000.0,34067000.0,-104196000.0,534775000.0,0.0,236759000.0,12841000.0,223918000.0,3255265000.0,2863076000.0,392189000.0,3709462658.0,196268000.0,-126000000.0,-91452000.0,42153000.0,-54311000.0,-127764000.0,-163842000.0,10935000.0,494025000.0,-6151000.0,176329000.0,176329000.0,176329000.0,0.0,0.0,0.067,2315094000.0,326573000.0,2070026000.0,0.321,4.633,21.037,19.551,221655000.0,0.0,11.438,1.404,1.404,1712078000.0,419072000.0,2641667000.0,2641667000.0,0.0,0.047,0.263,0.625,0.126,13895000.0,2315094000.0,1.0,324324604.0,324324604.0,,8.145,3055631000.0,79828000.0,123639000.0,138833000.0,9.422,-438091000.0
100,OMC,MRT,1996-09-30,1996-09-30,1996-09-30,2021-10-20,-26519000.0,3558047000.0,3627819000.0,2063730000.0,1494317000.0,,,,191027000.0,191027000.0,,,0.926,3.843,489282000.0,61143000.0,428139000.0,489282000.0,0.0,,0.0,0.015,0.181,,,,,,,,,,734604000.0,608364750.0,734604000.0,,,,,,1.0,,,913243000.0,,714292000.0,608310500.0,0.0,211884000.0,15742000.0,196142000.0,2823443000.0,2228767000.0,594676000.0,,,,,,,,,,,,,,,,,,,,1488205000.0,,,,,212623000.0,,11.688,,,1635369000.0,374646000.0,,,,,,,,,,1.0,,,,,2644804000.0,65550000.0,,42950000.0,,-165037000.0
101,OMC,MRT,1996-06-30,1996-06-30,1996-06-30,2021-10-20,-26031000.0,3721126000.0,,2257874000.0,1463252000.0,,,,250132000.0,250132000.0,,,0.885,5.253,574209000.0,174068000.0,400141000.0,574209000.0,0.0,,0.0,0.016,0.175,,,,,,,,,,595076000.0,,595076000.0,,,,,,1.0,,,877240000.0,,615731000.0,,0.0,219126000.0,21887000.0,197239000.0,3126050000.0,2552232000.0,573818000.0,,,,,,,,,,,,,,,,,,,,1716675000.0,,,,,211334000.0,,11.031,,,1785612000.0,358206000.0,,,,,,,,,,1.0,,,,,2843886000.0,68180000.0,,62529000.0,,-294358000.0
102,OMC,MRT,1996-03-31,1996-03-31,1996-03-31,2021-10-20,-32856000.0,3704426000.0,,2244789000.0,1459637000.0,,,,195397000.0,195397000.0,,,0.914,5.708,698648000.0,172472000.0,526176000.0,698648000.0,0.0,,0.0,0.016,0.17,,,,,,,,,,552272000.0,,552272000.0,,,,,,1.0,,,838464000.0,,913273000.0,,0.0,244779000.0,28503000.0,216276000.0,3152154000.0,2455940000.0,696214000.0,,,,,,,,,,,,,,,,,,,,1615140000.0,,,,,212403000.0,,10.75,,,1818071000.0,318253000.0,,,,,,,,,,1.0,,,,,2865962000.0,71041000.0,,52272000.0,,-211151000.0
103,OMC,MRT,1995-12-31,1995-12-31,1995-12-31,2021-10-20,-26641000.0,3527677000.0,,2106035000.0,1421642000.0,,,-49568000.0,313999000.0,313999000.0,0.0,139955000.0,0.842,5.396,311410000.0,21031000.0,290379000.0,311410000.0,0.0,74129000.0,245516000.0,0.018,0.165,280612000.0,354741000.0,0.157,354741000.0,280612000.0,237341000.0,0.475,0.465,0.475,551507000.0,,551507000.0,,,,177021000.0,,1.0,2257536000.0,1.0,832698000.0,43271000.0,189946000.0,,0.0,221690000.0,21474000.0,200216000.0,2976170000.0,2502444000.0,473726000.0,,72202000.0,-103506000.0,-28973000.0,74327000.0,-45935000.0,-16079000.0,-145778000.0,7296000.0,226589000.0,7470000.0,139955000.0,139955000.0,139955000.0,0.0,0.0,0.062,1986631000.0,270905000.0,1734500000.0,0.347,,,19.605,200473000.0,0.0,9.312,,,1609327000.0,299704000.0,2257536000.0,2257536000.0,0.0,,,,0.124,10713000.0,1986631000.0,1.0,,,,,2694979000.0,70242000.0,97386000.0,107923000.0,,-396409000.0
104,OMC,MRT,1994-12-31,1994-12-31,1994-12-31,2021-10-20,,,,,,,,-43983000.0,,,0.0,83486000.0,,,,,,,,66354000.0,,0.024,0.155,201898000.0,268252000.0,0.141,268252000.0,201898000.0,161413000.0,0.295,0.295,0.295,,,,,,,316180000.0,,1.0,1907795000.0,1.0,,40485000.0,,,,,,,,,,,61673000.0,-150161000.0,-59545000.0,-24687000.0,-41307000.0,-133601000.0,-178133000.0,16011000.0,360163000.0,13244000.0,83486000.0,83486000.0,83486000.0,0.0,0.0,0.044,1691691000.0,216104000.0,,0.525,,,21.928,,0.0,6.469,,,,,1907795000.0,1907795000.0,0.0,,,,0.106,9535000.0,1691691000.0,1.0,,,,,,,77927000.0,,,
