None,ticker,dimension,calendardate,datekey,reportperiod,lastupdated,accoci,assets,assetsavg,assetsc,assetsnc,assetturnover,bvps,capex,cashneq,cashnequsd,cor,consolinc,currentratio,de,debt,debtc,debtnc,debtusd,deferredrev,depamor,deposits,divyield,dps,ebit,ebitda,ebitdamargin,ebitdausd,ebitusd,ebt,eps,epsdil,epsusd,equity,equityavg,equityusd,ev,evebit,evebitda,fcf,fcfps,fxusd,gp,grossmargin,intangibles,intexp,invcap,invcapavg,inventory,investments,investmentsc,investmentsnc,liabilities,liabilitiesc,liabilitiesnc,marketcap,ncf,ncfbus,ncfcommon,ncfdebt,ncfdiv,ncff,ncfi,ncfinv,ncfo,ncfx,netinc,netinccmn,netinccmnusd,netincdis,netincnci,netmargin,opex,opinc,payables,payoutratio,pb,pe,pe1,ppnenet,prefdivis,price,ps,ps1,receivables,retearn,revenue,revenueusd,rnd,roa,roe,roic,ros,sbcomp,sgna,sharefactor,sharesbas,shareswa,shareswadil,sps,tangibles,taxassets,taxexp,taxliabilities,tbvps,workingcapital
0,DD,MRY,2020-12-31,2020-12-31,2020-12-31,2021-08-25,44000000.0,70904000000.0,69446250000.0,29008000000.0,41896000000.0,0.294,52.351,-1194000000.0,8750000000.0,8750000000.0,13522000000.0,-2923000000.0,2.373,0.827,15611000000.0,0.0,15611000000.0,15611000000.0,0.0,3094000000.0,0.0,0.017,1.2,-2207000000.0,887000000.0,0.043,887000000.0,-2207000000.0,-2974000000.0,-4.01,-4.01,-4.01,38504000000.0,38154750000.0,38504000000.0,66166045412.0,-30.0,74.595,2901000000.0,3.944,1.0,6875000000.0,0.337,26774000000.0,767000000.0,38765000000.0,34644500000.0,2393000000.0,1047000000.0,0.0,1047000000.0,31834000000.0,12226000000.0,19608000000.0,52184045412.0,7198000000.0,963000000.0,-175000000.0,4415000000.0,-882000000.0,3238000000.0,-202000000.0,0.0,4095000000.0,67000000.0,-2951000000.0,-2951000000.0,-2951000000.0,49000000.0,28000000.0,-0.145,9196000000.0,-2321000000.0,2222000000.0,-0.299,1.355,-17.684,-17.733,6867000000.0,0.0,71.11,2.558,2.564,2421000000.0,-11586000000.0,20397000000.0,20397000000.0,860000000.0,-0.042,-0.077,-0.064,-0.108,0.0,2235000000.0,1.0,733849605.0,735500000,735500000.0,27.732,44130000000.0,190000000.0,-23000000.0,2222000000.0,60.0,16782000000.0
1,DD,MRY,2019-12-31,2019-12-31,2019-12-31,2021-08-25,-1416000000.0,69349000000.0,100024000000.0,9999000000.0,59350000000.0,0.215,54.92,-2497000000.0,1540000000.0,1540000000.0,14056000000.0,600000000.0,1.198,0.678,17447000000.0,3830000000.0,13617000000.0,17447000000.0,0.0,3195000000.0,0.0,0.034,2.16,1306000000.0,4501000000.0,0.209,4501000000.0,1306000000.0,638000000.0,0.67,0.67,0.67,40987000000.0,54195250000.0,40987000000.0,63037791231.0,48.0,14.005,-1088000000.0,-1.458,1.0,7456000000.0,0.347,46744000000.0,668000000.0,30166000000.0,49283500000.0,4319000000.0,1260000000.0,0.0,1260000000.0,27793000000.0,8346000000.0,19447000000.0,47559791231.0,-12445000000.0,119000000.0,-2244000000.0,-264000000.0,-1611000000.0,-11550000000.0,-2313000000.0,45000000.0,1409000000.0,9000000.0,498000000.0,498000000.0,498000000.0,-1214000000.0,102000000.0,0.023,7346000000.0,110000000.0,2934000000.0,3.224,1.16,95.502,95.821,10143000000.0,0.0,64.2,2.211,2.227,3802000000.0,-8400000000.0,21512000000.0,21512000000.0,955000000.0,0.005,0.009,0.026,0.061,0.0,2663000000.0,1.0,740806717.0,746300000,746300000.0,28.825,22605000000.0,189000000.0,140000000.0,3707000000.0,30.289,1653000000.0
2,DD,MRY,2018-12-31,2018-12-31,2018-12-31,2021-08-25,-12394000000.0,187855000000.0,188029000000.0,126655000000.0,61200000000.0,0.12,122.936,-3951000000.0,8548000000.0,8548000000.0,15302000000.0,4000000000.0,1.728,0.975,12639000000.0,15000000.0,12624000000.0,12639000000.0,0.0,5918000000.0,0.0,0.028,4.56,4095000000.0,10013000000.0,0.443,10013000000.0,4095000000.0,4040000000.0,4.99,4.96,4.99,94292000000.0,97976000000.0,94292000000.0,150924055013.0,37.0,15.073,780000000.0,1.017,1.0,7292000000.0,0.323,49151000000.0,55000000.0,69483000000.0,88229250000.0,4107000000.0,1849000000.0,29000000.0,1820000000.0,91955000000.0,73312000000.0,18643000000.0,122695055013.0,7000000.0,186000000.0,-4224000000.0,6114000000.0,-3491000000.0,-1918000000.0,-2462000000.0,615000000.0,4731000000.0,-344000000.0,3845000000.0,3845000000.0,3845000000.0,-3595000000.0,155000000.0,0.17,7084000000.0,208000000.0,2619000000.0,0.914,1.301,31.91,32.152,9917000000.0,0.0,160.44,5.43,5.446,3438000000.0,30257000000.0,22594000000.0,22594000000.0,1070000000.0,0.02,0.039,0.046,0.181,0.0,3028000000.0,1.0,764740291.0,767000000,771800000.0,29.458,138704000000.0,178000000.0,195000000.0,4027000000.0,180.84,53343000000.0
3,DD,MRY,2017-12-31,2017-12-31,2017-12-31,2021-08-25,-8972000000.0,192164000000.0,138441500000.0,49893000000.0,142271000000.0,0.084,190.524,-3691000000.0,13438000000.0,13438000000.0,9558000000.0,1291000000.0,1.91,0.899,34071000000.0,4015000000.0,30056000000.0,34071000000.0,0.0,3969000000.0,0.0,0.025,5.28,-599000000.0,3370000000.0,0.289,3370000000.0,-599000000.0,-599000000.0,2.18,2.15,2.18,100330000000.0,64689250000.0,100330000000.0,190405606500.0,-318.0,56.5,-4456000000.0,-8.462,1.0,2114000000.0,0.181,92801000000.0,0.0,93868000000.0,79900750000.0,16992000000.0,9536000000.0,956000000.0,8580000000.0,90237000000.0,26128000000.0,64109000000.0,166652606500.0,7391000000.0,7120000000.0,-481000000.0,-2412000000.0,-3394000000.0,-6554000000.0,14325000000.0,1721000000.0,-765000000.0,297000000.0,1159000000.0,1159000000.0,1159000000.0,-1058000000.0,132000000.0,0.099,4006000000.0,-1892000000.0,9134000000.0,2.422,1.661,143.79,98.009,36247000000.0,0.0,213.66,14.278,9.64,17573000000.0,29211000000.0,11672000000.0,11672000000.0,657000000.0,0.008,0.018,-0.007,-0.051,0.0,1615000000.0,1.0,779988954.0,526600000,532700000.0,22.165,99363000000.0,1869000000.0,-1758000000.0,7109000000.0,188.688,23765000000.0
4,DD,MRY,2016-12-31,2016-12-31,2016-12-31,2021-08-25,-9822000000.0,79511000000.0,77524750000.0,23659000000.0,55852000000.0,0.621,70.356,-3917000000.0,6607000000.0,6607000000.0,37668000000.0,4404000000.0,1.877,2.012,21363000000.0,907000000.0,20456000000.0,21363000000.0,0.0,2862000000.0,0.0,0.032,5.52,5185000000.0,8047000000.0,0.167,8047000000.0,5185000000.0,4327000000.0,10.71,10.56,10.71,25987000000.0,27389250000.0,25987000000.0,78424833661.0,15.0,9.746,-6874000000.0,-18.61,1.0,10490000000.0,0.218,21298000000.0,858000000.0,60365000000.0,58217750000.0,7363000000.0,7424000000.0,0.0,7424000000.0,52282000000.0,12604000000.0,39678000000.0,64164833661.0,-1956000000.0,1276000000.0,-518000000.0,-589000000.0,-2462000000.0,-4014000000.0,5092000000.0,-842000000.0,-2957000000.0,-77000000.0,4318000000.0,3978000000.0,3978000000.0,0.0,86000000.0,0.083,5661000000.0,4829000000.0,4519000000.0,0.515,2.469,16.13,16.028,23486000000.0,340000000.0,171.66,1.332,1.317,9686000000.0,30338000000.0,48158000000.0,48158000000.0,1593000000.0,0.051,0.145,0.089,0.108,0.0,2953000000.0,1.0,373789872.0,369363000,374396000.0,130.381,58213000000.0,3079000000.0,9000000.0,1523000000.0,157.604,11055000000.0
5,DD,MRY,2015-12-31,2015-12-31,2015-12-31,2021-08-25,-8667000000.0,67938000000.0,68736250000.0,23941000000.0,43997000000.0,0.71,67.359,-3703000000.0,8577000000.0,8577000000.0,37745000000.0,7783000000.0,2.154,1.646,17210000000.0,995000000.0,16215000000.0,17210000000.0,0.0,2521000000.0,0.0,0.033,5.16,10778000000.0,13299000000.0,0.273,13299000000.0,10778000000.0,9832000000.0,19.35,18.45,19.35,25374000000.0,23889000000.0,25374000000.0,71759942283.0,7.0,5.396,3904000000.0,10.364,1.0,11033000000.0,0.226,15771000000.0,946000000.0,49685000000.0,52335250000.0,6871000000.0,7697000000.0,0.0,7697000000.0,41755000000.0,11115000000.0,30640000000.0,59644942283.0,2923000000.0,2277000000.0,-658000000.0,187000000.0,-2253000000.0,-3132000000.0,-1350000000.0,119000000.0,7607000000.0,-202000000.0,7685000000.0,7345000000.0,7345000000.0,0.0,98000000.0,0.151,831000000.0,10202000000.0,3577000000.0,0.267,2.351,8.12,7.981,17854000000.0,340000000.0,154.44,1.223,1.193,8662000000.0,28425000000.0,48778000000.0,48778000000.0,1598000000.0,0.107,0.307,0.206,0.221,0.0,2948000000.0,1.0,386201001.0,376696000,413796000.0,129.489,52167000000.0,2140000000.0,2147000000.0,1039000000.0,138.486,12826000000.0
6,DD,MRY,2014-12-31,2014-12-31,2014-12-31,2021-08-25,-8017000000.0,68687000000.0,69062250000.0,24255000000.0,44432000000.0,0.842,57.451,-3572000000.0,5654000000.0,5654000000.0,47464000000.0,3839000000.0,2.094,2.022,19674000000.0,933000000.0,18741000000.0,19674000000.0,0.0,2747000000.0,0.0,0.034,4.59,6181000000.0,8928000000.0,0.153,8928000000.0,6181000000.0,5198000000.0,8.73,8.61,8.73,22423000000.0,25412000000.0,22423000000.0,67767667185.0,11.0,7.59,2930000000.0,7.507,1.0,10703000000.0,0.184,16400000000.0,983000000.0,54726000000.0,54225750000.0,8101000000.0,7260000000.0,0.0,7260000000.0,45333000000.0,11581000000.0,33752000000.0,53753667185.0,-286000000.0,183000000.0,-3245000000.0,1775000000.0,-2020000000.0,-3583000000.0,-3105000000.0,-138000000.0,6502000000.0,-100000000.0,3772000000.0,3432000000.0,3432000000.0,0.0,67000000.0,0.059,5341000000.0,5362000000.0,4481000000.0,0.526,2.397,15.662,15.674,18051000000.0,340000000.0,136.83,0.924,0.918,9992000000.0,23045000000.0,58167000000.0,58167000000.0,1647000000.0,0.05,0.135,0.114,0.106,-42000000.0,3106000000.0,1.0,392849619.0,390296000,395663000.0,149.033,52287000000.0,2947000000.0,1426000000.0,1088000000.0,133.968,12674000000.0
7,DD,MRY,2013-12-31,2013-12-31,2013-12-31,2021-08-25,-4827000000.0,69501000000.0,69788250000.0,24977000000.0,44524000000.0,0.818,68.028,-2302000000.0,5940000000.0,5940000000.0,47594000000.0,4816000000.0,2.086,1.546,17960000000.0,1140000000.0,16820000000.0,17960000000.0,0.0,2681000000.0,0.0,0.029,3.84,7876000000.0,10557000000.0,0.185,10557000000.0,7876000000.0,6775000000.0,11.16,11.04,11.16,26898000000.0,23778000000.0,26898000000.0,67197764673.0,9.0,6.365,5521000000.0,13.963,1.0,9486000000.0,0.166,17112000000.0,1101000000.0,52438000000.0,54327250000.0,8303000000.0,7407000000.0,0.0,7407000000.0,41577000000.0,11971000000.0,29606000000.0,53850764673.0,1622000000.0,685000000.0,79000000.0,-3350000000.0,-1479000000.0,-4731000000.0,-1469000000.0,106000000.0,7823000000.0,-1000000.0,4787000000.0,4447000000.0,4447000000.0,0.0,29000000.0,0.078,2656000000.0,6830000000.0,4590000000.0,0.344,2.002,12.109,11.935,17454000000.0,340000000.0,133.2,0.943,0.923,10012000000.0,21407000000.0,57080000000.0,57080000000.0,1747000000.0,0.064,0.187,0.145,0.138,-23000000.0,3024000000.0,1.0,404284616.0,395396000,430129000.0,144.362,52389000000.0,2707000000.0,1988000000.0,1286000000.0,132.498,13006000000.0
8,DD,MRY,2012-12-31,2012-12-31,2012-12-31,2021-08-25,-7516000000.0,69605000000.0,69353250000.0,23684000000.0,45921000000.0,0.819,53.545,-2614000000.0,4318000000.0,4318000000.0,47792000000.0,1100000000.0,2.061,2.287,20987000000.0,1068000000.0,19919000000.0,20987000000.0,0.0,2698000000.0,0.0,0.037,3.63,3016000000.0,5714000000.0,0.101,5714000000.0,3016000000.0,1747000000.0,2.13,2.1,2.13,20877000000.0,22713500000.0,20877000000.0,55287088831.0,18.0,9.676,1461000000.0,3.747,1.0,8994000000.0,0.158,17450000000.0,1269000000.0,57331000000.0,55683250000.0,8476000000.0,6999000000.0,0.0,6999000000.0,47738000000.0,11493000000.0,36245000000.0,38770088831.0,-1126000000.0,168000000.0,295000000.0,-757000000.0,-2050000000.0,-2530000000.0,-2687000000.0,-241000000.0,4075000000.0,16000000.0,1182000000.0,842000000.0,842000000.0,0.0,-82000000.0,0.015,6637000000.0,2357000000.0,5010000000.0,1.704,1.857,46.045,45.534,17520000000.0,340000000.0,96.988,0.683,0.666,9992000000.0,18495000000.0,56786000000.0,56786000000.0,1708000000.0,0.012,0.037,0.054,0.053,-76000000.0,2861000000.0,1.0,399739866.0,389896000,392129000.0,145.644,52155000000.0,4210000000.0,565000000.0,1183000000.0,133.766,12191000000.0
9,DD,MRY,2011-12-31,2011-12-31,2011-12-31,2021-08-25,-5996000000.0,69224000000.0,68266000000.0,23422000000.0,45802000000.0,0.879,58.176,-2017000000.0,5444000000.0,5444000000.0,51029000000.0,2784000000.0,1.718,2.062,21600000000.0,3290000000.0,18310000000.0,21600000000.0,0.0,2883000000.0,0.0,0.031,2.7,4900000000.0,7783000000.0,0.13,7783000000.0,4900000000.0,3559000000.0,6.18,6.15,6.18,22281000000.0,23409750000.0,22281000000.0,51385619874.0,10.0,6.602,1862000000.0,4.862,1.0,8956000000.0,0.149,17991000000.0,1341000000.0,53755000000.0,54303500000.0,7577000000.0,7059000000.0,2000000.0,7057000000.0,45933000000.0,13634000000.0,32299000000.0,33988619874.0,-1595000000.0,128000000.0,315000000.0,-2557000000.0,-1258000000.0,-3362000000.0,-1994000000.0,-78000000.0,3879000000.0,-121000000.0,2742000000.0,2402000000.0,2402000000.0,0.0,42000000.0,0.04,5277000000.0,3679000000.0,4778000000.0,0.437,1.525,14.15,13.961,17299000000.0,340000000.0,86.28,0.567,0.551,10770000000.0,19087000000.0,59985000000.0,59985000000.0,1646000000.0,0.035,0.103,0.09,0.082,-23000000.0,2788000000.0,1.0,393933541.0,382996000,386063000.0,156.62,51233000000.0,3030000000.0,817000000.0,1602000000.0,133.769,9788000000.0
10,DD,MRY,2010-12-31,2010-12-31,2010-12-31,2021-08-25,-4399000000.0,69588000000.0,66932250000.0,24130000000.0,45458000000.0,0.802,58.191,-253000000.0,7039000000.0,7039000000.0,45780000000.0,2321000000.0,1.736,2.15,23827000000.0,3222000000.0,20605000000.0,23827000000.0,0.0,2962000000.0,0.0,0.018,1.8,4264000000.0,7226000000.0,0.135,7226000000.0,4264000000.0,2791000000.0,5.25,5.16,5.25,21839000000.0,21163000000.0,21839000000.0,57534486369.0,13.0,7.962,3849000000.0,10.256,1.0,7894000000.0,0.147,18497000000.0,1473000000.0,53983000000.0,52760250000.0,7087000000.0,6383000000.0,0.0,6383000000.0,46946000000.0,13896000000.0,33050000000.0,39626486369.0,4193000000.0,-74000000.0,276000000.0,460000000.0,-1014000000.0,-178000000.0,135000000.0,117000000.0,4102000000.0,88000000.0,2310000000.0,1970000000.0,1970000000.0,0.0,11000000.0,0.037,5126000000.0,2768000000.0,4356000000.0,0.343,1.814,20.115,19.509,17668000000.0,340000000.0,102.42,0.738,0.716,9432000000.0,17736000000.0,53674000000.0,53674000000.0,1660000000.0,0.029,0.093,0.081,0.079,-20000000.0,2609000000.0,1.0,386901452.0,375296000,381263000.0,143.018,51091000000.0,2690000000.0,481000000.0,1749000000.0,136.135,10234000000.0
11,DD,MRY,2009-12-31,2009-12-31,2009-12-31,2021-08-25,-3892000000.0,66018000000.0,60843750000.0,19542000000.0,46476000000.0,0.738,59.112,-1389000000.0,2846000000.0,2846000000.0,39148000000.0,676000000.0,1.491,2.184,22373000000.0,3221000000.0,19152000000.0,22373000000.0,0.0,2827000000.0,0.0,0.022,1.8,2122000000.0,4949000000.0,0.11,4949000000.0,2122000000.0,551000000.0,0.96,0.96,0.96,20555000000.0,18529750000.0,20555000000.0,52704866821.0,25.0,10.65,686000000.0,1.973,1.0,5727000000.0,0.128,19179000000.0,1571000000.0,53261000000.0,52076750000.0,6847000000.0,5995000000.0,0.0,5995000000.0,44894000000.0,13105000000.0,31789000000.0,31600866821.0,46000000.0,-14060000000.0,1516000000.0,6075000000.0,-1030000000.0,12659000000.0,-14767000000.0,1395000000.0,2075000000.0,79000000.0,648000000.0,336000000.0,336000000.0,-110000000.0,28000000.0,0.007,6138000000.0,-411000000.0,4153000000.0,1.875,1.537,94.05,86.344,18141000000.0,312000000.0,82.89,0.704,0.642,9405000000.0,16704000000.0,44875000000.0,44875000000.0,1492000000.0,0.006,0.018,0.041,0.047,-10000000.0,2487000000.0,1.0,381238210.0,347730000,351296000.0,129.051,46839000000.0,2693000000.0,-97000000.0,1621000000.0,134.699,6437000000.0
12,DD,MRY,2008-12-31,2008-12-31,2008-12-31,2021-08-25,-4389000000.0,45474000000.0,49612250000.0,16060000000.0,29414000000.0,1.156,43.566,-2024000000.0,2800000000.0,2800000000.0,51913000000.0,654000000.0,1.225,2.361,11856000000.0,3814000000.0,8042000000.0,11856000000.0,0.0,2236000000.0,0.0,0.111,5.04,1878000000.0,4114000000.0,0.072,4114000000.0,1878000000.0,1230000000.0,1.86,1.86,1.86,13511000000.0,18053500000.0,13511000000.0,24085712010.0,13.0,5.855,2687000000.0,8.664,1.0,5448000000.0,0.095,4223000000.0,648000000.0,37199000000.0,40768000000.0,6036000000.0,5725000000.0,0.0,5725000000.0,31894000000.0,13108000000.0,18786000000.0,13939712010.0,1064000000.0,-270000000.0,-826000000.0,1518000000.0,-1563000000.0,-978000000.0,-2737000000.0,-380000000.0,4711000000.0,68000000.0,579000000.0,579000000.0,579000000.0,-28000000.0,75000000.0,0.01,4682000000.0,766000000.0,3306000000.0,2.71,1.032,24.075,24.339,14294000000.0,0.0,45.27,0.243,0.245,7132000000.0,17013000000.0,57361000000.0,57361000000.0,1310000000.0,0.012,0.032,0.046,0.033,-8000000.0,1966000000.0,1.0,307923527.0,310130000,312997000.0,184.958,41251000000.0,4268000000.0,651000000.0,1471000000.0,133.012,2952000000.0
13,DD,MRY,2007-12-31,2007-12-31,2007-12-31,2021-08-25,-170000000.0,48801000000.0,47353750000.0,18654000000.0,30147000000.0,1.127,59.727,-1864000000.0,1736000000.0,1736000000.0,46302000000.0,2985000000.0,1.499,1.55,9715000000.0,2134000000.0,7581000000.0,9715000000.0,0.0,2190000000.0,0.0,0.041,4.905,4701000000.0,6891000000.0,0.129,6891000000.0,4701000000.0,4117000000.0,9.09,8.97,9.09,18975000000.0,17757750000.0,18975000000.0,44979819600.0,10.0,6.527,2620000000.0,8.247,1.0,7073000000.0,0.133,4353000000.0,584000000.0,39982000000.0,39344250000.0,6885000000.0,5964000000.0,1000000.0,5963000000.0,29412000000.0,12445000000.0,16967000000.0,37227819600.0,-1021000000.0,-1010000000.0,-1083000000.0,-113000000.0,-1512000000.0,-2728000000.0,-2858000000.0,46000000.0,4484000000.0,81000000.0,2887000000.0,2887000000.0,2887000000.0,-23000000.0,98000000.0,0.054,4197000000.0,2876000000.0,4555000000.0,0.54,1.962,12.895,13.01,14388000000.0,0.0,118.26,0.697,0.704,10069000000.0,18004000000.0,53375000000.0,53375000000.0,1305000000.0,0.061,0.163,0.119,0.088,-31000000.0,1861000000.0,1.0,314796063.0,317697000,321863000.0,168.006,44448000000.0,2474000000.0,1230000000.0,1699000000.0,139.907,6209000000.0
14,DD,MRY,2006-12-31,2006-12-31,2006-12-31,2021-08-25,-2235000000.0,45581000000.0,45966250000.0,17209000000.0,28372000000.0,1.069,52.063,-1775000000.0,2757000000.0,2757000000.0,41526000000.0,3724000000.0,1.623,1.708,9546000000.0,1510000000.0,8036000000.0,9546000000.0,0.0,2074000000.0,0.0,0.038,4.5,5495000000.0,7569000000.0,0.154,7569000000.0,5495000000.0,4879000000.0,11.61,11.46,11.61,16700000000.0,16314250000.0,16700000000.0,45185822219.0,8.0,5.97,2379000000.0,7.417,1.0,7598000000.0,0.155,3699000000.0,616000000.0,38070000000.0,39323000000.0,6058000000.0,5319000000.0,153000000.0,5166000000.0,28516000000.0,10601000000.0,17915000000.0,38111822219.0,-1049000000.0,185000000.0,-516000000.0,-1336000000.0,-1404000000.0,-3302000000.0,-1907000000.0,-109000000.0,4154000000.0,6000000.0,3724000000.0,3724000000.0,3724000000.0,0.0,0.0,0.076,3782000000.0,3816000000.0,3825000000.0,0.388,2.282,10.234,10.31,13722000000.0,0.0,119.7,0.776,0.782,8336000000.0,16987000000.0,49124000000.0,49124000000.0,1164000000.0,0.081,0.228,0.14,0.112,-11000000.0,1663000000.0,1.0,318394186.0,320763000,324797000.0,153.147,41882000000.0,4199000000.0,1155000000.0,1819000000.0,130.57,6608000000.0
15,DD,MRY,2005-12-31,2005-12-31,2005-12-31,2021-08-25,-1949000000.0,45934000000.0,45632500000.0,17404000000.0,28530000000.0,1.015,46.682,-1597000000.0,3806000000.0,3806000000.0,38276000000.0,4515000000.0,1.632,2.042,10706000000.0,1520000000.0,9186000000.0,10706000000.0,0.0,2079000000.0,0.0,0.031,4.02,6999000000.0,9078000000.0,0.196,9078000000.0,6999000000.0,6297000000.0,14.07,13.86,14.07,14988000000.0,14018000000.0,14988000000.0,50003277903.0,7.0,5.508,2877000000.0,8.961,1.0,8031000000.0,0.173,3583000000.0,702000000.0,38588000000.0,39906750000.0,5319000000.0,4747000000.0,32000000.0,4715000000.0,30610000000.0,10663000000.0,19947000000.0,42291277903.0,698000000.0,-4000000.0,330000000.0,-1481000000.0,-1287000000.0,-2508000000.0,-1096000000.0,768000000.0,4474000000.0,-172000000.0,4515000000.0,4515000000.0,4515000000.0,0.0,0.0,0.098,2032000000.0,5999000000.0,3931000000.0,0.286,2.822,9.367,9.343,13537000000.0,0.0,131.46,0.913,0.911,8200000000.0,14719000000.0,46307000000.0,46307000000.0,1073000000.0,0.099,0.322,0.175,0.151,85000000.0,1545000000.0,1.0,321704211.0,321063000,325597000.0,144.23,42351000000.0,3979000000.0,1782000000.0,2089000000.0,131.909,6741000000.0
16,DD,MRY,2004-12-31,2004-12-31,2004-12-31,2021-08-25,-977000000.0,45885000000.0,43325000000.0,15890000000.0,29995000000.0,0.927,37.723,-1333000000.0,3108000000.0,3108000000.0,34244000000.0,2797000000.0,1.512,2.844,12594000000.0,965000000.0,11629000000.0,12594000000.0,0.0,2088000000.0,0.0,0.027,4.02,4421000000.0,6509000000.0,0.162,6509000000.0,4421000000.0,3674000000.0,8.94,8.79,8.94,11821000000.0,10123500000.0,11821000000.0,56727016600.0,13.0,8.715,1337000000.0,4.267,1.0,5917000000.0,0.147,3687000000.0,747000000.0,41178000000.0,40146000000.0,4957000000.0,5112000000.0,84000000.0,5028000000.0,33615000000.0,10506000000.0,23109000000.0,46686016600.0,716000000.0,853000000.0,691000000.0,-779000000.0,-1252000000.0,-1397000000.0,-653000000.0,-173000000.0,2670000000.0,96000000.0,2797000000.0,2797000000.0,2797000000.0,0.0,0.0,0.07,2383000000.0,3534000000.0,3701000000.0,0.45,3.949,16.691,16.614,13828000000.0,0.0,148.53,1.162,1.159,7546000000.0,11527000000.0,40161000000.0,40161000000.0,1022000000.0,0.065,0.276,0.11,0.11,100000000.0,1436000000.0,1.0,314320137.0,313364000,317930000.0,128.161,42198000000.0,4753000000.0,877000000.0,1925000000.0,134.661,5384000000.0
17,DD,MRY,2003-12-31,2003-12-31,2003-12-31,2021-08-25,-1491000000.0,41891000000.0,40645000000.0,13112000000.0,28779000000.0,0.803,28.73,-869000000.0,2392000000.0,2392000000.0,28177000000.0,1730000000.0,1.375,3.718,13109000000.0,1346000000.0,11763000000.0,13109000000.0,0.0,1903000000.0,0.0,0.032,4.02,2476000000.0,4379000000.0,0.134,4379000000.0,2476000000.0,1648000000.0,5.64,5.61,5.64,8799000000.0,7771250000.0,8799000000.0,48852285490.0,20.0,11.156,2911000000.0,9.505,1.0,4455000000.0,0.137,3805000000.0,828000000.0,39269000000.0,38503750000.0,4050000000.0,4121000000.0,42000000.0,4079000000.0,32716000000.0,9534000000.0,23182000000.0,38266285490.0,908000000.0,-78000000.0,297000000.0,-235000000.0,-1229000000.0,-1225000000.0,-1676000000.0,-196000000.0,3780000000.0,29000000.0,1730000000.0,1730000000.0,1730000000.0,0.0,0.0,0.053,2290000000.0,2165000000.0,2843000000.0,0.713,4.349,22.119,22.112,14217000000.0,0.0,124.71,1.173,1.17,6160000000.0,9994000000.0,32632000000.0,32632000000.0,981000000.0,0.043,0.223,0.064,0.076,52000000.0,1392000000.0,1.0,306841851.0,306264000,308697000.0,106.549,38086000000.0,4811000000.0,-82000000.0,1577000000.0,124.357,3578000000.0
18,DD,MRY,2002-12-31,2002-12-31,2002-12-31,2021-08-25,-2097000000.0,39562000000.0,37201500000.0,11375000000.0,28187000000.0,0.742,23.921,-1544000000.0,1484000000.0,1484000000.0,23780000000.0,-338000000.0,1.284,4.399,13036000000.0,1377000000.0,11659000000.0,13036000000.0,0.0,1825000000.0,0.0,0.045,4.02,156000000.0,1981000000.0,0.072,1981000000.0,156000000.0,-618000000.0,-1.11,-1.11,-1.11,7260000000.0,8963750000.0,7260000000.0,38547650250.0,247.0,19.459,564000000.0,1.858,1.0,3829000000.0,0.139,3802000000.0,774000000.0,38456000000.0,36104000000.0,4208000000.0,3920000000.0,89000000.0,3831000000.0,31936000000.0,8856000000.0,23080000000.0,27059650250.0,1264000000.0,127000000.0,132000000.0,1950000000.0,-1217000000.0,787000000.0,-1626000000.0,-209000000.0,2108000000.0,-5000000.0,-338000000.0,-338000000.0,-338000000.0,0.0,0.0,-0.012,3783000000.0,46000000.0,2834000000.0,-3.622,3.727,-80.058,-80.27,13797000000.0,0.0,89.1,0.98,0.979,6062000000.0,9520000000.0,27609000000.0,27609000000.0,1066000000.0,-0.009,-0.038,0.004,0.006,31000000.0,1598000000.0,1.0,303699475.0,303497000,303497000.0,90.97,35760000000.0,3885000000.0,-280000000.0,1226000000.0,117.827,2519000000.0
19,DD,MRY,2001-12-31,2001-12-31,2001-12-31,2021-08-25,-1070000000.0,35515000000.0,36486000000.0,10308000000.0,25207000000.0,0.769,32.056,-1434000000.0,220000000.0,220000000.0,23892000000.0,-385000000.0,1.269,2.649,10883000000.0,1617000000.0,9266000000.0,10883000000.0,0.0,1815000000.0,0.0,0.038,3.885,120000000.0,1935000000.0,0.069,1935000000.0,120000000.0,-613000000.0,-1.29,-1.29,-1.29,9636000000.0,9990000000.0,9636000000.0,42039513629.0,350.0,21.726,355000000.0,1.181,1.0,4183000000.0,0.149,3737000000.0,733000000.0,34316000000.0,34796000000.0,4440000000.0,3866000000.0,44000000.0,3822000000.0,25522000000.0,8125000000.0,17397000000.0,30465513629.0,-58000000.0,-1917000000.0,141000000.0,1333000000.0,-1063000000.0,831000000.0,-2674000000.0,677000000.0,1789000000.0,-4000000.0,-385000000.0,-385000000.0,-385000000.0,0.0,0.0,-0.014,4177000000.0,6000000.0,2713000000.0,-3.012,3.162,-79.131,-78.558,13579000000.0,0.0,101.34,1.085,1.085,5676000000.0,11112000000.0,28075000000.0,28075000000.0,1072000000.0,-0.011,-0.039,0.003,0.004,39000000.0,1765000000.0,1.0,300626437.0,300597000,300597000.0,93.397,31778000000.0,2754000000.0,-228000000.0,1186000000.0,105.716,2183000000.0
20,DD,MRY,2000-12-31,2000-12-31,2000-12-31,2021-08-25,-560000000.0,35991000000.0,28881750000.0,11323000000.0,24668000000.0,1.032,38.256,-1642000000.0,278000000.0,278000000.0,24310000000.0,1675000000.0,1.113,2.12,9450000000.0,2837000000.0,6613000000.0,9450000000.0,0.0,1738000000.0,0.0,0.032,3.48,3179000000.0,4917000000.0,0.165,4917000000.0,3179000000.0,2514000000.0,5.64,5.55,5.64,11390000000.0,9296250000.0,11390000000.0,30957245991.0,10.0,6.296,49000000.0,0.165,1.0,5488000000.0,0.184,1928000000.0,665000000.0,33062000000.0,25892500000.0,4213000000.0,5461000000.0,163000000.0,5298000000.0,24151000000.0,10173000000.0,13978000000.0,24851245991.0,-269000000.0,-810000000.0,146000000.0,-25000000.0,-904000000.0,-857000000.0,-1094000000.0,1358000000.0,1691000000.0,-9000000.0,1675000000.0,1675000000.0,1675000000.0,0.0,0.0,0.056,2737000000.0,2751000000.0,2975000000.0,0.617,2.182,14.837,19.484,13711000000.0,0.0,109.89,0.834,1.098,7093000000.0,12675000000.0,29798000000.0,29798000000.0,1119000000.0,0.058,0.18,0.123,0.107,37000000.0,1825000000.0,1.0,226146339.0,297730000,301497000.0,100.084,34063000000.0,2218000000.0,839000000.0,1458000000.0,114.409,1150000000.0
21,DD,MRY,1999-12-31,1999-12-31,1999-12-31,2021-08-25,-251000000.0,25499000000.0,23906250000.0,8847000000.0,16652000000.0,1.082,27.141,-2048000000.0,506000000.0,506000000.0,20300000000.0,1617000000.0,1.405,2.17,6057000000.0,1035000000.0,5022000000.0,6057000000.0,0.0,1709000000.0,0.0,0.026,3.48,3055000000.0,4764000000.0,0.184,4764000000.0,3055000000.0,2491000000.0,5.55,5.46,5.55,7915000000.0,7605000000.0,7915000000.0,34192832751.0,11.0,7.177,1514000000.0,5.192,1.0,5559000000.0,0.215,1834000000.0,564000000.0,22921000000.0,21271500000.0,2786000000.0,5327000000.0,706000000.0,4621000000.0,17176000000.0,6295000000.0,10881000000.0,29297832751.0,375000000.0,-427000000.0,187000000.0,695000000.0,-891000000.0,353000000.0,-3531000000.0,-1056000000.0,3562000000.0,-9000000.0,1617000000.0,1617000000.0,1617000000.0,0.0,0.0,0.063,2782000000.0,2777000000.0,1782000000.0,0.627,3.702,18.119,24.072,8490000000.0,0.0,133.6,1.133,1.507,5004000000.0,13445000000.0,25859000000.0,25859000000.0,1075000000.0,0.068,0.213,0.144,0.118,70000000.0,1776000000.0,1.0,219294936.0,291630000,297830000.0,88.671,23665000000.0,832000000.0,874000000.0,1055000000.0,81.147,2552000000.0
22,DD,MRY,1998-12-31,1998-12-31,1998-12-31,2021-08-25,-347000000.0,23830000000.0,23578500000.0,8040000000.0,15790000000.0,0.825,30.855,-1450000000.0,123000000.0,123000000.0,14800000000.0,1304000000.0,1.175,2.378,5877000000.0,1826000000.0,4051000000.0,5877000000.0,0.0,1305000000.0,0.0,0.038,3.48,2482000000.0,3787000000.0,0.195,3787000000.0,2482000000.0,1989000000.0,5.82,5.76,5.82,6897000000.0,7521500000.0,6897000000.0,25673492901.0,10.0,6.779,1496000000.0,6.693,1.0,4642000000.0,0.239,1641000000.0,493000000.0,21101000000.0,20982500000.0,2810000000.0,4193000000.0,267000000.0,3926000000.0,16401000000.0,6842000000.0,9559000000.0,20128492901.0,-112000000.0,482000000.0,-600000000.0,-537000000.0,-786000000.0,-1956000000.0,-1095000000.0,-127000000.0,2946000000.0,-7000000.0,1304000000.0,1304000000.0,1304000000.0,0.0,0.0,0.067,2452000000.0,2190000000.0,1682000000.0,0.598,2.918,15.436,15.625,8447000000.0,0.0,90.94,1.035,1.046,4961000000.0,12887000000.0,19442000000.0,19442000000.0,807000000.0,0.055,0.173,0.118,0.128,22000000.0,1666000000.0,1.0,221337946.0,223531000,227264000.0,86.977,22189000000.0,987000000.0,685000000.0,1108000000.0,99.266,1198000000.0
23,DD,MRY,1997-12-31,1997-12-31,1997-12-31,2021-08-25,-146000000.0,24040000000.0,24356500000.0,8640000000.0,15400000000.0,0.822,33.071,-1081000000.0,235000000.0,235000000.0,14679000000.0,1802000000.0,1.232,2.152,6258000000.0,2062000000.0,4196000000.0,6258000000.0,0.0,1297000000.0,0.0,0.033,3.36,3314000000.0,4611000000.0,0.23,4611000000.0,3314000000.0,2843000000.0,7.81,7.7,7.81,7626000000.0,7790000000.0,7626000000.0,,,,2464000000.0,10.685,1.0,5339000000.0,0.267,1762000000.0,471000000.0,21290000000.0,21312500000.0,2921000000.0,4437000000.0,302000000.0,4135000000.0,16414000000.0,7011000000.0,9403000000.0,22676291435.0,-1668000000.0,-1694000000.0,-1463000000.0,273000000.0,-758000000.0,-1912000000.0,-3283000000.0,-508000000.0,3545000000.0,-18000000.0,1802000000.0,1802000000.0,1802000000.0,0.0,0.0,0.09,2290000000.0,3049000000.0,1731000000.0,0.43,2.974,12.584,12.996,8052000000.0,0.0,101.5,1.133,1.169,5358000000.0,12357000000.0,20018000000.0,20018000000.0,785000000.0,0.074,0.231,0.155,0.166,0.0,1880000000.0,1.0,223411515.0,230598000,234798000.0,86.809,22278000000.0,676000000.0,1041000000.0,941000000.0,96.61,1629000000.0
24,DD,MRY,1996-12-31,1996-12-31,1996-12-31,2021-08-25,-193000000.0,24673000000.0,,9830000000.0,14843000000.0,,32.294,-1218000000.0,1903000000.0,1903000000.0,14108000000.0,1900000000.0,1.637,2.102,5468000000.0,1272000000.0,4196000000.0,5468000000.0,0.0,1329000000.0,0.0,0.038,3.0,3581000000.0,4910000000.0,0.245,4910000000.0,3581000000.0,3087000000.0,7.71,7.6,7.71,7954000000.0,,7954000000.0,,,,2181000000.0,8.855,1.0,5945000000.0,0.296,899000000.0,494000000.0,21335000000.0,,2815000000.0,4283000000.0,399000000.0,3884000000.0,16719000000.0,6004000000.0,10715000000.0,,-936000000.0,-200000000.0,-988000000.0,-238000000.0,-749000000.0,-2130000000.0,-2199000000.0,-781000000.0,3399000000.0,-6000000.0,1900000000.0,1900000000.0,1900000000.0,0.0,0.0,0.095,2936000000.0,3009000000.0,1596000000.0,0.389,,,10.166,8484000000.0,0.0,78.38,,0.963,4833000000.0,11323000000.0,20053000000.0,20053000000.0,761000000.0,,,,0.179,0.0,2136000000.0,1.0,,246298000,250897000.0,81.418,23774000000.0,986000000.0,1187000000.0,1636000000.0,96.525,3826000000.0
25,DD,MRY,1995-12-31,1995-12-31,1995-12-31,2021-08-25,,,,,,,,-1310000000.0,,,13337000000.0,2071000000.0,,,,,,,,1442000000.0,,0.041,2.9,3947000000.0,5389000000.0,0.267,5389000000.0,3947000000.0,3513000000.0,7.72,7.61,7.72,,,,,,,2031000000.0,7.573,1.0,6863000000.0,0.34,,434000000.0,,,,,,,,,,,2270000000.0,5050000000.0,-1957000000.0,-1094000000.0,-766000000.0,-3956000000.0,2878000000.0,-834000000.0,3341000000.0,7000000.0,2071000000.0,2071000000.0,2071000000.0,-18000000.0,0.0,0.103,3033000000.0,3830000000.0,,0.376,,,9.1,,0.0,70.25,,0.933,,,20200000000.0,20200000000.0,808000000.0,,,,0.195,0.0,2187000000.0,1.0,,268197000,268197000.0,75.318,,,1442000000.0,,,
0,DD,MRQ,2021-06-30,2021-06-30,2021-06-30,2021-08-25,-26000000.0,45839000000.0,,10492000000.0,35347000000.0,,50.75,-216000000.0,3962000000.0,3962000000.0,2655000000.0,487000000.0,2.663,0.684,10627000000.0,0.0,10627000000.0,10627000000.0,0.0,333000000.0,0.0,0.016,0.3,758000000.0,1091000000.0,0.264,1091000000.0,758000000.0,629000000.0,0.9,0.9,0.9,26877000000.0,,26877000000.0,49431138230.0,7.0,5.429,224000000.0,0.423,1.0,1480000000.0,0.358,26272000000.0,129000000.0,22292000000.0,,2642000000.0,1068000000.0,0.0,1068000000.0,18375000000.0,3940000000.0,14435000000.0,41193138230.0,-418000000.0,141000000.0,-625000000.0,-2000000000.0,-158000000.0,-2798000000.0,1931000000.0,2001000000.0,440000000.0,9000000.0,478000000.0,478000000.0,478000000.0,77000000.0,9000000.0,0.116,661000000.0,819000000.0,2349000000.0,0.333,1.533,6.848,7.733,6856000000.0,0.0,77.41,2.232,2.221,2826000000.0,-22783000000.0,4135000000.0,4135000000.0,148000000.0,,,,,0.0,459000000.0,1.0,532142336.0,529600000,531200000.0,7.808,19567000000.0,183000000.0,151000000.0,2105000000.0,36.947,6552000000.0
1,DD,MRQ,2021-03-31,2021-03-31,2021-03-31,2021-08-25,-163000000.0,47804000000.0,,12540000000.0,35264000000.0,,44.954,-283000000.0,4384000000.0,4384000000.0,2512000000.0,5398000000.0,2.213,0.739,12622000000.0,1997000000.0,10625000000.0,12622000000.0,0.0,391000000.0,0.0,0.016,0.3,5572000000.0,5963000000.0,1.5,5963000000.0,5572000000.0,5426000000.0,8.92,8.9,8.92,27188000000.0,,27188000000.0,54644519002.0,14.0,8.408,95000000.0,0.157,1.0,1464000000.0,0.368,26368000000.0,146000000.0,24007000000.0,,2499000000.0,3060000000.0,2001000000.0,1059000000.0,20099000000.0,5667000000.0,14432000000.0,41583519002.0,-4377000000.0,20000000.0,-410000000.0,-1750000000.0,-161000000.0,-2458000000.0,-2260000000.0,-2001000000.0,378000000.0,-37000000.0,5394000000.0,5394000000.0,5394000000.0,-4857000000.0,4000000.0,1.357,771000000.0,693000000.0,2219000000.0,0.034,1.529,13.594,13.463,6744000000.0,0.0,77.28,2.361,2.654,2609000000.0,-22618000000.0,3976000000.0,3976000000.0,156000000.0,,,,,0.0,456000000.0,1.0,538089014.0,604800000,606300000.0,6.574,21436000000.0,177000000.0,32000000.0,2107000000.0,35.443,6873000000.0
2,DD,MRQ,2020-12-31,2020-12-31,2020-12-31,2021-08-25,44000000.0,70904000000.0,,29008000000.0,41896000000.0,,52.415,-272000000.0,8750000000.0,8750000000.0,3521000000.0,230000000.0,2.373,0.827,15611000000.0,0.0,15611000000.0,15611000000.0,0.0,768000000.0,0.0,0.017,0.3,293000000.0,1061000000.0,0.202,1061000000.0,293000000.0,99000000.0,0.3,0.3,0.3,38504000000.0,,38504000000.0,66166045412.0,-30.0,74.595,1029000000.0,1.401,1.0,1731000000.0,0.33,26774000000.0,194000000.0,38765000000.0,,2393000000.0,1047000000.0,0.0,1047000000.0,31834000000.0,12226000000.0,19608000000.0,52184045412.0,-1465000000.0,28000000.0,23000000.0,-2392000000.0,-220000000.0,-2592000000.0,-237000000.0,0.0,1301000000.0,63000000.0,222000000.0,222000000.0,222000000.0,49000000.0,8000000.0,0.042,1400000000.0,331000000.0,2222000000.0,1.0,1.355,-17.684,-17.733,6867000000.0,0.0,71.11,2.558,2.564,2421000000.0,-11586000000.0,5252000000.0,5252000000.0,216000000.0,,,,,0.0,537000000.0,1.0,733849605.0,734600000,734600000.0,7.149,44130000000.0,190000000.0,-123000000.0,2222000000.0,60.074,16782000000.0
3,DD,MRQ,2020-09-30,2020-09-30,2020-09-30,2021-08-25,-859000000.0,72141000000.0,,12606000000.0,59535000000.0,,51.142,-203000000.0,10214000000.0,10214000000.0,3392000000.0,-72000000.0,1.805,0.906,24196000000.0,2394000000.0,21802000000.0,24196000000.0,0.0,780000000.0,0.0,0.022,0.3,210000000.0,990000000.0,0.194,990000000.0,210000000.0,13000000.0,-0.11,-0.11,-0.11,37559000000.0,,37559000000.0,56142753861.0,-27.0,72.163,1071000000.0,1.458,1.0,1704000000.0,0.334,41218000000.0,197000000.0,37921000000.0,,3902000000.0,1122000000.0,0.0,1122000000.0,34023000000.0,6984000000.0,27039000000.0,40712753861.0,6471000000.0,581000000.0,0.0,5083000000.0,-220000000.0,4780000000.0,383000000.0,0.0,1274000000.0,34000000.0,-79000000.0,-79000000.0,-79000000.0,0.0,7000000.0,-0.016,1517000000.0,187000000.0,2685000000.0,-2.727,1.084,-13.585,-13.631,9686000000.0,0.0,55.48,2.359,2.361,3770000000.0,-11808000000.0,5096000000.0,5096000000.0,199000000.0,,,,,0.0,524000000.0,1.0,733827575.0,734400000,734400000.0,6.939,30923000000.0,237000000.0,92000000.0,3425000000.0,42.106,5622000000.0
4,DD,MRQ,2020-06-30,2020-06-30,2020-06-30,2021-08-25,-1465000000.0,66753000000.0,,11986000000.0,54767000000.0,,50.395,-238000000.0,3737000000.0,3737000000.0,2298000000.0,-2471000000.0,1.496,0.788,19167000000.0,3559000000.0,15608000000.0,19167000000.0,0.0,774000000.0,0.0,0.023,0.3,-2289000000.0,-1515000000.0,-0.461,-1515000000.0,-2289000000.0,-2470000000.0,-3.37,-3.37,-3.37,37005000000.0,,37005000000.0,54781648318.0,-33.0,59.936,564000000.0,0.768,1.0,991000000.0,0.301,42367000000.0,181000000.0,31806000000.0,,4307000000.0,1267000000.0,0.0,1267000000.0,29176000000.0,8010000000.0,21166000000.0,38986648318.0,1987000000.0,0.0,0.0,1631000000.0,-220000000.0,1394000000.0,-224000000.0,1000000.0,802000000.0,15000000.0,-2478000000.0,-2478000000.0,-2478000000.0,82000000.0,7000000.0,-0.753,3293000000.0,-2302000000.0,2632000000.0,-0.089,1.054,-15.313,-15.355,9909000000.0,0.0,53.13,2.217,2.218,3646000000.0,-11728000000.0,3289000000.0,3289000000.0,153000000.0,,,,,0.0,414000000.0,1.0,733797258.0,734300000,734300000.0,4.479,24386000000.0,195000000.0,8000000.0,3497000000.0,33.21,3976000000.0
5,DD,MRQ,2020-03-31,2020-03-31,2020-03-31,2021-08-25,-1810000000.0,67987000000.0,,10392000000.0,57595000000.0,,53.549,-481000000.0,1748000000.0,1748000000.0,2319000000.0,-610000000.0,1.216,0.705,17543000000.0,3925000000.0,13618000000.0,17543000000.0,0.0,772000000.0,0.0,0.039,0.3,-351000000.0,421000000.0,0.115,421000000.0,-351000000.0,-522000000.0,-0.83,-0.83,-0.83,39551000000.0,,39551000000.0,41120146554.0,110.0,14.576,237000000.0,0.321,1.0,1351000000.0,0.368,45151000000.0,171000000.0,30086000000.0,,4410000000.0,1282000000.0,0.0,1282000000.0,27870000000.0,8545000000.0,19325000000.0,25213146554.0,205000000.0,354000000.0,-198000000.0,93000000.0,-222000000.0,-344000000.0,-124000000.0,-1000000.0,718000000.0,-45000000.0,-616000000.0,-616000000.0,-616000000.0,60000000.0,6000000.0,-0.168,1675000000.0,-324000000.0,2846000000.0,-0.361,0.637,-39.457,-40.118,9912000000.0,0.0,34.1,1.275,1.274,3900000000.0,-9251000000.0,3670000000.0,3670000000.0,173000000.0,,,,,0.0,482000000.0,1.0,739388462.0,738600000,738600000.0,4.969,22836000000.0,210000000.0,94000000.0,3654000000.0,30.918,1847000000.0
6,DD,MRQ,2019-12-31,2019-12-31,2019-12-31,2021-08-25,-1416000000.0,69349000000.0,,9999000000.0,59350000000.0,,55.343,-381000000.0,1540000000.0,1540000000.0,3408000000.0,188000000.0,1.198,0.678,17447000000.0,3830000000.0,13617000000.0,17447000000.0,0.0,533000000.0,0.0,0.034,0.3,349000000.0,882000000.0,0.169,882000000.0,349000000.0,174000000.0,0.24,0.24,0.24,40987000000.0,,40987000000.0,63037791231.0,48.0,14.005,197000000.0,0.266,1.0,1796000000.0,0.345,46744000000.0,175000000.0,30166000000.0,,4319000000.0,1260000000.0,0.0,1260000000.0,27793000000.0,8346000000.0,19447000000.0,47559791231.0,-570000000.0,-131000000.0,-280000000.0,-142000000.0,-222000000.0,-653000000.0,-506000000.0,7000000.0,578000000.0,11000000.0,176000000.0,176000000.0,176000000.0,3000000.0,12000000.0,0.034,1384000000.0,412000000.0,2934000000.0,1.25,1.16,95.502,95.821,10143000000.0,0.0,64.2,2.211,2.227,3802000000.0,-8400000000.0,5204000000.0,5204000000.0,231000000.0,,,,,0.0,650000000.0,1.0,740806717.0,740600000,740600000.0,7.027,22605000000.0,189000000.0,-2000000.0,3707000000.0,30.523,1653000000.0
7,DD,MRQ,2019-09-30,2019-09-30,2019-09-30,2021-08-25,-1529000000.0,70119000000.0,,10688000000.0,59431000000.0,,55.458,-291000000.0,2107000000.0,2107000000.0,3531000000.0,377000000.0,1.615,0.682,17585000000.0,1975000000.0,15610000000.0,17585000000.0,0.0,499000000.0,0.0,0.042,0.3,627000000.0,1126000000.0,0.208,1126000000.0,627000000.0,450000000.0,0.5,0.5,0.5,41344000000.0,,41344000000.0,68728349873.0,46.0,12.234,591000000.0,0.793,1.0,1895000000.0,0.349,46704000000.0,177000000.0,32277000000.0,,4306000000.0,1739000000.0,6000000.0,1733000000.0,28207000000.0,6616000000.0,21591000000.0,53160349873.0,446000000.0,124000000.0,-350000000.0,352000000.0,-224000000.0,-236000000.0,-150000000.0,-19000000.0,882000000.0,-50000000.0,372000000.0,372000000.0,372000000.0,-5000000.0,5000000.0,0.069,1311000000.0,584000000.0,2944000000.0,0.6,1.286,66.12,66.645,9699000000.0,0.0,71.31,2.442,2.443,3997000000.0,-8289000000.0,5426000000.0,5426000000.0,225000000.0,,,,,0.0,645000000.0,1.0,745482399.0,745500000,747700000.0,7.278,23415000000.0,231000000.0,78000000.0,3622000000.0,31.408,4072000000.0
8,DD,MRQ,2019-06-30,2019-06-30,2019-06-30,2021-08-25,-831000000.0,70843000000.0,,10623000000.0,60220000000.0,,56.083,-661000000.0,1661000000.0,1661000000.0,3496000000.0,-537000000.0,1.645,0.673,17229000000.0,1621000000.0,15608000000.0,17229000000.0,0.0,643000000.0,0.0,0.051,0.42,-251000000.0,392000000.0,0.072,392000000.0,-251000000.0,-416000000.0,-0.76,-0.76,-0.76,42006000000.0,,42006000000.0,86638550046.0,62.0,13.329,-738000000.0,-0.985,1.0,1972000000.0,0.361,47480000000.0,165000000.0,32474000000.0,,4390000000.0,1726000000.0,8000000.0,1718000000.0,28267000000.0,6457000000.0,21810000000.0,56211550046.0,-10365000000.0,1000000.0,-98000000.0,-1896000000.0,-314000000.0,-9629000000.0,-657000000.0,13000000.0,-77000000.0,-2000000.0,-571000000.0,-571000000.0,-571000000.0,-566000000.0,34000000.0,-0.104,2804000000.0,-832000000.0,3020000000.0,-0.553,1.338,60.248,61.533,9806000000.0,0.0,75.07,2.553,2.553,4250000000.0,-8299000000.0,5468000000.0,5468000000.0,232000000.0,,,,,0.0,642000000.0,1.0,748788465.0,749000000,749000000.0,7.3,23363000000.0,219000000.0,155000000.0,3826000000.0,31.192,4166000000.0
9,DD,MRQ,2019-03-31,2019-03-31,2019-03-31,2021-08-25,-12364000000.0,189785000000.0,,49248000000.0,140537000000.0,,123.259,-1164000000.0,11543000000.0,11543000000.0,3621000000.0,572000000.0,1.723,1.035,41970000000.0,7004000000.0,34966000000.0,41970000000.0,0.0,1520000000.0,0.0,0.029,1.14,581000000.0,2101000000.0,0.388,2101000000.0,581000000.0,430000000.0,0.69,0.69,0.69,92444000000.0,,92444000000.0,147182283499.0,42.0,15.539,-1138000000.0,-1.517,1.0,1793000000.0,0.331,89415000000.0,151000000.0,102217000000.0,,16604000000.0,8012000000.0,119000000.0,7893000000.0,95687000000.0,28580000000.0,67107000000.0,120200283499.0,-1956000000.0,125000000.0,-1516000000.0,1422000000.0,-851000000.0,-1032000000.0,-1000000000.0,44000000.0,26000000.0,50000000.0,521000000.0,521000000.0,521000000.0,-646000000.0,51000000.0,0.096,1847000000.0,-54000000.0,8333000000.0,1.652,1.3,36.725,37.454,35575000000.0,0.0,159.93,5.363,5.352,19161000000.0,29764000000.0,5414000000.0,5414000000.0,267000000.0,,,,,0.0,726000000.0,1.0,751579837.0,750000000,750000000.0,7.219,100370000000.0,1853000000.0,-91000000.0,6065000000.0,133.827,20668000000.0
10,DD,MRQ,2018-12-31,2018-12-31,2018-12-31,2021-08-25,-12394000000.0,187855000000.0,,126655000000.0,61200000000.0,,123.954,-1311000000.0,8548000000.0,8548000000.0,3642000000.0,520000000.0,1.728,0.975,12639000000.0,15000000.0,12624000000.0,12639000000.0,0.0,1468000000.0,0.0,0.028,1.14,531000000.0,1999000000.0,0.366,1999000000.0,531000000.0,476000000.0,0.64,0.64,0.64,94292000000.0,,94292000000.0,150924055013.0,37.0,15.073,3790000000.0,4.982,1.0,1815000000.0,0.333,49151000000.0,55000000.0,69483000000.0,,4107000000.0,1849000000.0,29000000.0,1820000000.0,91955000000.0,73312000000.0,18643000000.0,122695055013.0,6546000000.0,47000000.0,-1411000000.0,4947000000.0,-866000000.0,2566000000.0,-1023000000.0,195000000.0,5101000000.0,-98000000.0,482000000.0,482000000.0,482000000.0,-204000000.0,38000000.0,0.088,1741000000.0,74000000.0,2619000000.0,1.781,1.301,31.91,32.152,9917000000.0,0.0,160.44,5.43,5.446,3438000000.0,30257000000.0,5457000000.0,5457000000.0,262000000.0,,,,,0.0,727000000.0,1.0,764740291.0,760700000,764000000.0,7.174,138704000000.0,178000000.0,-6000000.0,4027000000.0,182.337,53343000000.0
11,DD,MRQ,2018-09-30,2018-09-30,2018-09-30,2021-08-25,-10566000000.0,184453000000.0,,45405000000.0,139048000000.0,,128.155,-1008000000.0,6939000000.0,6939000000.0,3770000000.0,539000000.0,1.64,0.864,35168000000.0,7875000000.0,27293000000.0,35168000000.0,0.0,1470000000.0,0.0,0.024,1.14,538000000.0,2008000000.0,0.353,2008000000.0,538000000.0,538000000.0,0.65,0.65,0.65,98090000000.0,,98090000000.0,173392071343.0,-167.0,35.67,-1331000000.0,-1.739,1.0,1913000000.0,0.337,90870000000.0,0.0,94132000000.0,,16441000000.0,8842000000.0,370000000.0,8472000000.0,84709000000.0,27680000000.0,57029000000.0,148386071343.0,-2329000000.0,-12000000.0,-955000000.0,955000000.0,-870000000.0,-882000000.0,-1049000000.0,-17000000.0,-323000000.0,-75000000.0,501000000.0,501000000.0,501000000.0,-408000000.0,38000000.0,0.088,1790000000.0,123000000.0,8631000000.0,1.754,1.513,81.981,470.561,35228000000.0,0.0,192.93,64.404,64.092,20074000000.0,30933000000.0,5683000000.0,5683000000.0,264000000.0,,,,,0.0,731000000.0,1.0,769117934.0,765400000,770400000.0,7.425,93583000000.0,1642000000.0,37000000.0,6609000000.0,122.267,17725000000.0
12,DD,MRQ,2018-06-30,2018-06-30,2018-06-30,2021-08-25,-10732000000.0,187367000000.0,,47897000000.0,139470000000.0,,127.679,-828000000.0,9244000000.0,9244000000.0,4085000000.0,1804000000.0,1.704,0.89,34250000000.0,7400000000.0,26850000000.0,34250000000.0,0.0,1496000000.0,0.0,0.024,1.14,1868000000.0,3364000000.0,0.574,3364000000.0,1868000000.0,1868000000.0,2.29,2.27,2.29,98262000000.0,,98262000000.0,177164881463.0,-844.0,33.927,1262000000.0,1.64,1.0,1772000000.0,0.303,91506000000.0,0.0,92757000000.0,,15630000000.0,8837000000.0,507000000.0,8330000000.0,87485000000.0,28110000000.0,59375000000.0,152984881463.0,-1028000000.0,118000000.0,-966000000.0,-152000000.0,-875000000.0,-2059000000.0,-680000000.0,-181000000.0,2090000000.0,-379000000.0,1769000000.0,1769000000.0,1769000000.0,-1773000000.0,35000000.0,0.302,1696000000.0,76000000.0,7983000000.0,0.498,1.557,83.919,274.667,35224000000.0,0.0,197.76,12.775,12.709,20881000000.0,30432000000.0,5857000000.0,5857000000.0,270000000.0,,,,,0.0,768000000.0,1.0,773587826.0,769600000,774500000.0,7.61,95861000000.0,1701000000.0,99000000.0,6759000000.0,124.56,19787000000.0
13,DD,MRQ,2018-03-31,2018-03-31,2018-03-31,2021-08-25,-7497000000.0,192441000000.0,,49733000000.0,142708000000.0,,131.11,-804000000.0,10281000000.0,10281000000.0,16315000000.0,1148000000.0,1.868,0.884,34461000000.0,5118000000.0,29343000000.0,34461000000.0,0.0,1484000000.0,0.0,0.026,1.14,1843000000.0,3327000000.0,0.155,3327000000.0,1843000000.0,1493000000.0,1.41,1.41,1.41,101260000000.0,,101260000000.0,169013750343.0,-2224.0,36.75,-2941000000.0,-3.808,1.0,5195000000.0,0.242,93459000000.0,350000000.0,96545000000.0,,17457000000.0,8764000000.0,257000000.0,8507000000.0,89517000000.0,26617000000.0,62900000000.0,148380750343.0,-3182000000.0,33000000.0,-892000000.0,364000000.0,-880000000.0,-1543000000.0,290000000.0,618000000.0,-2137000000.0,208000000.0,1104000000.0,1104000000.0,1104000000.0,5000000.0,44000000.0,0.051,3560000000.0,1635000000.0,8754000000.0,0.809,1.465,107.913,114.449,36076000000.0,0.0,191.13,7.437,7.398,20480000000.0,29366000000.0,21510000000.0,21510000000.0,768000000.0,,,,,0.0,1714000000.0,1.0,776333396.0,772326000,778092000.0,27.851,98982000000.0,1754000000.0,389000000.0,7002000000.0,128.161,23116000000.0
14,DD,MRQ,2017-12-31,2017-12-31,2017-12-31,2021-08-25,-8972000000.0,192164000000.0,,49893000000.0,142271000000.0,,190.524,-1292000000.0,13438000000.0,13438000000.0,-23583000000.0,-1517000000.0,1.91,0.899,34071000000.0,4015000000.0,30056000000.0,34071000000.0,0.0,1451000000.0,0.0,0.025,1.14,-5289000000.0,-3838000000.0,0.125,-3838000000.0,-5289000000.0,-4561000000.0,-3.94,-3.88,-3.94,100330000000.0,,100330000000.0,190405606500.0,-318.0,56.5,465000000.0,0.883,1.0,-7163000000.0,0.233,92801000000.0,-728000000.0,93868000000.0,,16992000000.0,9536000000.0,956000000.0,8580000000.0,90237000000.0,26128000000.0,64109000000.0,166652606500.0,852000000.0,2534000000.0,-936000000.0,-2774000000.0,-1447000000.0,-5244000000.0,4171000000.0,739000000.0,1757000000.0,43000000.0,-1564000000.0,-1564000000.0,-1564000000.0,-1078000000.0,47000000.0,0.051,-878000000.0,-6285000000.0,9134000000.0,-0.289,1.661,143.79,98.009,36247000000.0,0.0,213.66,14.278,9.64,17573000000.0,29211000000.0,-30746000000.0,-30746000000.0,-698000000.0,,,,,0.0,-865000000.0,1.0,779988954.0,526600000,532700000.0,-58.386,99363000000.0,1869000000.0,-2997000000.0,7109000000.0,188.688,23765000000.0
15,DD,MRQ,2017-09-30,2017-09-30,2017-09-30,2021-08-25,-9367000000.0,198527000000.0,,54801000000.0,143726000000.0,,195.742,-782000000.0,13148000000.0,13148000000.0,12186000000.0,534000000.0,2.009,0.913,36901000000.0,7082000000.0,29819000000.0,36901000000.0,0.0,1001000000.0,0.0,0.027,1.38,1368000000.0,2369000000.0,0.154,2369000000.0,1368000000.0,1085000000.0,0.96,0.96,0.96,102946000000.0,,102946000000.0,99987330211.0,21.0,12.495,-3203000000.0,-6.09,1.0,3168000000.0,0.206,94118000000.0,283000000.0,100884000000.0,,17255000000.0,10669000000.0,1826000000.0,8843000000.0,93993000000.0,27278000000.0,66715000000.0,84698330211.0,6930000000.0,4317000000.0,98000000.0,179000000.0,-884000000.0,-620000000.0,9962000000.0,1356000000.0,-2421000000.0,46000000.0,514000000.0,514000000.0,514000000.0,20000000.0,20000000.0,0.033,1912000000.0,1256000000.0,7648000000.0,1.438,0.823,31.486,32.81,36219000000.0,0.0,207.69,1.528,1.97,18999000000.0,31366000000.0,15354000000.0,15354000000.0,528000000.0,,,,,0.0,1001000000.0,1.0,407810899.0,525928000,531761000.0,29.194,104409000000.0,1810000000.0,571000000.0,9854000000.0,198.523,27523000000.0
16,DD,MRQ,2017-06-30,2017-06-30,2017-06-30,2021-08-25,-9074000000.0,82247000000.0,,25935000000.0,56312000000.0,,70.361,-825000000.0,6218000000.0,6218000000.0,10761000000.0,1359000000.0,1.931,1.853,21507000000.0,1435000000.0,20072000000.0,21507000000.0,0.0,739000000.0,0.0,0.029,1.38,2002000000.0,2741000000.0,0.198,2741000000.0,2002000000.0,1776000000.0,3.24,3.21,3.24,28421000000.0,,28421000000.0,92674098147.0,20.0,12.023,-850000000.0,-2.104,1.0,3073000000.0,0.222,21251000000.0,226000000.0,62856000000.0,,8163000000.0,7405000000.0,0.0,7405000000.0,52658000000.0,13429000000.0,39229000000.0,77052098147.0,239000000.0,173000000.0,75000000.0,85000000.0,-557000000.0,-433000000.0,545000000.0,-166000000.0,-25000000.0,152000000.0,1321000000.0,1321000000.0,1321000000.0,0.0,38000000.0,0.095,1087000000.0,1986000000.0,4623000000.0,0.426,2.711,26.616,25.955,24116000000.0,0.0,189.21,1.466,1.454,11619000000.0,31417000000.0,13834000000.0,13834000000.0,408000000.0,,,,,0.0,720000000.0,1.0,407230173.0,403929000,409663000.0,34.249,60996000000.0,2922000000.0,455000000.0,1447000000.0,151.007,12506000000.0
17,DD,MRQ,2017-03-31,2017-03-31,2017-03-31,2021-08-25,-9514000000.0,80828000000.0,,24640000000.0,56188000000.0,,67.51,-792000000.0,5848000000.0,5848000000.0,10194000000.0,915000000.0,1.868,1.94,21470000000.0,999000000.0,20471000000.0,21470000000.0,0.0,778000000.0,0.0,0.029,1.38,1320000000.0,2098000000.0,0.159,2098000000.0,1320000000.0,1101000000.0,2.22,2.16,2.22,27060000000.0,,27060000000.0,91849123948.0,15.0,9.991,-868000000.0,-2.166,1.0,3036000000.0,0.229,21262000000.0,219000000.0,61995000000.0,,8210000000.0,7467000000.0,0.0,7467000000.0,52494000000.0,13193000000.0,39301000000.0,77093123948.0,-630000000.0,96000000.0,282000000.0,98000000.0,-506000000.0,-257000000.0,-353000000.0,-208000000.0,-76000000.0,56000000.0,888000000.0,888000000.0,888000000.0,0.0,27000000.0,0.067,1885000000.0,1151000000.0,4810000000.0,0.622,2.849,16.413,15.348,23768000000.0,0.0,190.62,1.521,1.507,10551000000.0,30659000000.0,13230000000.0,13230000000.0,419000000.0,,,,,0.0,759000000.0,1.0,404433149.0,400829000,407363000.0,33.007,59566000000.0,3116000000.0,213000000.0,1343000000.0,148.607,11447000000.0
18,DD,MRQ,2016-12-31,2016-12-31,2016-12-31,2021-08-25,-9822000000.0,79511000000.0,,23659000000.0,55852000000.0,,70.49,-959000000.0,6607000000.0,6607000000.0,10602000000.0,84000000.0,1.877,2.012,21363000000.0,907000000.0,20456000000.0,21363000000.0,0.0,795000000.0,0.0,0.032,1.38,-1000000.0,794000000.0,0.061,794000000.0,-1000000.0,-230000000.0,-0.09,0.12,-0.09,25987000000.0,,25987000000.0,78424833661.0,15.0,9.746,-7635000000.0,-20.71,1.0,2418000000.0,0.186,21298000000.0,229000000.0,60365000000.0,,7363000000.0,7424000000.0,0.0,7424000000.0,52282000000.0,12604000000.0,39678000000.0,64164833661.0,-411000000.0,186000000.0,-422000000.0,-29000000.0,-680000000.0,-1222000000.0,7590000000.0,-192000000.0,-6676000000.0,-103000000.0,52000000.0,-33000000.0,-33000000.0,0.0,32000000.0,-0.003,2638000000.0,-220000000.0,4519000000.0,-15.333,2.469,16.13,16.028,23486000000.0,85000000.0,171.66,1.332,1.317,9686000000.0,30338000000.0,13020000000.0,13020000000.0,434000000.0,,,,,0.0,787000000.0,1.0,373789872.0,368664000,374396000.0,35.317,58213000000.0,3079000000.0,-282000000.0,1523000000.0,157.903,11055000000.0
19,DD,MRQ,2016-09-30,2016-09-30,2016-09-30,2021-08-25,-7681000000.0,80624000000.0,,24778000000.0,55846000000.0,,78.305,-1141000000.0,7032000000.0,7032000000.0,9840000000.0,818000000.0,1.958,1.732,21292000000.0,869000000.0,20423000000.0,21292000000.0,0.0,780000000.0,0.0,0.036,1.38,1295000000.0,2075000000.0,0.166,2075000000.0,1295000000.0,1075000000.0,1.92,1.89,1.92,29035000000.0,,29035000000.0,72440089075.0,8.0,5.927,211000000.0,0.569,1.0,2643000000.0,0.212,21817000000.0,220000000.0,60412000000.0,,8013000000.0,7552000000.0,0.0,7552000000.0,50275000000.0,12655000000.0,37620000000.0,58403089075.0,-277000000.0,79000000.0,-330000000.0,-65000000.0,-597000000.0,-1213000000.0,-435000000.0,-208000000.0,1352000000.0,19000000.0,804000000.0,719000000.0,719000000.0,0.0,14000000.0,0.058,1404000000.0,1239000000.0,4674000000.0,0.719,2.011,7.748,7.736,23311000000.0,85000000.0,155.49,1.253,1.237,10099000000.0,30884000000.0,12483000000.0,12483000000.0,399000000.0,,,,,0.0,738000000.0,1.0,375606346.0,370796000,375796000.0,33.665,58807000000.0,2483000000.0,271000000.0,1507000000.0,158.597,12123000000.0
20,DD,MRQ,2016-06-30,2016-06-30,2016-06-30,2021-08-25,-7845000000.0,81524000000.0,,26310000000.0,55214000000.0,,78.129,-997000000.0,7309000000.0,7309000000.0,9275000000.0,3227000000.0,2.043,1.773,21346000000.0,494000000.0,20852000000.0,21346000000.0,0.0,680000000.0,0.0,0.036,1.38,3546000000.0,4226000000.0,0.354,4226000000.0,3546000000.0,3338000000.0,8.37,7.83,8.37,28936000000.0,,28936000000.0,66181273610.0,6.0,5.08,1231000000.0,3.324,1.0,2677000000.0,0.224,21905000000.0,208000000.0,60775000000.0,,8212000000.0,7314000000.0,0.0,7314000000.0,51290000000.0,12881000000.0,38409000000.0,55815273610.0,699000000.0,1143000000.0,142000000.0,-110000000.0,-594000000.0,-621000000.0,-900000000.0,-231000000.0,2228000000.0,-8000000.0,3208000000.0,3123000000.0,3123000000.0,0.0,19000000.0,0.261,-788000000.0,3465000000.0,4441000000.0,0.165,1.929,6.883,6.923,22783000000.0,85000000.0,149.13,1.209,1.197,10026000000.0,30680000000.0,11952000000.0,11952000000.0,399000000.0,,,,,0.0,787000000.0,1.0,374272231.0,370363000,407596000.0,32.271,59619000000.0,2558000000.0,130000000.0,1607000000.0,160.975,13429000000.0
21,DD,MRQ,2016-03-31,2016-03-31,2016-03-31,2021-08-25,-8262000000.0,68440000000.0,,23334000000.0,45106000000.0,,69.633,-820000000.0,6610000000.0,6610000000.0,7951000000.0,275000000.0,1.997,1.641,16976000000.0,747000000.0,16229000000.0,16976000000.0,0.0,607000000.0,0.0,0.035,1.38,345000000.0,952000000.0,0.089,952000000.0,345000000.0,144000000.0,0.45,0.45,0.45,25599000000.0,,25599000000.0,65448827758.0,8.0,5.837,-681000000.0,-1.852,1.0,2752000000.0,0.257,15805000000.0,201000000.0,51319000000.0,,7298000000.0,7708000000.0,0.0,7708000000.0,42006000000.0,11682000000.0,30324000000.0,56815827758.0,-1967000000.0,-132000000.0,92000000.0,-385000000.0,-591000000.0,-958000000.0,-1163000000.0,-211000000.0,139000000.0,15000000.0,254000000.0,169000000.0,169000000.0,0.0,21000000.0,0.016,2445000000.0,307000000.0,3729000000.0,3.067,2.219,9.282,9.454,18420000000.0,85000000.0,152.58,1.206,1.191,9333000000.0,28074000000.0,10703000000.0,10703000000.0,361000000.0,,,,,0.0,742000000.0,1.0,372367092.0,367630000,372430000.0,29.114,52635000000.0,2537000000.0,-110000000.0,887000000.0,143.174,11652000000.0
22,DD,MRQ,2015-12-31,2015-12-31,2015-12-31,2021-08-25,-8667000000.0,67938000000.0,,23941000000.0,43997000000.0,,68.877,-886000000.0,8577000000.0,8577000000.0,8715000000.0,3631000000.0,2.154,1.646,17210000000.0,995000000.0,16215000000.0,17210000000.0,0.0,600000000.0,0.0,0.033,1.38,4369000000.0,4969000000.0,0.434,4969000000.0,4369000000.0,4129000000.0,9.36,8.73,9.36,25374000000.0,,25374000000.0,71759942283.0,7.0,5.396,1546000000.0,4.197,1.0,2747000000.0,0.24,15771000000.0,240000000.0,49685000000.0,,6871000000.0,7697000000.0,0.0,7697000000.0,41755000000.0,11115000000.0,30640000000.0,59644942283.0,954000000.0,147000000.0,-471000000.0,98000000.0,-564000000.0,-1291000000.0,-110000000.0,632000000.0,2432000000.0,-77000000.0,3612000000.0,3527000000.0,3527000000.0,0.0,19000000.0,0.308,-1588000000.0,4335000000.0,3577000000.0,0.147,2.351,8.12,7.981,17854000000.0,85000000.0,154.44,1.223,1.193,8662000000.0,28425000000.0,11462000000.0,11462000000.0,404000000.0,,,,,22000000.0,734000000.0,1.0,386201001.0,368395000,406296000.0,31.113,52167000000.0,2140000000.0,517000000.0,1039000000.0,141.606,12826000000.0
23,DD,MRQ,2015-09-30,2015-09-30,2015-09-30,2021-08-25,-8585000000.0,69884000000.0,,24852000000.0,45032000000.0,,63.962,-916000000.0,7623000000.0,7623000000.0,9349000000.0,1436000000.0,1.882,1.838,19738000000.0,2276000000.0,17462000000.0,19738000000.0,0.0,645000000.0,0.0,0.04,1.26,2235000000.0,2880000000.0,0.239,2880000000.0,2235000000.0,2002000000.0,3.36,3.27,3.36,24333000000.0,,24333000000.0,62627080069.0,8.0,6.032,1595000000.0,4.193,1.0,2687000000.0,0.223,16004000000.0,233000000.0,52790000000.0,,7822000000.0,7472000000.0,0.0,7472000000.0,44718000000.0,13205000000.0,31513000000.0,49103080069.0,1399000000.0,702000000.0,19000000.0,48000000.0,-564000000.0,-561000000.0,-478000000.0,-224000000.0,2511000000.0,-73000000.0,1375000000.0,1290000000.0,1290000000.0,0.0,61000000.0,0.107,544000000.0,2143000000.0,3893000000.0,0.375,2.018,10.787,10.68,18858000000.0,85000000.0,127.2,0.95,0.936,8903000000.0,25411000000.0,12036000000.0,12036000000.0,382000000.0,,,,,-1000000.0,689000000.0,1.0,386030118.0,380430000,416862000.0,31.638,53880000000.0,2811000000.0,627000000.0,1646000000.0,141.629,11647000000.0
24,DD,MRQ,2015-06-30,2015-06-30,2015-06-30,2021-08-25,-8410000000.0,69334000000.0,,24764000000.0,44570000000.0,,62.241,-998000000.0,6224000000.0,6224000000.0,10146000000.0,1197000000.0,1.94,1.901,19748000000.0,1915000000.0,17833000000.0,19748000000.0,0.0,642000000.0,0.0,0.032,1.26,1769000000.0,2411000000.0,0.187,2411000000.0,1769000000.0,1537000000.0,2.97,2.91,2.97,23612000000.0,,23612000000.0,72493383079.0,10.0,7.431,408000000.0,1.075,1.0,2764000000.0,0.214,16329000000.0,232000000.0,53764000000.0,,8061000000.0,7197000000.0,0.0,7197000000.0,44883000000.0,12765000000.0,32118000000.0,58992383079.0,-64000000.0,131000000.0,188000000.0,-9000000.0,-562000000.0,-379000000.0,-1082000000.0,-215000000.0,1406000000.0,-9000000.0,1220000000.0,1135000000.0,1135000000.0,0.0,-23000000.0,0.088,1301000000.0,1463000000.0,4492000000.0,0.424,2.498,14.339,14.333,18580000000.0,85000000.0,153.51,1.091,1.077,9593000000.0,24606000000.0,12910000000.0,12910000000.0,429000000.0,,,,,-19000000.0,773000000.0,1.0,384289780.0,379363000,416463000.0,34.031,53005000000.0,2754000000.0,317000000.0,1352000000.0,139.721,11999000000.0
25,DD,MRQ,2015-03-31,2015-03-31,2015-03-31,2021-08-25,-8840000000.0,67789000000.0,,24394000000.0,43395000000.0,,58.741,-903000000.0,6288000000.0,6288000000.0,9535000000.0,1519000000.0,1.969,2.005,19789000000.0,1922000000.0,17867000000.0,19789000000.0,0.0,634000000.0,0.0,0.033,1.26,2405000000.0,3039000000.0,0.246,3039000000.0,2405000000.0,2164000000.0,3.66,3.54,3.66,22237000000.0,,22237000000.0,69674708822.0,10.0,7.277,355000000.0,0.938,1.0,2835000000.0,0.229,15801000000.0,241000000.0,53102000000.0,,8087000000.0,6862000000.0,0.0,6862000000.0,44575000000.0,12387000000.0,32188000000.0,55545708822.0,634000000.0,1297000000.0,-394000000.0,50000000.0,-563000000.0,-901000000.0,320000000.0,-74000000.0,1258000000.0,-43000000.0,1478000000.0,1393000000.0,1393000000.0,0.0,41000000.0,0.113,574000000.0,2261000000.0,4417000000.0,0.344,2.498,14.386,14.452,18066000000.0,85000000.0,143.94,0.991,0.972,9289000000.0,23956000000.0,12370000000.0,12370000000.0,383000000.0,,,,,-2000000.0,752000000.0,1.0,385894493.0,378563000,415563000.0,32.676,51988000000.0,2904000000.0,686000000.0,1378000000.0,137.33,12007000000.0
26,DD,MRQ,2014-12-31,2014-12-31,2014-12-31,2021-08-25,-8017000000.0,68687000000.0,,24255000000.0,44432000000.0,,58.654,-1106000000.0,5654000000.0,5654000000.0,11611000000.0,839000000.0,2.094,2.022,19674000000.0,933000000.0,18741000000.0,19674000000.0,0.0,692000000.0,0.0,0.034,1.26,1360000000.0,2052000000.0,0.143,2052000000.0,1360000000.0,1098000000.0,1.92,1.89,1.92,22423000000.0,,22423000000.0,67767667185.0,11.0,7.59,1651000000.0,4.319,1.0,2773000000.0,0.193,16400000000.0,262000000.0,54726000000.0,,8101000000.0,7260000000.0,0.0,7260000000.0,45333000000.0,11581000000.0,33752000000.0,53753667185.0,-114000000.0,69000000.0,-1038000000.0,-6000000.0,-513000000.0,-1626000000.0,-1206000000.0,-174000000.0,2757000000.0,-39000000.0,819000000.0,734000000.0,734000000.0,0.0,20000000.0,0.051,1540000000.0,1233000000.0,4481000000.0,0.656,2.397,15.662,15.674,18051000000.0,85000000.0,136.83,0.924,0.918,9992000000.0,23045000000.0,14384000000.0,14384000000.0,428000000.0,,,,,-12000000.0,823000000.0,1.0,392849619.0,382295000,386963000.0,37.625,52287000000.0,2947000000.0,279000000.0,1088000000.0,136.771,12674000000.0
27,DD,MRQ,2014-09-30,2014-09-30,2014-09-30,2021-08-25,-5371000000.0,69573000000.0,,25730000000.0,43843000000.0,,66.136,-930000000.0,5768000000.0,5768000000.0,11776000000.0,964000000.0,2.129,1.666,19782000000.0,781000000.0,19001000000.0,19782000000.0,0.0,706000000.0,0.0,0.027,1.11,1548000000.0,2254000000.0,0.156,2254000000.0,1548000000.0,1315000000.0,2.16,2.13,2.16,25731000000.0,,25731000000.0,76605682322.0,12.0,8.297,845000000.0,2.172,1.0,2629000000.0,0.183,16664000000.0,233000000.0,54836000000.0,,9019000000.0,7270000000.0,0.0,7270000000.0,42862000000.0,12087000000.0,30775000000.0,62617682322.0,1925000000.0,51000000.0,-874000000.0,2065000000.0,-519000000.0,632000000.0,-431000000.0,37000000.0,1775000000.0,-51000000.0,937000000.0,852000000.0,852000000.0,0.0,27000000.0,0.059,1293000000.0,1336000000.0,4846000000.0,0.514,2.434,17.104,17.137,17694000000.0,85000000.0,157.32,1.076,1.052,10192000000.0,22792000000.0,14405000000.0,14405000000.0,409000000.0,,,,,-7000000.0,753000000.0,1.0,398027077.0,389063000,394696000.0,37.025,52909000000.0,2396000000.0,378000000.0,1313000000.0,135.991,13643000000.0
28,DD,MRQ,2014-06-30,2014-06-30,2014-06-30,2021-08-25,-4729000000.0,68756000000.0,,24283000000.0,44473000000.0,,68.08,-864000000.0,3843000000.0,3843000000.0,12344000000.0,970000000.0,2.044,1.533,17831000000.0,795000000.0,17036000000.0,17831000000.0,0.0,677000000.0,0.0,0.027,1.11,1553000000.0,2230000000.0,0.149,2230000000.0,1553000000.0,1311000000.0,2.22,2.19,2.22,26753000000.0,,26753000000.0,75388279794.0,12.0,8.549,531000000.0,1.351,1.0,2573000000.0,0.172,16938000000.0,242000000.0,53927000000.0,,8926000000.0,7243000000.0,0.0,7243000000.0,41021000000.0,11879000000.0,29142000000.0,61960279794.0,-542000000.0,38000000.0,-610000000.0,17000000.0,-522000000.0,-1137000000.0,-814000000.0,12000000.0,1395000000.0,14000000.0,967000000.0,882000000.0,882000000.0,0.0,3000000.0,0.059,1253000000.0,1320000000.0,4883000000.0,0.5,2.316,18.208,18.12,17901000000.0,85000000.0,154.38,1.078,1.055,10778000000.0,22372000000.0,14917000000.0,14917000000.0,419000000.0,,,,,2000000.0,751000000.0,1.0,401348736.0,392963000,398396000.0,37.96,51818000000.0,2534000000.0,344000000.0,1344000000.0,131.865,12404000000.0
29,DD,MRQ,2014-03-31,2014-03-31,2014-03-31,2021-08-25,-4824000000.0,69233000000.0,,25062000000.0,44171000000.0,,67.381,-672000000.0,4385000000.0,4385000000.0,11733000000.0,1066000000.0,2.05,1.552,17813000000.0,877000000.0,16936000000.0,17813000000.0,0.0,672000000.0,0.0,0.027,1.11,1720000000.0,2392000000.0,0.165,2392000000.0,1720000000.0,1474000000.0,2.4,2.37,2.4,26741000000.0,,26741000000.0,71096610737.0,9.0,6.616,-97000000.0,-0.244,1.0,2728000000.0,0.189,17021000000.0,246000000.0,53414000000.0,,9102000000.0,7094000000.0,0.0,7094000000.0,41510000000.0,12226000000.0,29284000000.0,59076610737.0,-1555000000.0,25000000.0,-723000000.0,-301000000.0,-466000000.0,-1452000000.0,-654000000.0,-13000000.0,575000000.0,-24000000.0,1049000000.0,964000000.0,964000000.0,0.0,17000000.0,0.067,1255000000.0,1473000000.0,4971000000.0,0.463,2.209,12.153,11.968,17573000000.0,85000000.0,145.77,1.034,1.012,10854000000.0,21929000000.0,14461000000.0,14461000000.0,391000000.0,,,,,-25000000.0,779000000.0,1.0,405272358.0,396863000,402563000.0,36.438,52212000000.0,2635000000.0,425000000.0,1449000000.0,131.562,12836000000.0
30,DD,MRQ,2013-12-31,2013-12-31,2013-12-31,2021-08-25,-4827000000.0,69501000000.0,,24977000000.0,44524000000.0,,67.805,-884000000.0,5940000000.0,5940000000.0,12068000000.0,1028000000.0,2.086,1.546,17960000000.0,1140000000.0,16820000000.0,17960000000.0,0.0,689000000.0,0.0,0.029,0.96,1668000000.0,2357000000.0,0.164,2357000000.0,1668000000.0,1406000000.0,2.4,2.4,2.4,26898000000.0,,26898000000.0,67197764673.0,9.0,6.365,1349000000.0,3.401,1.0,2318000000.0,0.161,17112000000.0,262000000.0,52438000000.0,,8303000000.0,7407000000.0,0.0,7407000000.0,41577000000.0,11971000000.0,29606000000.0,53850764673.0,668000000.0,617000000.0,-34000000.0,-824000000.0,-465000000.0,-1320000000.0,-229000000.0,35000000.0,2233000000.0,-16000000.0,1048000000.0,963000000.0,963000000.0,0.0,-20000000.0,0.067,936000000.0,1382000000.0,4590000000.0,0.4,2.002,12.109,11.935,17454000000.0,85000000.0,133.2,0.943,0.923,10012000000.0,21407000000.0,14386000000.0,14386000000.0,477000000.0,,,,,-7000000.0,838000000.0,1.0,404284616.0,396695000,432730000.0,36.265,52389000000.0,2707000000.0,358000000.0,1286000000.0,132.064,13006000000.0
31,DD,MRQ,2013-09-30,2013-09-30,2013-09-30,2021-08-25,-7070000000.0,70206000000.0,,25009000000.0,45197000000.0,,60.65,-566000000.0,5272000000.0,5272000000.0,11716000000.0,685000000.0,2.085,1.882,18619000000.0,1132000000.0,17487000000.0,18619000000.0,0.0,665000000.0,0.0,0.033,0.96,1174000000.0,1839000000.0,0.134,1839000000.0,1174000000.0,910000000.0,1.5,1.47,1.5,24005000000.0,,24005000000.0,60414795663.0,10.0,7.141,836000000.0,2.112,1.0,2018000000.0,0.147,17150000000.0,264000000.0,54410000000.0,,8892000000.0,7081000000.0,0.0,7081000000.0,45188000000.0,11993000000.0,33195000000.0,46471795663.0,389000000.0,1000000.0,44000000.0,-146000000.0,-465000000.0,-550000000.0,-528000000.0,-2000000.0,1402000000.0,65000000.0,679000000.0,594000000.0,594000000.0,0.0,6000000.0,0.043,1171000000.0,847000000.0,4864000000.0,0.64,1.936,16.789,16.623,17360000000.0,85000000.0,115.2,0.821,0.805,10117000000.0,20830000000.0,13734000000.0,13734000000.0,418000000.0,,,,,-6000000.0,698000000.0,1.0,403400601.0,395796000,398063000.0,34.7,53056000000.0,3681000000.0,231000000.0,1349000000.0,134.049,13016000000.0
32,DD,MRQ,2013-06-30,2013-06-30,2013-06-30,2021-08-25,-7526000000.0,70142000000.0,,25327000000.0,44815000000.0,,58.708,-506000000.0,4883000000.0,4883000000.0,12103000000.0,2443000000.0,2.008,1.979,18826000000.0,1351000000.0,17475000000.0,18826000000.0,0.0,659000000.0,0.0,0.04,0.96,3499000000.0,4158000000.0,0.285,4158000000.0,3499000000.0,3220000000.0,5.88,5.61,5.88,23211000000.0,,23211000000.0,55484127306.0,10.0,6.59,3235000000.0,8.182,1.0,2474000000.0,0.17,17175000000.0,279000000.0,54297000000.0,,8836000000.0,6714000000.0,0.0,6714000000.0,45942000000.0,12613000000.0,33329000000.0,38912127306.0,1369000000.0,41000000.0,-11000000.0,-1383000000.0,-464000000.0,-1859000000.0,-477000000.0,-12000000.0,3741000000.0,-36000000.0,2425000000.0,2340000000.0,2340000000.0,0.0,18000000.0,0.161,-805000000.0,3279000000.0,4812000000.0,0.163,1.676,14.568,14.426,17202000000.0,85000000.0,96.51,0.689,0.675,10756000000.0,20620000000.0,14577000000.0,14577000000.0,417000000.0,,,,,-3000000.0,716000000.0,1.0,403192295.0,395363000,429396000.0,36.87,52967000000.0,3785000000.0,795000000.0,1787000000.0,133.971,12714000000.0
33,DD,MRQ,2013-03-31,2013-03-31,2013-03-31,2021-08-25,-7694000000.0,69304000000.0,,24248000000.0,45056000000.0,,53.336,-346000000.0,3514000000.0,3514000000.0,11707000000.0,660000000.0,1.949,2.253,20086000000.0,1333000000.0,18753000000.0,20086000000.0,0.0,668000000.0,0.0,0.04,0.96,1535000000.0,2203000000.0,0.153,2203000000.0,1535000000.0,1239000000.0,1.38,1.38,1.38,20998000000.0,,20998000000.0,55015609572.0,16.0,8.836,101000000.0,0.257,1.0,2676000000.0,0.186,17272000000.0,296000000.0,56164000000.0,,9335000000.0,6658000000.0,0.0,6658000000.0,47308000000.0,12440000000.0,34868000000.0,38346609572.0,-804000000.0,26000000.0,80000000.0,-997000000.0,-85000000.0,-1002000000.0,-235000000.0,85000000.0,447000000.0,-14000000.0,635000000.0,550000000.0,550000000.0,0.0,25000000.0,0.038,1354000000.0,1322000000.0,4938000000.0,0.696,1.826,39.129,38.829,17268000000.0,85000000.0,95.52,0.679,0.666,10750000000.0,18662000000.0,14383000000.0,14383000000.0,435000000.0,,,,,-7000000.0,772000000.0,1.0,401450704.0,393696000,395863000.0,36.533,52032000000.0,3863000000.0,604000000.0,1357000000.0,132.163,11808000000.0
34,DD,MRQ,2012-12-31,2012-12-31,2012-12-31,2021-08-25,-7516000000.0,69605000000.0,,23684000000.0,45921000000.0,,53.286,-1009000000.0,4318000000.0,4318000000.0,11939000000.0,-751000000.0,2.061,2.287,20987000000.0,1068000000.0,19919000000.0,20987000000.0,0.0,680000000.0,0.0,0.037,0.96,-420000000.0,260000000.0,0.019,260000000.0,-420000000.0,-730000000.0,-1.83,-1.83,-1.83,20877000000.0,,20877000000.0,55287088831.0,18.0,9.676,542000000.0,1.383,1.0,1978000000.0,0.142,17450000000.0,310000000.0,57331000000.0,,8476000000.0,6999000000.0,0.0,6999000000.0,47738000000.0,11493000000.0,36245000000.0,38770088831.0,433000000.0,121000000.0,88000000.0,595000000.0,-839000000.0,-173000000.0,-943000000.0,-55000000.0,1551000000.0,-2000000.0,-631000000.0,-716000000.0,-716000000.0,0.0,-120000000.0,-0.051,2577000000.0,-599000000.0,5010000000.0,-0.525,1.857,46.045,45.534,17520000000.0,85000000.0,96.988,0.683,0.666,9992000000.0,18495000000.0,13917000000.0,13917000000.0,463000000.0,,,,,-17000000.0,741000000.0,1.0,399739866.0,391795000,393629000.0,35.521,52155000000.0,4210000000.0,-99000000.0,1183000000.0,133.118,12191000000.0
35,DD,MRQ,2012-09-30,2012-09-30,2012-09-30,2021-08-25,-5481000000.0,69368000000.0,,23465000000.0,45903000000.0,,60.963,-622000000.0,3885000000.0,3885000000.0,11368000000.0,591000000.0,1.834,1.863,20402000000.0,2186000000.0,18216000000.0,20402000000.0,0.0,665000000.0,0.0,0.039,0.96,1134000000.0,1799000000.0,0.132,1799000000.0,1134000000.0,816000000.0,1.26,1.26,1.26,23830000000.0,,23830000000.0,51219879786.0,12.0,7.464,481000000.0,1.231,1.0,2269000000.0,0.166,17782000000.0,318000000.0,55308000000.0,,8630000000.0,7171000000.0,0.0,7171000000.0,44407000000.0,12795000000.0,31612000000.0,34690879786.0,-243000000.0,12000000.0,17000000.0,-304000000.0,-460000000.0,-748000000.0,-629000000.0,-19000000.0,1103000000.0,31000000.0,582000000.0,497000000.0,497000000.0,0.0,9000000.0,0.036,1311000000.0,958000000.0,4627000000.0,0.762,1.456,22.556,22.273,17557000000.0,85000000.0,86.865,0.609,0.596,11204000000.0,19591000000.0,13637000000.0,13637000000.0,434000000.0,,,,,-1000000.0,739000000.0,1.0,399365050.0,390896000,393163000.0,34.887,51586000000.0,3073000000.0,234000000.0,1522000000.0,131.969,10670000000.0
36,DD,MRQ,2012-06-30,2012-06-30,2012-06-30,2021-08-25,-5967000000.0,68842000000.0,,23198000000.0,45644000000.0,,59.3,-581000000.0,4128000000.0,4128000000.0,12200000000.0,740000000.0,1.837,1.93,20657000000.0,2353000000.0,18304000000.0,20657000000.0,0.0,674000000.0,0.0,0.034,0.96,1290000000.0,1964000000.0,0.135,1964000000.0,1290000000.0,978000000.0,1.65,1.65,1.65,23121000000.0,,23121000000.0,54623129471.0,13.0,7.62,891000000.0,2.285,1.0,2313000000.0,0.159,17794000000.0,312000000.0,54948000000.0,,8380000000.0,6975000000.0,2000000.0,6973000000.0,44618000000.0,12629000000.0,31989000000.0,37654129471.0,520000000.0,-26000000.0,68000000.0,99000000.0,-377000000.0,-221000000.0,-653000000.0,-46000000.0,1472000000.0,-78000000.0,734000000.0,649000000.0,649000000.0,0.0,6000000.0,0.045,1175000000.0,1138000000.0,4586000000.0,0.582,1.629,20.288,19.937,17353000000.0,85000000.0,94.5,0.644,0.631,11116000000.0,19473000000.0,14513000000.0,14513000000.0,406000000.0,,,,,-1000000.0,674000000.0,1.0,398455998.0,389896000,392196000.0,37.223,51048000000.0,3044000000.0,244000000.0,1501000000.0,130.927,10569000000.0
37,DD,MRQ,2012-03-31,2012-03-31,2012-03-31,2021-08-25,-5586000000.0,69598000000.0,,23911000000.0,45687000000.0,,59.504,-402000000.0,3608000000.0,3608000000.0,12285000000.0,520000000.0,1.776,1.978,20577000000.0,2353000000.0,18224000000.0,20577000000.0,0.0,679000000.0,0.0,0.029,0.75,1012000000.0,1691000000.0,0.115,1691000000.0,1012000000.0,683000000.0,1.05,1.05,1.05,23026000000.0,,23026000000.0,57216927266.0,12.0,7.592,-453000000.0,-1.171,1.0,2434000000.0,0.165,17956000000.0,329000000.0,55146000000.0,,8882000000.0,6982000000.0,2000000.0,6980000000.0,45547000000.0,13465000000.0,32082000000.0,41060927266.0,-1836000000.0,61000000.0,122000000.0,-1147000000.0,-374000000.0,-1388000000.0,-462000000.0,-121000000.0,-51000000.0,65000000.0,497000000.0,412000000.0,412000000.0,0.0,23000000.0,0.028,1574000000.0,860000000.0,4944000000.0,0.714,1.783,18.758,18.524,17279000000.0,85000000.0,103.92,0.685,0.671,11771000000.0,19203000000.0,14719000000.0,14719000000.0,405000000.0,,,,,-57000000.0,707000000.0,1.0,395120152.0,386963000,389563000.0,38.037,51642000000.0,3119000000.0,186000000.0,1700000000.0,133.455,10446000000.0
38,DD,MRQ,2011-12-31,2011-12-31,2011-12-31,2021-08-25,-5996000000.0,69224000000.0,,23422000000.0,45802000000.0,,57.903,-397000000.0,5444000000.0,5444000000.0,12433000000.0,83000000.0,1.718,2.062,21600000000.0,3290000000.0,18310000000.0,21600000000.0,0.0,741000000.0,0.0,0.031,0.75,667000000.0,1408000000.0,0.1,1408000000.0,667000000.0,336000000.0,-0.06,-0.06,-0.06,22281000000.0,,22281000000.0,51385619874.0,10.0,6.602,1624000000.0,4.22,1.0,1664000000.0,0.118,17991000000.0,331000000.0,53755000000.0,,7577000000.0,7059000000.0,2000000.0,7057000000.0,45933000000.0,13634000000.0,32299000000.0,33988619874.0,3238000000.0,200000000.0,52000000.0,2002000000.0,-373000000.0,1819000000.0,-531000000.0,-334000000.0,2021000000.0,-71000000.0,65000000.0,-20000000.0,-20000000.0,0.0,18000000.0,-0.001,1252000000.0,412000000.0,4778000000.0,-12.5,1.525,14.15,13.961,17299000000.0,85000000.0,86.28,0.567,0.551,10770000000.0,19087000000.0,14097000000.0,14097000000.0,433000000.0,,,,,-9000000.0,702000000.0,1.0,393933541.0,384796000,386465000.0,36.635,51233000000.0,3030000000.0,271000000.0,1602000000.0,133.143,9788000000.0
39,DD,MRQ,2011-09-30,2011-09-30,2011-09-30,2021-08-25,-4290000000.0,66951000000.0,,21754000000.0,45197000000.0,,62.88,-651000000.0,2206000000.0,2206000000.0,12928000000.0,903000000.0,1.688,1.731,19603000000.0,2561000000.0,17042000000.0,19603000000.0,0.0,714000000.0,0.0,0.036,0.75,1391000000.0,2105000000.0,0.139,2105000000.0,1391000000.0,1086000000.0,2.1,2.07,2.1,24152000000.0,,24152000000.0,44394936599.0,8.0,5.453,587000000.0,1.528,1.0,2181000000.0,0.144,18206000000.0,305000000.0,53255000000.0,,8416000000.0,6333000000.0,0.0,6333000000.0,41810000000.0,12887000000.0,28923000000.0,26529936599.0,-17000000.0,-34000000.0,13000000.0,-210000000.0,-373000000.0,-582000000.0,-559000000.0,117000000.0,1238000000.0,-114000000.0,900000000.0,815000000.0,815000000.0,0.0,3000000.0,0.054,1171000000.0,1010000000.0,4429000000.0,0.357,1.098,9.315,9.093,17793000000.0,85000000.0,67.38,0.445,0.434,10449000000.0,19400000000.0,15109000000.0,15109000000.0,402000000.0,,,,,0.0,691000000.0,1.0,393735679.0,384096000,386963000.0,39.337,48745000000.0,2684000000.0,186000000.0,1835000000.0,126.908,8867000000.0
40,DD,MRQ,2011-06-30,2011-06-30,2011-06-30,2021-08-25,-3647000000.0,68447000000.0,,22699000000.0,45748000000.0,,63.114,-564000000.0,2223000000.0,2223000000.0,13551000000.0,1077000000.0,1.826,1.795,20088000000.0,1577000000.0,18511000000.0,20088000000.0,0.0,697000000.0,0.0,0.019,0.75,1635000000.0,2332000000.0,0.145,2332000000.0,1635000000.0,1307000000.0,2.52,2.52,2.52,24185000000.0,,24185000000.0,60152481760.0,12.0,7.686,231000000.0,0.603,1.0,2495000000.0,0.155,18468000000.0,328000000.0,55415000000.0,,8739000000.0,6290000000.0,0.0,6290000000.0,43408000000.0,12429000000.0,30979000000.0,42320481760.0,-1339000000.0,-59000000.0,117000000.0,-1501000000.0,-256000000.0,-1639000000.0,-552000000.0,91000000.0,795000000.0,54000000.0,1067000000.0,982000000.0,982000000.0,0.0,10000000.0,0.061,1151000000.0,1344000000.0,4893000000.0,0.298,1.75,16.629,16.216,18049000000.0,85000000.0,108.0,0.737,0.721,11092000000.0,18877000000.0,16046000000.0,16046000000.0,411000000.0,,,,,-5000000.0,695000000.0,1.0,391855921.0,383196000,386963000.0,41.874,49979000000.0,2630000000.0,240000000.0,1708000000.0,130.427,10270000000.0
41,DD,MRQ,2011-03-31,2011-03-31,2011-03-31,2021-08-25,-3881000000.0,68442000000.0,,22983000000.0,45459000000.0,,60.609,-405000000.0,3562000000.0,3562000000.0,12117000000.0,721000000.0,1.77,1.938,21394000000.0,2316000000.0,19078000000.0,21394000000.0,0.0,731000000.0,0.0,0.016,0.45,1207000000.0,1938000000.0,0.132,1938000000.0,1207000000.0,830000000.0,1.65,1.62,1.65,23021000000.0,,23021000000.0,60876644844.0,14.0,8.252,-580000000.0,-1.527,1.0,2616000000.0,0.178,18501000000.0,377000000.0,54789000000.0,,8132000000.0,6107000000.0,0.0,6107000000.0,44605000000.0,12984000000.0,31621000000.0,44088644844.0,-3477000000.0,21000000.0,133000000.0,-2848000000.0,-256000000.0,-2960000000.0,-352000000.0,48000000.0,-175000000.0,10000000.0,710000000.0,625000000.0,625000000.0,0.0,11000000.0,0.042,1703000000.0,913000000.0,4836000000.0,0.273,1.915,20.709,20.08,17785000000.0,85000000.0,113.25,0.802,0.782,10671000000.0,18187000000.0,14733000000.0,14733000000.0,400000000.0,,,,,-9000000.0,700000000.0,1.0,389303318.0,379830000,387063000.0,38.788,49941000000.0,2743000000.0,120000000.0,1813000000.0,131.483,9999000000.0
42,DD,MRQ,2010-12-31,2010-12-31,2010-12-31,2021-08-25,-4399000000.0,69588000000.0,,24130000000.0,45458000000.0,,57.837,935000000.0,7039000000.0,7039000000.0,11818000000.0,513000000.0,1.736,2.15,23827000000.0,3222000000.0,20605000000.0,23827000000.0,0.0,755000000.0,0.0,0.018,0.45,1012000000.0,1767000000.0,0.128,1767000000.0,1012000000.0,644000000.0,1.14,1.11,1.14,21839000000.0,,21839000000.0,57534486369.0,13.0,7.962,2770000000.0,7.336,1.0,1953000000.0,0.142,18497000000.0,368000000.0,53983000000.0,,7087000000.0,6383000000.0,0.0,6383000000.0,46946000000.0,13896000000.0,33050000000.0,39626486369.0,3816000000.0,-1662000000.0,128000000.0,2619000000.0,-254000000.0,2597000000.0,-646000000.0,81000000.0,1835000000.0,30000000.0,511000000.0,426000000.0,426000000.0,0.0,2000000.0,0.031,1623000000.0,330000000.0,4356000000.0,0.395,1.814,20.115,19.509,17668000000.0,85000000.0,102.42,0.738,0.716,9432000000.0,17736000000.0,13771000000.0,13771000000.0,443000000.0,,,,,-17000000.0,659000000.0,1.0,386901452.0,377594000,384362000.0,36.47,51091000000.0,2690000000.0,133000000.0,1749000000.0,135.307,10234000000.0
43,DD,MRQ,2010-09-30,2010-09-30,2010-09-30,2021-08-25,-3810000000.0,66001000000.0,,20669000000.0,45332000000.0,,58.261,-497000000.0,3223000000.0,3223000000.0,10841000000.0,597000000.0,1.571,1.981,21131000000.0,3101000000.0,18030000000.0,21131000000.0,0.0,716000000.0,0.0,0.022,0.45,1073000000.0,1789000000.0,0.139,1789000000.0,1073000000.0,711000000.0,1.35,1.35,1.35,21906000000.0,,21906000000.0,49999347195.0,13.0,7.341,487000000.0,1.295,1.0,2027000000.0,0.158,18625000000.0,362000000.0,52125000000.0,,7283000000.0,6243000000.0,4000000.0,6239000000.0,43397000000.0,13159000000.0,30238000000.0,31849347195.0,155000000.0,16000000.0,13000000.0,-510000000.0,-254000000.0,-753000000.0,-156000000.0,100000000.0,984000000.0,80000000.0,597000000.0,512000000.0,512000000.0,0.0,0.0,0.04,1212000000.0,815000000.0,3978000000.0,0.333,1.454,19.527,18.938,17416000000.0,85000000.0,82.38,0.608,0.591,9917000000.0,17478000000.0,12868000000.0,12868000000.0,403000000.0,,,,,0.0,640000000.0,1.0,386614656.0,375996000,381830000.0,34.224,47376000000.0,2451000000.0,114000000.0,1690000000.0,126.001,7510000000.0
44,DD,MRQ,2010-06-30,2010-06-30,2010-06-30,2021-08-25,-4780000000.0,64594000000.0,,20080000000.0,44514000000.0,,54.621,-397000000.0,3293000000.0,3293000000.0,11580000000.0,659000000.0,1.504,2.119,21443000000.0,3335000000.0,18108000000.0,21443000000.0,0.0,734000000.0,0.0,0.025,0.45,1149000000.0,1883000000.0,0.138,1883000000.0,1149000000.0,782000000.0,1.5,1.5,1.5,20490000000.0,,20490000000.0,47672983468.0,11.0,6.565,900000000.0,2.399,1.0,2038000000.0,0.15,18471000000.0,367000000.0,50926000000.0,,6933000000.0,6079000000.0,6000000.0,6073000000.0,43427000000.0,13347000000.0,30080000000.0,27393983468.0,145000000.0,1489000000.0,80000000.0,-1700000000.0,-253000000.0,-1876000000.0,738000000.0,-38000000.0,1297000000.0,-14000000.0,651000000.0,566000000.0,566000000.0,0.0,8000000.0,0.042,1135000000.0,903000000.0,4211000000.0,0.3,1.337,14.969,14.463,16973000000.0,85000000.0,71.16,0.531,0.518,9526000000.0,17140000000.0,13618000000.0,13618000000.0,407000000.0,,,,,-2000000.0,648000000.0,1.0,384962845.0,375130000,380530000.0,36.302,46123000000.0,2490000000.0,131000000.0,1622000000.0,122.952,6733000000.0
45,DD,MRQ,2010-03-31,2010-03-31,2010-03-31,2021-08-25,-4258000000.0,67546000000.0,,21311000000.0,46235000000.0,,54.811,-294000000.0,2923000000.0,2923000000.0,11541000000.0,552000000.0,1.43,2.275,23202000000.0,4367000000.0,18835000000.0,23202000000.0,0.0,757000000.0,0.0,0.02,0.45,1030000000.0,1787000000.0,0.133,1787000000.0,1030000000.0,654000000.0,1.26,1.23,1.26,20417000000.0,,20417000000.0,53540880060.0,18.0,8.813,-308000000.0,-0.827,1.0,1876000000.0,0.14,18913000000.0,376000000.0,54007000000.0,,7020000000.0,5805000000.0,0.0,5805000000.0,46454000000.0,14905000000.0,31549000000.0,34013880060.0,77000000.0,83000000.0,55000000.0,51000000.0,-253000000.0,-146000000.0,199000000.0,-26000000.0,-14000000.0,-8000000.0,551000000.0,466000000.0,466000000.0,0.0,1000000.0,0.035,1156000000.0,720000000.0,4652000000.0,0.357,1.666,43.72,44.134,17332000000.0,85000000.0,88.71,0.691,0.671,10703000000.0,16746000000.0,13417000000.0,13417000000.0,407000000.0,,,,,-1000000.0,662000000.0,1.0,383427416.0,372496000,379296000.0,36.019,48633000000.0,2838000000.0,103000000.0,1733000000.0,130.56,6406000000.0
46,DD,MRQ,2009-12-31,2009-12-31,2009-12-31,2021-08-25,-3892000000.0,66018000000.0,,19542000000.0,46476000000.0,,55.415,-564000000.0,2846000000.0,2846000000.0,10860000000.0,178000000.0,1.491,2.184,22373000000.0,3221000000.0,19152000000.0,22373000000.0,0.0,804000000.0,0.0,0.022,0.45,548000000.0,1352000000.0,0.108,1352000000.0,548000000.0,144000000.0,0.24,0.24,0.24,20555000000.0,,20555000000.0,52704866821.0,25.0,10.65,840000000.0,2.265,1.0,1606000000.0,0.129,19179000000.0,404000000.0,53261000000.0,,6847000000.0,5995000000.0,0.0,5995000000.0,44894000000.0,13105000000.0,31789000000.0,31600866821.0,265000000.0,-351000000.0,1000000.0,-1362000000.0,-251000000.0,-1602000000.0,448000000.0,1363000000.0,1404000000.0,15000000.0,172000000.0,87000000.0,87000000.0,0.0,6000000.0,0.007,3065000000.0,-1459000000.0,4153000000.0,1.875,1.537,94.05,86.344,18141000000.0,85000000.0,82.89,0.704,0.642,9405000000.0,16704000000.0,12466000000.0,12466000000.0,419000000.0,,,,,-10000000.0,698000000.0,1.0,381238210.0,370929000,375794000.0,33.608,46839000000.0,2693000000.0,-28000000.0,1621000000.0,126.275,6437000000.0
47,DD,MRQ,2009-09-30,2009-09-30,2009-09-30,2021-08-25,-3613000000.0,67030000000.0,,19027000000.0,48003000000.0,,56.106,-266000000.0,2581000000.0,2581000000.0,10386000000.0,795000000.0,1.543,2.209,23685000000.0,3054000000.0,20631000000.0,23685000000.0,0.0,752000000.0,0.0,0.033,0.45,1488000000.0,2240000000.0,0.186,2240000000.0,1488000000.0,1000000000.0,1.92,1.89,1.92,20729000000.0,,20729000000.0,50933895244.0,342.0,18.678,342000000.0,0.926,1.0,1660000000.0,0.138,18581000000.0,488000000.0,57219000000.0,,6970000000.0,5890000000.0,0.0,5890000000.0,45785000000.0,12334000000.0,33451000000.0,29813895244.0,-67000000.0,1412000000.0,1000000.0,-341000000.0,-252000000.0,-1112000000.0,414000000.0,-19000000.0,608000000.0,23000000.0,796000000.0,711000000.0,711000000.0,4000000.0,-1000000.0,0.059,399000000.0,1261000000.0,3643000000.0,0.234,1.438,-22.881,-17.735,17937000000.0,85000000.0,78.21,0.689,0.668,9128000000.0,16785000000.0,12046000000.0,12046000000.0,400000000.0,,,,,0.0,683000000.0,1.0,381202729.0,369463000,373563000.0,32.604,48449000000.0,2688000000.0,204000000.0,1546000000.0,131.134,6693000000.0
48,DD,MRQ,2009-06-30,2009-06-30,2009-06-30,2021-08-25,-4047000000.0,66168000000.0,,18383000000.0,47785000000.0,,57.653,-325000000.0,2648000000.0,2648000000.0,9764000000.0,-332000000.0,1.652,2.33,23768000000.0,1785000000.0,21983000000.0,23768000000.0,0.0,763000000.0,0.0,0.071,0.45,-67000000.0,696000000.0,0.061,696000000.0,-67000000.0,-592000000.0,-1.41,-1.41,-1.41,19719000000.0,,19719000000.0,24950812102.0,-44.0,13.916,-185000000.0,-0.541,1.0,1558000000.0,0.138,18544000000.0,525000000.0,57617000000.0,,6684000000.0,5848000000.0,0.0,5848000000.0,45945000000.0,11127000000.0,34818000000.0,14942812102.0,-308000000.0,-15142000000.0,1519000000.0,6635000000.0,-139000000.0,14911000000.0,-15453000000.0,14000000.0,140000000.0,94000000.0,-344000000.0,-486000000.0,-486000000.0,-103000000.0,12000000.0,-0.043,1847000000.0,-289000000.0,3394000000.0,-0.319,0.758,-9.422,-9.782,17377000000.0,142000000.0,48.42,0.321,0.356,8932000000.0,16242000000.0,11322000000.0,11322000000.0,381000000.0,,,,,0.0,663000000.0,1.0,308607955.0,342030000,345163000.0,33.102,47624000000.0,2810000000.0,-248000000.0,1664000000.0,139.239,7256000000.0
49,DD,MRQ,2009-03-31,2009-03-31,2009-03-31,2021-08-25,-4674000000.0,44159000000.0,,15606000000.0,28553000000.0,,42.52,-234000000.0,2956000000.0,2956000000.0,8138000000.0,35000000.0,1.6,2.362,12964000000.0,2067000000.0,10897000000.0,12964000000.0,0.0,508000000.0,0.0,0.167,0.45,153000000.0,661000000.0,0.073,661000000.0,153000000.0,-1000000.0,0.09,0.09,0.09,13116000000.0,,13116000000.0,16848168934.0,26.0,5.977,-311000000.0,-1.008,1.0,903000000.0,0.1,4205000000.0,154000000.0,40210000000.0,,5916000000.0,5128000000.0,0.0,5128000000.0,30980000000.0,9752000000.0,21228000000.0,7792168934.0,156000000.0,21000000.0,-5000000.0,1143000000.0,-388000000.0,462000000.0,-176000000.0,37000000.0,-77000000.0,-53000000.0,24000000.0,24000000.0,24000000.0,-11000000.0,11000000.0,0.003,827000000.0,76000000.0,2885000000.0,5.0,0.594,-23.054,-23.417,13823000000.0,0.0,25.29,0.151,0.151,6869000000.0,16896000000.0,9041000000.0,9041000000.0,292000000.0,,,,,0.0,443000000.0,1.0,308112343.0,308464000,310664000.0,29.31,39954000000.0,4066000000.0,-25000000.0,982000000.0,129.526,5854000000.0
50,DD,MRQ,2008-12-31,2008-12-31,2008-12-31,2021-08-25,-4389000000.0,45474000000.0,,16060000000.0,29414000000.0,,43.849,-440000000.0,2800000000.0,2800000000.0,10459000000.0,-1540000000.0,1.225,2.361,11856000000.0,3814000000.0,8042000000.0,11856000000.0,0.0,555000000.0,0.0,0.111,1.26,-1425000000.0,-870000000.0,-0.08,-870000000.0,-1425000000.0,-1617000000.0,-5.01,-4.92,-5.01,13511000000.0,,13511000000.0,24085712010.0,13.0,5.855,1809000000.0,5.871,1.0,391000000.0,0.036,4223000000.0,192000000.0,37199000000.0,,6036000000.0,5725000000.0,0.0,5725000000.0,31894000000.0,13108000000.0,18786000000.0,13939712010.0,539000000.0,-163000000.0,13000000.0,-543000000.0,-389000000.0,-924000000.0,-800000000.0,-197000000.0,2249000000.0,14000000.0,-1552000000.0,-1552000000.0,-1552000000.0,-9000000.0,12000000.0,-0.143,2109000000.0,-1718000000.0,3306000000.0,-0.251,1.032,24.075,24.339,14294000000.0,0.0,45.27,0.243,0.245,7132000000.0,17013000000.0,10850000000.0,10850000000.0,310000000.0,,,,,0.0,457000000.0,1.0,307923527.0,308129000,310297000.0,35.213,41251000000.0,4268000000.0,-65000000.0,1471000000.0,133.876,2952000000.0
51,DD,MRQ,2008-09-30,2008-09-30,2008-09-30,2021-08-25,-687000000.0,50165000000.0,,19676000000.0,30489000000.0,,61.797,-628000000.0,2261000000.0,2261000000.0,13949000000.0,448000000.0,1.391,1.629,12407000000.0,4150000000.0,8257000000.0,12407000000.0,0.0,538000000.0,0.0,0.053,1.26,768000000.0,1306000000.0,0.085,1306000000.0,768000000.0,608000000.0,1.38,1.38,1.38,19058000000.0,,19058000000.0,38676208343.0,10.0,6.27,418000000.0,1.355,1.0,1422000000.0,0.093,4445000000.0,160000000.0,41717000000.0,,7542000000.0,5974000000.0,11000000.0,5963000000.0,31037000000.0,14149000000.0,16888000000.0,29395208343.0,150000000.0,-25000000.0,-88000000.0,422000000.0,-388000000.0,-134000000.0,-713000000.0,-60000000.0,1046000000.0,-49000000.0,428000000.0,428000000.0,428000000.0,-8000000.0,20000000.0,0.028,931000000.0,491000000.0,4227000000.0,0.913,1.542,11.293,11.432,14298000000.0,0.0,95.34,0.485,0.485,9901000000.0,18954000000.0,15371000000.0,15371000000.0,334000000.0,,,,,-6000000.0,497000000.0,1.0,308319477.0,308397000,311330000.0,49.842,45720000000.0,2535000000.0,180000000.0,1604000000.0,148.25,5527000000.0
52,DD,MRQ,2008-06-30,2008-06-30,2008-06-30,2021-08-25,374000000.0,52153000000.0,,21331000000.0,30822000000.0,,64.195,-597000000.0,2111000000.0,2111000000.0,14621000000.0,781000000.0,1.483,1.609,11392000000.0,3276000000.0,8116000000.0,11392000000.0,0.0,569000000.0,0.0,0.048,1.26,1153000000.0,1722000000.0,0.105,1722000000.0,1153000000.0,1002000000.0,2.46,2.43,2.46,19896000000.0,,19896000000.0,41140723039.0,9.0,6.203,372000000.0,1.2,1.0,1728000000.0,0.106,4411000000.0,151000000.0,42636000000.0,,7690000000.0,6010000000.0,2000000.0,6008000000.0,32020000000.0,14387000000.0,17633000000.0,32480723039.0,438000000.0,-139000000.0,-361000000.0,1132000000.0,-391000000.0,380000000.0,-934000000.0,-145000000.0,969000000.0,23000000.0,762000000.0,762000000.0,762000000.0,-5000000.0,19000000.0,0.047,837000000.0,891000000.0,5493000000.0,0.512,1.633,12.599,12.741,14624000000.0,0.0,104.73,0.552,0.552,11729000000.0,18919000000.0,16349000000.0,16349000000.0,335000000.0,,,,,-2000000.0,514000000.0,1.0,310137406.0,309930000,313130000.0,52.751,47742000000.0,2455000000.0,240000000.0,1525000000.0,154.041,6944000000.0
53,DD,MRQ,2008-03-31,2008-03-31,2008-03-31,2021-08-25,415000000.0,50657000000.0,,20136000000.0,30521000000.0,,62.889,-359000000.0,1673000000.0,1673000000.0,12908000000.0,965000000.0,1.502,1.543,10333000000.0,2941000000.0,7392000000.0,10333000000.0,0.0,574000000.0,0.0,0.046,1.26,1385000000.0,1959000000.0,0.132,1959000000.0,1385000000.0,1240000000.0,3.0,2.97,3.0,19749000000.0,,19749000000.0,42603162331.0,9.0,6.185,88000000.0,0.28,1.0,1916000000.0,0.129,4393000000.0,145000000.0,41520000000.0,,7688000000.0,5871000000.0,1000000.0,5870000000.0,30478000000.0,13404000000.0,17074000000.0,34624162331.0,-63000000.0,57000000.0,-390000000.0,507000000.0,-395000000.0,-300000000.0,-290000000.0,22000000.0,447000000.0,80000000.0,941000000.0,941000000.0,941000000.0,0.0,24000000.0,0.063,805000000.0,1111000000.0,4834000000.0,0.42,1.753,12.128,12.243,14545000000.0,0.0,110.55,0.621,0.623,10944000000.0,18542000000.0,14824000000.0,14824000000.0,331000000.0,,,,,0.0,498000000.0,1.0,313198803.0,314030000,317197000.0,47.206,46264000000.0,2520000000.0,299000000.0,1721000000.0,147.324,6732000000.0
54,DD,MRQ,2007-12-31,2007-12-31,2007-12-31,2021-08-25,-170000000.0,48801000000.0,,18654000000.0,30147000000.0,,60.2,-553000000.0,1736000000.0,1736000000.0,12435000000.0,570000000.0,1.499,1.55,9715000000.0,2134000000.0,7581000000.0,9715000000.0,0.0,589000000.0,0.0,0.041,1.26,592000000.0,1181000000.0,0.084,1181000000.0,592000000.0,431000000.0,1.5,1.5,1.5,18975000000.0,,18975000000.0,44979819600.0,10.0,6.527,677000000.0,2.148,1.0,1654000000.0,0.117,4353000000.0,161000000.0,39982000000.0,,6885000000.0,5964000000.0,1000000.0,5963000000.0,29412000000.0,12445000000.0,16967000000.0,37227819600.0,-209000000.0,-235000000.0,-230000000.0,-93000000.0,-397000000.0,-706000000.0,-772000000.0,34000000.0,1230000000.0,39000000.0,472000000.0,472000000.0,472000000.0,-23000000.0,98000000.0,0.034,2031000000.0,-377000000.0,4555000000.0,0.84,1.962,12.895,13.01,14388000000.0,0.0,118.26,0.697,0.704,10069000000.0,18004000000.0,14089000000.0,14089000000.0,354000000.0,,,,,-17000000.0,490000000.0,1.0,314796063.0,315198000,319163000.0,44.699,44448000000.0,2474000000.0,-41000000.0,1699000000.0,141.016,6209000000.0
55,DD,MRQ,2007-09-30,2007-09-30,2007-09-30,2021-08-25,-1560000000.0,47669000000.0,,18253000000.0,29416000000.0,,55.859,-519000000.0,1945000000.0,1945000000.0,11864000000.0,403000000.0,1.583,1.675,9697000000.0,1678000000.0,8019000000.0,9697000000.0,0.0,560000000.0,0.0,0.037,1.26,1210000000.0,1770000000.0,0.13,1770000000.0,1210000000.0,1062000000.0,1.26,1.26,1.26,17668000000.0,,17668000000.0,48577166971.0,9.0,6.314,773000000.0,2.444,1.0,1725000000.0,0.127,4271000000.0,148000000.0,39616000000.0,,6772000000.0,6020000000.0,1000000.0,6019000000.0,29601000000.0,11534000000.0,18067000000.0,40909166971.0,-31000000.0,-102000000.0,-243000000.0,-56000000.0,-398000000.0,-719000000.0,-641000000.0,-20000000.0,1292000000.0,37000000.0,403000000.0,403000000.0,403000000.0,0.0,0.0,0.03,816000000.0,909000000.0,4233000000.0,1.0,2.315,12.068,12.164,14210000000.0,0.0,129.18,0.794,0.793,9839000000.0,17941000000.0,13589000000.0,13589000000.0,329000000.0,,,,,-1000000.0,476000000.0,1.0,316683125.0,316297000,320497000.0,42.963,43398000000.0,3170000000.0,659000000.0,1843000000.0,137.206,6719000000.0
56,DD,MRQ,2007-06-30,2007-06-30,2007-06-30,2021-08-25,-1986000000.0,46915000000.0,,18029000000.0,28886000000.0,,54.801,-462000000.0,1976000000.0,1976000000.0,11398000000.0,1039000000.0,1.596,1.668,9644000000.0,1678000000.0,7966000000.0,9644000000.0,0.0,533000000.0,0.0,0.035,1.26,1445000000.0,1978000000.0,0.149,1978000000.0,1445000000.0,1316000000.0,3.27,3.21,3.27,17441000000.0,,17441000000.0,49423937605.0,10.0,6.803,964000000.0,3.029,1.0,1867000000.0,0.141,4197000000.0,129000000.0,39089000000.0,,6497000000.0,5482000000.0,79000000.0,5403000000.0,29085000000.0,11297000000.0,17788000000.0,42151937605.0,-401000000.0,-708000000.0,-322000000.0,-5000000.0,-358000000.0,-684000000.0,-1155000000.0,26000000.0,1426000000.0,12000000.0,1039000000.0,1039000000.0,1039000000.0,0.0,0.0,0.078,688000000.0,1179000000.0,4185000000.0,0.385,2.417,12.047,12.115,13895000000.0,0.0,132.66,0.838,0.84,9570000000.0,17940000000.0,13265000000.0,13265000000.0,320000000.0,,,,,-4000000.0,477000000.0,1.0,317743822.0,318263000,322663000.0,41.679,42718000000.0,3737000000.0,277000000.0,1822000000.0,134.222,6732000000.0
57,DD,MRQ,2007-03-31,2007-03-31,2007-03-31,2021-08-25,-2088000000.0,46030000000.0,,17824000000.0,28206000000.0,,52.784,-330000000.0,2377000000.0,2377000000.0,10605000000.0,973000000.0,1.634,1.694,9649000000.0,1674000000.0,7975000000.0,9649000000.0,0.0,508000000.0,0.0,0.033,1.125,1454000000.0,1962000000.0,0.158,1962000000.0,1454000000.0,1308000000.0,3.03,3.0,3.03,16947000000.0,,16947000000.0,50776039100.0,10.0,6.972,206000000.0,0.642,1.0,1827000000.0,0.147,3707000000.0,146000000.0,38690000000.0,,6106000000.0,5407000000.0,188000000.0,5219000000.0,28705000000.0,10905000000.0,17800000000.0,43987039100.0,-380000000.0,35000000.0,-288000000.0,41000000.0,-359000000.0,-619000000.0,-290000000.0,6000000.0,536000000.0,-7000000.0,973000000.0,973000000.0,973000000.0,0.0,0.0,0.078,662000000.0,1165000000.0,3701000000.0,0.371,2.596,12.629,12.669,13644000000.0,0.0,137.58,0.888,0.892,9040000000.0,17306000000.0,12432000000.0,12432000000.0,302000000.0,,,,,-9000000.0,418000000.0,1.0,319719400.0,321063000,325297000.0,38.721,42323000000.0,4157000000.0,335000000.0,2264000000.0,131.821,6919000000.0
58,DD,MRQ,2006-12-31,2006-12-31,2006-12-31,2021-08-25,-2235000000.0,45581000000.0,,17209000000.0,28372000000.0,,52.259,-726000000.0,2757000000.0,2757000000.0,10499000000.0,975000000.0,1.623,1.708,9546000000.0,1510000000.0,8036000000.0,9546000000.0,0.0,530000000.0,0.0,0.038,1.125,1453000000.0,1983000000.0,0.162,1983000000.0,1453000000.0,1299000000.0,3.06,3.0,3.06,16700000000.0,,16700000000.0,45185822219.0,8.0,5.97,524000000.0,1.64,1.0,1737000000.0,0.142,3699000000.0,154000000.0,38070000000.0,,6058000000.0,5319000000.0,153000000.0,5166000000.0,28516000000.0,10601000000.0,17915000000.0,38111822219.0,-377000000.0,294000000.0,37000000.0,-747000000.0,-360000000.0,-1062000000.0,-585000000.0,-150000000.0,1250000000.0,20000000.0,975000000.0,975000000.0,975000000.0,0.0,0.0,0.08,1187000000.0,550000000.0,3825000000.0,0.368,2.282,10.234,10.31,13722000000.0,0.0,119.7,0.776,0.782,8336000000.0,16987000000.0,12236000000.0,12236000000.0,308000000.0,,,,,-11000000.0,453000000.0,1.0,318394186.0,319563000,323699000.0,38.29,41882000000.0,4199000000.0,324000000.0,1819000000.0,131.06,6608000000.0
59,DD,MRQ,2006-09-30,2006-09-30,2006-09-30,2021-08-25,-1738000000.0,46577000000.0,,17880000000.0,28697000000.0,,51.417,-406000000.0,3134000000.0,3134000000.0,10600000000.0,512000000.0,1.772,1.812,10208000000.0,1009000000.0,9199000000.0,10208000000.0,0.0,538000000.0,0.0,0.037,1.125,804000000.0,1342000000.0,0.109,1342000000.0,804000000.0,649000000.0,1.59,1.59,1.59,16438000000.0,,16438000000.0,44449724599.0,8.0,5.527,563000000.0,1.761,1.0,1759000000.0,0.142,3671000000.0,155000000.0,39892000000.0,,6118000000.0,5026000000.0,35000000.0,4991000000.0,29785000000.0,10088000000.0,19697000000.0,37394724599.0,-28000000.0,-109000000.0,-125000000.0,6000000.0,-360000000.0,-504000000.0,-470000000.0,150000000.0,969000000.0,-23000000.0,512000000.0,512000000.0,512000000.0,0.0,0.0,0.041,1299000000.0,460000000.0,3580000000.0,0.708,2.275,9.726,9.794,13358000000.0,0.0,116.94,0.766,0.766,8596000000.0,16371000000.0,12359000000.0,12359000000.0,291000000.0,,,,,3000000.0,420000000.0,1.0,319776699.0,319697000,323297000.0,38.658,42906000000.0,3755000000.0,137000000.0,1943000000.0,134.208,7792000000.0
60,DD,MRQ,2006-06-30,2006-06-30,2006-06-30,2021-08-25,-1652000000.0,46143000000.0,,17398000000.0,28745000000.0,,51.27,-358000000.0,3162000000.0,3162000000.0,10624000000.0,1023000000.0,1.812,1.781,10217000000.0,969000000.0,9248000000.0,10217000000.0,0.0,512000000.0,0.0,0.036,1.125,1484000000.0,1996000000.0,0.16,1996000000.0,1484000000.0,1333000000.0,3.18,3.15,3.18,16466000000.0,,16466000000.0,44789244656.0,7.0,5.273,878000000.0,2.734,1.0,1885000000.0,0.151,3580000000.0,151000000.0,40016000000.0,,5849000000.0,4849000000.0,36000000.0,4813000000.0,29331000000.0,9602000000.0,19729000000.0,37535244656.0,-227000000.0,0.0,-151000000.0,-539000000.0,-360000000.0,-1062000000.0,-408000000.0,-50000000.0,1236000000.0,7000000.0,1023000000.0,1023000000.0,1023000000.0,0.0,0.0,0.082,648000000.0,1237000000.0,3730000000.0,0.354,2.28,9.08,9.119,13656000000.0,0.0,117.09,0.787,0.788,8301000000.0,16226000000.0,12509000000.0,12509000000.0,287000000.0,,,,,2000000.0,402000000.0,1.0,320567146.0,321163000,325197000.0,38.949,42563000000.0,3893000000.0,310000000.0,1980000000.0,132.528,7796000000.0
61,DD,MRQ,2006-03-31,2006-03-31,2006-03-31,2021-08-25,-1881000000.0,45564000000.0,,17261000000.0,28303000000.0,,48.517,-285000000.0,3389000000.0,3389000000.0,9803000000.0,1214000000.0,1.741,1.889,10643000000.0,1463000000.0,9180000000.0,10643000000.0,0.0,494000000.0,0.0,0.034,1.125,1754000000.0,2248000000.0,0.187,2248000000.0,1754000000.0,1598000000.0,3.75,3.72,3.75,15653000000.0,,15653000000.0,46177029722.0,7.0,5.271,414000000.0,1.283,1.0,2217000000.0,0.184,3589000000.0,156000000.0,39314000000.0,,5982000000.0,4659000000.0,35000000.0,4624000000.0,29563000000.0,9915000000.0,19648000000.0,39277029722.0,-417000000.0,0.0,-277000000.0,-56000000.0,-324000000.0,-674000000.0,-444000000.0,-59000000.0,699000000.0,2000000.0,1214000000.0,1214000000.0,1214000000.0,0.0,0.0,0.101,648000000.0,1569000000.0,3566000000.0,0.3,2.509,8.976,8.962,13549000000.0,0.0,121.8,0.842,0.842,7817000000.0,15567000000.0,12020000000.0,12020000000.0,278000000.0,,,,,-5000000.0,388000000.0,1.0,322471186.0,322630000,326897000.0,37.256,41975000000.0,3835000000.0,384000000.0,2092000000.0,130.103,7346000000.0
62,DD,MRQ,2005-12-31,2005-12-31,2005-12-31,2021-08-25,-1949000000.0,45934000000.0,,17404000000.0,28530000000.0,,46.523,-629000000.0,3806000000.0,3806000000.0,10029000000.0,1096000000.0,1.632,2.042,10706000000.0,1520000000.0,9186000000.0,10706000000.0,0.0,572000000.0,0.0,0.031,1.005,1884000000.0,2456000000.0,0.206,2456000000.0,1884000000.0,1725000000.0,3.42,3.33,3.42,14988000000.0,,14988000000.0,50003277903.0,7.0,5.508,311000000.0,0.965,1.0,1888000000.0,0.158,3583000000.0,159000000.0,38588000000.0,,5319000000.0,4747000000.0,32000000.0,4715000000.0,30610000000.0,10663000000.0,19947000000.0,42291277903.0,627000000.0,12000000.0,55000000.0,-144000000.0,-323000000.0,-416000000.0,93000000.0,973000000.0,940000000.0,10000000.0,1096000000.0,1096000000.0,1096000000.0,0.0,0.0,0.092,227000000.0,1661000000.0,3931000000.0,0.294,2.822,9.367,9.343,13537000000.0,0.0,131.46,0.913,0.911,8200000000.0,14719000000.0,11917000000.0,11917000000.0,283000000.0,,,,,19000000.0,392000000.0,1.0,321704211.0,322161000,328198000.0,36.991,42351000000.0,3979000000.0,629000000.0,2089000000.0,131.459,6741000000.0
63,DD,MRQ,2005-09-30,2005-09-30,2005-09-30,2021-08-25,-1689000000.0,45737000000.0,,16850000000.0,28887000000.0,,44.54,-373000000.0,3179000000.0,3179000000.0,9610000000.0,801000000.0,1.732,2.168,10891000000.0,922000000.0,9969000000.0,10891000000.0,0.0,497000000.0,0.0,0.032,1.005,1297000000.0,1794000000.0,0.159,1794000000.0,1297000000.0,1129000000.0,2.49,2.46,2.49,14330000000.0,,14330000000.0,48422992125.0,7.0,5.682,719000000.0,2.235,1.0,1651000000.0,0.147,3615000000.0,168000000.0,40106000000.0,,5450000000.0,4668000000.0,31000000.0,4637000000.0,31074000000.0,9728000000.0,21346000000.0,40193992125.0,17000000.0,2000000.0,13000000.0,-448000000.0,-323000000.0,-788000000.0,-334000000.0,37000000.0,1092000000.0,47000000.0,801000000.0,801000000.0,801000000.0,0.0,0.0,0.071,617000000.0,1034000000.0,3478000000.0,0.404,2.805,9.043,8.981,13330000000.0,0.0,125.01,0.887,0.887,7938000000.0,13952000000.0,11261000000.0,11261000000.0,264000000.0,,,,,2000000.0,379000000.0,1.0,321525893.0,321730000,326130000.0,35.001,42122000000.0,4425000000.0,328000000.0,2364000000.0,130.923,7122000000.0
64,DD,MRQ,2005-06-30,2005-06-30,2005-06-30,2021-08-25,-1757000000.0,44887000000.0,,16073000000.0,28814000000.0,,42.659,-326000000.0,3162000000.0,3162000000.0,9300000000.0,1265000000.0,1.68,2.25,11391000000.0,1368000000.0,10023000000.0,11391000000.0,0.0,493000000.0,0.0,0.03,1.005,1770000000.0,2263000000.0,0.198,2263000000.0,1770000000.0,1582000000.0,3.93,3.9,3.93,13709000000.0,,13709000000.0,51900265397.0,8.0,6.245,1042000000.0,3.242,1.0,2150000000.0,0.188,3633000000.0,188000000.0,39917000000.0,,5203000000.0,4575000000.0,39000000.0,4536000000.0,30844000000.0,9566000000.0,21278000000.0,42804265397.0,-195000000.0,84000000.0,31000000.0,-863000000.0,-322000000.0,-1168000000.0,-258000000.0,-16000000.0,1368000000.0,-137000000.0,1265000000.0,1265000000.0,1265000000.0,0.0,0.0,0.11,610000000.0,1540000000.0,3409000000.0,0.256,3.122,10.046,9.962,13408000000.0,0.0,133.59,0.97,0.973,7453000000.0,13479000000.0,11450000000.0,11450000000.0,271000000.0,,,,,15000000.0,383000000.0,1.0,320414871.0,321363000,325397000.0,35.629,41254000000.0,4428000000.0,317000000.0,2066000000.0,128.372,6507000000.0
65,DD,MRQ,2005-03-31,2005-03-31,2005-03-31,2021-08-25,-1345000000.0,45972000000.0,,16799000000.0,29173000000.0,,40.804,-269000000.0,3357000000.0,3357000000.0,9337000000.0,1353000000.0,1.616,2.498,12453000000.0,1577000000.0,10876000000.0,12453000000.0,0.0,517000000.0,0.0,0.027,1.005,2048000000.0,2565000000.0,0.22,2565000000.0,2048000000.0,1861000000.0,4.23,4.17,4.23,13045000000.0,,13045000000.0,57021074317.0,10.0,7.404,805000000.0,2.518,1.0,2342000000.0,0.201,3657000000.0,187000000.0,41016000000.0,,5210000000.0,5021000000.0,44000000.0,4977000000.0,32588000000.0,10395000000.0,22193000000.0,47535074317.0,249000000.0,-102000000.0,231000000.0,-26000000.0,-319000000.0,-136000000.0,-597000000.0,-226000000.0,1074000000.0,-92000000.0,1353000000.0,1353000000.0,1353000000.0,0.0,0.0,0.116,578000000.0,1764000000.0,3725000000.0,0.238,3.644,12.914,12.815,13408000000.0,0.0,149.55,1.118,1.124,7940000000.0,12517000000.0,11679000000.0,11679000000.0,255000000.0,,,,,49000000.0,391000000.0,1.0,317853740.0,319697000,323897000.0,36.531,42315000000.0,4532000000.0,508000000.0,1918000000.0,132.36,6404000000.0
66,DD,MRQ,2004-12-31,2004-12-31,2004-12-31,2021-08-25,-977000000.0,45885000000.0,,15890000000.0,29995000000.0,,37.353,-519000000.0,3108000000.0,3108000000.0,9295000000.0,1026000000.0,1.512,2.844,12594000000.0,965000000.0,11629000000.0,12594000000.0,0.0,513000000.0,0.0,0.027,1.005,1387000000.0,1900000000.0,0.174,1900000000.0,1387000000.0,1201000000.0,3.27,3.18,3.27,11821000000.0,,11821000000.0,56727016600.0,13.0,8.715,603000000.0,1.905,1.0,1641000000.0,0.15,3687000000.0,186000000.0,41178000000.0,,4957000000.0,5112000000.0,84000000.0,5028000000.0,33615000000.0,10506000000.0,23109000000.0,46686016600.0,706000000.0,156000000.0,306000000.0,-79000000.0,-314000000.0,-89000000.0,-428000000.0,-65000000.0,1122000000.0,96000000.0,1026000000.0,1026000000.0,1026000000.0,0.0,0.0,0.094,547000000.0,1094000000.0,3701000000.0,0.307,3.949,16.691,16.614,13828000000.0,0.0,148.53,1.162,1.159,7546000000.0,11527000000.0,10936000000.0,10936000000.0,261000000.0,,,,,48000000.0,385000000.0,1.0,314320137.0,316466000,322928000.0,34.557,42198000000.0,4753000000.0,175000000.0,1925000000.0,133.341,5384000000.0
67,DD,MRQ,2004-09-30,2004-09-30,2004-09-30,2021-08-25,-1542000000.0,43349000000.0,,14381000000.0,28968000000.0,,32.184,-311000000.0,2402000000.0,2402000000.0,8697000000.0,617000000.0,1.456,3.253,12443000000.0,658000000.0,11785000000.0,12443000000.0,0.0,559000000.0,0.0,0.03,1.005,1024000000.0,1583000000.0,0.157,1583000000.0,1024000000.0,831000000.0,1.98,1.95,1.98,10094000000.0,,10094000000.0,52734151295.0,14.0,9.092,518000000.0,1.652,1.0,1375000000.0,0.137,3688000000.0,193000000.0,39828000000.0,,4702000000.0,4798000000.0,38000000.0,4760000000.0,32836000000.0,9874000000.0,22962000000.0,42443151295.0,108000000.0,-32000000.0,67000000.0,-143000000.0,-315000000.0,-414000000.0,-306000000.0,37000000.0,829000000.0,0.0,617000000.0,617000000.0,617000000.0,0.0,0.0,0.061,573000000.0,802000000.0,3454000000.0,0.508,4.205,15.72,15.579,13482000000.0,0.0,135.54,1.13,1.132,7106000000.0,10820000000.0,10072000000.0,10072000000.0,248000000.0,,,,,11000000.0,341000000.0,1.0,313140836.0,313630000,317130000.0,32.114,39661000000.0,4761000000.0,214000000.0,1938000000.0,126.458,4507000000.0
68,DD,MRQ,2004-06-30,2004-06-30,2004-06-30,2021-08-25,-1726000000.0,42184000000.0,,13578000000.0,28606000000.0,,30.362,-311000000.0,2294000000.0,2294000000.0,8345000000.0,685000000.0,1.526,3.401,12585000000.0,344000000.0,12241000000.0,12585000000.0,0.0,502000000.0,0.0,0.033,1.005,1151000000.0,1653000000.0,0.168,1653000000.0,1151000000.0,969000000.0,2.19,2.16,2.19,9493000000.0,,9493000000.0,49280006115.0,15.0,9.218,313000000.0,1.001,1.0,1499000000.0,0.152,3712000000.0,182000000.0,39863000000.0,,4360000000.0,4504000000.0,43000000.0,4461000000.0,32286000000.0,8900000000.0,23386000000.0,38102006115.0,368000000.0,878000000.0,90000000.0,-498000000.0,-313000000.0,-731000000.0,479000000.0,-88000000.0,624000000.0,0.0,685000000.0,685000000.0,685000000.0,0.0,0.0,0.07,592000000.0,907000000.0,3068000000.0,0.459,4.014,15.777,15.654,13548000000.0,0.0,122.1,1.074,1.077,6795000000.0,10519000000.0,9844000000.0,9844000000.0,262000000.0,,,,,8000000.0,347000000.0,1.0,312055430.0,312664000,315964000.0,31.484,38472000000.0,4586000000.0,284000000.0,1606000000.0,123.046,4678000000.0
69,DD,MRQ,2004-03-31,2004-03-31,2004-03-31,2021-08-25,-1629000000.0,41882000000.0,,13232000000.0,28650000000.0,,29.256,-192000000.0,1926000000.0,1926000000.0,7907000000.0,469000000.0,1.386,3.566,13104000000.0,1305000000.0,11799000000.0,13104000000.0,0.0,514000000.0,0.0,0.033,1.005,859000000.0,1373000000.0,0.147,1373000000.0,859000000.0,673000000.0,1.5,1.5,1.5,9086000000.0,,9086000000.0,48251888969.0,16.0,9.76,-97000000.0,-0.312,1.0,1402000000.0,0.151,3798000000.0,186000000.0,39715000000.0,,4325000000.0,4161000000.0,47000000.0,4114000000.0,32403000000.0,9547000000.0,22856000000.0,37534888969.0,-466000000.0,-149000000.0,228000000.0,-59000000.0,-310000000.0,-163000000.0,-398000000.0,-57000000.0,95000000.0,0.0,469000000.0,469000000.0,469000000.0,0.0,0.0,0.05,671000000.0,731000000.0,3112000000.0,0.67,4.131,17.68,17.513,13936000000.0,0.0,120.84,1.109,1.108,6575000000.0,10149000000.0,9309000000.0,9309000000.0,251000000.0,,,,,33000000.0,363000000.0,1.0,310616116.0,310564000,314397000.0,29.974,38084000000.0,4754000000.0,204000000.0,1636000000.0,122.629,3685000000.0
70,DD,MRQ,2003-12-31,2003-12-31,2003-12-31,2021-08-25,-1491000000.0,41891000000.0,,13112000000.0,28779000000.0,,28.59,-320000000.0,2392000000.0,2392000000.0,7183000000.0,929000000.0,1.375,3.718,13109000000.0,1346000000.0,11763000000.0,13109000000.0,0.0,502000000.0,0.0,0.032,1.005,689000000.0,1191000000.0,0.143,1191000000.0,689000000.0,487000000.0,3.03,3.0,3.03,8799000000.0,,8799000000.0,48852285490.0,20.0,11.156,730000000.0,2.372,1.0,1149000000.0,0.138,3805000000.0,202000000.0,39269000000.0,,4050000000.0,4121000000.0,42000000.0,4079000000.0,32716000000.0,9534000000.0,23182000000.0,38266285490.0,-174000000.0,-1000000.0,164000000.0,-144000000.0,-309000000.0,-294000000.0,-884000000.0,-30000000.0,1050000000.0,29000000.0,929000000.0,929000000.0,929000000.0,0.0,0.0,0.111,588000000.0,561000000.0,2843000000.0,0.332,4.349,22.119,22.112,14217000000.0,0.0,124.71,1.173,1.17,6160000000.0,9994000000.0,8332000000.0,8332000000.0,251000000.0,,,,,29000000.0,349000000.0,1.0,306841851.0,307764000,311898000.0,27.073,38086000000.0,4811000000.0,-442000000.0,1577000000.0,123.751,3578000000.0
71,DD,MRQ,2003-09-30,2003-09-30,2003-09-30,2021-08-25,-1857000000.0,40305000000.0,,12241000000.0,28064000000.0,,24.762,-137000000.0,2566000000.0,2566000000.0,6861000000.0,332000000.0,1.337,4.26,13152000000.0,1457000000.0,11695000000.0,13152000000.0,0.0,466000000.0,0.0,0.041,1.005,663000000.0,1129000000.0,0.142,1129000000.0,663000000.0,459000000.0,1.08,1.08,1.08,7592000000.0,,7592000000.0,41090363528.0,59.0,15.683,931000000.0,3.037,1.0,1116000000.0,0.14,3816000000.0,204000000.0,37922000000.0,,4167000000.0,4079000000.0,47000000.0,4032000000.0,32345000000.0,9153000000.0,23192000000.0,29884363528.0,290000000.0,-8000000.0,41000000.0,-322000000.0,-308000000.0,-604000000.0,-221000000.0,-76000000.0,1068000000.0,0.0,332000000.0,332000000.0,332000000.0,0.0,0.0,0.042,526000000.0,590000000.0,2601000000.0,0.931,3.936,-3735.545,-1627.002,13510000000.0,0.0,97.62,0.956,0.957,5636000000.0,9376000000.0,7977000000.0,7977000000.0,247000000.0,,,,,10000000.0,334000000.0,1.0,306129212.0,306597000,308830000.0,26.018,36489000000.0,3983000000.0,127000000.0,1366000000.0,119.013,3088000000.0
72,DD,MRQ,2003-06-30,2003-06-30,2003-06-30,2021-08-25,-1881000000.0,40497000000.0,,12250000000.0,28247000000.0,,24.512,-203000000.0,2276000000.0,2276000000.0,6970000000.0,393000000.0,1.278,4.356,13482000000.0,1846000000.0,11636000000.0,13482000000.0,0.0,465000000.0,0.0,0.043,1.005,786000000.0,1251000000.0,0.152,1251000000.0,786000000.0,579000000.0,1.29,1.29,1.29,7495000000.0,,7495000000.0,39849979702.0,94.0,17.088,638000000.0,2.087,1.0,1272000000.0,0.154,3813000000.0,207000000.0,38303000000.0,,4235000000.0,3921000000.0,71000000.0,3850000000.0,32647000000.0,9587000000.0,23060000000.0,28344979702.0,345000000.0,-4000000.0,67000000.0,-24000000.0,-306000000.0,-274000000.0,-239000000.0,-32000000.0,841000000.0,0.0,393000000.0,393000000.0,393000000.0,0.0,0.0,0.048,563000000.0,709000000.0,2578000000.0,0.779,3.782,-133.703,-129.0,13654000000.0,0.0,92.88,0.933,0.935,5827000000.0,9352000000.0,8242000000.0,8242000000.0,246000000.0,,,,,6000000.0,354000000.0,1.0,305178202.0,305764000,307297000.0,26.955,36684000000.0,4050000000.0,186000000.0,1414000000.0,119.975,2663000000.0
73,DD,MRQ,2003-03-31,2003-03-31,2003-03-31,2021-08-25,-2018000000.0,39887000000.0,,11695000000.0,28192000000.0,,23.614,-209000000.0,1931000000.0,1931000000.0,7163000000.0,76000000.0,1.292,4.493,13436000000.0,1391000000.0,12045000000.0,13436000000.0,0.0,470000000.0,0.0,0.049,1.005,338000000.0,808000000.0,0.1,808000000.0,338000000.0,123000000.0,0.24,0.24,0.24,7199000000.0,,7199000000.0,36537386427.0,208.0,17.78,612000000.0,2.007,1.0,918000000.0,0.114,3820000000.0,215000000.0,38521000000.0,,4229000000.0,3964000000.0,105000000.0,3859000000.0,32348000000.0,9051000000.0,23297000000.0,24985386427.0,447000000.0,-65000000.0,25000000.0,255000000.0,-306000000.0,-53000000.0,-332000000.0,-58000000.0,821000000.0,0.0,76000000.0,76000000.0,76000000.0,0.0,0.0,0.009,613000000.0,305000000.0,2898000000.0,4.188,3.471,-68.08,-67.342,13666000000.0,0.0,82.83,0.85,0.859,5841000000.0,9268000000.0,8081000000.0,8081000000.0,237000000.0,,,,,7000000.0,355000000.0,1.0,301646281.0,304864000,305897000.0,26.507,36067000000.0,3984000000.0,47000000.0,1277000000.0,118.305,2644000000.0
74,DD,MRQ,2002-12-31,2002-12-31,2002-12-31,2021-08-25,-2097000000.0,39562000000.0,,11375000000.0,28187000000.0,,23.874,-510000000.0,1484000000.0,1484000000.0,6345000000.0,-809000000.0,1.284,4.399,13036000000.0,1377000000.0,11659000000.0,13036000000.0,0.0,520000000.0,0.0,0.045,1.005,-1088000000.0,-568000000.0,-0.082,-568000000.0,-1088000000.0,-1291000000.0,-2.67,-2.64,-2.67,7260000000.0,,7260000000.0,38547650250.0,247.0,19.459,255000000.0,0.839,1.0,616000000.0,0.088,3802000000.0,203000000.0,38456000000.0,,4208000000.0,3920000000.0,89000000.0,3831000000.0,31936000000.0,8856000000.0,23080000000.0,27059650250.0,984000000.0,88000000.0,17000000.0,1052000000.0,-305000000.0,753000000.0,-533000000.0,-111000000.0,765000000.0,-5000000.0,-809000000.0,-809000000.0,-809000000.0,0.0,0.0,-0.116,1711000000.0,-1095000000.0,2834000000.0,-0.376,3.727,-80.058,-80.27,13797000000.0,0.0,89.1,0.98,0.979,6062000000.0,9520000000.0,6961000000.0,6961000000.0,282000000.0,,,,,13000000.0,413000000.0,1.0,303699475.0,304097000,296696000.0,22.891,35760000000.0,3885000000.0,-482000000.0,1226000000.0,117.594,2519000000.0
75,DD,MRQ,2002-09-30,2002-09-30,2002-09-30,2021-08-25,-1016000000.0,36788000000.0,,10761000000.0,26027000000.0,,30.951,-385000000.0,500000000.0,500000000.0,6049000000.0,128000000.0,1.275,2.872,11988000000.0,1628000000.0,10360000000.0,11988000000.0,0.0,452000000.0,0.0,0.049,1.005,389000000.0,841000000.0,0.119,841000000.0,389000000.0,195000000.0,0.42,0.42,0.42,9406000000.0,,9406000000.0,36474487657.0,27.0,11.539,418000000.0,1.375,1.0,1035000000.0,0.146,3790000000.0,194000000.0,36045000000.0,,4480000000.0,4339000000.0,48000000.0,4291000000.0,27016000000.0,8441000000.0,18575000000.0,24871487657.0,201000000.0,50000000.0,7000000.0,34000000.0,-305000000.0,-293000000.0,-307000000.0,28000000.0,803000000.0,0.0,128000000.0,128000000.0,128000000.0,0.0,0.0,0.018,681000000.0,354000000.0,2438000000.0,2.393,2.644,57.308,56.896,13688000000.0,0.0,81.93,0.912,0.913,6221000000.0,10654000000.0,7084000000.0,7084000000.0,262000000.0,,,,,2000000.0,389000000.0,1.0,303569667.0,303897000,305964000.0,23.311,32998000000.0,2858000000.0,67000000.0,1310000000.0,108.583,2320000000.0
76,DD,MRQ,2002-06-30,2002-06-30,2002-06-30,2021-08-25,-905000000.0,37105000000.0,,10950000000.0,26155000000.0,,31.941,-355000000.0,299000000.0,299000000.0,6031000000.0,238000000.0,1.162,2.79,11902000000.0,2566000000.0,9336000000.0,11902000000.0,0.0,437000000.0,0.0,0.039,1.005,537000000.0,974000000.0,0.134,974000000.0,537000000.0,349000000.0,0.78,0.78,0.78,9696000000.0,,9696000000.0,42348667883.0,34.0,13.912,36000000.0,0.119,1.0,1228000000.0,0.169,3789000000.0,188000000.0,35499000000.0,,4355000000.0,4385000000.0,64000000.0,4321000000.0,27054000000.0,9420000000.0,17634000000.0,31205667883.0,65000000.0,-11000000.0,78000000.0,335000000.0,-304000000.0,104000000.0,-433000000.0,-67000000.0,391000000.0,0.0,238000000.0,238000000.0,238000000.0,0.0,0.0,0.033,710000000.0,518000000.0,2505000000.0,1.288,3.218,85.966,85.95,13737000000.0,0.0,103.14,1.16,1.164,6717000000.0,10833000000.0,7259000000.0,7259000000.0,272000000.0,,,,,5000000.0,405000000.0,1.0,302556105.0,303564000,306430000.0,23.913,33316000000.0,3068000000.0,111000000.0,1544000000.0,109.75,1530000000.0
77,DD,MRQ,2002-03-31,2002-03-31,2002-03-31,2021-08-25,-1090000000.0,35351000000.0,,10267000000.0,25084000000.0,,31.389,-294000000.0,234000000.0,234000000.0,5355000000.0,105000000.0,1.223,2.687,11377000000.0,2278000000.0,9099000000.0,11377000000.0,0.0,416000000.0,0.0,0.041,1.005,318000000.0,734000000.0,0.116,734000000.0,318000000.0,129000000.0,0.36,0.33,0.36,9493000000.0,,9493000000.0,40038012445.0,31.0,13.008,-145000000.0,-0.479,1.0,950000000.0,0.151,3683000000.0,189000000.0,34416000000.0,,4305000000.0,4234000000.0,63000000.0,4171000000.0,25506000000.0,8395000000.0,17111000000.0,29375012445.0,14000000.0,0.0,30000000.0,529000000.0,-303000000.0,223000000.0,-353000000.0,-59000000.0,149000000.0,0.0,105000000.0,105000000.0,105000000.0,0.0,0.0,0.017,681000000.0,269000000.0,2368000000.0,2.792,3.094,72.531,72.711,13427000000.0,0.0,98.16,1.088,1.1,6190000000.0,10902000000.0,6305000000.0,6305000000.0,250000000.0,,,,,11000000.0,391000000.0,1.0,299256144.0,302430000,305030000.0,20.848,31668000000.0,2574000000.0,24000000.0,1020000000.0,104.712,1872000000.0
78,DD,MRQ,2001-12-31,2001-12-31,2001-12-31,2021-08-25,-1070000000.0,35515000000.0,,10308000000.0,25207000000.0,,31.929,-559000000.0,220000000.0,220000000.0,5660000000.0,-37000000.0,1.269,2.649,10883000000.0,1617000000.0,9266000000.0,10883000000.0,0.0,499000000.0,0.0,0.038,1.005,113000000.0,612000000.0,0.093,612000000.0,113000000.0,-65000000.0,-0.12,-0.12,-0.12,9636000000.0,,9636000000.0,42039513629.0,350.0,21.726,782000000.0,2.591,1.0,956000000.0,0.144,3737000000.0,178000000.0,34316000000.0,,4440000000.0,3866000000.0,44000000.0,3822000000.0,25522000000.0,8125000000.0,17397000000.0,30465513629.0,-260000000.0,486000000.0,36000000.0,-1007000000.0,-304000000.0,-1292000000.0,-309000000.0,-236000000.0,1341000000.0,0.0,-37000000.0,-37000000.0,-37000000.0,0.0,0.0,-0.006,775000000.0,181000000.0,2713000000.0,-8.375,3.162,-79.131,-78.558,13579000000.0,0.0,101.34,1.085,1.085,5676000000.0,11112000000.0,6616000000.0,6616000000.0,268000000.0,,,,,14000000.0,424000000.0,1.0,300626437.0,301797000,301797000.0,21.922,31778000000.0,2754000000.0,-28000000.0,1186000000.0,105.296,2183000000.0
79,DD,MRQ,2001-09-30,2001-09-30,2001-09-30,2021-08-25,-1002000000.0,38052000000.0,,12714000000.0,25338000000.0,,33.114,-328000000.0,480000000.0,480000000.0,5639000000.0,57000000.0,1.207,2.781,12054000000.0,3343000000.0,8711000000.0,12054000000.0,0.0,453000000.0,0.0,0.038,1.005,271000000.0,724000000.0,0.108,724000000.0,271000000.0,77000000.0,0.18,0.18,0.18,9965000000.0,,9965000000.0,41424253527.0,100.0,19.002,19000000.0,0.063,1.0,1090000000.0,0.162,3301000000.0,194000000.0,35792000000.0,,4713000000.0,4301000000.0,68000000.0,4233000000.0,27717000000.0,10533000000.0,17184000000.0,29510253527.0,277000000.0,-142000000.0,35000000.0,48000000.0,-301000000.0,251000000.0,-321000000.0,149000000.0,347000000.0,0.0,57000000.0,57000000.0,57000000.0,0.0,0.0,0.008,843000000.0,247000000.0,2585000000.0,5.583,2.961,-148.293,-148.909,13619000000.0,0.0,98.28,1.019,1.021,7846000000.0,11462000000.0,6729000000.0,6729000000.0,261000000.0,,,,,3000000.0,433000000.0,1.0,300266830.0,300930000,304530000.0,22.361,34751000000.0,2805000000.0,20000000.0,1942000000.0,115.479,2181000000.0
80,DD,MRQ,2001-06-30,2001-06-30,2001-06-30,2021-08-25,-990000000.0,36947000000.0,,11959000000.0,24988000000.0,,33.95,-348000000.0,203000000.0,203000000.0,6137000000.0,280000000.0,1.178,2.585,12117000000.0,3738000000.0,8379000000.0,12117000000.0,0.0,429000000.0,0.0,0.036,1.005,579000000.0,1008000000.0,0.137,1008000000.0,579000000.0,400000000.0,0.93,0.93,0.93,10195000000.0,,10195000000.0,40130604346.0,47.0,15.429,337000000.0,1.122,1.0,1207000000.0,0.164,3363000000.0,179000000.0,35346000000.0,,4576000000.0,4405000000.0,100000000.0,4305000000.0,26359000000.0,10152000000.0,16207000000.0,29842604346.0,-41000000.0,-1868000000.0,51000000.0,1249000000.0,-151000000.0,1142000000.0,-1867000000.0,349000000.0,685000000.0,-1000000.0,280000000.0,280000000.0,280000000.0,0.0,0.0,0.038,701000000.0,506000000.0,2487000000.0,1.081,2.927,295.471,277.084,13467000000.0,0.0,99.75,1.006,1.009,7052000000.0,11707000000.0,7344000000.0,7344000000.0,271000000.0,,,,,18000000.0,456000000.0,1.0,299173679.0,300297000,304230000.0,24.456,33584000000.0,2690000000.0,120000000.0,1760000000.0,111.836,1807000000.0
81,DD,MRQ,2001-03-31,2001-03-31,2001-03-31,2021-08-25,-926000000.0,35430000000.0,,11751000000.0,23679000000.0,,33.952,-199000000.0,244000000.0,244000000.0,6456000000.0,-685000000.0,1.204,2.445,10532000000.0,3393000000.0,7139000000.0,10532000000.0,0.0,434000000.0,0.0,0.037,0.87,-843000000.0,-409000000.0,-0.055,-409000000.0,-843000000.0,-1025000000.0,-2.28,-2.28,-2.28,10164000000.0,,10164000000.0,34451299155.0,24.0,10.899,-783000000.0,-2.616,1.0,930000000.0,0.126,2226000000.0,182000000.0,33730000000.0,,4377000000.0,4695000000.0,246000000.0,4449000000.0,24850000000.0,9762000000.0,15088000000.0,28142299155.0,-34000000.0,-393000000.0,19000000.0,1043000000.0,-307000000.0,730000000.0,-177000000.0,415000000.0,-584000000.0,-3000000.0,-685000000.0,-685000000.0,-685000000.0,0.0,0.0,-0.093,1858000000.0,-928000000.0,2540000000.0,-0.382,2.769,58.875,58.463,12980000000.0,0.0,94.71,0.941,0.948,6873000000.0,11729000000.0,7386000000.0,7386000000.0,272000000.0,,,,,4000000.0,452000000.0,1.0,297141495.0,299364000,299364000.0,24.672,33204000000.0,2779000000.0,-340000000.0,1676000000.0,110.915,1989000000.0
82,DD,MRQ,2000-12-31,2000-12-31,2000-12-31,2021-08-25,-560000000.0,35991000000.0,,11323000000.0,24668000000.0,,38.321,-369000000.0,278000000.0,278000000.0,6316000000.0,149000000.0,1.113,2.12,9450000000.0,2837000000.0,6613000000.0,9450000000.0,0.0,448000000.0,0.0,0.032,0.87,409000000.0,857000000.0,0.114,857000000.0,409000000.0,238000000.0,0.51,0.48,0.51,11390000000.0,,11390000000.0,30957245991.0,10.0,6.296,174000000.0,0.585,1.0,1179000000.0,0.157,1928000000.0,171000000.0,33062000000.0,,4213000000.0,5461000000.0,163000000.0,5298000000.0,24151000000.0,10173000000.0,13978000000.0,24851245991.0,5000000.0,-358000000.0,13000000.0,369000000.0,-227000000.0,140000000.0,-681000000.0,46000000.0,543000000.0,-9000000.0,149000000.0,149000000.0,149000000.0,0.0,0.0,0.02,719000000.0,460000000.0,2975000000.0,1.706,2.182,14.837,19.484,13711000000.0,0.0,109.89,0.834,1.098,7093000000.0,12675000000.0,7495000000.0,7495000000.0,299000000.0,,,,,8000000.0,471000000.0,1.0,226146339.0,297229000,301596000.0,25.216,34063000000.0,2218000000.0,89000000.0,1458000000.0,114.602,1150000000.0
83,DD,MRQ,2000-09-30,2000-09-30,2000-09-30,2021-08-25,-244000000.0,27092000000.0,,9021000000.0,18071000000.0,,29.491,-385000000.0,210000000.0,210000000.0,6184000000.0,357000000.0,1.213,2.03,6316000000.0,1526000000.0,4790000000.0,6316000000.0,0.0,441000000.0,0.0,0.047,0.87,704000000.0,1145000000.0,0.154,1145000000.0,704000000.0,534000000.0,1.2,1.2,1.2,8809000000.0,,8809000000.0,23056567577.0,6.0,3.919,-371000000.0,-1.242,1.0,1264000000.0,0.17,1835000000.0,170000000.0,23925000000.0,,3314000000.0,4166000000.0,90000000.0,4076000000.0,17879000000.0,7438000000.0,10441000000.0,16914567577.0,24000000.0,-36000000.0,8000000.0,-5000000.0,-227000000.0,-248000000.0,264000000.0,685000000.0,14000000.0,0.0,357000000.0,357000000.0,357000000.0,0.0,0.0,0.048,701000000.0,563000000.0,1956000000.0,0.725,1.92,8.116,12.79,8859000000.0,0.0,74.82,0.491,0.649,5710000000.0,14024000000.0,7448000000.0,7448000000.0,273000000.0,,,,,9000000.0,449000000.0,1.0,226069910.0,298697000,300764000.0,24.935,25257000000.0,1816000000.0,177000000.0,983000000.0,84.557,1583000000.0
84,DD,MRQ,2000-06-30,2000-06-30,2000-06-30,2021-08-25,-253000000.0,26762000000.0,,8416000000.0,18346000000.0,,29.034,-464000000.0,190000000.0,190000000.0,5968000000.0,657000000.0,1.145,2.045,6332000000.0,1810000000.0,4522000000.0,6332000000.0,0.0,431000000.0,0.0,0.038,0.87,1137000000.0,1568000000.0,0.207,1568000000.0,1137000000.0,968000000.0,2.19,2.16,2.19,8657000000.0,,8657000000.0,26082469649.0,7.0,4.623,199000000.0,0.667,1.0,1618000000.0,0.213,1883000000.0,169000000.0,23671000000.0,,3130000000.0,4655000000.0,221000000.0,4434000000.0,17701000000.0,7350000000.0,10351000000.0,20409469649.0,-42000000.0,-219000000.0,67000000.0,-230000000.0,-226000000.0,-401000000.0,-301000000.0,382000000.0,663000000.0,3000000.0,657000000.0,657000000.0,657000000.0,0.0,0.0,0.087,633000000.0,985000000.0,1852000000.0,0.397,2.358,9.97,14.799,8986000000.0,0.0,90.57,0.644,0.852,5103000000.0,13893000000.0,7586000000.0,7586000000.0,277000000.0,,,,,6000000.0,431000000.0,1.0,225344477.0,298164000,302030000.0,25.442,24879000000.0,1964000000.0,311000000.0,1116000000.0,83.441,1066000000.0
85,DD,MRQ,2000-03-31,2000-03-31,2000-03-31,2021-08-25,-186000000.0,25682000000.0,,8675000000.0,17007000000.0,,28.088,-424000000.0,228000000.0,228000000.0,5842000000.0,512000000.0,1.333,2.035,5901000000.0,1101000000.0,4800000000.0,5901000000.0,0.0,418000000.0,0.0,0.031,0.87,929000000.0,1347000000.0,0.185,1347000000.0,929000000.0,774000000.0,1.74,1.71,1.74,8329000000.0,,8329000000.0,30914853225.0,9.0,6.004,47000000.0,0.158,1.0,1427000000.0,0.196,1935000000.0,155000000.0,22912000000.0,,2804000000.0,5361000000.0,462000000.0,4899000000.0,16949000000.0,6508000000.0,10441000000.0,25363853225.0,-256000000.0,-197000000.0,58000000.0,-159000000.0,-224000000.0,-348000000.0,-376000000.0,245000000.0,471000000.0,-3000000.0,512000000.0,512000000.0,512000000.0,0.0,0.0,0.07,684000000.0,743000000.0,1728000000.0,0.5,3.045,14.091,19.689,8383000000.0,0.0,114.0,0.883,1.177,5287000000.0,13664000000.0,7269000000.0,7269000000.0,270000000.0,,,,,14000000.0,474000000.0,1.0,222489718.0,296530000,301264000.0,24.514,23747000000.0,857000000.0,262000000.0,1133000000.0,80.083,2167000000.0
86,DD,MRQ,1999-12-31,1999-12-31,1999-12-31,2021-08-25,-251000000.0,25499000000.0,,8847000000.0,16652000000.0,,27.141,-1200000000.0,506000000.0,506000000.0,10042000000.0,558000000.0,1.405,2.17,6057000000.0,1035000000.0,5022000000.0,6057000000.0,0.0,775000000.0,0.0,0.026,0.87,1049000000.0,1824000000.0,0.15,1824000000.0,1049000000.0,819000000.0,0.72,0.72,0.72,7915000000.0,,7915000000.0,34192832751.0,11.0,7.177,-346000000.0,-1.186,1.0,2088000000.0,0.172,1834000000.0,230000000.0,22921000000.0,,2786000000.0,5327000000.0,706000000.0,4621000000.0,17176000000.0,6295000000.0,10881000000.0,29297832751.0,129000000.0,-361000000.0,466000000.0,1253000000.0,-314000000.0,1401000000.0,-2122000000.0,-561000000.0,854000000.0,-4000000.0,558000000.0,558000000.0,558000000.0,0.0,0.0,0.046,1148000000.0,940000000.0,1782000000.0,1.208,3.702,18.119,24.072,8490000000.0,0.0,133.6,1.133,1.507,5004000000.0,13445000000.0,12130000000.0,12130000000.0,457000000.0,,,,,31000000.0,631000000.0,1.0,219294936.0,291630000,297830000.0,41.594,23665000000.0,832000000.0,261000000.0,1055000000.0,81.147,2552000000.0
87,DD,MRQ,1999-09-30,1999-09-30,1999-09-30,2021-08-25,-353000000.0,23872000000.0,,8167000000.0,15705000000.0,,33.118,-346000000.0,369000000.0,369000000.0,3587000000.0,320000000.0,1.334,2.229,5264000000.0,1134000000.0,4130000000.0,5264000000.0,0.0,308000000.0,0.0,0.031,0.87,595000000.0,903000000.0,0.192,903000000.0,595000000.0,502000000.0,1.47,1.44,1.47,7266000000.0,,7266000000.0,30131490613.0,13.0,8.17,469000000.0,2.138,1.0,1106000000.0,0.236,1629000000.0,93000000.0,21014000000.0,,2759000000.0,4682000000.0,672000000.0,4010000000.0,16193000000.0,6124000000.0,10069000000.0,25000490613.0,151000000.0,33000000.0,-104000000.0,-118000000.0,-191000000.0,79000000.0,-742000000.0,-429000000.0,815000000.0,-1000000.0,320000000.0,320000000.0,320000000.0,0.0,0.0,0.068,558000000.0,548000000.0,1695000000.0,0.592,3.441,20.782,20.768,8367000000.0,0.0,113.6,1.304,1.3,4512000000.0,13372000000.0,4693000000.0,4693000000.0,203000000.0,,,,,39000000.0,381000000.0,1.0,220074521.0,219398000,223998000.0,21.39,22243000000.0,838000000.0,182000000.0,1059000000.0,101.382,2043000000.0
88,DD,MRQ,1999-06-30,1999-06-30,1999-06-30,2021-08-25,-300000000.0,23105000000.0,,7450000000.0,15655000000.0,,34.878,-262000000.0,218000000.0,218000000.0,3395000000.0,410000000.0,1.243,2.003,5349000000.0,1286000000.0,4063000000.0,5349000000.0,0.0,316000000.0,0.0,0.027,0.87,759000000.0,1075000000.0,0.233,1075000000.0,759000000.0,638000000.0,1.86,1.83,1.86,7694000000.0,,7694000000.0,33228725869.0,14.0,9.049,642000000.0,2.91,1.0,1224000000.0,0.265,1660000000.0,121000000.0,20583000000.0,,2593000000.0,4395000000.0,296000000.0,4099000000.0,15411000000.0,5993000000.0,9418000000.0,27880725869.0,63000000.0,-95000000.0,-88000000.0,-98000000.0,-195000000.0,-380000000.0,-460000000.0,-103000000.0,904000000.0,-1000000.0,410000000.0,410000000.0,410000000.0,0.0,0.0,0.089,535000000.0,689000000.0,1534000000.0,0.468,3.624,23.292,23.457,8226000000.0,0.0,126.9,1.484,1.49,4475000000.0,13242000000.0,4619000000.0,4619000000.0,223000000.0,,,,,0.0,374000000.0,1.0,219706052.0,220598000,225098000.0,20.939,21445000000.0,902000000.0,228000000.0,1039000000.0,97.213,1457000000.0
89,DD,MRQ,1999-03-31,1999-03-31,1999-03-31,2021-08-25,-294000000.0,23149000000.0,,7514000000.0,15635000000.0,,34.265,-240000000.0,155000000.0,155000000.0,3276000000.0,329000000.0,1.19,2.068,5503000000.0,1500000000.0,4003000000.0,5503000000.0,0.0,310000000.0,0.0,0.037,0.87,652000000.0,962000000.0,0.218,962000000.0,652000000.0,532000000.0,1.49,1.47,1.49,7545000000.0,,7545000000.0,26050767908.0,11.0,7.081,749000000.0,3.401,1.0,1141000000.0,0.258,1617000000.0,120000000.0,20568000000.0,,2624000000.0,4260000000.0,246000000.0,4014000000.0,15604000000.0,6312000000.0,9292000000.0,20296767908.0,32000000.0,-4000000.0,-87000000.0,-342000000.0,-191000000.0,-747000000.0,-207000000.0,37000000.0,989000000.0,-3000000.0,329000000.0,329000000.0,329000000.0,0.0,0.0,0.074,541000000.0,600000000.0,1419000000.0,0.584,2.69,16.747,17.131,8251000000.0,0.0,93.19,1.067,1.078,4591000000.0,13022000000.0,4417000000.0,4417000000.0,192000000.0,,,,,0.0,390000000.0,1.0,217799631.0,220198000,223998000.0,20.059,21532000000.0,934000000.0,203000000.0,1136000000.0,97.785,1202000000.0
90,DD,MRQ,1998-12-31,1998-12-31,1998-12-31,2021-08-25,-347000000.0,23830000000.0,,8040000000.0,15790000000.0,,31.176,-538000000.0,123000000.0,123000000.0,4349000000.0,144000000.0,1.175,2.378,5877000000.0,1826000000.0,4051000000.0,5877000000.0,0.0,428000000.0,0.0,0.038,0.87,320000000.0,748000000.0,0.137,748000000.0,320000000.0,197000000.0,0.65,0.66,0.65,6897000000.0,,6897000000.0,25673492901.0,10.0,6.779,511000000.0,2.31,1.0,1093000000.0,0.201,1641000000.0,123000000.0,21101000000.0,,2810000000.0,4193000000.0,267000000.0,3926000000.0,16401000000.0,6842000000.0,9559000000.0,20128492901.0,-103000000.0,-451000000.0,-108000000.0,183000000.0,-196000000.0,-131000000.0,-1022000000.0,-33000000.0,1049000000.0,1000000.0,144000000.0,144000000.0,144000000.0,0.0,0.0,0.026,817000000.0,276000000.0,1682000000.0,1.338,2.918,15.436,15.625,8447000000.0,0.0,90.94,1.035,1.046,4961000000.0,12887000000.0,5442000000.0,5442000000.0,227000000.0,,,,,22000000.0,422000000.0,1.0,221337946.0,221230000,224462000.0,24.599,22189000000.0,987000000.0,53000000.0,1108000000.0,100.298,1198000000.0
91,DD,MRQ,1998-09-30,1998-09-30,1998-09-30,2021-08-25,-349000000.0,23369000000.0,,8495000000.0,14874000000.0,,33.898,-310000000.0,226000000.0,226000000.0,3258000000.0,314000000.0,1.297,2.096,5771000000.0,1512000000.0,4259000000.0,5771000000.0,0.0,294000000.0,0.0,0.041,0.87,593000000.0,887000000.0,0.206,887000000.0,593000000.0,472000000.0,1.41,1.4,1.41,7549000000.0,,7549000000.0,24485526143.0,9.0,6.117,-233000000.0,-1.046,1.0,1056000000.0,0.245,1408000000.0,121000000.0,20958000000.0,,2751000000.0,4293000000.0,558000000.0,3735000000.0,15820000000.0,6548000000.0,9272000000.0,19148526143.0,-148000000.0,115000000.0,-256000000.0,70000000.0,-195000000.0,-393000000.0,166000000.0,361000000.0,77000000.0,2000000.0,314000000.0,314000000.0,314000000.0,0.0,0.0,0.073,545000000.0,511000000.0,1422000000.0,0.617,2.537,12.623,12.658,8240000000.0,0.0,85.44,1.018,1.012,4948000000.0,12932000000.0,4314000000.0,4314000000.0,198000000.0,,,,,0.0,401000000.0,1.0,224116421.0,222698000,226198000.0,19.372,21961000000.0,871000000.0,158000000.0,1516000000.0,98.613,1947000000.0
92,DD,MRQ,1998-06-30,1998-06-30,1998-06-30,2021-08-25,-210000000.0,23591000000.0,,8700000000.0,14891000000.0,,34.849,-301000000.0,374000000.0,374000000.0,3502000000.0,425000000.0,1.358,2.011,5711000000.0,1453000000.0,4258000000.0,5711000000.0,0.0,296000000.0,0.0,0.036,0.87,786000000.0,1082000000.0,0.223,1082000000.0,786000000.0,657000000.0,1.89,1.86,1.89,7834000000.0,,7834000000.0,27016994246.0,9.0,6.446,742000000.0,3.301,1.0,1355000000.0,0.279,1402000000.0,129000000.0,21121000000.0,,2631000000.0,4760000000.0,781000000.0,3979000000.0,15757000000.0,6405000000.0,9352000000.0,21766994246.0,3000000.0,150000000.0,-183000000.0,-57000000.0,-199000000.0,-443000000.0,-589000000.0,-438000000.0,1043000000.0,-10000000.0,425000000.0,425000000.0,425000000.0,0.0,0.0,0.088,648000000.0,707000000.0,1458000000.0,0.46,2.779,13.395,13.448,8046000000.0,0.0,96.69,1.125,1.124,4919000000.0,12811000000.0,4857000000.0,4857000000.0,190000000.0,,,,,0.0,440000000.0,1.0,225121238.0,224798000,228698000.0,21.606,22189000000.0,871000000.0,232000000.0,1591000000.0,98.706,2295000000.0
93,DD,MRQ,1998-03-31,1998-03-31,1998-03-31,2021-08-25,-157000000.0,23524000000.0,,8685000000.0,14839000000.0,,34.617,-301000000.0,371000000.0,371000000.0,3691000000.0,421000000.0,1.314,2.014,5621000000.0,1540000000.0,4081000000.0,5621000000.0,0.0,287000000.0,0.0,0.036,0.87,783000000.0,1070000000.0,0.222,1070000000.0,783000000.0,663000000.0,1.87,1.84,1.87,7806000000.0,,7806000000.0,27749791547.0,9.0,6.169,476000000.0,2.111,1.0,1138000000.0,0.236,1412000000.0,120000000.0,20750000000.0,,2762000000.0,4448000000.0,327000000.0,4121000000.0,15718000000.0,6612000000.0,9106000000.0,21726791547.0,136000000.0,668000000.0,-53000000.0,-733000000.0,-196000000.0,-989000000.0,350000000.0,-17000000.0,777000000.0,0.0,421000000.0,421000000.0,421000000.0,0.0,0.0,0.087,442000000.0,696000000.0,1525000000.0,0.465,2.783,12.268,12.5,7860000000.0,0.0,97.25,1.094,1.104,5181000000.0,12582000000.0,4829000000.0,4829000000.0,192000000.0,,,,,0.0,403000000.0,1.0,223411515.0,225498000,229598000.0,21.415,22112000000.0,930000000.0,242000000.0,1649000000.0,98.059,2073000000.0
94,DD,MRQ,1997-12-31,1997-12-31,1997-12-31,2021-08-25,-146000000.0,24040000000.0,,8640000000.0,15400000000.0,,33.639,-330000000.0,235000000.0,235000000.0,3698000000.0,357000000.0,1.232,2.152,6258000000.0,2062000000.0,4196000000.0,6258000000.0,0.0,349000000.0,0.0,0.033,0.87,615000000.0,964000000.0,0.201,964000000.0,615000000.0,503000000.0,1.58,1.55,1.58,7626000000.0,,7626000000.0,,,,429000000.0,1.892,1.0,1105000000.0,0.23,1762000000.0,112000000.0,21290000000.0,,2921000000.0,4437000000.0,302000000.0,4135000000.0,16414000000.0,7011000000.0,9403000000.0,22676291435.0,-42000000.0,-422000000.0,-165000000.0,367000000.0,-205000000.0,97000000.0,-887000000.0,-135000000.0,759000000.0,-11000000.0,357000000.0,357000000.0,357000000.0,0.0,0.0,0.074,232000000.0,873000000.0,1731000000.0,0.551,2.974,12.584,12.996,8052000000.0,0.0,101.5,1.133,1.169,5358000000.0,12357000000.0,4803000000.0,4803000000.0,202000000.0,,,,,0.0,446000000.0,1.0,223411515.0,226698000,243498000.0,21.187,22278000000.0,676000000.0,146000000.0,941000000.0,98.272,1629000000.0
95,DD,MRQ,1997-09-30,1997-09-30,1997-09-30,2021-08-25,,,,,,,,-290000000.0,,,3530000000.0,422000000.0,,,,,,,,304000000.0,,0.036,0.87,771000000.0,1075000000.0,0.221,1075000000.0,771000000.0,658000000.0,1.85,1.82,1.85,,,,,,,533000000.0,2.339,1.0,1327000000.0,0.273,,113000000.0,,,,,,,,,,,-909000000.0,-922000000.0,-156000000.0,252000000.0,-194000000.0,-107000000.0,-1624000000.0,-412000000.0,823000000.0,-1000000.0,422000000.0,422000000.0,422000000.0,0.0,0.0,0.087,692000000.0,635000000.0,,0.47,,,,,0.0,90.75,,,,,4857000000.0,4857000000.0,197000000.0,,,,,0.0,478000000.0,1.0,,227898000,227898000.0,21.312,,,236000000.0,,,
96,DD,MRQ,1997-06-30,1997-06-30,1997-06-30,2021-08-25,,,,,,,,-221000000.0,,,3836000000.0,571000000.0,,,,,,,,324000000.0,,0.036,0.87,1065000000.0,1389000000.0,0.259,1389000000.0,1065000000.0,941000000.0,2.48,2.45,2.48,,,,,,,1037000000.0,4.511,1.0,1530000000.0,0.285,,124000000.0,,,,,,,,,,,-695000000.0,-350000000.0,-481000000.0,-683000000.0,-177000000.0,-1371000000.0,-580000000.0,-9000000.0,1258000000.0,-2000000.0,571000000.0,571000000.0,571000000.0,0.0,0.0,0.106,726000000.0,804000000.0,,0.351,,,,,0.0,86.88,,,,,5366000000.0,5366000000.0,199000000.0,,,,,0.0,516000000.0,1.0,,229898000,229898000.0,23.341,,,370000000.0,,,
97,DD,MRQ,1997-03-31,1997-03-31,1997-03-31,2021-08-25,,,,,,,,-240000000.0,,,3615000000.0,452000000.0,,,,,,,,320000000.0,,0.038,0.75,863000000.0,1183000000.0,0.237,1183000000.0,863000000.0,741000000.0,1.9,1.88,1.9,,,,,,,465000000.0,1.955,1.0,1377000000.0,0.276,,122000000.0,,,,,,,,,,,-22000000.0,0.0,-661000000.0,337000000.0,-182000000.0,-531000000.0,-192000000.0,48000000.0,705000000.0,-4000000.0,452000000.0,452000000.0,452000000.0,0.0,0.0,0.091,640000000.0,737000000.0,,0.395,,,,,0.0,79.88,,,,,4992000000.0,4992000000.0,187000000.0,,,,,0.0,440000000.0,1.0,,237798000,237798000.0,20.993,,,289000000.0,,,
98,DD,MRQ,1996-12-31,1996-12-31,1996-12-31,2021-08-25,-193000000.0,24673000000.0,,9830000000.0,14843000000.0,,32.294,,1903000000.0,1903000000.0,,,1.637,2.102,5468000000.0,1272000000.0,4196000000.0,5468000000.0,0.0,,0.0,0.038,0.75,,,,,,,,,,7954000000.0,,7954000000.0,,,,,,1.0,,,899000000.0,,21335000000.0,,2815000000.0,4283000000.0,399000000.0,3884000000.0,16719000000.0,6004000000.0,10715000000.0,,,,,,,,,,,,,,,,,,,,1596000000.0,,,,10.166,8484000000.0,,78.38,,0.963,4833000000.0,11323000000.0,,,,,,,,,,1.0,,246298000,,,23774000000.0,986000000.0,,1636000000.0,96.525,3826000000.0
0,DD,MRT,2021-06-30,2021-06-30,2021-06-30,2021-08-25,-26000000.0,45839000000.0,59172000000.0,10492000000.0,35347000000.0,0.312,50.75,-974000000.0,3962000000.0,3962000000.0,12080000000.0,6043000000.0,2.663,0.684,10627000000.0,0.0,10627000000.0,10627000000.0,0.0,2272000000.0,0.0,0.016,1.2,6833000000.0,9105000000.0,0.493,9105000000.0,6833000000.0,6167000000.0,10.01,9.99,10.01,26877000000.0,32532000000.0,26877000000.0,49431138230.0,7.0,5.429,2419000000.0,4.568,1.0,6379000000.0,0.346,26272000000.0,666000000.0,22292000000.0,30746250000.0,2642000000.0,1068000000.0,0.0,1068000000.0,18375000000.0,3940000000.0,14435000000.0,41193138230.0,211000000.0,770000000.0,-1012000000.0,-1059000000.0,-759000000.0,-3068000000.0,-183000000.0,0.0,3393000000.0,69000000.0,6015000000.0,6015000000.0,6015000000.0,-4731000000.0,28000000.0,0.326,4349000000.0,2030000000.0,2349000000.0,0.12,1.533,6.848,7.733,6856000000.0,0.0,77.41,2.232,2.221,2826000000.0,-22783000000.0,18459000000.0,18459000000.0,719000000.0,0.102,0.185,0.222,0.37,0.0,1976000000.0,1.0,532142336.0,529600000,531200000.0,34.855,19567000000.0,183000000.0,152000000.0,2105000000.0,36.947,6552000000.0
1,DD,MRT,2021-03-31,2021-03-31,2021-03-31,2021-08-25,-163000000.0,47804000000.0,64400500000.0,12540000000.0,35264000000.0,0.273,44.954,-996000000.0,4384000000.0,4384000000.0,11723000000.0,3085000000.0,2.213,0.739,12622000000.0,1997000000.0,10625000000.0,12622000000.0,0.0,2713000000.0,0.0,0.016,1.2,3786000000.0,6499000000.0,0.369,6499000000.0,3786000000.0,3068000000.0,5.74,5.72,5.74,27188000000.0,35064000000.0,27188000000.0,54644519002.0,14.0,8.408,2759000000.0,4.562,1.0,5890000000.0,0.334,26368000000.0,718000000.0,24007000000.0,33124750000.0,2499000000.0,3060000000.0,2001000000.0,1059000000.0,20099000000.0,5667000000.0,14432000000.0,41583519002.0,2616000000.0,629000000.0,-387000000.0,2572000000.0,-821000000.0,1124000000.0,-2338000000.0,-2000000000.0,3755000000.0,75000000.0,3059000000.0,3059000000.0,3059000000.0,-4726000000.0,26000000.0,0.174,6981000000.0,-1091000000.0,2219000000.0,0.209,1.529,13.594,13.463,6744000000.0,0.0,77.28,2.361,2.654,2609000000.0,-22618000000.0,17613000000.0,17613000000.0,724000000.0,0.047,0.087,0.114,0.215,0.0,1931000000.0,1.0,538089014.0,604800000,606300000.0,29.122,21436000000.0,177000000.0,9000000.0,2107000000.0,35.443,6873000000.0
2,DD,MRT,2020-12-31,2020-12-31,2020-12-31,2021-08-25,44000000.0,70904000000.0,69446250000.0,29008000000.0,41896000000.0,0.294,52.351,-1194000000.0,8750000000.0,8750000000.0,13522000000.0,-2923000000.0,2.373,0.827,15611000000.0,0.0,15611000000.0,15611000000.0,0.0,3094000000.0,0.0,0.017,1.2,-2207000000.0,887000000.0,0.043,887000000.0,-2207000000.0,-2974000000.0,-4.01,-4.01,-4.01,38504000000.0,38154750000.0,38504000000.0,66166045412.0,-30.0,74.595,2901000000.0,3.944,1.0,6875000000.0,0.337,26774000000.0,767000000.0,38765000000.0,34644500000.0,2393000000.0,1047000000.0,0.0,1047000000.0,31834000000.0,12226000000.0,19608000000.0,52184045412.0,7198000000.0,963000000.0,-175000000.0,4415000000.0,-882000000.0,3238000000.0,-202000000.0,0.0,4095000000.0,67000000.0,-2951000000.0,-2951000000.0,-2951000000.0,49000000.0,28000000.0,-0.145,9196000000.0,-2321000000.0,2222000000.0,-0.299,1.355,-17.684,-17.733,6867000000.0,0.0,71.11,2.558,2.564,2421000000.0,-11586000000.0,20397000000.0,20397000000.0,860000000.0,-0.042,-0.077,-0.064,-0.108,0.0,2235000000.0,1.0,733849605.0,735500000,735500000.0,27.732,44130000000.0,190000000.0,-23000000.0,2222000000.0,60.0,16782000000.0
3,DD,MRT,2020-09-30,2020-09-30,2020-09-30,2021-08-25,-859000000.0,72141000000.0,69057500000.0,12606000000.0,59535000000.0,0.25,51.142,-1303000000.0,10214000000.0,10214000000.0,11417000000.0,-2965000000.0,1.805,0.906,24196000000.0,2394000000.0,21802000000.0,24196000000.0,0.0,2859000000.0,0.0,0.022,1.2,-2081000000.0,778000000.0,0.045,778000000.0,-2081000000.0,-2805000000.0,-4.07,-4.07,-4.07,37559000000.0,38775500000.0,37559000000.0,56142753861.0,-27.0,72.163,2069000000.0,2.817,1.0,5842000000.0,0.338,41218000000.0,724000000.0,37921000000.0,32494750000.0,3902000000.0,1122000000.0,0.0,1122000000.0,34023000000.0,6984000000.0,27039000000.0,40712753861.0,8093000000.0,804000000.0,-478000000.0,6665000000.0,-884000000.0,5177000000.0,-471000000.0,7000000.0,3372000000.0,15000000.0,-2997000000.0,-2997000000.0,-2997000000.0,145000000.0,32000000.0,-0.174,7869000000.0,-2027000000.0,2685000000.0,-0.295,1.084,-13.585,-13.631,9686000000.0,0.0,55.48,2.359,2.361,3770000000.0,-11808000000.0,17259000000.0,17259000000.0,756000000.0,-0.043,-0.077,-0.064,-0.121,0.0,2070000000.0,1.0,733827575.0,734400000,734400000.0,23.501,30923000000.0,237000000.0,192000000.0,3425000000.0,42.106,5622000000.0
4,DD,MRT,2020-06-30,2020-06-30,2020-06-30,2021-08-25,-1465000000.0,66753000000.0,68552000000.0,11986000000.0,54767000000.0,0.257,50.395,-1391000000.0,3737000000.0,3737000000.0,11556000000.0,-2516000000.0,1.496,0.788,19167000000.0,3559000000.0,15608000000.0,19167000000.0,0.0,2578000000.0,0.0,0.023,1.2,-1664000000.0,914000000.0,0.052,914000000.0,-1664000000.0,-2368000000.0,-3.46,-3.46,-3.46,37005000000.0,39721750000.0,37005000000.0,54781648318.0,-33.0,59.936,1589000000.0,2.164,1.0,6033000000.0,0.343,42367000000.0,704000000.0,31806000000.0,31083750000.0,4307000000.0,1267000000.0,0.0,1267000000.0,29176000000.0,8010000000.0,21166000000.0,38986648318.0,2068000000.0,347000000.0,-828000000.0,1934000000.0,-888000000.0,161000000.0,-1004000000.0,-12000000.0,2980000000.0,-69000000.0,-2546000000.0,-2546000000.0,-2546000000.0,140000000.0,30000000.0,-0.145,7663000000.0,-1630000000.0,2632000000.0,-0.347,1.054,-15.313,-15.355,9909000000.0,0.0,53.13,2.217,2.218,3646000000.0,-11728000000.0,17589000000.0,17589000000.0,782000000.0,-0.037,-0.064,-0.054,-0.095,0.0,2191000000.0,1.0,733797258.0,734300000,734300000.0,23.953,24386000000.0,195000000.0,178000000.0,3497000000.0,33.21,3976000000.0
5,DD,MRT,2020-03-31,2020-03-31,2020-03-31,2021-08-25,-1810000000.0,67987000000.0,69574500000.0,10392000000.0,57595000000.0,0.284,53.549,-1814000000.0,1748000000.0,1748000000.0,12754000000.0,-582000000.0,1.216,0.705,17543000000.0,3925000000.0,13618000000.0,17543000000.0,0.0,2447000000.0,0.0,0.039,1.32,374000000.0,2821000000.0,0.143,2821000000.0,374000000.0,-314000000.0,-0.85,-0.85,-0.85,39551000000.0,40972000000.0,39551000000.0,41120146554.0,110.0,14.576,287000000.0,0.389,1.0,7014000000.0,0.355,45151000000.0,688000000.0,30086000000.0,31250750000.0,4410000000.0,1282000000.0,0.0,1282000000.0,27870000000.0,8545000000.0,19325000000.0,25213146554.0,-10284000000.0,348000000.0,-926000000.0,-1593000000.0,-982000000.0,-10862000000.0,-1437000000.0,0.0,2101000000.0,-86000000.0,-639000000.0,-639000000.0,-639000000.0,-508000000.0,57000000.0,-0.032,7174000000.0,-160000000.0,2846000000.0,-1.553,0.637,-39.457,-40.118,9912000000.0,0.0,34.1,1.275,1.274,3900000000.0,-9251000000.0,19768000000.0,19768000000.0,861000000.0,-0.009,-0.016,0.012,0.019,0.0,2419000000.0,1.0,739388462.0,738600000,738600000.0,26.764,22836000000.0,210000000.0,325000000.0,3654000000.0,30.918,1847000000.0
6,DD,MRT,2019-12-31,2019-12-31,2019-12-31,2021-08-25,-1416000000.0,69349000000.0,100024000000.0,9999000000.0,59350000000.0,0.215,54.92,-2497000000.0,1540000000.0,1540000000.0,14056000000.0,600000000.0,1.198,0.678,17447000000.0,3830000000.0,13617000000.0,17447000000.0,0.0,3195000000.0,0.0,0.034,2.16,1306000000.0,4501000000.0,0.209,4501000000.0,1306000000.0,638000000.0,0.67,0.67,0.67,40987000000.0,54195250000.0,40987000000.0,63037791231.0,48.0,14.005,-1088000000.0,-1.458,1.0,7456000000.0,0.347,46744000000.0,668000000.0,30166000000.0,49283500000.0,4319000000.0,1260000000.0,0.0,1260000000.0,27793000000.0,8346000000.0,19447000000.0,47559791231.0,-12445000000.0,119000000.0,-2244000000.0,-264000000.0,-1611000000.0,-11550000000.0,-2313000000.0,45000000.0,1409000000.0,9000000.0,498000000.0,498000000.0,498000000.0,-1214000000.0,102000000.0,0.023,7346000000.0,110000000.0,2934000000.0,3.224,1.16,95.502,95.821,10143000000.0,0.0,64.2,2.211,2.227,3802000000.0,-8400000000.0,21512000000.0,21512000000.0,955000000.0,0.005,0.009,0.026,0.061,0.0,2663000000.0,1.0,740806717.0,746300000,746300000.0,28.825,22605000000.0,189000000.0,140000000.0,3707000000.0,30.289,1653000000.0
7,DD,MRT,2019-09-30,2019-09-30,2019-09-30,2021-08-25,-1529000000.0,70119000000.0,129650500000.0,10688000000.0,59431000000.0,0.168,55.458,-3427000000.0,2107000000.0,2107000000.0,14290000000.0,932000000.0,1.615,0.682,17585000000.0,1975000000.0,15610000000.0,17585000000.0,0.0,4130000000.0,0.0,0.042,3.0,1488000000.0,5618000000.0,0.258,5618000000.0,1488000000.0,940000000.0,1.07,1.07,1.07,41344000000.0,67521500000.0,41344000000.0,68728349873.0,46.0,12.234,2505000000.0,3.36,1.0,7475000000.0,0.343,46704000000.0,548000000.0,32277000000.0,59112750000.0,4306000000.0,1739000000.0,6000000.0,1733000000.0,28207000000.0,6616000000.0,21591000000.0,53160349873.0,-5329000000.0,297000000.0,-3375000000.0,4825000000.0,-2255000000.0,-8331000000.0,-2830000000.0,233000000.0,5932000000.0,-100000000.0,804000000.0,804000000.0,804000000.0,-1421000000.0,128000000.0,0.037,7703000000.0,-228000000.0,2944000000.0,2.804,1.286,66.12,66.645,9699000000.0,0.0,71.31,2.442,2.443,3997000000.0,-8289000000.0,21765000000.0,21765000000.0,986000000.0,0.006,0.012,0.025,0.068,0.0,2740000000.0,1.0,745482399.0,745500000,747700000.0,29.195,23415000000.0,231000000.0,136000000.0,3622000000.0,31.408,4072000000.0
8,DD,MRT,2019-06-30,2019-06-30,2019-06-30,2021-08-25,-831000000.0,70843000000.0,158234000000.0,10623000000.0,60220000000.0,0.139,56.083,-4144000000.0,1661000000.0,1661000000.0,14529000000.0,1094000000.0,1.645,0.673,17229000000.0,1621000000.0,15608000000.0,17229000000.0,0.0,5101000000.0,0.0,0.051,3.84,1399000000.0,6500000000.0,0.295,6500000000.0,1399000000.0,1028000000.0,1.22,1.22,1.22,42006000000.0,81708000000.0,42006000000.0,86638550046.0,62.0,13.329,583000000.0,0.778,1.0,7493000000.0,0.34,47480000000.0,371000000.0,32474000000.0,74576500000.0,4390000000.0,1726000000.0,8000000.0,1718000000.0,28267000000.0,6457000000.0,21810000000.0,56211550046.0,-8104000000.0,161000000.0,-3980000000.0,5428000000.0,-2901000000.0,-8977000000.0,-3729000000.0,235000000.0,4727000000.0,-125000000.0,933000000.0,933000000.0,933000000.0,-1824000000.0,161000000.0,0.042,8182000000.0,-689000000.0,3020000000.0,3.148,1.338,60.248,61.533,9806000000.0,0.0,75.07,2.553,2.553,4250000000.0,-8299000000.0,22022000000.0,22022000000.0,1025000000.0,0.006,0.011,0.019,0.064,0.0,2826000000.0,1.0,748788465.0,749000000,749000000.0,29.402,23363000000.0,219000000.0,95000000.0,3826000000.0,31.192,4166000000.0
9,DD,MRT,2019-03-31,2019-03-31,2019-03-31,2021-08-25,-12364000000.0,189785000000.0,187365000000.0,49248000000.0,140537000000.0,0.12,123.259,-4311000000.0,11543000000.0,11543000000.0,15118000000.0,3435000000.0,1.723,1.035,41970000000.0,7004000000.0,34966000000.0,41970000000.0,0.0,5954000000.0,0.0,0.029,4.56,3518000000.0,9472000000.0,0.423,9472000000.0,3518000000.0,3312000000.0,4.27,4.25,4.27,92444000000.0,95772000000.0,92444000000.0,147182283499.0,42.0,15.539,2583000000.0,3.444,1.0,7293000000.0,0.325,89415000000.0,206000000.0,102217000000.0,89647250000.0,16604000000.0,8012000000.0,119000000.0,7893000000.0,95687000000.0,28580000000.0,67107000000.0,120200283499.0,1233000000.0,278000000.0,-4848000000.0,7172000000.0,-3462000000.0,-1407000000.0,-3752000000.0,41000000.0,6894000000.0,-502000000.0,3273000000.0,3273000000.0,3273000000.0,-3031000000.0,162000000.0,0.146,7074000000.0,219000000.0,8333000000.0,1.068,1.3,36.725,37.454,35575000000.0,0.0,159.93,5.363,5.352,19161000000.0,29764000000.0,22411000000.0,22411000000.0,1063000000.0,0.017,0.034,0.039,0.157,0.0,2952000000.0,1.0,751579837.0,750000000,750000000.0,29.881,100370000000.0,1853000000.0,39000000.0,6065000000.0,133.827,20668000000.0
10,DD,MRT,2018-12-31,2018-12-31,2018-12-31,2021-08-25,-12394000000.0,187855000000.0,188029000000.0,126655000000.0,61200000000.0,0.12,122.936,-3951000000.0,8548000000.0,8548000000.0,15302000000.0,4000000000.0,1.728,0.975,12639000000.0,15000000.0,12624000000.0,12639000000.0,0.0,5918000000.0,0.0,0.028,4.56,4095000000.0,10013000000.0,0.443,10013000000.0,4095000000.0,4040000000.0,4.99,4.96,4.99,94292000000.0,97976000000.0,94292000000.0,150924055013.0,37.0,15.073,780000000.0,1.017,1.0,7292000000.0,0.323,49151000000.0,55000000.0,69483000000.0,88229250000.0,4107000000.0,1849000000.0,29000000.0,1820000000.0,91955000000.0,73312000000.0,18643000000.0,122695055013.0,7000000.0,186000000.0,-4224000000.0,6114000000.0,-3491000000.0,-1918000000.0,-2462000000.0,615000000.0,4731000000.0,-344000000.0,3845000000.0,3845000000.0,3845000000.0,-3595000000.0,155000000.0,0.17,7084000000.0,208000000.0,2619000000.0,0.914,1.301,31.91,32.152,9917000000.0,0.0,160.44,5.43,5.446,3438000000.0,30257000000.0,22594000000.0,22594000000.0,1070000000.0,0.02,0.039,0.046,0.181,0.0,3028000000.0,1.0,764740291.0,767000000,771800000.0,29.458,138704000000.0,178000000.0,195000000.0,4027000000.0,180.84,53343000000.0
11,DD,MRT,2018-09-30,2018-09-30,2018-09-30,2021-08-25,-10566000000.0,184453000000.0,189106250000.0,45405000000.0,139048000000.0,0.012,128.155,-3932000000.0,6939000000.0,6939000000.0,587000000.0,1974000000.0,1.64,0.864,35168000000.0,7875000000.0,27293000000.0,35168000000.0,0.0,5901000000.0,0.0,0.024,4.56,-1040000000.0,4861000000.0,2.11,4861000000.0,-1040000000.0,-662000000.0,0.41,0.45,0.41,98090000000.0,99485500000.0,98090000000.0,173392071343.0,-167.0,35.67,-2545000000.0,-3.325,1.0,1717000000.0,0.745,90870000000.0,-378000000.0,94132000000.0,94325500000.0,16441000000.0,8842000000.0,370000000.0,8472000000.0,84709000000.0,27680000000.0,57029000000.0,148386071343.0,-5687000000.0,2673000000.0,-3749000000.0,-1607000000.0,-4072000000.0,-9728000000.0,2732000000.0,1159000000.0,1387000000.0,-203000000.0,1810000000.0,1810000000.0,1810000000.0,-3254000000.0,164000000.0,0.786,6168000000.0,-4451000000.0,8631000000.0,11.122,1.513,81.981,470.561,35228000000.0,0.0,192.93,64.404,64.092,20074000000.0,30933000000.0,2304000000.0,2304000000.0,604000000.0,0.01,0.018,-0.011,-0.451,0.0,2348000000.0,1.0,769117934.0,765400000,770400000.0,3.01,93583000000.0,1642000000.0,-2472000000.0,6609000000.0,122.267,17725000000.0
12,DD,MRT,2018-06-30,2018-06-30,2018-06-30,2021-08-25,-10732000000.0,187367000000.0,192624750000.0,47897000000.0,139470000000.0,0.062,127.679,-3706000000.0,9244000000.0,9244000000.0,9003000000.0,1969000000.0,1.704,0.89,34250000000.0,7400000000.0,26850000000.0,34250000000.0,0.0,5432000000.0,0.0,0.024,4.8,-210000000.0,5222000000.0,0.436,5222000000.0,-210000000.0,-115000000.0,0.72,0.76,0.72,98262000000.0,100699500000.0,98262000000.0,177164881463.0,-844.0,33.927,-4417000000.0,-5.739,1.0,2972000000.0,0.248,91506000000.0,-95000000.0,92757000000.0,96013500000.0,15630000000.0,8837000000.0,507000000.0,8330000000.0,87485000000.0,28110000000.0,59375000000.0,152984881463.0,3572000000.0,7002000000.0,-2696000000.0,-2383000000.0,-4086000000.0,-9466000000.0,13743000000.0,2532000000.0,-711000000.0,-82000000.0,1823000000.0,1823000000.0,1823000000.0,-2826000000.0,146000000.0,0.152,6290000000.0,-3318000000.0,7983000000.0,6.667,1.557,83.919,274.667,35224000000.0,0.0,197.76,12.775,12.709,20881000000.0,30432000000.0,11975000000.0,11975000000.0,868000000.0,0.009,0.018,-0.002,-0.018,0.0,2618000000.0,1.0,773587826.0,769600000,774500000.0,15.56,95861000000.0,1701000000.0,-1938000000.0,6759000000.0,124.56,19787000000.0
13,DD,MRT,2018-03-31,2018-03-31,2018-03-31,2021-08-25,-7497000000.0,192441000000.0,166344750000.0,49733000000.0,142708000000.0,0.12,131.11,-3703000000.0,10281000000.0,10281000000.0,15679000000.0,1524000000.0,1.868,0.884,34461000000.0,5118000000.0,29343000000.0,34461000000.0,0.0,4675000000.0,0.0,0.026,5.04,-76000000.0,4599000000.0,0.231,4599000000.0,-76000000.0,-207000000.0,1.67,1.7,1.67,101260000000.0,83239250000.0,101260000000.0,169013750343.0,-2224.0,36.75,-6529000000.0,-8.454,1.0,4273000000.0,0.214,93459000000.0,131000000.0,96545000000.0,88538250000.0,17457000000.0,8764000000.0,257000000.0,8507000000.0,89517000000.0,26617000000.0,62900000000.0,148380750343.0,4839000000.0,7057000000.0,-1655000000.0,-2146000000.0,-3768000000.0,-7840000000.0,14968000000.0,2547000000.0,-2826000000.0,449000000.0,1375000000.0,1375000000.0,1375000000.0,-1053000000.0,149000000.0,0.069,5681000000.0,-1408000000.0,8754000000.0,3.018,1.465,107.913,114.449,36076000000.0,0.0,191.13,7.437,7.398,20480000000.0,29366000000.0,19952000000.0,19952000000.0,1006000000.0,0.008,0.017,-0.001,-0.004,0.0,2570000000.0,1.0,776333396.0,772326000,778092000.0,25.834,98982000000.0,1754000000.0,-1582000000.0,7002000000.0,128.161,23116000000.0
14,DD,MRT,2017-12-31,2017-12-31,2017-12-31,2021-08-25,-8972000000.0,192164000000.0,138441500000.0,49893000000.0,142271000000.0,0.084,190.524,-3691000000.0,13438000000.0,13438000000.0,9558000000.0,1291000000.0,1.91,0.899,34071000000.0,4015000000.0,30056000000.0,34071000000.0,0.0,3969000000.0,0.0,0.025,5.28,-599000000.0,3370000000.0,0.289,3370000000.0,-599000000.0,-599000000.0,2.18,2.15,2.18,100330000000.0,64689250000.0,100330000000.0,190405606500.0,-318.0,56.5,-4456000000.0,-8.462,1.0,2114000000.0,0.181,92801000000.0,0.0,93868000000.0,79900750000.0,16992000000.0,9536000000.0,956000000.0,8580000000.0,90237000000.0,26128000000.0,64109000000.0,166652606500.0,7391000000.0,7120000000.0,-481000000.0,-2412000000.0,-3394000000.0,-6554000000.0,14325000000.0,1721000000.0,-765000000.0,297000000.0,1159000000.0,1159000000.0,1159000000.0,-1058000000.0,132000000.0,0.099,4006000000.0,-1892000000.0,9134000000.0,2.422,1.661,143.79,98.009,36247000000.0,0.0,213.66,14.278,9.64,17573000000.0,29211000000.0,11672000000.0,11672000000.0,657000000.0,0.008,0.018,-0.007,-0.051,0.0,1615000000.0,1.0,779988954.0,526600000,532700000.0,22.165,99363000000.0,1869000000.0,-1758000000.0,7109000000.0,188.688,23765000000.0
15,DD,MRT,2017-09-30,2017-09-30,2017-09-30,2021-08-25,-9367000000.0,198527000000.0,110278250000.0,54801000000.0,143726000000.0,0.503,195.742,-3358000000.0,13148000000.0,13148000000.0,43743000000.0,2892000000.0,2.009,0.913,36901000000.0,7082000000.0,29819000000.0,36901000000.0,0.0,3313000000.0,0.0,0.027,5.52,4689000000.0,8002000000.0,0.144,8002000000.0,4689000000.0,3732000000.0,6.33,6.45,6.33,102946000000.0,46103500000.0,102946000000.0,99987330211.0,21.0,12.495,-12556000000.0,-23.874,1.0,11695000000.0,0.211,94118000000.0,957000000.0,100884000000.0,71525000000.0,17255000000.0,10669000000.0,1826000000.0,8843000000.0,93993000000.0,27278000000.0,66715000000.0,84698330211.0,6128000000.0,4772000000.0,33000000.0,333000000.0,-2627000000.0,-2532000000.0,17744000000.0,790000000.0,-9198000000.0,151000000.0,2775000000.0,2690000000.0,2690000000.0,20000000.0,117000000.0,0.049,7522000000.0,4173000000.0,7648000000.0,0.872,0.823,31.486,32.81,36219000000.0,85000000.0,207.69,1.528,1.97,18999000000.0,31366000000.0,55438000000.0,55438000000.0,1789000000.0,0.024,0.058,0.066,0.085,0.0,3267000000.0,1.0,407810899.0,525928000,531761000.0,105.41,104409000000.0,1810000000.0,957000000.0,9854000000.0,198.523,27523000000.0
16,DD,MRT,2017-06-30,2017-06-30,2017-06-30,2021-08-25,-9074000000.0,82247000000.0,80802500000.0,25935000000.0,56312000000.0,0.651,70.361,-3717000000.0,6218000000.0,6218000000.0,41397000000.0,3176000000.0,1.931,1.853,21507000000.0,1435000000.0,20072000000.0,21507000000.0,0.0,3092000000.0,0.0,0.029,5.52,4616000000.0,7708000000.0,0.147,7708000000.0,4616000000.0,3722000000.0,7.29,7.38,7.29,28421000000.0,27625750000.0,28421000000.0,92674098147.0,20.0,12.023,-9142000000.0,-22.633,1.0,11170000000.0,0.212,21251000000.0,894000000.0,62856000000.0,61407000000.0,8163000000.0,7405000000.0,0.0,7405000000.0,52658000000.0,13429000000.0,39229000000.0,77052098147.0,-1079000000.0,534000000.0,-395000000.0,89000000.0,-2340000000.0,-3125000000.0,7347000000.0,-774000000.0,-5425000000.0,124000000.0,3065000000.0,2895000000.0,2895000000.0,0.0,111000000.0,0.055,7014000000.0,4156000000.0,4623000000.0,0.757,2.711,26.616,25.955,24116000000.0,170000000.0,189.21,1.466,1.454,11619000000.0,31417000000.0,52567000000.0,52567000000.0,1660000000.0,0.036,0.105,0.075,0.088,0.0,3004000000.0,1.0,407230173.0,403929000,409663000.0,130.139,60996000000.0,2922000000.0,657000000.0,1447000000.0,151.007,12506000000.0
17,DD,MRT,2017-03-31,2017-03-31,2017-03-31,2021-08-25,-9514000000.0,80828000000.0,80621750000.0,24640000000.0,56188000000.0,0.629,67.51,-3889000000.0,5848000000.0,5848000000.0,39911000000.0,5044000000.0,1.868,1.94,21470000000.0,999000000.0,20471000000.0,21470000000.0,0.0,3033000000.0,0.0,0.029,5.52,6160000000.0,9193000000.0,0.181,9193000000.0,6160000000.0,5284000000.0,12.42,12.0,12.42,27060000000.0,27754500000.0,27060000000.0,91849123948.0,15.0,9.991,-7061000000.0,-17.616,1.0,10774000000.0,0.213,21262000000.0,876000000.0,61995000000.0,60886750000.0,8210000000.0,7467000000.0,0.0,7467000000.0,52494000000.0,13193000000.0,39301000000.0,77093123948.0,-619000000.0,1504000000.0,-328000000.0,-106000000.0,-2377000000.0,-3313000000.0,5902000000.0,-839000000.0,-3172000000.0,-36000000.0,4952000000.0,4697000000.0,4697000000.0,0.0,92000000.0,0.093,5139000000.0,5635000000.0,4810000000.0,0.444,2.849,16.413,15.348,23768000000.0,255000000.0,190.62,1.521,1.507,10551000000.0,30659000000.0,50685000000.0,50685000000.0,1651000000.0,0.058,0.169,0.101,0.122,0.0,3071000000.0,1.0,404433149.0,400829000,407363000.0,126.45,59566000000.0,3116000000.0,332000000.0,1343000000.0,148.607,11447000000.0
18,DD,MRT,2016-12-31,2016-12-31,2016-12-31,2021-08-25,-9822000000.0,79511000000.0,77524750000.0,23659000000.0,55852000000.0,0.621,70.356,-3917000000.0,6607000000.0,6607000000.0,37668000000.0,4404000000.0,1.877,2.012,21363000000.0,907000000.0,20456000000.0,21363000000.0,0.0,2862000000.0,0.0,0.032,5.52,5185000000.0,8047000000.0,0.167,8047000000.0,5185000000.0,4327000000.0,10.71,10.56,10.71,25987000000.0,27389250000.0,25987000000.0,78424833661.0,15.0,9.746,-6874000000.0,-18.61,1.0,10490000000.0,0.218,21298000000.0,858000000.0,60365000000.0,58217750000.0,7363000000.0,7424000000.0,0.0,7424000000.0,52282000000.0,12604000000.0,39678000000.0,64164833661.0,-1956000000.0,1276000000.0,-518000000.0,-589000000.0,-2462000000.0,-4014000000.0,5092000000.0,-842000000.0,-2957000000.0,-77000000.0,4318000000.0,3978000000.0,3978000000.0,0.0,86000000.0,0.083,5661000000.0,4829000000.0,4519000000.0,0.515,2.469,16.13,16.028,23486000000.0,340000000.0,171.66,1.332,1.317,9686000000.0,30338000000.0,48158000000.0,48158000000.0,1593000000.0,0.051,0.145,0.089,0.108,0.0,2953000000.0,1.0,373789872.0,369363000,374396000.0,130.381,58213000000.0,3079000000.0,9000000.0,1523000000.0,157.604,11055000000.0
19,DD,MRT,2016-09-30,2016-09-30,2016-09-30,2021-08-25,-7681000000.0,80624000000.0,74631500000.0,24778000000.0,55846000000.0,0.624,78.305,-3844000000.0,7032000000.0,7032000000.0,35781000000.0,7951000000.0,1.958,1.732,21292000000.0,869000000.0,20423000000.0,21292000000.0,0.0,2667000000.0,0.0,0.036,5.52,9555000000.0,12222000000.0,0.262,12222000000.0,9555000000.0,8686000000.0,20.1,18.9,20.1,29035000000.0,27236000000.0,29035000000.0,72440089075.0,8.0,5.927,2307000000.0,6.222,1.0,10819000000.0,0.232,21817000000.0,869000000.0,60412000000.0,55547750000.0,8013000000.0,7552000000.0,0.0,7552000000.0,50275000000.0,12655000000.0,37620000000.0,58403089075.0,-591000000.0,1237000000.0,-567000000.0,-462000000.0,-2346000000.0,-4083000000.0,-2608000000.0,-18000000.0,6151000000.0,-51000000.0,7878000000.0,7538000000.0,7538000000.0,0.0,73000000.0,0.162,1473000000.0,9346000000.0,4674000000.0,0.275,2.011,7.748,7.736,23311000000.0,340000000.0,155.49,1.253,1.237,10099000000.0,30884000000.0,46600000000.0,46600000000.0,1563000000.0,0.101,0.277,0.172,0.205,22000000.0,3001000000.0,1.0,375606346.0,370796000,375796000.0,125.676,58807000000.0,2483000000.0,808000000.0,1507000000.0,158.597,12123000000.0
20,DD,MRT,2016-06-30,2016-06-30,2016-06-30,2021-08-25,-7845000000.0,81524000000.0,71946500000.0,26310000000.0,55214000000.0,0.641,78.129,-3619000000.0,7309000000.0,7309000000.0,35290000000.0,8569000000.0,2.043,1.773,21346000000.0,494000000.0,20852000000.0,21346000000.0,0.0,2532000000.0,0.0,0.036,5.4,10495000000.0,13027000000.0,0.282,13027000000.0,10495000000.0,9613000000.0,21.54,20.28,21.54,28936000000.0,26060500000.0,28936000000.0,66181273610.0,6.0,5.08,3691000000.0,9.966,1.0,10863000000.0,0.235,21905000000.0,882000000.0,60775000000.0,53642250000.0,8212000000.0,7314000000.0,0.0,7314000000.0,51290000000.0,12881000000.0,38409000000.0,55815273610.0,1085000000.0,1860000000.0,-218000000.0,-349000000.0,-2313000000.0,-3431000000.0,-2651000000.0,-34000000.0,7310000000.0,-143000000.0,8449000000.0,8109000000.0,8109000000.0,0.0,120000000.0,0.176,613000000.0,10250000000.0,4441000000.0,0.251,1.929,6.883,6.923,22783000000.0,340000000.0,149.13,1.209,1.197,10026000000.0,30680000000.0,46153000000.0,46153000000.0,1546000000.0,0.113,0.311,0.196,0.227,21000000.0,2952000000.0,1.0,374272231.0,370363000,407596000.0,124.616,59619000000.0,2558000000.0,1164000000.0,1607000000.0,160.975,13429000000.0
21,DD,MRT,2016-03-31,2016-03-31,2016-03-31,2021-08-25,-8262000000.0,68440000000.0,68899000000.0,23334000000.0,45106000000.0,0.684,69.633,-3620000000.0,6610000000.0,6610000000.0,36161000000.0,6539000000.0,1.997,1.641,16976000000.0,747000000.0,16229000000.0,16976000000.0,0.0,2494000000.0,0.0,0.035,5.28,8718000000.0,11212000000.0,0.238,11212000000.0,8718000000.0,7812000000.0,16.14,15.36,16.14,25599000000.0,24729500000.0,25599000000.0,65448827758.0,8.0,5.837,2868000000.0,7.801,1.0,10950000000.0,0.232,15805000000.0,906000000.0,51319000000.0,51889500000.0,7298000000.0,7708000000.0,0.0,7708000000.0,42006000000.0,11682000000.0,30324000000.0,56815827758.0,322000000.0,848000000.0,-172000000.0,-248000000.0,-2281000000.0,-3189000000.0,-2833000000.0,-18000000.0,6488000000.0,-144000000.0,6461000000.0,6121000000.0,6121000000.0,0.0,78000000.0,0.13,2702000000.0,8248000000.0,3729000000.0,0.327,2.219,9.282,9.454,18420000000.0,340000000.0,152.58,1.206,1.191,9333000000.0,28074000000.0,47111000000.0,47111000000.0,1576000000.0,0.089,0.248,0.168,0.185,2000000.0,2938000000.0,1.0,372367092.0,367630000,372430000.0,128.148,52635000000.0,2537000000.0,1351000000.0,887000000.0,143.174,11652000000.0
22,DD,MRT,2015-12-31,2015-12-31,2015-12-31,2021-08-25,-8667000000.0,67938000000.0,68736250000.0,23941000000.0,43997000000.0,0.71,67.359,-3703000000.0,8577000000.0,8577000000.0,37745000000.0,7783000000.0,2.154,1.646,17210000000.0,995000000.0,16215000000.0,17210000000.0,0.0,2521000000.0,0.0,0.033,5.16,10778000000.0,13299000000.0,0.273,13299000000.0,10778000000.0,9832000000.0,19.35,18.45,19.35,25374000000.0,23889000000.0,25374000000.0,71759942283.0,7.0,5.396,3904000000.0,10.364,1.0,11033000000.0,0.226,15771000000.0,946000000.0,49685000000.0,52335250000.0,6871000000.0,7697000000.0,0.0,7697000000.0,41755000000.0,11115000000.0,30640000000.0,59644942283.0,2923000000.0,2277000000.0,-658000000.0,187000000.0,-2253000000.0,-3132000000.0,-1350000000.0,119000000.0,7607000000.0,-202000000.0,7685000000.0,7345000000.0,7345000000.0,0.0,98000000.0,0.151,831000000.0,10202000000.0,3577000000.0,0.267,2.351,8.12,7.981,17854000000.0,340000000.0,154.44,1.223,1.193,8662000000.0,28425000000.0,48778000000.0,48778000000.0,1598000000.0,0.107,0.307,0.206,0.221,0.0,2948000000.0,1.0,386201001.0,376696000,413796000.0,129.489,52167000000.0,2140000000.0,2147000000.0,1039000000.0,138.486,12826000000.0
23,DD,MRT,2015-09-30,2015-09-30,2015-09-30,2021-08-25,-8585000000.0,69884000000.0,68923500000.0,24852000000.0,45032000000.0,0.75,63.962,-3923000000.0,7623000000.0,7623000000.0,40641000000.0,4991000000.0,1.882,1.838,19738000000.0,2276000000.0,17462000000.0,19738000000.0,0.0,2613000000.0,0.0,0.04,5.04,7769000000.0,10382000000.0,0.201,10382000000.0,7769000000.0,6801000000.0,11.91,11.61,11.91,24333000000.0,23151250000.0,24333000000.0,62627080069.0,8.0,6.032,4009000000.0,10.538,1.0,11059000000.0,0.214,16004000000.0,968000000.0,52790000000.0,53595500000.0,7822000000.0,7472000000.0,0.0,7472000000.0,44718000000.0,13205000000.0,31513000000.0,49103080069.0,1855000000.0,2199000000.0,-1225000000.0,83000000.0,-2202000000.0,-3467000000.0,-2446000000.0,-687000000.0,7932000000.0,-164000000.0,4892000000.0,4552000000.0,4552000000.0,0.0,99000000.0,0.088,3959000000.0,7100000000.0,3893000000.0,0.423,2.018,10.787,10.68,18858000000.0,340000000.0,127.2,0.95,0.936,8903000000.0,25411000000.0,51700000000.0,51700000000.0,1622000000.0,0.066,0.197,0.145,0.15,-34000000.0,3037000000.0,1.0,386030118.0,380430000,416862000.0,135.899,53880000000.0,2811000000.0,1909000000.0,1646000000.0,141.629,11647000000.0
24,DD,MRT,2015-06-30,2015-06-30,2015-06-30,2021-08-25,-8410000000.0,69334000000.0,68845750000.0,24764000000.0,44570000000.0,0.785,62.241,-3937000000.0,6224000000.0,6224000000.0,43068000000.0,4519000000.0,1.94,1.901,19748000000.0,1915000000.0,17833000000.0,19748000000.0,0.0,2674000000.0,0.0,0.032,4.89,7082000000.0,9756000000.0,0.18,9756000000.0,7082000000.0,6114000000.0,10.71,10.47,10.71,23612000000.0,23500750000.0,23612000000.0,72493383079.0,10.0,7.431,3259000000.0,8.591,1.0,11001000000.0,0.203,16329000000.0,968000000.0,53764000000.0,54107000000.0,8061000000.0,7197000000.0,0.0,7197000000.0,44883000000.0,12765000000.0,32118000000.0,58992383079.0,2381000000.0,1548000000.0,-2118000000.0,2100000000.0,-2157000000.0,-2274000000.0,-2399000000.0,-426000000.0,7196000000.0,-142000000.0,4454000000.0,4114000000.0,4114000000.0,0.0,65000000.0,0.076,4708000000.0,6293000000.0,4492000000.0,0.457,2.498,14.339,14.333,18580000000.0,340000000.0,153.51,1.091,1.077,9593000000.0,24606000000.0,54069000000.0,54069000000.0,1649000000.0,0.06,0.175,0.131,0.131,-40000000.0,3101000000.0,1.0,384289780.0,379363000,416463000.0,142.526,53005000000.0,2754000000.0,1660000000.0,1352000000.0,139.721,11999000000.0
25,DD,MRT,2015-03-31,2015-03-31,2015-03-31,2021-08-25,-8840000000.0,67789000000.0,68701250000.0,24394000000.0,43395000000.0,0.816,58.741,-3803000000.0,6288000000.0,6288000000.0,45266000000.0,4292000000.0,1.969,2.005,19789000000.0,1922000000.0,17867000000.0,19789000000.0,0.0,2709000000.0,0.0,0.033,4.74,6866000000.0,9575000000.0,0.171,9575000000.0,6866000000.0,5888000000.0,9.96,9.75,9.96,22237000000.0,24286000000.0,22237000000.0,69674708822.0,10.0,7.277,3382000000.0,8.934,1.0,10810000000.0,0.193,15801000000.0,978000000.0,53102000000.0,54147750000.0,8087000000.0,6862000000.0,0.0,6862000000.0,44575000000.0,12387000000.0,32188000000.0,55545708822.0,1903000000.0,1455000000.0,-2916000000.0,2126000000.0,-2117000000.0,-3032000000.0,-2131000000.0,-199000000.0,7185000000.0,-119000000.0,4201000000.0,3861000000.0,3861000000.0,0.0,91000000.0,0.069,4660000000.0,6150000000.0,4417000000.0,0.476,2.498,14.386,14.452,18066000000.0,340000000.0,143.94,0.991,0.972,9289000000.0,23956000000.0,56076000000.0,56076000000.0,1639000000.0,0.056,0.159,0.127,0.122,-19000000.0,3079000000.0,1.0,385894493.0,378563000,415563000.0,148.129,51988000000.0,2904000000.0,1687000000.0,1378000000.0,137.33,12007000000.0
26,DD,MRT,2014-12-31,2014-12-31,2014-12-31,2021-08-25,-8017000000.0,68687000000.0,69062250000.0,24255000000.0,44432000000.0,0.842,57.451,-3572000000.0,5654000000.0,5654000000.0,47464000000.0,3839000000.0,2.094,2.022,19674000000.0,933000000.0,18741000000.0,19674000000.0,0.0,2747000000.0,0.0,0.034,4.59,6181000000.0,8928000000.0,0.153,8928000000.0,6181000000.0,5198000000.0,8.73,8.61,8.73,22423000000.0,25412000000.0,22423000000.0,67767667185.0,11.0,7.59,2930000000.0,7.507,1.0,10703000000.0,0.184,16400000000.0,983000000.0,54726000000.0,54225750000.0,8101000000.0,7260000000.0,0.0,7260000000.0,45333000000.0,11581000000.0,33752000000.0,53753667185.0,-286000000.0,183000000.0,-3245000000.0,1775000000.0,-2020000000.0,-3583000000.0,-3105000000.0,-138000000.0,6502000000.0,-100000000.0,3772000000.0,3432000000.0,3432000000.0,0.0,67000000.0,0.059,5341000000.0,5362000000.0,4481000000.0,0.526,2.397,15.662,15.674,18051000000.0,340000000.0,136.83,0.924,0.918,9992000000.0,23045000000.0,58167000000.0,58167000000.0,1647000000.0,0.05,0.135,0.114,0.106,-42000000.0,3106000000.0,1.0,392849619.0,390296000,395663000.0,149.033,52287000000.0,2947000000.0,1426000000.0,1088000000.0,133.968,12674000000.0
27,DD,MRT,2014-09-30,2014-09-30,2014-09-30,2021-08-25,-5371000000.0,69573000000.0,69265750000.0,25730000000.0,43843000000.0,0.84,66.136,-3350000000.0,5768000000.0,5768000000.0,47921000000.0,4028000000.0,2.129,1.666,19782000000.0,781000000.0,19001000000.0,19782000000.0,0.0,2744000000.0,0.0,0.027,4.29,6489000000.0,9233000000.0,0.159,9233000000.0,6489000000.0,5506000000.0,9.18,9.09,9.18,25731000000.0,26530750000.0,25731000000.0,76605682322.0,12.0,8.297,2628000000.0,6.755,1.0,10248000000.0,0.176,16664000000.0,983000000.0,54836000000.0,53653750000.0,9019000000.0,7270000000.0,0.0,7270000000.0,42862000000.0,12087000000.0,30775000000.0,62617682322.0,496000000.0,731000000.0,-2241000000.0,957000000.0,-1972000000.0,-3277000000.0,-2128000000.0,71000000.0,5978000000.0,-77000000.0,4001000000.0,3661000000.0,3661000000.0,0.0,27000000.0,0.063,4737000000.0,5511000000.0,4846000000.0,0.467,2.434,17.104,17.137,17694000000.0,340000000.0,157.32,1.076,1.052,10192000000.0,22792000000.0,58169000000.0,58169000000.0,1696000000.0,0.053,0.138,0.121,0.112,-37000000.0,3121000000.0,1.0,398027077.0,389063000,394696000.0,149.51,52909000000.0,2396000000.0,1505000000.0,1313000000.0,135.991,13643000000.0
28,DD,MRT,2014-06-30,2014-06-30,2014-06-30,2021-08-25,-4729000000.0,68756000000.0,69424000000.0,24283000000.0,44473000000.0,0.828,68.08,-2986000000.0,3843000000.0,3843000000.0,47861000000.0,3749000000.0,2.044,1.533,17831000000.0,795000000.0,17036000000.0,17831000000.0,0.0,2703000000.0,0.0,0.027,4.14,6115000000.0,8818000000.0,0.153,8818000000.0,6115000000.0,5101000000.0,8.52,8.43,8.52,26753000000.0,26099250000.0,26753000000.0,75388279794.0,12.0,8.549,2619000000.0,6.665,1.0,9637000000.0,0.168,16938000000.0,1014000000.0,53927000000.0,53547250000.0,8926000000.0,7243000000.0,0.0,7243000000.0,41021000000.0,11879000000.0,29142000000.0,61960279794.0,-1040000000.0,681000000.0,-1323000000.0,-1254000000.0,-1918000000.0,-4459000000.0,-2225000000.0,32000000.0,5605000000.0,39000000.0,3743000000.0,3403000000.0,3403000000.0,0.0,6000000.0,0.059,4615000000.0,5022000000.0,4883000000.0,0.486,2.316,18.208,18.12,17901000000.0,340000000.0,154.38,1.078,1.055,10778000000.0,22372000000.0,57498000000.0,57498000000.0,1705000000.0,0.049,0.13,0.114,0.106,-36000000.0,3066000000.0,1.0,401348736.0,392963000,398396000.0,146.319,51818000000.0,2534000000.0,1358000000.0,1344000000.0,131.865,12404000000.0
29,DD,MRT,2014-03-31,2014-03-31,2014-03-31,2021-08-25,-4824000000.0,69233000000.0,69770500000.0,25062000000.0,44171000000.0,0.819,67.381,-2628000000.0,4385000000.0,4385000000.0,47620000000.0,5222000000.0,2.05,1.552,17813000000.0,877000000.0,16936000000.0,17813000000.0,0.0,2685000000.0,0.0,0.027,3.99,8061000000.0,10746000000.0,0.188,10746000000.0,8061000000.0,7010000000.0,12.18,11.85,12.18,26741000000.0,25213750000.0,26741000000.0,71096610737.0,9.0,6.616,5323000000.0,13.413,1.0,9538000000.0,0.167,17021000000.0,1051000000.0,53414000000.0,53639750000.0,9102000000.0,7094000000.0,0.0,7094000000.0,41510000000.0,12226000000.0,29284000000.0,59076610737.0,871000000.0,684000000.0,-724000000.0,-2654000000.0,-1860000000.0,-5181000000.0,-1888000000.0,8000000.0,7951000000.0,-11000000.0,5201000000.0,4861000000.0,4861000000.0,0.0,21000000.0,0.085,2557000000.0,6981000000.0,4971000000.0,0.328,2.209,12.153,11.968,17573000000.0,340000000.0,145.77,1.034,1.012,10854000000.0,21929000000.0,57158000000.0,57158000000.0,1703000000.0,0.07,0.193,0.15,0.141,-41000000.0,3031000000.0,1.0,405272358.0,396863000,402563000.0,144.025,52212000000.0,2635000000.0,1809000000.0,1449000000.0,131.562,12836000000.0
30,DD,MRT,2013-12-31,2013-12-31,2013-12-31,2021-08-25,-4827000000.0,69501000000.0,69788250000.0,24977000000.0,44524000000.0,0.818,68.028,-2302000000.0,5940000000.0,5940000000.0,47594000000.0,4816000000.0,2.086,1.546,17960000000.0,1140000000.0,16820000000.0,17960000000.0,0.0,2681000000.0,0.0,0.029,3.84,7876000000.0,10557000000.0,0.185,10557000000.0,7876000000.0,6775000000.0,11.16,11.04,11.16,26898000000.0,23778000000.0,26898000000.0,67197764673.0,9.0,6.365,5521000000.0,13.963,1.0,9486000000.0,0.166,17112000000.0,1101000000.0,52438000000.0,54327250000.0,8303000000.0,7407000000.0,0.0,7407000000.0,41577000000.0,11971000000.0,29606000000.0,53850764673.0,1622000000.0,685000000.0,79000000.0,-3350000000.0,-1479000000.0,-4731000000.0,-1469000000.0,106000000.0,7823000000.0,-1000000.0,4787000000.0,4447000000.0,4447000000.0,0.0,29000000.0,0.078,2656000000.0,6830000000.0,4590000000.0,0.344,2.002,12.109,11.935,17454000000.0,340000000.0,133.2,0.943,0.923,10012000000.0,21407000000.0,57080000000.0,57080000000.0,1747000000.0,0.064,0.187,0.145,0.138,-23000000.0,3024000000.0,1.0,404284616.0,395396000,430129000.0,144.362,52389000000.0,2707000000.0,1988000000.0,1286000000.0,132.498,13006000000.0
31,DD,MRT,2013-09-30,2013-09-30,2013-09-30,2021-08-25,-7070000000.0,70206000000.0,69814250000.0,25009000000.0,45197000000.0,0.811,60.65,-2427000000.0,5272000000.0,5272000000.0,47465000000.0,3037000000.0,2.085,1.882,18619000000.0,1132000000.0,17487000000.0,18619000000.0,0.0,2672000000.0,0.0,0.033,3.84,5788000000.0,8460000000.0,0.149,8460000000.0,5788000000.0,4639000000.0,6.93,6.63,6.93,24005000000.0,22272750000.0,24005000000.0,60414795663.0,10.0,7.141,4714000000.0,11.91,1.0,9146000000.0,0.162,17150000000.0,1149000000.0,54410000000.0,55550500000.0,8892000000.0,7081000000.0,0.0,7081000000.0,45188000000.0,11993000000.0,33195000000.0,46471795663.0,1387000000.0,189000000.0,201000000.0,-1931000000.0,-1853000000.0,-3584000000.0,-2183000000.0,16000000.0,7141000000.0,13000000.0,3108000000.0,2768000000.0,2768000000.0,0.0,-71000000.0,0.049,4297000000.0,4849000000.0,4864000000.0,0.554,1.936,16.789,16.623,17360000000.0,340000000.0,115.2,0.821,0.805,10117000000.0,20830000000.0,56611000000.0,56611000000.0,1733000000.0,0.04,0.124,0.104,0.102,-33000000.0,2927000000.0,1.0,403400601.0,395796000,398063000.0,143.031,53056000000.0,3681000000.0,1531000000.0,1349000000.0,134.049,13016000000.0
32,DD,MRT,2013-06-30,2013-06-30,2013-06-30,2021-08-25,-7526000000.0,70142000000.0,69604750000.0,25327000000.0,44815000000.0,0.812,58.708,-2483000000.0,4883000000.0,4883000000.0,47117000000.0,2943000000.0,2.008,1.979,18826000000.0,1351000000.0,17475000000.0,18826000000.0,0.0,2672000000.0,0.0,0.04,3.84,5748000000.0,8420000000.0,0.149,8420000000.0,5748000000.0,4545000000.0,6.69,6.42,6.69,23211000000.0,22229000000.0,23211000000.0,55484127306.0,10.0,6.59,4359000000.0,11.025,1.0,9397000000.0,0.166,17175000000.0,1203000000.0,54297000000.0,55775000000.0,8836000000.0,6714000000.0,0.0,6714000000.0,45942000000.0,12613000000.0,33329000000.0,38912127306.0,755000000.0,200000000.0,174000000.0,-2089000000.0,-1848000000.0,-3782000000.0,-2284000000.0,-1000000.0,6842000000.0,-21000000.0,3011000000.0,2671000000.0,2671000000.0,0.0,-68000000.0,0.047,4437000000.0,4960000000.0,4812000000.0,0.574,1.676,14.568,14.426,17202000000.0,340000000.0,96.51,0.689,0.675,10756000000.0,20620000000.0,56514000000.0,56514000000.0,1749000000.0,0.038,0.12,0.103,0.102,-28000000.0,2968000000.0,1.0,403192295.0,395363000,429396000.0,142.942,52967000000.0,3785000000.0,1534000000.0,1787000000.0,133.971,12714000000.0
33,DD,MRT,2013-03-31,2013-03-31,2013-03-31,2021-08-25,-7694000000.0,69304000000.0,69279750000.0,24248000000.0,45056000000.0,0.815,53.336,-2558000000.0,3514000000.0,3514000000.0,47214000000.0,1240000000.0,1.949,2.253,20086000000.0,1333000000.0,18753000000.0,20086000000.0,0.0,2687000000.0,0.0,0.04,3.84,3539000000.0,6226000000.0,0.11,6226000000.0,3539000000.0,2303000000.0,2.46,2.46,2.46,20998000000.0,22206500000.0,20998000000.0,55015609572.0,16.0,8.836,2015000000.0,5.118,1.0,9236000000.0,0.164,17272000000.0,1236000000.0,56164000000.0,55937750000.0,9335000000.0,6658000000.0,0.0,6658000000.0,47308000000.0,12440000000.0,34868000000.0,38346609572.0,-94000000.0,133000000.0,253000000.0,-607000000.0,-1761000000.0,-2144000000.0,-2460000000.0,-35000000.0,4573000000.0,-63000000.0,1320000000.0,980000000.0,980000000.0,0.0,-80000000.0,0.017,6417000000.0,2819000000.0,4938000000.0,1.561,1.826,39.129,38.829,17268000000.0,340000000.0,95.52,0.679,0.666,10750000000.0,18662000000.0,56450000000.0,56450000000.0,1738000000.0,0.014,0.044,0.063,0.063,-26000000.0,2926000000.0,1.0,401450704.0,393696000,395863000.0,143.385,52032000000.0,3863000000.0,983000000.0,1357000000.0,132.163,11808000000.0
34,DD,MRT,2012-12-31,2012-12-31,2012-12-31,2021-08-25,-7516000000.0,69605000000.0,69353250000.0,23684000000.0,45921000000.0,0.819,53.545,-2614000000.0,4318000000.0,4318000000.0,47792000000.0,1100000000.0,2.061,2.287,20987000000.0,1068000000.0,19919000000.0,20987000000.0,0.0,2698000000.0,0.0,0.037,3.63,3016000000.0,5714000000.0,0.101,5714000000.0,3016000000.0,1747000000.0,2.13,2.1,2.13,20877000000.0,22713500000.0,20877000000.0,55287088831.0,18.0,9.676,1461000000.0,3.747,1.0,8994000000.0,0.158,17450000000.0,1269000000.0,57331000000.0,55683250000.0,8476000000.0,6999000000.0,0.0,6999000000.0,47738000000.0,11493000000.0,36245000000.0,38770088831.0,-1126000000.0,168000000.0,295000000.0,-757000000.0,-2050000000.0,-2530000000.0,-2687000000.0,-241000000.0,4075000000.0,16000000.0,1182000000.0,842000000.0,842000000.0,0.0,-82000000.0,0.015,6637000000.0,2357000000.0,5010000000.0,1.704,1.857,46.045,45.534,17520000000.0,340000000.0,96.988,0.683,0.666,9992000000.0,18495000000.0,56786000000.0,56786000000.0,1708000000.0,0.012,0.037,0.054,0.053,-76000000.0,2861000000.0,1.0,399739866.0,389896000,392129000.0,145.644,52155000000.0,4210000000.0,565000000.0,1183000000.0,133.766,12191000000.0
35,DD,MRT,2012-09-30,2012-09-30,2012-09-30,2021-08-25,-5481000000.0,69368000000.0,69258000000.0,23465000000.0,45903000000.0,0.823,60.963,-2002000000.0,3885000000.0,3885000000.0,48286000000.0,1934000000.0,1.834,1.863,20402000000.0,2186000000.0,18216000000.0,20402000000.0,0.0,2759000000.0,0.0,0.039,3.42,4103000000.0,6862000000.0,0.12,6862000000.0,4103000000.0,2813000000.0,3.9,3.9,3.9,23830000000.0,23064500000.0,23830000000.0,51219879786.0,12.0,7.464,2543000000.0,6.506,1.0,8680000000.0,0.152,17782000000.0,1290000000.0,55308000000.0,54789250000.0,8630000000.0,7171000000.0,0.0,7171000000.0,44407000000.0,12795000000.0,31612000000.0,34690879786.0,1679000000.0,247000000.0,259000000.0,650000000.0,-1584000000.0,-538000000.0,-2275000000.0,-520000000.0,4545000000.0,-53000000.0,1878000000.0,1538000000.0,1538000000.0,0.0,56000000.0,0.027,5312000000.0,3368000000.0,4627000000.0,0.877,1.456,22.556,22.273,17557000000.0,340000000.0,86.865,0.609,0.596,11204000000.0,19591000000.0,56966000000.0,56966000000.0,1678000000.0,0.022,0.067,0.075,0.072,-68000000.0,2822000000.0,1.0,399365050.0,390896000,393163000.0,145.732,51586000000.0,3073000000.0,935000000.0,1522000000.0,131.969,10670000000.0
36,DD,MRT,2012-06-30,2012-06-30,2012-06-30,2021-08-25,-5967000000.0,68842000000.0,68653750000.0,23198000000.0,45644000000.0,0.851,59.3,-2031000000.0,4128000000.0,4128000000.0,49846000000.0,2246000000.0,1.837,1.93,20657000000.0,2353000000.0,18304000000.0,20657000000.0,0.0,2808000000.0,0.0,0.034,3.21,4360000000.0,7168000000.0,0.123,7168000000.0,4360000000.0,3083000000.0,4.74,4.71,4.74,23121000000.0,23145000000.0,23121000000.0,54623129471.0,13.0,7.62,2649000000.0,6.794,1.0,8592000000.0,0.147,17794000000.0,1277000000.0,54948000000.0,54276000000.0,8380000000.0,6975000000.0,2000000.0,6973000000.0,44618000000.0,12629000000.0,31989000000.0,37654129471.0,1905000000.0,201000000.0,255000000.0,744000000.0,-1497000000.0,-372000000.0,-2205000000.0,-384000000.0,4680000000.0,-198000000.0,2196000000.0,1856000000.0,1856000000.0,0.0,50000000.0,0.032,5172000000.0,3420000000.0,4586000000.0,0.677,1.629,20.288,19.937,17353000000.0,340000000.0,94.5,0.644,0.631,11116000000.0,19473000000.0,58438000000.0,58438000000.0,1646000000.0,0.027,0.08,0.08,0.075,-67000000.0,2774000000.0,1.0,398455998.0,389896000,392196000.0,149.881,51048000000.0,3044000000.0,887000000.0,1501000000.0,130.927,10569000000.0
37,DD,MRT,2012-03-31,2012-03-31,2012-03-31,2021-08-25,-5586000000.0,69598000000.0,68555000000.0,23911000000.0,45687000000.0,0.875,59.504,-2014000000.0,3608000000.0,3608000000.0,51197000000.0,2583000000.0,1.776,1.978,20577000000.0,2353000000.0,18224000000.0,20577000000.0,0.0,2831000000.0,0.0,0.029,3.0,4705000000.0,7536000000.0,0.126,7536000000.0,4705000000.0,3412000000.0,5.61,5.58,5.61,23026000000.0,23411000000.0,23026000000.0,57216927266.0,12.0,7.592,1989000000.0,5.14,1.0,8774000000.0,0.146,17956000000.0,1293000000.0,55146000000.0,54392750000.0,8882000000.0,6982000000.0,2000000.0,6980000000.0,45547000000.0,13465000000.0,32082000000.0,41060927266.0,46000000.0,168000000.0,304000000.0,-856000000.0,-1376000000.0,-1790000000.0,-2104000000.0,-247000000.0,4003000000.0,-66000000.0,2529000000.0,2189000000.0,2189000000.0,0.0,54000000.0,0.037,5148000000.0,3626000000.0,4944000000.0,0.535,1.783,18.758,18.524,17279000000.0,340000000.0,103.92,0.685,0.671,11771000000.0,19203000000.0,59971000000.0,59971000000.0,1651000000.0,0.032,0.094,0.087,0.078,-71000000.0,2795000000.0,1.0,395120152.0,386963000,389563000.0,154.979,51642000000.0,3119000000.0,883000000.0,1700000000.0,133.455,10446000000.0
38,DD,MRT,2011-12-31,2011-12-31,2011-12-31,2021-08-25,-5996000000.0,69224000000.0,68266000000.0,23422000000.0,45802000000.0,0.879,58.176,-2017000000.0,5444000000.0,5444000000.0,51029000000.0,2784000000.0,1.718,2.062,21600000000.0,3290000000.0,18310000000.0,21600000000.0,0.0,2883000000.0,0.0,0.031,2.7,4900000000.0,7783000000.0,0.13,7783000000.0,4900000000.0,3559000000.0,6.18,6.15,6.18,22281000000.0,23409750000.0,22281000000.0,51385619874.0,10.0,6.602,1862000000.0,4.862,1.0,8956000000.0,0.149,17991000000.0,1341000000.0,53755000000.0,54303500000.0,7577000000.0,7059000000.0,2000000.0,7057000000.0,45933000000.0,13634000000.0,32299000000.0,33988619874.0,-1595000000.0,128000000.0,315000000.0,-2557000000.0,-1258000000.0,-3362000000.0,-1994000000.0,-78000000.0,3879000000.0,-121000000.0,2742000000.0,2402000000.0,2402000000.0,0.0,42000000.0,0.04,5277000000.0,3679000000.0,4778000000.0,0.437,1.525,14.15,13.961,17299000000.0,340000000.0,86.28,0.567,0.551,10770000000.0,19087000000.0,59985000000.0,59985000000.0,1646000000.0,0.035,0.103,0.09,0.082,-23000000.0,2788000000.0,1.0,393933541.0,382996000,386063000.0,156.62,51233000000.0,3030000000.0,817000000.0,1602000000.0,133.769,9788000000.0
39,DD,MRT,2011-09-30,2011-09-30,2011-09-30,2021-08-25,-4290000000.0,66951000000.0,68357000000.0,21754000000.0,45197000000.0,0.873,62.88,-685000000.0,2206000000.0,2206000000.0,50414000000.0,3214000000.0,1.688,1.731,19603000000.0,2561000000.0,17042000000.0,19603000000.0,0.0,2897000000.0,0.0,0.036,2.4,5245000000.0,8142000000.0,0.136,8142000000.0,5245000000.0,3867000000.0,7.41,7.32,7.41,24152000000.0,23299250000.0,24152000000.0,44394936599.0,8.0,5.453,3008000000.0,7.831,1.0,9245000000.0,0.155,18206000000.0,1378000000.0,53255000000.0,54360500000.0,8416000000.0,6333000000.0,0.0,6333000000.0,41810000000.0,12887000000.0,28923000000.0,26529936599.0,-1017000000.0,-1734000000.0,391000000.0,-1940000000.0,-1139000000.0,-2584000000.0,-2109000000.0,337000000.0,3693000000.0,-20000000.0,3188000000.0,2848000000.0,2848000000.0,0.0,26000000.0,0.048,5648000000.0,3597000000.0,4429000000.0,0.324,1.098,9.315,9.093,17793000000.0,340000000.0,67.38,0.445,0.434,10449000000.0,19400000000.0,59659000000.0,59659000000.0,1656000000.0,0.042,0.122,0.096,0.088,-31000000.0,2745000000.0,1.0,393735679.0,384096000,386963000.0,155.323,48745000000.0,2684000000.0,679000000.0,1835000000.0,126.908,8867000000.0
40,DD,MRT,2011-06-30,2011-06-30,2011-06-30,2021-08-25,-3647000000.0,68447000000.0,68119500000.0,22699000000.0,45748000000.0,0.843,63.114,-531000000.0,2223000000.0,2223000000.0,48327000000.0,2908000000.0,1.826,1.795,20088000000.0,1577000000.0,18511000000.0,20088000000.0,0.0,2899000000.0,0.0,0.019,2.1,4927000000.0,7826000000.0,0.136,7826000000.0,4927000000.0,3492000000.0,6.66,6.6,6.66,24185000000.0,22737750000.0,24185000000.0,60152481760.0,12.0,7.686,2908000000.0,7.589,1.0,9091000000.0,0.158,18468000000.0,1435000000.0,55415000000.0,54078000000.0,8739000000.0,6290000000.0,0.0,6290000000.0,43408000000.0,12429000000.0,30979000000.0,42320481760.0,-845000000.0,-1684000000.0,391000000.0,-2240000000.0,-1020000000.0,-2755000000.0,-1706000000.0,320000000.0,3439000000.0,174000000.0,2885000000.0,2545000000.0,2545000000.0,0.0,23000000.0,0.044,5689000000.0,3402000000.0,4893000000.0,0.315,1.75,16.629,16.216,18049000000.0,340000000.0,108.0,0.737,0.721,11092000000.0,18877000000.0,57418000000.0,57418000000.0,1657000000.0,0.037,0.112,0.091,0.086,-31000000.0,2694000000.0,1.0,391855921.0,383196000,386963000.0,149.84,49979000000.0,2630000000.0,607000000.0,1708000000.0,130.427,10270000000.0
41,DD,MRT,2011-03-31,2011-03-31,2011-03-31,2021-08-25,-3881000000.0,68442000000.0,67156250000.0,22983000000.0,45459000000.0,0.819,60.609,-364000000.0,3562000000.0,3562000000.0,46356000000.0,2490000000.0,1.77,1.938,21394000000.0,2316000000.0,19078000000.0,21394000000.0,0.0,2936000000.0,0.0,0.016,1.8,4441000000.0,7377000000.0,0.134,7377000000.0,4441000000.0,2967000000.0,5.64,5.58,5.64,23021000000.0,21814000000.0,23021000000.0,60876644844.0,14.0,8.252,3577000000.0,9.417,1.0,8634000000.0,0.157,18501000000.0,1474000000.0,54789000000.0,52955750000.0,8132000000.0,6107000000.0,0.0,6107000000.0,44605000000.0,12984000000.0,31621000000.0,44088644844.0,639000000.0,-136000000.0,354000000.0,-2439000000.0,-1017000000.0,-2992000000.0,-416000000.0,191000000.0,3941000000.0,106000000.0,2469000000.0,2129000000.0,2129000000.0,0.0,21000000.0,0.039,5673000000.0,2961000000.0,4836000000.0,0.319,1.915,20.709,20.08,17785000000.0,340000000.0,113.25,0.802,0.782,10671000000.0,18187000000.0,54990000000.0,54990000000.0,1653000000.0,0.032,0.098,0.084,0.081,-28000000.0,2647000000.0,1.0,389303318.0,379830000,387063000.0,144.775,49941000000.0,2743000000.0,498000000.0,1813000000.0,131.483,9999000000.0
42,DD,MRT,2010-12-31,2010-12-31,2010-12-31,2021-08-25,-4399000000.0,69588000000.0,66932250000.0,24130000000.0,45458000000.0,0.802,58.191,-253000000.0,7039000000.0,7039000000.0,45780000000.0,2321000000.0,1.736,2.15,23827000000.0,3222000000.0,20605000000.0,23827000000.0,0.0,2962000000.0,0.0,0.018,1.8,4264000000.0,7226000000.0,0.135,7226000000.0,4264000000.0,2791000000.0,5.25,5.16,5.25,21839000000.0,21163000000.0,21839000000.0,57534486369.0,13.0,7.962,3849000000.0,10.256,1.0,7894000000.0,0.147,18497000000.0,1473000000.0,53983000000.0,52760250000.0,7087000000.0,6383000000.0,0.0,6383000000.0,46946000000.0,13896000000.0,33050000000.0,39626486369.0,4193000000.0,-74000000.0,276000000.0,460000000.0,-1014000000.0,-178000000.0,135000000.0,117000000.0,4102000000.0,88000000.0,2310000000.0,1970000000.0,1970000000.0,0.0,11000000.0,0.037,5126000000.0,2768000000.0,4356000000.0,0.343,1.814,20.115,19.509,17668000000.0,340000000.0,102.42,0.738,0.716,9432000000.0,17736000000.0,53674000000.0,53674000000.0,1660000000.0,0.029,0.093,0.081,0.079,-20000000.0,2609000000.0,1.0,386901452.0,375296000,381263000.0,143.018,51091000000.0,2690000000.0,481000000.0,1749000000.0,136.135,10234000000.0
43,DD,MRT,2010-09-30,2010-09-30,2010-09-30,2021-08-25,-3810000000.0,66001000000.0,66039750000.0,20669000000.0,45332000000.0,0.793,58.261,-1752000000.0,3223000000.0,3223000000.0,44822000000.0,1986000000.0,1.571,1.981,21131000000.0,3101000000.0,18030000000.0,21131000000.0,0.0,3011000000.0,0.0,0.022,1.8,3800000000.0,6811000000.0,0.13,6811000000.0,3800000000.0,2291000000.0,4.35,4.32,4.35,21906000000.0,20842000000.0,21906000000.0,49999347195.0,13.0,7.341,1919000000.0,5.104,1.0,7547000000.0,0.144,18625000000.0,1509000000.0,52125000000.0,52579750000.0,7283000000.0,6243000000.0,4000000.0,6239000000.0,43397000000.0,13159000000.0,30238000000.0,31849347195.0,642000000.0,1237000000.0,149000000.0,-3521000000.0,-1011000000.0,-4377000000.0,1229000000.0,1399000000.0,3671000000.0,73000000.0,1971000000.0,1631000000.0,1631000000.0,0.0,15000000.0,0.031,6568000000.0,979000000.0,3978000000.0,0.414,1.454,19.527,18.938,17416000000.0,340000000.0,82.38,0.608,0.591,9917000000.0,17478000000.0,52369000000.0,52369000000.0,1636000000.0,0.025,0.078,0.072,0.073,-13000000.0,2648000000.0,1.0,386614656.0,375996000,381830000.0,139.281,47376000000.0,2451000000.0,320000000.0,1690000000.0,126.001,7510000000.0
44,DD,MRT,2010-06-30,2010-06-30,2010-06-30,2021-08-25,-4780000000.0,64594000000.0,66297000000.0,20080000000.0,44514000000.0,0.778,54.621,-1521000000.0,3293000000.0,3293000000.0,44367000000.0,2184000000.0,1.504,2.119,21443000000.0,3335000000.0,18108000000.0,21443000000.0,0.0,3047000000.0,0.0,0.025,1.8,4215000000.0,7262000000.0,0.141,7262000000.0,4215000000.0,2580000000.0,4.92,4.86,4.92,20490000000.0,20547750000.0,20490000000.0,47672983468.0,11.0,6.565,1774000000.0,4.729,1.0,7180000000.0,0.139,18471000000.0,1635000000.0,50926000000.0,53853250000.0,6933000000.0,6079000000.0,6000000.0,6073000000.0,43427000000.0,13347000000.0,30080000000.0,27393983468.0,420000000.0,2633000000.0,137000000.0,-3352000000.0,-1009000000.0,-4736000000.0,1799000000.0,1280000000.0,3295000000.0,16000000.0,2170000000.0,1830000000.0,1830000000.0,4000000.0,14000000.0,0.036,5755000000.0,1425000000.0,4211000000.0,0.366,1.337,14.969,14.463,16973000000.0,340000000.0,71.16,0.531,0.518,9526000000.0,17140000000.0,51547000000.0,51547000000.0,1633000000.0,0.028,0.089,0.078,0.082,-13000000.0,2691000000.0,1.0,384962845.0,375130000,380530000.0,137.411,46123000000.0,2490000000.0,410000000.0,1622000000.0,122.952,6733000000.0
45,DD,MRT,2010-03-31,2010-03-31,2010-03-31,2021-08-25,-4258000000.0,67546000000.0,66690500000.0,21311000000.0,46235000000.0,0.739,54.811,-1449000000.0,2923000000.0,2923000000.0,42551000000.0,1193000000.0,1.43,2.275,23202000000.0,4367000000.0,18835000000.0,23202000000.0,0.0,3076000000.0,0.0,0.02,1.8,2999000000.0,6075000000.0,0.123,6075000000.0,2999000000.0,1206000000.0,2.01,1.95,2.01,20417000000.0,20355000000.0,20417000000.0,53540880060.0,18.0,8.813,689000000.0,1.85,1.0,6700000000.0,0.136,18913000000.0,1793000000.0,54007000000.0,55526000000.0,7020000000.0,5805000000.0,0.0,5805000000.0,46454000000.0,14905000000.0,31549000000.0,34013880060.0,-33000000.0,-13998000000.0,1576000000.0,4983000000.0,-895000000.0,12051000000.0,-14392000000.0,1332000000.0,2138000000.0,124000000.0,1175000000.0,778000000.0,778000000.0,-99000000.0,18000000.0,0.016,6467000000.0,233000000.0,4652000000.0,0.896,1.666,43.72,44.134,17332000000.0,397000000.0,88.71,0.691,0.671,10703000000.0,16746000000.0,49251000000.0,49251000000.0,1607000000.0,0.012,0.038,0.054,0.061,-11000000.0,2706000000.0,1.0,383427416.0,372496000,379296000.0,132.219,48633000000.0,2838000000.0,31000000.0,1733000000.0,130.56,6406000000.0
46,DD,MRT,2009-12-31,2009-12-31,2009-12-31,2021-08-25,-3892000000.0,66018000000.0,60843750000.0,19542000000.0,46476000000.0,0.738,59.112,-1389000000.0,2846000000.0,2846000000.0,39148000000.0,676000000.0,1.491,2.184,22373000000.0,3221000000.0,19152000000.0,22373000000.0,0.0,2827000000.0,0.0,0.022,1.8,2122000000.0,4949000000.0,0.11,4949000000.0,2122000000.0,551000000.0,0.96,0.96,0.96,20555000000.0,18529750000.0,20555000000.0,52704866821.0,25.0,10.65,686000000.0,1.973,1.0,5727000000.0,0.128,19179000000.0,1571000000.0,53261000000.0,52076750000.0,6847000000.0,5995000000.0,0.0,5995000000.0,44894000000.0,13105000000.0,31789000000.0,31600866821.0,46000000.0,-14060000000.0,1516000000.0,6075000000.0,-1030000000.0,12659000000.0,-14767000000.0,1395000000.0,2075000000.0,79000000.0,648000000.0,336000000.0,336000000.0,-110000000.0,28000000.0,0.007,6138000000.0,-411000000.0,4153000000.0,1.875,1.537,94.05,86.344,18141000000.0,312000000.0,82.89,0.704,0.642,9405000000.0,16704000000.0,44875000000.0,44875000000.0,1492000000.0,0.006,0.018,0.041,0.047,-10000000.0,2487000000.0,1.0,381238210.0,347730000,351296000.0,129.051,46839000000.0,2693000000.0,-97000000.0,1621000000.0,134.699,6437000000.0
47,DD,MRT,2009-09-30,2009-09-30,2009-09-30,2021-08-25,-3613000000.0,67030000000.0,55707750000.0,19027000000.0,48003000000.0,0.777,56.106,-1265000000.0,2581000000.0,2581000000.0,38747000000.0,-1042000000.0,1.543,2.209,23685000000.0,3054000000.0,20631000000.0,23685000000.0,0.0,2578000000.0,0.0,0.033,2.61,149000000.0,2727000000.0,0.063,2727000000.0,149000000.0,-1210000000.0,-4.41,-4.35,-4.41,20729000000.0,16768750000.0,20729000000.0,50933895244.0,342.0,18.678,1655000000.0,4.479,1.0,4512000000.0,0.104,18581000000.0,1359000000.0,57219000000.0,48061250000.0,6970000000.0,5890000000.0,0.0,5890000000.0,45785000000.0,12334000000.0,33451000000.0,29813895244.0,320000000.0,-13872000000.0,1528000000.0,6894000000.0,-1168000000.0,13337000000.0,-16015000000.0,-165000000.0,2920000000.0,78000000.0,-1076000000.0,-1303000000.0,-1303000000.0,-119000000.0,34000000.0,-0.03,5182000000.0,-670000000.0,3643000000.0,-0.592,1.438,-22.881,-17.735,17937000000.0,227000000.0,78.21,0.689,0.668,9128000000.0,16785000000.0,43259000000.0,43259000000.0,1383000000.0,-0.023,-0.078,0.003,0.003,0.0,2246000000.0,1.0,381202729.0,369463000,373563000.0,117.086,48449000000.0,2688000000.0,-134000000.0,1546000000.0,131.134,6693000000.0
48,DD,MRT,2009-06-30,2009-06-30,2009-06-30,2021-08-25,-4047000000.0,66168000000.0,51491500000.0,18383000000.0,47785000000.0,0.905,57.653,-1627000000.0,2648000000.0,2648000000.0,42310000000.0,-1389000000.0,1.652,2.33,23768000000.0,1785000000.0,21983000000.0,23768000000.0,0.0,2364000000.0,0.0,0.071,3.42,-571000000.0,1793000000.0,0.038,1793000000.0,-571000000.0,-1602000000.0,-4.95,-4.86,-4.95,19719000000.0,16351000000.0,19719000000.0,24950812102.0,-44.0,13.916,1731000000.0,5.061,1.0,4274000000.0,0.092,18544000000.0,1031000000.0,57617000000.0,44185750000.0,6684000000.0,5848000000.0,0.0,5848000000.0,45945000000.0,11127000000.0,34818000000.0,14942812102.0,537000000.0,-15309000000.0,1439000000.0,7657000000.0,-1304000000.0,14315000000.0,-17142000000.0,-206000000.0,3358000000.0,6000000.0,-1444000000.0,-1586000000.0,-1586000000.0,-131000000.0,55000000.0,-0.034,5714000000.0,-1440000000.0,3394000000.0,-0.691,0.758,-9.422,-9.782,17377000000.0,142000000.0,48.42,0.321,0.356,8932000000.0,16242000000.0,46584000000.0,46584000000.0,1317000000.0,-0.031,-0.097,-0.013,-0.012,-6000000.0,2060000000.0,1.0,308607955.0,342030000,345163000.0,136.199,47624000000.0,2810000000.0,-158000000.0,1664000000.0,139.239,7256000000.0
49,DD,MRT,2009-03-31,2009-03-31,2009-03-31,2021-08-25,-4674000000.0,44159000000.0,47987750000.0,15606000000.0,28553000000.0,1.076,42.52,-1899000000.0,2956000000.0,2956000000.0,47167000000.0,-276000000.0,1.6,2.362,12964000000.0,2067000000.0,10897000000.0,12964000000.0,0.0,2170000000.0,0.0,0.167,4.23,649000000.0,2819000000.0,0.055,2819000000.0,649000000.0,-8000000.0,-1.08,-1.02,-1.08,13116000000.0,16395250000.0,13116000000.0,16848168934.0,26.0,5.977,2288000000.0,7.417,1.0,4444000000.0,0.086,4205000000.0,657000000.0,40210000000.0,40440500000.0,5916000000.0,5128000000.0,0.0,5128000000.0,30980000000.0,9752000000.0,21228000000.0,7792168934.0,1283000000.0,-306000000.0,-441000000.0,2154000000.0,-1556000000.0,-216000000.0,-2623000000.0,-365000000.0,4187000000.0,-65000000.0,-338000000.0,-338000000.0,-338000000.0,-33000000.0,62000000.0,-0.007,4704000000.0,-260000000.0,2885000000.0,-3.917,0.594,-23.054,-23.417,13823000000.0,0.0,25.29,0.151,0.151,6869000000.0,16896000000.0,51611000000.0,51611000000.0,1271000000.0,-0.007,-0.021,0.016,0.013,-8000000.0,1911000000.0,1.0,308112343.0,308464000,310664000.0,167.316,39954000000.0,4066000000.0,330000000.0,982000000.0,129.526,5854000000.0
50,DD,MRT,2008-12-31,2008-12-31,2008-12-31,2021-08-25,-4389000000.0,45474000000.0,49612250000.0,16060000000.0,29414000000.0,1.156,43.566,-2024000000.0,2800000000.0,2800000000.0,51913000000.0,654000000.0,1.225,2.361,11856000000.0,3814000000.0,8042000000.0,11856000000.0,0.0,2236000000.0,0.0,0.111,5.04,1878000000.0,4114000000.0,0.072,4114000000.0,1878000000.0,1230000000.0,1.86,1.86,1.86,13511000000.0,18053500000.0,13511000000.0,24085712010.0,13.0,5.855,2687000000.0,8.664,1.0,5448000000.0,0.095,4223000000.0,648000000.0,37199000000.0,40768000000.0,6036000000.0,5725000000.0,0.0,5725000000.0,31894000000.0,13108000000.0,18786000000.0,13939712010.0,1064000000.0,-270000000.0,-826000000.0,1518000000.0,-1563000000.0,-978000000.0,-2737000000.0,-380000000.0,4711000000.0,68000000.0,579000000.0,579000000.0,579000000.0,-28000000.0,75000000.0,0.01,4682000000.0,766000000.0,3306000000.0,2.71,1.032,24.075,24.339,14294000000.0,0.0,45.27,0.243,0.245,7132000000.0,17013000000.0,57361000000.0,57361000000.0,1310000000.0,0.012,0.032,0.046,0.033,-8000000.0,1966000000.0,1.0,307923527.0,310130000,312997000.0,184.958,41251000000.0,4268000000.0,651000000.0,1471000000.0,133.012,2952000000.0
51,DD,MRT,2008-09-30,2008-09-30,2008-09-30,2021-08-25,-687000000.0,50165000000.0,50444000000.0,19676000000.0,30489000000.0,1.202,61.797,-2137000000.0,2261000000.0,2261000000.0,53913000000.0,2764000000.0,1.391,1.629,12407000000.0,4150000000.0,8257000000.0,12407000000.0,0.0,2270000000.0,0.0,0.053,5.04,3898000000.0,6168000000.0,0.102,6168000000.0,3898000000.0,3281000000.0,8.34,8.28,8.34,19058000000.0,19419500000.0,19058000000.0,38676208343.0,10.0,6.27,1555000000.0,5.042,1.0,6720000000.0,0.111,4445000000.0,617000000.0,41717000000.0,41463750000.0,7542000000.0,5974000000.0,11000000.0,5963000000.0,31037000000.0,14149000000.0,16888000000.0,29395208343.0,316000000.0,-342000000.0,-1069000000.0,1968000000.0,-1571000000.0,-760000000.0,-2709000000.0,-149000000.0,3692000000.0,93000000.0,2603000000.0,2603000000.0,2603000000.0,-36000000.0,161000000.0,0.043,4604000000.0,2116000000.0,4227000000.0,0.604,1.542,11.293,11.432,14298000000.0,0.0,95.34,0.485,0.485,9901000000.0,18954000000.0,60633000000.0,60633000000.0,1354000000.0,0.052,0.134,0.094,0.064,-25000000.0,1999000000.0,1.0,308319477.0,308397000,311330000.0,196.607,45720000000.0,2535000000.0,678000000.0,1604000000.0,148.25,5527000000.0
52,DD,MRT,2008-06-30,2008-06-30,2008-06-30,2021-08-25,374000000.0,52153000000.0,49820000000.0,21331000000.0,30822000000.0,1.181,64.195,-2028000000.0,2111000000.0,2111000000.0,51828000000.0,2719000000.0,1.483,1.609,11392000000.0,3276000000.0,8116000000.0,11392000000.0,0.0,2292000000.0,0.0,0.048,5.04,4340000000.0,6632000000.0,0.113,6632000000.0,4340000000.0,3735000000.0,8.22,8.16,8.22,19896000000.0,19072000000.0,19896000000.0,41140723039.0,9.0,6.203,1910000000.0,6.163,1.0,7023000000.0,0.119,4411000000.0,605000000.0,42636000000.0,40938500000.0,7690000000.0,6010000000.0,2000000.0,6008000000.0,32020000000.0,14387000000.0,17633000000.0,32480723039.0,135000000.0,-419000000.0,-1224000000.0,1490000000.0,-1581000000.0,-1345000000.0,-2637000000.0,-109000000.0,3938000000.0,179000000.0,2578000000.0,2578000000.0,2578000000.0,-28000000.0,141000000.0,0.044,4489000000.0,2534000000.0,5493000000.0,0.613,1.633,12.599,12.741,14624000000.0,0.0,104.73,0.552,0.552,11729000000.0,18919000000.0,58851000000.0,58851000000.0,1349000000.0,0.052,0.135,0.106,0.074,-20000000.0,1978000000.0,1.0,310137406.0,309930000,313130000.0,189.885,47742000000.0,2455000000.0,1157000000.0,1525000000.0,154.041,6944000000.0
53,DD,MRT,2008-03-31,2008-03-31,2008-03-31,2021-08-25,415000000.0,50657000000.0,48510500000.0,20136000000.0,30521000000.0,1.15,62.889,-1893000000.0,1673000000.0,1673000000.0,48605000000.0,2977000000.0,1.502,1.543,10333000000.0,2941000000.0,7392000000.0,10333000000.0,0.0,2256000000.0,0.0,0.046,5.04,4632000000.0,6888000000.0,0.124,6888000000.0,4632000000.0,4049000000.0,9.03,8.94,9.03,19749000000.0,18458250000.0,19749000000.0,42603162331.0,9.0,6.185,2502000000.0,7.967,1.0,7162000000.0,0.128,4393000000.0,583000000.0,41520000000.0,40051750000.0,7688000000.0,5871000000.0,1000000.0,5870000000.0,30478000000.0,13404000000.0,17074000000.0,34624162331.0,-704000000.0,-988000000.0,-1185000000.0,353000000.0,-1548000000.0,-2409000000.0,-2858000000.0,62000000.0,4395000000.0,168000000.0,2855000000.0,2855000000.0,2855000000.0,-23000000.0,122000000.0,0.051,4340000000.0,2822000000.0,4834000000.0,0.558,1.753,12.128,12.243,14545000000.0,0.0,110.55,0.621,0.623,10944000000.0,18542000000.0,55767000000.0,55767000000.0,1334000000.0,0.059,0.155,0.116,0.083,-22000000.0,1941000000.0,1.0,313198803.0,314030000,317197000.0,177.585,46264000000.0,2520000000.0,1194000000.0,1721000000.0,147.324,6732000000.0
54,DD,MRT,2007-12-31,2007-12-31,2007-12-31,2021-08-25,-170000000.0,48801000000.0,47353750000.0,18654000000.0,30147000000.0,1.127,59.727,-1864000000.0,1736000000.0,1736000000.0,46302000000.0,2985000000.0,1.499,1.55,9715000000.0,2134000000.0,7581000000.0,9715000000.0,0.0,2190000000.0,0.0,0.041,4.905,4701000000.0,6891000000.0,0.129,6891000000.0,4701000000.0,4117000000.0,9.09,8.97,9.09,18975000000.0,17757750000.0,18975000000.0,44979819600.0,10.0,6.527,2620000000.0,8.247,1.0,7073000000.0,0.133,4353000000.0,584000000.0,39982000000.0,39344250000.0,6885000000.0,5964000000.0,1000000.0,5963000000.0,29412000000.0,12445000000.0,16967000000.0,37227819600.0,-1021000000.0,-1010000000.0,-1083000000.0,-113000000.0,-1512000000.0,-2728000000.0,-2858000000.0,46000000.0,4484000000.0,81000000.0,2887000000.0,2887000000.0,2887000000.0,-23000000.0,98000000.0,0.054,4197000000.0,2876000000.0,4555000000.0,0.54,1.962,12.895,13.01,14388000000.0,0.0,118.26,0.697,0.704,10069000000.0,18004000000.0,53375000000.0,53375000000.0,1305000000.0,0.061,0.163,0.119,0.088,-31000000.0,1861000000.0,1.0,314796063.0,317697000,321863000.0,168.006,44448000000.0,2474000000.0,1230000000.0,1699000000.0,139.907,6209000000.0
55,DD,MRT,2007-09-30,2007-09-30,2007-09-30,2021-08-25,-1560000000.0,47669000000.0,46548750000.0,18253000000.0,29416000000.0,1.107,55.859,-2037000000.0,1945000000.0,1945000000.0,44366000000.0,3390000000.0,1.583,1.675,9697000000.0,1678000000.0,8019000000.0,9697000000.0,0.0,2131000000.0,0.0,0.037,4.77,5562000000.0,7693000000.0,0.149,7693000000.0,5562000000.0,4985000000.0,10.62,10.47,10.62,17668000000.0,17189000000.0,17668000000.0,48577166971.0,9.0,6.314,2467000000.0,7.8,1.0,7156000000.0,0.139,4271000000.0,577000000.0,39616000000.0,38866250000.0,6772000000.0,6020000000.0,1000000.0,6019000000.0,29601000000.0,11534000000.0,18067000000.0,40909166971.0,-1189000000.0,-481000000.0,-816000000.0,-767000000.0,-1475000000.0,-3084000000.0,-2671000000.0,-138000000.0,4504000000.0,62000000.0,3390000000.0,3390000000.0,3390000000.0,0.0,0.0,0.066,3353000000.0,3803000000.0,4233000000.0,0.449,2.315,12.068,12.164,14210000000.0,0.0,129.18,0.794,0.793,9839000000.0,17941000000.0,51522000000.0,51522000000.0,1259000000.0,0.073,0.197,0.143,0.108,-25000000.0,1824000000.0,1.0,316683125.0,316297000,320497000.0,162.891,43398000000.0,3170000000.0,1595000000.0,1843000000.0,137.206,6719000000.0
56,DD,MRT,2007-06-30,2007-06-30,2007-06-30,2021-08-25,-1986000000.0,46915000000.0,46275750000.0,18029000000.0,28886000000.0,1.087,54.801,-1924000000.0,1976000000.0,1976000000.0,43102000000.0,3499000000.0,1.596,1.668,9644000000.0,1678000000.0,7966000000.0,9644000000.0,0.0,2109000000.0,0.0,0.035,4.635,5156000000.0,7265000000.0,0.144,7265000000.0,5156000000.0,4572000000.0,10.95,10.8,10.95,17441000000.0,16881500000.0,17441000000.0,49423937605.0,10.0,6.803,2257000000.0,7.092,1.0,7190000000.0,0.143,4197000000.0,584000000.0,39089000000.0,38935250000.0,6497000000.0,5482000000.0,79000000.0,5403000000.0,29085000000.0,11297000000.0,17788000000.0,42151937605.0,-1186000000.0,-488000000.0,-698000000.0,-705000000.0,-1437000000.0,-2869000000.0,-2500000000.0,32000000.0,4181000000.0,2000000.0,3499000000.0,3499000000.0,3499000000.0,0.0,0.0,0.07,3836000000.0,3354000000.0,4185000000.0,0.423,2.417,12.047,12.115,13895000000.0,0.0,132.66,0.838,0.84,9570000000.0,17940000000.0,50292000000.0,50292000000.0,1221000000.0,0.076,0.207,0.132,0.103,-21000000.0,1768000000.0,1.0,317743822.0,318263000,322663000.0,158.02,42718000000.0,3737000000.0,1073000000.0,1822000000.0,134.222,6732000000.0
57,DD,MRT,2007-03-31,2007-03-31,2007-03-31,2021-08-25,-2088000000.0,46030000000.0,46082750000.0,17824000000.0,28206000000.0,1.075,52.784,-1820000000.0,2377000000.0,2377000000.0,42328000000.0,3483000000.0,1.634,1.694,9649000000.0,1674000000.0,7975000000.0,9649000000.0,0.0,2088000000.0,0.0,0.033,4.5,5195000000.0,7283000000.0,0.147,7283000000.0,5195000000.0,4589000000.0,10.86,10.74,10.86,16947000000.0,16637750000.0,16947000000.0,50776039100.0,10.0,6.972,2171000000.0,6.762,1.0,7208000000.0,0.146,3707000000.0,606000000.0,38690000000.0,39167000000.0,6106000000.0,5407000000.0,188000000.0,5219000000.0,28705000000.0,10905000000.0,17800000000.0,43987039100.0,-1012000000.0,220000000.0,-527000000.0,-1239000000.0,-1439000000.0,-3247000000.0,-1753000000.0,-44000000.0,3991000000.0,-3000000.0,3483000000.0,3483000000.0,3483000000.0,0.0,0.0,0.07,3796000000.0,3412000000.0,3701000000.0,0.414,2.596,12.629,12.669,13644000000.0,0.0,137.58,0.888,0.892,9040000000.0,17306000000.0,49536000000.0,49536000000.0,1188000000.0,0.076,0.209,0.133,0.105,-15000000.0,1693000000.0,1.0,319719400.0,321063000,325297000.0,154.287,42323000000.0,4157000000.0,1106000000.0,2264000000.0,131.821,6919000000.0
58,DD,MRT,2006-12-31,2006-12-31,2006-12-31,2021-08-25,-2235000000.0,45581000000.0,45966250000.0,17209000000.0,28372000000.0,1.069,52.063,-1775000000.0,2757000000.0,2757000000.0,41526000000.0,3724000000.0,1.623,1.708,9546000000.0,1510000000.0,8036000000.0,9546000000.0,0.0,2074000000.0,0.0,0.038,4.5,5495000000.0,7569000000.0,0.154,7569000000.0,5495000000.0,4879000000.0,11.61,11.46,11.61,16700000000.0,16314250000.0,16700000000.0,45185822219.0,8.0,5.97,2379000000.0,7.417,1.0,7598000000.0,0.155,3699000000.0,616000000.0,38070000000.0,39323000000.0,6058000000.0,5319000000.0,153000000.0,5166000000.0,28516000000.0,10601000000.0,17915000000.0,38111822219.0,-1049000000.0,185000000.0,-516000000.0,-1336000000.0,-1404000000.0,-3302000000.0,-1907000000.0,-109000000.0,4154000000.0,6000000.0,3724000000.0,3724000000.0,3724000000.0,0.0,0.0,0.076,3782000000.0,3816000000.0,3825000000.0,0.388,2.282,10.234,10.31,13722000000.0,0.0,119.7,0.776,0.782,8336000000.0,16987000000.0,49124000000.0,49124000000.0,1164000000.0,0.081,0.228,0.14,0.112,-11000000.0,1663000000.0,1.0,318394186.0,320763000,324797000.0,153.147,41882000000.0,4199000000.0,1155000000.0,1819000000.0,130.57,6608000000.0
59,DD,MRT,2006-09-30,2006-09-30,2006-09-30,2021-08-25,-1738000000.0,46577000000.0,46054500000.0,17880000000.0,28697000000.0,1.06,51.417,-1678000000.0,3134000000.0,3134000000.0,41056000000.0,3845000000.0,1.772,1.812,10208000000.0,1009000000.0,9199000000.0,10208000000.0,0.0,2116000000.0,0.0,0.037,4.38,5926000000.0,8042000000.0,0.165,8042000000.0,5926000000.0,5305000000.0,11.94,11.79,11.94,16438000000.0,15886250000.0,16438000000.0,44449724599.0,8.0,5.527,2166000000.0,6.775,1.0,7749000000.0,0.159,3671000000.0,621000000.0,39892000000.0,39452500000.0,6118000000.0,5026000000.0,35000000.0,4991000000.0,29785000000.0,10088000000.0,19697000000.0,37394724599.0,-45000000.0,-97000000.0,-498000000.0,-733000000.0,-1367000000.0,-2656000000.0,-1229000000.0,1014000000.0,3844000000.0,-4000000.0,3845000000.0,3845000000.0,3845000000.0,0.0,0.0,0.079,2822000000.0,4927000000.0,3580000000.0,0.367,2.275,9.726,9.794,13358000000.0,0.0,116.94,0.766,0.766,8596000000.0,16371000000.0,48805000000.0,48805000000.0,1139000000.0,0.083,0.242,0.15,0.121,19000000.0,1602000000.0,1.0,319776699.0,319697000,323297000.0,152.66,42906000000.0,3755000000.0,1460000000.0,1943000000.0,134.208,7792000000.0
60,DD,MRT,2006-06-30,2006-06-30,2006-06-30,2021-08-25,-1652000000.0,46143000000.0,45844500000.0,17398000000.0,28745000000.0,1.041,51.27,-1645000000.0,3162000000.0,3162000000.0,40066000000.0,4134000000.0,1.812,1.781,10217000000.0,969000000.0,9248000000.0,10217000000.0,0.0,2075000000.0,0.0,0.036,4.26,6419000000.0,8494000000.0,0.178,8494000000.0,6419000000.0,5785000000.0,12.84,12.66,12.84,16466000000.0,15359250000.0,16466000000.0,44789244656.0,7.0,5.273,2322000000.0,7.23,1.0,7641000000.0,0.16,3580000000.0,634000000.0,40016000000.0,39506000000.0,5849000000.0,4849000000.0,36000000.0,4813000000.0,29331000000.0,9602000000.0,19729000000.0,37535244656.0,0.0,14000000.0,-360000000.0,-1187000000.0,-1330000000.0,-2940000000.0,-1093000000.0,901000000.0,3967000000.0,66000000.0,4134000000.0,4134000000.0,4134000000.0,0.0,0.0,0.087,2140000000.0,5501000000.0,3730000000.0,0.332,2.28,9.08,9.119,13656000000.0,0.0,117.09,0.787,0.788,8301000000.0,16226000000.0,47707000000.0,47707000000.0,1112000000.0,0.09,0.269,0.162,0.135,18000000.0,1561000000.0,1.0,320567146.0,321163000,325197000.0,148.545,42563000000.0,3893000000.0,1651000000.0,1980000000.0,132.528,7796000000.0
61,DD,MRT,2006-03-31,2006-03-31,2006-03-31,2021-08-25,-1881000000.0,45564000000.0,45530500000.0,17261000000.0,28303000000.0,1.025,48.517,-1613000000.0,3389000000.0,3389000000.0,38742000000.0,4376000000.0,1.741,1.889,10643000000.0,1463000000.0,9180000000.0,10643000000.0,0.0,2056000000.0,0.0,0.034,4.14,6705000000.0,8761000000.0,0.188,8761000000.0,6705000000.0,6034000000.0,13.59,13.41,13.59,15653000000.0,14670000000.0,15653000000.0,46177029722.0,7.0,5.271,2486000000.0,7.705,1.0,7906000000.0,0.169,3589000000.0,671000000.0,39314000000.0,39481250000.0,5982000000.0,4659000000.0,35000000.0,4624000000.0,29563000000.0,9915000000.0,19648000000.0,39277029722.0,32000000.0,98000000.0,-178000000.0,-1511000000.0,-1292000000.0,-3046000000.0,-943000000.0,935000000.0,4099000000.0,-78000000.0,4376000000.0,4376000000.0,4376000000.0,0.0,0.0,0.094,2102000000.0,5804000000.0,3566000000.0,0.305,2.509,8.976,8.962,13549000000.0,0.0,121.8,0.842,0.842,7817000000.0,15567000000.0,46648000000.0,46648000000.0,1096000000.0,0.096,0.298,0.17,0.144,31000000.0,1542000000.0,1.0,322471186.0,322630000,326897000.0,144.587,41975000000.0,3835000000.0,1658000000.0,2092000000.0,130.103,7346000000.0
62,DD,MRT,2005-12-31,2005-12-31,2005-12-31,2021-08-25,-1949000000.0,45934000000.0,45632500000.0,17404000000.0,28530000000.0,1.015,46.682,-1597000000.0,3806000000.0,3806000000.0,38276000000.0,4515000000.0,1.632,2.042,10706000000.0,1520000000.0,9186000000.0,10706000000.0,0.0,2079000000.0,0.0,0.031,4.02,6999000000.0,9078000000.0,0.196,9078000000.0,6999000000.0,6297000000.0,14.07,13.86,14.07,14988000000.0,14018000000.0,14988000000.0,50003277903.0,7.0,5.508,2877000000.0,8.961,1.0,8031000000.0,0.173,3583000000.0,702000000.0,38588000000.0,39906750000.0,5319000000.0,4747000000.0,32000000.0,4715000000.0,30610000000.0,10663000000.0,19947000000.0,42291277903.0,698000000.0,-4000000.0,330000000.0,-1481000000.0,-1287000000.0,-2508000000.0,-1096000000.0,768000000.0,4474000000.0,-172000000.0,4515000000.0,4515000000.0,4515000000.0,0.0,0.0,0.098,2032000000.0,5999000000.0,3931000000.0,0.286,2.822,9.367,9.343,13537000000.0,0.0,131.46,0.913,0.911,8200000000.0,14719000000.0,46307000000.0,46307000000.0,1073000000.0,0.099,0.322,0.175,0.151,85000000.0,1545000000.0,1.0,321704211.0,321063000,325597000.0,144.23,42351000000.0,3979000000.0,1782000000.0,2089000000.0,131.909,6741000000.0
63,DD,MRT,2005-09-30,2005-09-30,2005-09-30,2021-08-25,-1689000000.0,45737000000.0,45620250000.0,16850000000.0,28887000000.0,0.994,44.54,-1487000000.0,3179000000.0,3179000000.0,37542000000.0,4445000000.0,1.732,2.168,10891000000.0,922000000.0,9969000000.0,10891000000.0,0.0,2020000000.0,0.0,0.032,4.02,6502000000.0,8522000000.0,0.188,8522000000.0,6502000000.0,5773000000.0,13.92,13.71,13.92,14330000000.0,13226250000.0,14330000000.0,48422992125.0,7.0,5.682,3169000000.0,9.85,1.0,7784000000.0,0.172,3615000000.0,729000000.0,40106000000.0,40554250000.0,5450000000.0,4668000000.0,31000000.0,4637000000.0,31074000000.0,9728000000.0,21346000000.0,40193992125.0,777000000.0,140000000.0,581000000.0,-1416000000.0,-1278000000.0,-2181000000.0,-1617000000.0,-270000000.0,4656000000.0,-86000000.0,4445000000.0,4445000000.0,4445000000.0,0.0,0.0,0.098,2352000000.0,5432000000.0,3478000000.0,0.289,2.805,9.043,8.981,13330000000.0,0.0,125.01,0.887,0.887,7938000000.0,13952000000.0,45326000000.0,45326000000.0,1051000000.0,0.097,0.336,0.16,0.143,114000000.0,1538000000.0,1.0,321525893.0,321730000,326130000.0,140.882,42122000000.0,4425000000.0,1328000000.0,2364000000.0,130.923,7122000000.0
64,DD,MRT,2005-06-30,2005-06-30,2005-06-30,2021-08-25,-1757000000.0,44887000000.0,45023250000.0,16073000000.0,28814000000.0,0.98,42.659,-1425000000.0,3162000000.0,3162000000.0,36629000000.0,4261000000.0,1.68,2.25,11391000000.0,1368000000.0,10023000000.0,11391000000.0,0.0,2082000000.0,0.0,0.03,4.02,6229000000.0,8311000000.0,0.188,8311000000.0,6229000000.0,5475000000.0,13.41,13.2,13.41,13709000000.0,12167250000.0,13709000000.0,51900265397.0,8.0,6.245,2968000000.0,9.236,1.0,7508000000.0,0.17,3633000000.0,754000000.0,39917000000.0,40484750000.0,5203000000.0,4575000000.0,39000000.0,4536000000.0,30844000000.0,9566000000.0,21278000000.0,42804265397.0,868000000.0,106000000.0,635000000.0,-1111000000.0,-1270000000.0,-1807000000.0,-1589000000.0,-270000000.0,4393000000.0,-133000000.0,4261000000.0,4261000000.0,4261000000.0,0.0,0.0,0.097,2308000000.0,5200000000.0,3409000000.0,0.3,3.122,10.046,9.962,13408000000.0,0.0,133.59,0.97,0.973,7453000000.0,13479000000.0,44137000000.0,44137000000.0,1035000000.0,0.095,0.35,0.154,0.141,123000000.0,1500000000.0,1.0,320414871.0,321363000,325397000.0,137.343,41254000000.0,4428000000.0,1214000000.0,2066000000.0,128.372,6507000000.0
65,DD,MRT,2005-03-31,2005-03-31,2005-03-31,2021-08-25,-1345000000.0,45972000000.0,44347500000.0,16799000000.0,29173000000.0,0.959,40.804,-1410000000.0,3357000000.0,3357000000.0,35674000000.0,3681000000.0,1.616,2.498,12453000000.0,1577000000.0,10876000000.0,12453000000.0,0.0,2091000000.0,0.0,0.027,4.02,5610000000.0,7701000000.0,0.181,7701000000.0,5610000000.0,4862000000.0,11.67,11.46,11.67,13045000000.0,11113250000.0,13045000000.0,57021074317.0,10.0,7.404,2239000000.0,7.004,1.0,6857000000.0,0.161,3657000000.0,748000000.0,41016000000.0,40471250000.0,5210000000.0,5021000000.0,44000000.0,4977000000.0,32588000000.0,10395000000.0,22193000000.0,47535074317.0,1431000000.0,900000000.0,694000000.0,-746000000.0,-1261000000.0,-1370000000.0,-852000000.0,-342000000.0,3649000000.0,4000000.0,3681000000.0,3681000000.0,3681000000.0,0.0,0.0,0.087,2290000000.0,4567000000.0,3725000000.0,0.344,3.644,12.914,12.815,13408000000.0,0.0,149.55,1.118,1.124,7940000000.0,12517000000.0,42531000000.0,42531000000.0,1026000000.0,0.083,0.331,0.139,0.132,116000000.0,1464000000.0,1.0,317853740.0,319697000,323897000.0,133.035,42315000000.0,4532000000.0,1181000000.0,1918000000.0,132.36,6404000000.0
66,DD,MRT,2004-12-31,2004-12-31,2004-12-31,2021-08-25,-977000000.0,45885000000.0,43325000000.0,15890000000.0,29995000000.0,0.927,37.723,-1333000000.0,3108000000.0,3108000000.0,34244000000.0,2797000000.0,1.512,2.844,12594000000.0,965000000.0,11629000000.0,12594000000.0,0.0,2088000000.0,0.0,0.027,4.02,4421000000.0,6509000000.0,0.162,6509000000.0,4421000000.0,3674000000.0,8.94,8.79,8.94,11821000000.0,10123500000.0,11821000000.0,56727016600.0,13.0,8.715,1337000000.0,4.267,1.0,5917000000.0,0.147,3687000000.0,747000000.0,41178000000.0,40146000000.0,4957000000.0,5112000000.0,84000000.0,5028000000.0,33615000000.0,10506000000.0,23109000000.0,46686016600.0,716000000.0,853000000.0,691000000.0,-779000000.0,-1252000000.0,-1397000000.0,-653000000.0,-173000000.0,2670000000.0,96000000.0,2797000000.0,2797000000.0,2797000000.0,0.0,0.0,0.07,2383000000.0,3534000000.0,3701000000.0,0.45,3.949,16.691,16.614,13828000000.0,0.0,148.53,1.162,1.159,7546000000.0,11527000000.0,40161000000.0,40161000000.0,1022000000.0,0.065,0.276,0.11,0.11,100000000.0,1436000000.0,1.0,314320137.0,313364000,317930000.0,128.161,42198000000.0,4753000000.0,877000000.0,1925000000.0,134.661,5384000000.0
67,DD,MRT,2004-09-30,2004-09-30,2004-09-30,2021-08-25,-1542000000.0,43349000000.0,42326500000.0,14381000000.0,28968000000.0,0.887,32.184,-1134000000.0,2402000000.0,2402000000.0,32132000000.0,2700000000.0,1.456,3.253,12443000000.0,658000000.0,11785000000.0,12443000000.0,0.0,2077000000.0,0.0,0.03,4.02,3723000000.0,5800000000.0,0.154,5800000000.0,3723000000.0,2960000000.0,8.7,8.61,8.7,10094000000.0,9368000000.0,10094000000.0,52734151295.0,14.0,9.092,1464000000.0,4.668,1.0,5425000000.0,0.144,3688000000.0,763000000.0,39828000000.0,39668750000.0,4702000000.0,4798000000.0,38000000.0,4760000000.0,32836000000.0,9874000000.0,22962000000.0,42443151295.0,-164000000.0,696000000.0,549000000.0,-844000000.0,-1247000000.0,-1602000000.0,-1109000000.0,-138000000.0,2598000000.0,29000000.0,2700000000.0,2700000000.0,2700000000.0,0.0,0.0,0.072,2424000000.0,3001000000.0,3454000000.0,0.462,4.205,15.72,15.579,13482000000.0,0.0,135.54,1.13,1.132,7106000000.0,10820000000.0,37557000000.0,37557000000.0,1012000000.0,0.064,0.288,0.094,0.099,81000000.0,1400000000.0,1.0,313140836.0,313630000,317130000.0,119.749,39661000000.0,4761000000.0,260000000.0,1938000000.0,126.458,4507000000.0
68,DD,MRT,2004-06-30,2004-06-30,2004-06-30,2021-08-25,-1726000000.0,42184000000.0,41565500000.0,13578000000.0,28606000000.0,0.853,30.362,-960000000.0,2294000000.0,2294000000.0,30296000000.0,2415000000.0,1.526,3.401,12585000000.0,344000000.0,12241000000.0,12585000000.0,0.0,1984000000.0,0.0,0.033,4.02,3362000000.0,5346000000.0,0.151,5346000000.0,3362000000.0,2588000000.0,7.8,7.74,7.8,9493000000.0,8742500000.0,9493000000.0,49280006115.0,15.0,9.218,1877000000.0,6.003,1.0,5166000000.0,0.146,3712000000.0,774000000.0,39863000000.0,39192250000.0,4360000000.0,4504000000.0,43000000.0,4461000000.0,32286000000.0,8900000000.0,23386000000.0,38102006115.0,18000000.0,720000000.0,523000000.0,-1023000000.0,-1240000000.0,-1792000000.0,-1024000000.0,-251000000.0,2837000000.0,29000000.0,2415000000.0,2415000000.0,2415000000.0,0.0,0.0,0.068,2377000000.0,2789000000.0,3068000000.0,0.515,4.014,15.777,15.654,13548000000.0,0.0,122.1,1.074,1.077,6795000000.0,10519000000.0,35462000000.0,35462000000.0,1011000000.0,0.058,0.276,0.086,0.095,80000000.0,1393000000.0,1.0,312055430.0,312664000,315964000.0,113.419,38472000000.0,4586000000.0,173000000.0,1606000000.0,123.046,4678000000.0
69,DD,MRT,2004-03-31,2004-03-31,2004-03-31,2021-08-25,-1629000000.0,41882000000.0,41143750000.0,13232000000.0,28650000000.0,0.823,29.256,-852000000.0,1926000000.0,1926000000.0,28921000000.0,2123000000.0,1.386,3.566,13104000000.0,1305000000.0,11799000000.0,13104000000.0,0.0,1947000000.0,0.0,0.033,4.02,2997000000.0,4944000000.0,0.146,4944000000.0,2997000000.0,2198000000.0,6.9,6.87,6.9,9086000000.0,8243000000.0,9086000000.0,48251888969.0,16.0,9.76,2202000000.0,7.09,1.0,4939000000.0,0.146,3798000000.0,799000000.0,39715000000.0,38802250000.0,4325000000.0,4161000000.0,47000000.0,4114000000.0,32403000000.0,9547000000.0,22856000000.0,37534888969.0,-5000000.0,-162000000.0,500000000.0,-549000000.0,-1233000000.0,-1335000000.0,-1742000000.0,-195000000.0,3054000000.0,29000000.0,2123000000.0,2123000000.0,2123000000.0,0.0,0.0,0.063,2348000000.0,2591000000.0,3112000000.0,0.583,4.131,17.68,17.513,13936000000.0,0.0,120.84,1.109,1.108,6575000000.0,10149000000.0,33860000000.0,33860000000.0,995000000.0,0.052,0.258,0.077,0.089,78000000.0,1400000000.0,1.0,310616116.0,310564000,314397000.0,109.027,38084000000.0,4754000000.0,75000000.0,1636000000.0,122.629,3685000000.0
70,DD,MRT,2003-12-31,2003-12-31,2003-12-31,2021-08-25,-1491000000.0,41891000000.0,40645000000.0,13112000000.0,28779000000.0,0.803,28.73,-869000000.0,2392000000.0,2392000000.0,28177000000.0,1730000000.0,1.375,3.718,13109000000.0,1346000000.0,11763000000.0,13109000000.0,0.0,1903000000.0,0.0,0.032,4.02,2476000000.0,4379000000.0,0.134,4379000000.0,2476000000.0,1648000000.0,5.64,5.61,5.64,8799000000.0,7771250000.0,8799000000.0,48852285490.0,20.0,11.156,2911000000.0,9.505,1.0,4455000000.0,0.137,3805000000.0,828000000.0,39269000000.0,38503750000.0,4050000000.0,4121000000.0,42000000.0,4079000000.0,32716000000.0,9534000000.0,23182000000.0,38266285490.0,908000000.0,-78000000.0,297000000.0,-235000000.0,-1229000000.0,-1225000000.0,-1676000000.0,-196000000.0,3780000000.0,29000000.0,1730000000.0,1730000000.0,1730000000.0,0.0,0.0,0.053,2290000000.0,2165000000.0,2843000000.0,0.713,4.349,22.119,22.112,14217000000.0,0.0,124.71,1.173,1.17,6160000000.0,9994000000.0,32632000000.0,32632000000.0,981000000.0,0.043,0.223,0.064,0.076,52000000.0,1392000000.0,1.0,306841851.0,306264000,308697000.0,106.549,38086000000.0,4811000000.0,-82000000.0,1577000000.0,124.357,3578000000.0
71,DD,MRT,2003-09-30,2003-09-30,2003-09-30,2021-08-25,-1857000000.0,40305000000.0,40062750000.0,12241000000.0,28064000000.0,0.78,24.762,-1059000000.0,2566000000.0,2566000000.0,27339000000.0,-8000000.0,1.337,4.26,13152000000.0,1457000000.0,11695000000.0,13152000000.0,0.0,1921000000.0,0.0,0.041,4.02,699000000.0,2620000000.0,0.084,2620000000.0,699000000.0,-130000000.0,-0.06,-0.03,-0.06,7592000000.0,7386500000.0,7592000000.0,41090363528.0,59.0,15.683,2436000000.0,7.945,1.0,3922000000.0,0.125,3816000000.0,829000000.0,37922000000.0,38300500000.0,4167000000.0,4079000000.0,47000000.0,4032000000.0,32345000000.0,9153000000.0,23192000000.0,29884363528.0,2066000000.0,11000000.0,150000000.0,961000000.0,-1225000000.0,-178000000.0,-1325000000.0,-277000000.0,3495000000.0,-5000000.0,-8000000.0,-8000000.0,-8000000.0,0.0,0.0,0.0,3413000000.0,509000000.0,2601000000.0,-67.0,3.936,-3735.545,-1627.002,13510000000.0,0.0,97.62,0.956,0.957,5636000000.0,9376000000.0,31261000000.0,31261000000.0,1012000000.0,0.0,-0.001,0.018,0.022,36000000.0,1456000000.0,1.0,306129212.0,306597000,308830000.0,101.961,36489000000.0,3983000000.0,-122000000.0,1366000000.0,119.013,3088000000.0
72,DD,MRT,2003-06-30,2003-06-30,2003-06-30,2021-08-25,-1881000000.0,40497000000.0,39183500000.0,12250000000.0,28247000000.0,0.775,24.512,-1307000000.0,2276000000.0,2276000000.0,26527000000.0,-212000000.0,1.278,4.356,13482000000.0,1846000000.0,11636000000.0,13482000000.0,0.0,1907000000.0,0.0,0.043,4.02,425000000.0,2332000000.0,0.077,2332000000.0,425000000.0,-394000000.0,-0.72,-0.69,-0.72,7495000000.0,7840000000.0,7495000000.0,39849979702.0,94.0,17.088,1923000000.0,6.289,1.0,3841000000.0,0.126,3813000000.0,819000000.0,38303000000.0,37831250000.0,4235000000.0,3921000000.0,71000000.0,3850000000.0,32647000000.0,9587000000.0,23060000000.0,28344979702.0,1977000000.0,69000000.0,116000000.0,1317000000.0,-1222000000.0,133000000.0,-1411000000.0,-173000000.0,3230000000.0,-5000000.0,-212000000.0,-212000000.0,-212000000.0,0.0,0.0,-0.007,3568000000.0,273000000.0,2578000000.0,-5.583,3.782,-133.703,-129.0,13654000000.0,0.0,92.88,0.933,0.935,5827000000.0,9352000000.0,30368000000.0,30368000000.0,1027000000.0,-0.005,-0.027,0.011,0.014,28000000.0,1511000000.0,1.0,305178202.0,305764000,307297000.0,99.318,36684000000.0,4050000000.0,-182000000.0,1414000000.0,119.975,2663000000.0
73,DD,MRT,2003-03-31,2003-03-31,2003-03-31,2021-08-25,-2018000000.0,39887000000.0,38335500000.0,11695000000.0,28192000000.0,0.767,23.614,-1459000000.0,1931000000.0,1931000000.0,25588000000.0,-367000000.0,1.292,4.493,13436000000.0,1391000000.0,12045000000.0,13436000000.0,0.0,1879000000.0,0.0,0.049,4.02,176000000.0,2055000000.0,0.07,2055000000.0,176000000.0,-624000000.0,-1.23,-1.2,-1.23,7199000000.0,8390250000.0,7199000000.0,36537386427.0,208.0,17.78,1321000000.0,4.333,1.0,3797000000.0,0.129,3820000000.0,800000000.0,38521000000.0,37130250000.0,4229000000.0,3964000000.0,105000000.0,3859000000.0,32348000000.0,9051000000.0,23297000000.0,24985386427.0,1697000000.0,62000000.0,127000000.0,1676000000.0,-1220000000.0,511000000.0,-1605000000.0,-208000000.0,2780000000.0,-5000000.0,-367000000.0,-367000000.0,-367000000.0,0.0,0.0,-0.012,3715000000.0,82000000.0,2898000000.0,-3.268,3.471,-68.08,-67.342,13666000000.0,0.0,82.83,0.85,0.859,5841000000.0,9268000000.0,29385000000.0,29385000000.0,1053000000.0,-0.01,-0.044,0.005,0.006,27000000.0,1562000000.0,1.0,301646281.0,304864000,305897000.0,96.387,36067000000.0,3984000000.0,-257000000.0,1277000000.0,118.305,2644000000.0
74,DD,MRT,2002-12-31,2002-12-31,2002-12-31,2021-08-25,-2097000000.0,39562000000.0,37201500000.0,11375000000.0,28187000000.0,0.742,23.921,-1544000000.0,1484000000.0,1484000000.0,23780000000.0,-338000000.0,1.284,4.399,13036000000.0,1377000000.0,11659000000.0,13036000000.0,0.0,1825000000.0,0.0,0.045,4.02,156000000.0,1981000000.0,0.072,1981000000.0,156000000.0,-618000000.0,-1.11,-1.11,-1.11,7260000000.0,8963750000.0,7260000000.0,38547650250.0,247.0,19.459,564000000.0,1.858,1.0,3829000000.0,0.139,3802000000.0,774000000.0,38456000000.0,36104000000.0,4208000000.0,3920000000.0,89000000.0,3831000000.0,31936000000.0,8856000000.0,23080000000.0,27059650250.0,1264000000.0,127000000.0,132000000.0,1950000000.0,-1217000000.0,787000000.0,-1626000000.0,-209000000.0,2108000000.0,-5000000.0,-338000000.0,-338000000.0,-338000000.0,0.0,0.0,-0.012,3783000000.0,46000000.0,2834000000.0,-3.622,3.727,-80.058,-80.27,13797000000.0,0.0,89.1,0.98,0.979,6062000000.0,9520000000.0,27609000000.0,27609000000.0,1066000000.0,-0.009,-0.038,0.004,0.006,31000000.0,1598000000.0,1.0,303699475.0,303497000,303497000.0,90.97,35760000000.0,3885000000.0,-280000000.0,1226000000.0,117.827,2519000000.0
75,DD,MRT,2002-09-30,2002-09-30,2002-09-30,2021-08-25,-1016000000.0,36788000000.0,36189750000.0,10761000000.0,26027000000.0,0.753,30.951,-1593000000.0,500000000.0,500000000.0,23095000000.0,434000000.0,1.275,2.872,11988000000.0,1628000000.0,10360000000.0,11988000000.0,0.0,1804000000.0,0.0,0.049,4.02,1357000000.0,3161000000.0,0.116,3161000000.0,1357000000.0,608000000.0,1.44,1.41,1.44,9406000000.0,9557750000.0,9406000000.0,36474487657.0,27.0,11.539,1091000000.0,3.59,1.0,4169000000.0,0.153,3790000000.0,749000000.0,36045000000.0,35069000000.0,4480000000.0,4339000000.0,48000000.0,4291000000.0,27016000000.0,8441000000.0,18575000000.0,24871487657.0,20000000.0,525000000.0,151000000.0,-109000000.0,-1216000000.0,-1258000000.0,-1402000000.0,-334000000.0,2684000000.0,0.0,434000000.0,434000000.0,434000000.0,0.0,0.0,0.016,2847000000.0,1322000000.0,2438000000.0,2.792,2.644,57.308,56.896,13688000000.0,0.0,81.93,0.912,0.913,6221000000.0,10654000000.0,27264000000.0,27264000000.0,1052000000.0,0.012,0.045,0.039,0.05,32000000.0,1609000000.0,1.0,303569667.0,303897000,305964000.0,89.715,32998000000.0,2858000000.0,174000000.0,1310000000.0,108.583,2320000000.0
76,DD,MRT,2002-06-30,2002-06-30,2002-06-30,2021-08-25,-905000000.0,37105000000.0,36505750000.0,10950000000.0,26155000000.0,0.737,31.941,-1536000000.0,299000000.0,299000000.0,22685000000.0,363000000.0,1.162,2.79,11902000000.0,2566000000.0,9336000000.0,11902000000.0,0.0,1805000000.0,0.0,0.039,4.02,1239000000.0,3044000000.0,0.113,3044000000.0,1239000000.0,490000000.0,1.2,1.17,1.2,9696000000.0,9697500000.0,9696000000.0,42348667883.0,34.0,13.912,692000000.0,2.28,1.0,4224000000.0,0.157,3789000000.0,749000000.0,35499000000.0,35005750000.0,4355000000.0,4385000000.0,64000000.0,4321000000.0,27054000000.0,9420000000.0,17634000000.0,31205667883.0,96000000.0,333000000.0,179000000.0,-95000000.0,-1212000000.0,-714000000.0,-1416000000.0,-213000000.0,2228000000.0,0.0,363000000.0,363000000.0,363000000.0,0.0,0.0,0.013,3009000000.0,1215000000.0,2505000000.0,3.35,3.218,85.966,85.95,13737000000.0,0.0,103.14,1.16,1.164,6717000000.0,10833000000.0,26909000000.0,26909000000.0,1051000000.0,0.01,0.037,0.035,0.046,33000000.0,1653000000.0,1.0,302556105.0,303564000,306430000.0,88.644,33316000000.0,3068000000.0,127000000.0,1544000000.0,109.75,1530000000.0
77,DD,MRT,2002-03-31,2002-03-31,2002-03-31,2021-08-25,-1090000000.0,35351000000.0,36466250000.0,10267000000.0,25084000000.0,0.74,31.389,-1529000000.0,234000000.0,234000000.0,22791000000.0,405000000.0,1.223,2.687,11377000000.0,2278000000.0,9099000000.0,11377000000.0,0.0,1797000000.0,0.0,0.041,4.02,1281000000.0,3078000000.0,0.114,3078000000.0,1281000000.0,541000000.0,1.35,1.32,1.35,9493000000.0,9822250000.0,9493000000.0,40038012445.0,31.0,13.008,993000000.0,3.283,1.0,4203000000.0,0.156,3683000000.0,740000000.0,34416000000.0,34967500000.0,4305000000.0,4234000000.0,63000000.0,4171000000.0,25506000000.0,8395000000.0,17111000000.0,29375012445.0,-10000000.0,-1524000000.0,152000000.0,819000000.0,-1059000000.0,324000000.0,-2850000000.0,203000000.0,2522000000.0,-1000000.0,405000000.0,405000000.0,405000000.0,0.0,0.0,0.015,3000000000.0,1203000000.0,2368000000.0,2.978,3.094,72.531,72.711,13427000000.0,0.0,98.16,1.088,1.1,6190000000.0,10902000000.0,26994000000.0,26994000000.0,1050000000.0,0.011,0.041,0.037,0.047,46000000.0,1704000000.0,1.0,299256144.0,302430000,305030000.0,89.257,31668000000.0,2574000000.0,136000000.0,1020000000.0,104.712,1872000000.0
78,DD,MRT,2001-12-31,2001-12-31,2001-12-31,2021-08-25,-1070000000.0,35515000000.0,36486000000.0,10308000000.0,25207000000.0,0.769,32.056,-1434000000.0,220000000.0,220000000.0,23892000000.0,-385000000.0,1.269,2.649,10883000000.0,1617000000.0,9266000000.0,10883000000.0,0.0,1815000000.0,0.0,0.038,3.885,120000000.0,1935000000.0,0.069,1935000000.0,120000000.0,-613000000.0,-1.29,-1.29,-1.29,9636000000.0,9990000000.0,9636000000.0,42039513629.0,350.0,21.726,355000000.0,1.181,1.0,4183000000.0,0.149,3737000000.0,733000000.0,34316000000.0,34796000000.0,4440000000.0,3866000000.0,44000000.0,3822000000.0,25522000000.0,8125000000.0,17397000000.0,30465513629.0,-58000000.0,-1917000000.0,141000000.0,1333000000.0,-1063000000.0,831000000.0,-2674000000.0,677000000.0,1789000000.0,-4000000.0,-385000000.0,-385000000.0,-385000000.0,0.0,0.0,-0.014,4177000000.0,6000000.0,2713000000.0,-3.012,3.162,-79.131,-78.558,13579000000.0,0.0,101.34,1.085,1.085,5676000000.0,11112000000.0,28075000000.0,28075000000.0,1072000000.0,-0.011,-0.039,0.003,0.004,39000000.0,1765000000.0,1.0,300626437.0,300597000,300597000.0,93.397,31778000000.0,2754000000.0,-228000000.0,1186000000.0,105.716,2183000000.0
79,DD,MRT,2001-09-30,2001-09-30,2001-09-30,2021-08-25,-1002000000.0,38052000000.0,36605000000.0,12714000000.0,25338000000.0,0.791,33.114,-1244000000.0,480000000.0,480000000.0,24548000000.0,-199000000.0,1.207,2.781,12054000000.0,3343000000.0,8711000000.0,12054000000.0,0.0,1764000000.0,0.0,0.038,3.75,416000000.0,2180000000.0,0.075,2180000000.0,416000000.0,-310000000.0,-0.66,-0.69,-0.66,9965000000.0,10428500000.0,9965000000.0,41424253527.0,100.0,19.002,-253000000.0,-0.841,1.0,4406000000.0,0.152,3301000000.0,726000000.0,35792000000.0,34482500000.0,4713000000.0,4301000000.0,68000000.0,4233000000.0,27717000000.0,10533000000.0,17184000000.0,29510253527.0,207000000.0,-2761000000.0,118000000.0,2709000000.0,-986000000.0,2263000000.0,-3046000000.0,959000000.0,991000000.0,-13000000.0,-199000000.0,-199000000.0,-199000000.0,0.0,0.0,-0.007,4121000000.0,285000000.0,2585000000.0,-5.682,2.961,-148.293,-148.909,13619000000.0,0.0,98.28,1.019,1.021,7846000000.0,11462000000.0,28954000000.0,28954000000.0,1103000000.0,-0.005,-0.019,0.012,0.014,33000000.0,1812000000.0,1.0,300266830.0,300930000,304530000.0,96.215,34751000000.0,2805000000.0,-111000000.0,1942000000.0,115.479,2181000000.0
80,DD,MRT,2001-06-30,2001-06-30,2001-06-30,2021-08-25,-990000000.0,36947000000.0,33865000000.0,11959000000.0,24988000000.0,0.876,33.95,-1301000000.0,203000000.0,203000000.0,25093000000.0,101000000.0,1.178,2.585,12117000000.0,3738000000.0,8379000000.0,12117000000.0,0.0,1752000000.0,0.0,0.036,3.615,849000000.0,2601000000.0,0.088,2601000000.0,849000000.0,147000000.0,0.36,0.33,0.36,10195000000.0,10139500000.0,10195000000.0,40130604346.0,47.0,15.429,-643000000.0,-2.141,1.0,4580000000.0,0.154,3363000000.0,702000000.0,35346000000.0,31515750000.0,4576000000.0,4405000000.0,100000000.0,4305000000.0,26359000000.0,10152000000.0,16207000000.0,29842604346.0,-46000000.0,-2655000000.0,91000000.0,2656000000.0,-912000000.0,1764000000.0,-2461000000.0,1495000000.0,658000000.0,-13000000.0,101000000.0,101000000.0,101000000.0,0.0,0.0,0.003,3979000000.0,601000000.0,2487000000.0,10.042,2.927,295.471,277.084,13467000000.0,0.0,99.75,1.006,1.009,7052000000.0,11707000000.0,29673000000.0,29673000000.0,1115000000.0,0.003,0.01,0.027,0.029,39000000.0,1828000000.0,1.0,299173679.0,300297000,304230000.0,98.812,33584000000.0,2690000000.0,46000000.0,1760000000.0,111.836,1807000000.0
81,DD,MRT,2001-03-31,2001-03-31,2001-03-31,2021-08-25,-926000000.0,35430000000.0,31318750000.0,11751000000.0,23679000000.0,0.955,33.952,-1417000000.0,244000000.0,244000000.0,24924000000.0,478000000.0,1.204,2.445,10532000000.0,3393000000.0,7139000000.0,10532000000.0,0.0,1754000000.0,0.0,0.037,3.48,1407000000.0,3161000000.0,0.106,3161000000.0,1407000000.0,715000000.0,1.62,1.56,1.62,10164000000.0,9755000000.0,10164000000.0,34451299155.0,24.0,10.899,-781000000.0,-2.609,1.0,4991000000.0,0.167,2226000000.0,692000000.0,33730000000.0,28597000000.0,4377000000.0,4695000000.0,246000000.0,4449000000.0,24850000000.0,9762000000.0,15088000000.0,28142299155.0,-47000000.0,-1006000000.0,107000000.0,1177000000.0,-987000000.0,221000000.0,-895000000.0,1528000000.0,636000000.0,-9000000.0,478000000.0,478000000.0,478000000.0,0.0,0.0,0.016,3911000000.0,1080000000.0,2540000000.0,2.148,2.769,58.875,58.463,12980000000.0,0.0,94.71,0.941,0.948,6873000000.0,11729000000.0,29915000000.0,29915000000.0,1121000000.0,0.015,0.049,0.049,0.047,27000000.0,1803000000.0,1.0,297141495.0,299364000,299364000.0,99.929,33204000000.0,2779000000.0,237000000.0,1676000000.0,110.915,1989000000.0
82,DD,MRT,2000-12-31,2000-12-31,2000-12-31,2021-08-25,-560000000.0,35991000000.0,28881750000.0,11323000000.0,24668000000.0,1.032,38.256,-1642000000.0,278000000.0,278000000.0,24310000000.0,1675000000.0,1.113,2.12,9450000000.0,2837000000.0,6613000000.0,9450000000.0,0.0,1738000000.0,0.0,0.032,3.48,3179000000.0,4917000000.0,0.165,4917000000.0,3179000000.0,2514000000.0,5.64,5.55,5.64,11390000000.0,9296250000.0,11390000000.0,30957245991.0,10.0,6.296,49000000.0,0.165,1.0,5488000000.0,0.184,1928000000.0,665000000.0,33062000000.0,25892500000.0,4213000000.0,5461000000.0,163000000.0,5298000000.0,24151000000.0,10173000000.0,13978000000.0,24851245991.0,-269000000.0,-810000000.0,146000000.0,-25000000.0,-904000000.0,-857000000.0,-1094000000.0,1358000000.0,1691000000.0,-9000000.0,1675000000.0,1675000000.0,1675000000.0,0.0,0.0,0.056,2737000000.0,2751000000.0,2975000000.0,0.617,2.182,14.837,19.484,13711000000.0,0.0,109.89,0.834,1.098,7093000000.0,12675000000.0,29798000000.0,29798000000.0,1119000000.0,0.058,0.18,0.123,0.107,37000000.0,1825000000.0,1.0,226146339.0,297730000,301497000.0,100.084,34063000000.0,2218000000.0,839000000.0,1458000000.0,114.409,1150000000.0
83,DD,MRT,2000-09-30,2000-09-30,2000-09-30,2021-08-25,-244000000.0,27092000000.0,26258750000.0,9021000000.0,18071000000.0,1.311,29.491,-2473000000.0,210000000.0,210000000.0,28036000000.0,2084000000.0,1.213,2.03,6316000000.0,1526000000.0,4790000000.0,6316000000.0,0.0,2065000000.0,0.0,0.047,3.48,3819000000.0,5884000000.0,0.171,5884000000.0,3819000000.0,3095000000.0,5.85,5.79,5.85,8809000000.0,8427500000.0,8809000000.0,23056567577.0,6.0,3.919,-471000000.0,-1.577,1.0,6397000000.0,0.186,1835000000.0,724000000.0,23925000000.0,23357250000.0,3314000000.0,4166000000.0,90000000.0,4076000000.0,17879000000.0,7438000000.0,10441000000.0,16914567577.0,-145000000.0,-813000000.0,599000000.0,859000000.0,-991000000.0,404000000.0,-2535000000.0,751000000.0,2002000000.0,-4000000.0,2084000000.0,2084000000.0,2084000000.0,0.0,0.0,0.061,3166000000.0,3231000000.0,1956000000.0,0.595,1.92,8.116,12.79,8859000000.0,0.0,74.82,0.491,0.649,5710000000.0,14024000000.0,34433000000.0,34433000000.0,1277000000.0,0.079,0.247,0.164,0.111,60000000.0,1985000000.0,1.0,226069910.0,298697000,300764000.0,115.277,25257000000.0,1816000000.0,1011000000.0,983000000.0,84.557,1583000000.0
84,DD,MRT,2000-06-30,2000-06-30,2000-06-30,2021-08-25,-253000000.0,26762000000.0,25453750000.0,8416000000.0,18346000000.0,1.245,29.034,-2434000000.0,190000000.0,190000000.0,25439000000.0,2047000000.0,1.145,2.045,6332000000.0,1810000000.0,4522000000.0,6332000000.0,0.0,1932000000.0,0.0,0.038,3.48,3710000000.0,5642000000.0,0.178,5642000000.0,3710000000.0,3063000000.0,6.12,6.03,6.12,8657000000.0,8041750000.0,8657000000.0,26082469649.0,7.0,4.623,369000000.0,1.238,1.0,6239000000.0,0.197,1883000000.0,647000000.0,23671000000.0,22629500000.0,3130000000.0,4655000000.0,221000000.0,4434000000.0,17701000000.0,7350000000.0,10351000000.0,20409469649.0,-18000000.0,-744000000.0,487000000.0,746000000.0,-955000000.0,731000000.0,-3541000000.0,-363000000.0,2803000000.0,-5000000.0,2047000000.0,2047000000.0,2047000000.0,0.0,0.0,0.065,3023000000.0,3216000000.0,1852000000.0,0.569,2.358,9.97,14.799,8986000000.0,0.0,90.57,0.644,0.852,5103000000.0,13893000000.0,31678000000.0,31678000000.0,1207000000.0,0.08,0.255,0.164,0.117,90000000.0,1917000000.0,1.0,225344477.0,298164000,302030000.0,106.244,24879000000.0,1964000000.0,1016000000.0,1116000000.0,83.441,1066000000.0
85,DD,MRT,2000-03-31,2000-03-31,2000-03-31,2021-08-25,-186000000.0,25682000000.0,24539500000.0,8675000000.0,17007000000.0,1.17,28.088,-2232000000.0,228000000.0,228000000.0,22866000000.0,1800000000.0,1.333,2.035,5901000000.0,1101000000.0,4800000000.0,5901000000.0,0.0,1817000000.0,0.0,0.031,3.48,3332000000.0,5149000000.0,0.179,5149000000.0,3332000000.0,2733000000.0,5.79,5.7,5.79,8329000000.0,7801000000.0,8329000000.0,30914853225.0,9.0,6.004,812000000.0,2.738,1.0,5845000000.0,0.204,1935000000.0,599000000.0,22912000000.0,21857500000.0,2804000000.0,5361000000.0,462000000.0,4899000000.0,16949000000.0,6508000000.0,10441000000.0,25363853225.0,87000000.0,-620000000.0,332000000.0,878000000.0,-924000000.0,752000000.0,-3700000000.0,-848000000.0,3044000000.0,-9000000.0,1800000000.0,1800000000.0,1800000000.0,0.0,0.0,0.063,2925000000.0,2920000000.0,1728000000.0,0.601,3.045,14.091,19.689,8383000000.0,0.0,114.0,0.883,1.177,5287000000.0,13664000000.0,28711000000.0,28711000000.0,1153000000.0,0.073,0.231,0.152,0.116,84000000.0,1860000000.0,1.0,222489718.0,296530000,301264000.0,96.823,23747000000.0,857000000.0,933000000.0,1133000000.0,80.083,2167000000.0
86,DD,MRT,1999-12-31,1999-12-31,1999-12-31,2021-08-25,-251000000.0,25499000000.0,23906250000.0,8847000000.0,16652000000.0,1.082,27.141,-2048000000.0,506000000.0,506000000.0,20300000000.0,1617000000.0,1.405,2.17,6057000000.0,1035000000.0,5022000000.0,6057000000.0,0.0,1709000000.0,0.0,0.026,3.48,3055000000.0,4764000000.0,0.184,4764000000.0,3055000000.0,2491000000.0,5.55,5.46,5.55,7915000000.0,7605000000.0,7915000000.0,34192832751.0,11.0,7.177,1514000000.0,5.192,1.0,5559000000.0,0.215,1834000000.0,564000000.0,22921000000.0,21271500000.0,2786000000.0,5327000000.0,706000000.0,4621000000.0,17176000000.0,6295000000.0,10881000000.0,29297832751.0,375000000.0,-427000000.0,187000000.0,695000000.0,-891000000.0,353000000.0,-3531000000.0,-1056000000.0,3562000000.0,-9000000.0,1617000000.0,1617000000.0,1617000000.0,0.0,0.0,0.063,2782000000.0,2777000000.0,1782000000.0,0.627,3.702,18.119,24.072,8490000000.0,0.0,133.6,1.133,1.507,5004000000.0,13445000000.0,25859000000.0,25859000000.0,1075000000.0,0.068,0.213,0.144,0.118,70000000.0,1776000000.0,1.0,219294936.0,291630000,297830000.0,88.671,23665000000.0,832000000.0,874000000.0,1055000000.0,81.147,2552000000.0
87,DD,MRT,1999-09-30,1999-09-30,1999-09-30,2021-08-25,-353000000.0,23872000000.0,23489000000.0,8167000000.0,15705000000.0,0.816,33.118,-1386000000.0,369000000.0,369000000.0,14607000000.0,1203000000.0,1.334,2.229,5264000000.0,1134000000.0,4130000000.0,5264000000.0,0.0,1362000000.0,0.0,0.031,3.48,2326000000.0,3688000000.0,0.192,3688000000.0,2326000000.0,1869000000.0,5.47,5.4,5.47,7266000000.0,7350500000.0,7266000000.0,30131490613.0,13.0,8.17,2371000000.0,10.807,1.0,4564000000.0,0.238,1629000000.0,457000000.0,21014000000.0,20816500000.0,2759000000.0,4682000000.0,672000000.0,4010000000.0,16193000000.0,6124000000.0,10069000000.0,25000490613.0,143000000.0,-517000000.0,-387000000.0,-375000000.0,-773000000.0,-1179000000.0,-2431000000.0,-528000000.0,3757000000.0,-4000000.0,1203000000.0,1203000000.0,1203000000.0,0.0,0.0,0.063,2451000000.0,2113000000.0,1695000000.0,0.636,3.441,20.782,20.768,8367000000.0,0.0,113.6,1.304,1.3,4512000000.0,13372000000.0,19171000000.0,19171000000.0,845000000.0,0.051,0.164,0.112,0.121,61000000.0,1567000000.0,1.0,220074521.0,219398000,223998000.0,87.38,22243000000.0,838000000.0,666000000.0,1059000000.0,101.382,2043000000.0
88,DD,MRT,1999-06-30,1999-06-30,1999-06-30,2021-08-25,-300000000.0,23105000000.0,23363250000.0,7450000000.0,15655000000.0,0.804,34.878,-1350000000.0,218000000.0,218000000.0,14278000000.0,1197000000.0,1.243,2.003,5349000000.0,1286000000.0,4063000000.0,5349000000.0,0.0,1348000000.0,0.0,0.027,3.48,2324000000.0,3672000000.0,0.195,3672000000.0,2324000000.0,1839000000.0,5.41,5.36,5.41,7694000000.0,7421250000.0,7694000000.0,33228725869.0,14.0,9.049,1669000000.0,7.566,1.0,4514000000.0,0.24,1660000000.0,485000000.0,20583000000.0,20802500000.0,2593000000.0,4395000000.0,296000000.0,4099000000.0,15411000000.0,5993000000.0,9418000000.0,27880725869.0,-156000000.0,-435000000.0,-539000000.0,-187000000.0,-777000000.0,-1651000000.0,-1523000000.0,262000000.0,3019000000.0,-1000000.0,1197000000.0,1197000000.0,1197000000.0,0.0,0.0,0.064,2438000000.0,2076000000.0,1534000000.0,0.643,3.624,23.292,23.457,8226000000.0,0.0,126.9,1.484,1.49,4475000000.0,13242000000.0,18792000000.0,18792000000.0,840000000.0,0.051,0.161,0.112,0.124,22000000.0,1587000000.0,1.0,219706052.0,220598000,225098000.0,85.187,21445000000.0,902000000.0,642000000.0,1039000000.0,97.213,1457000000.0
89,DD,MRT,1999-03-31,1999-03-31,1999-03-31,2021-08-25,-294000000.0,23149000000.0,23484750000.0,7514000000.0,15635000000.0,0.81,34.265,-1389000000.0,155000000.0,155000000.0,14385000000.0,1212000000.0,1.19,2.068,5503000000.0,1500000000.0,4003000000.0,5503000000.0,0.0,1328000000.0,0.0,0.037,3.48,2351000000.0,3679000000.0,0.193,3679000000.0,2351000000.0,1858000000.0,5.44,5.39,5.44,7545000000.0,7456250000.0,7545000000.0,26050767908.0,11.0,7.081,1769000000.0,8.034,1.0,4645000000.0,0.244,1617000000.0,493000000.0,20568000000.0,20937000000.0,2624000000.0,4260000000.0,246000000.0,4014000000.0,15604000000.0,6312000000.0,9292000000.0,20296767908.0,-216000000.0,-190000000.0,-634000000.0,-146000000.0,-781000000.0,-1714000000.0,-1652000000.0,-73000000.0,3158000000.0,-10000000.0,1212000000.0,1212000000.0,1212000000.0,0.0,0.0,0.064,2551000000.0,2094000000.0,1419000000.0,0.64,2.69,16.747,17.131,8251000000.0,0.0,93.19,1.067,1.078,4591000000.0,13022000000.0,19030000000.0,19030000000.0,807000000.0,0.052,0.163,0.112,0.124,22000000.0,1653000000.0,1.0,217799631.0,220198000,223998000.0,86.422,21532000000.0,934000000.0,646000000.0,1136000000.0,97.785,1202000000.0
90,DD,MRT,1998-12-31,1998-12-31,1998-12-31,2021-08-25,-347000000.0,23830000000.0,23578500000.0,8040000000.0,15790000000.0,0.825,30.855,-1450000000.0,123000000.0,123000000.0,14800000000.0,1304000000.0,1.175,2.378,5877000000.0,1826000000.0,4051000000.0,5877000000.0,0.0,1305000000.0,0.0,0.038,3.48,2482000000.0,3787000000.0,0.195,3787000000.0,2482000000.0,1989000000.0,5.82,5.76,5.82,6897000000.0,7521500000.0,6897000000.0,25673492901.0,10.0,6.779,1496000000.0,6.693,1.0,4642000000.0,0.239,1641000000.0,493000000.0,21101000000.0,20982500000.0,2810000000.0,4193000000.0,267000000.0,3926000000.0,16401000000.0,6842000000.0,9559000000.0,20128492901.0,-112000000.0,482000000.0,-600000000.0,-537000000.0,-786000000.0,-1956000000.0,-1095000000.0,-127000000.0,2946000000.0,-7000000.0,1304000000.0,1304000000.0,1304000000.0,0.0,0.0,0.067,2452000000.0,2190000000.0,1682000000.0,0.598,2.918,15.436,15.625,8447000000.0,0.0,90.94,1.035,1.046,4961000000.0,12887000000.0,19442000000.0,19442000000.0,807000000.0,0.055,0.173,0.118,0.128,22000000.0,1666000000.0,1.0,221337946.0,223531000,227264000.0,86.977,22189000000.0,987000000.0,685000000.0,1108000000.0,99.266,1198000000.0
91,DD,MRT,1998-09-30,1998-09-30,1998-09-30,2021-08-25,-349000000.0,23369000000.0,23631000000.0,8495000000.0,14874000000.0,0.796,33.898,-1242000000.0,226000000.0,226000000.0,14149000000.0,1517000000.0,1.297,2.096,5771000000.0,1512000000.0,4259000000.0,5771000000.0,0.0,1226000000.0,0.0,0.041,3.48,2777000000.0,4003000000.0,0.213,4003000000.0,2777000000.0,2295000000.0,6.75,6.65,6.75,7549000000.0,7703750000.0,7549000000.0,24485526143.0,9.0,6.117,1414000000.0,6.349,1.0,4654000000.0,0.248,1408000000.0,482000000.0,20958000000.0,21029750000.0,2751000000.0,4293000000.0,558000000.0,3735000000.0,15820000000.0,6548000000.0,9272000000.0,19148526143.0,-51000000.0,511000000.0,-657000000.0,-353000000.0,-795000000.0,-1728000000.0,-960000000.0,-229000000.0,2656000000.0,-19000000.0,1517000000.0,1517000000.0,1517000000.0,0.0,0.0,0.081,1867000000.0,2787000000.0,1422000000.0,0.516,2.537,12.623,12.658,8240000000.0,0.0,85.44,1.018,1.012,4948000000.0,12932000000.0,18803000000.0,18803000000.0,782000000.0,0.064,0.197,0.132,0.148,0.0,1690000000.0,1.0,224116421.0,222698000,226198000.0,84.433,21961000000.0,871000000.0,778000000.0,1516000000.0,98.613,1947000000.0
92,DD,MRT,1998-06-30,1998-06-30,1998-06-30,2021-08-25,-210000000.0,23591000000.0,,8700000000.0,14891000000.0,,34.849,-1222000000.0,374000000.0,374000000.0,14421000000.0,1625000000.0,1.358,2.011,5711000000.0,1453000000.0,4258000000.0,5711000000.0,0.0,1236000000.0,0.0,0.036,3.48,2955000000.0,4191000000.0,0.217,4191000000.0,2955000000.0,2481000000.0,7.19,7.07,7.19,7834000000.0,,7834000000.0,27016994246.0,9.0,6.446,2180000000.0,9.698,1.0,4925000000.0,0.255,1402000000.0,474000000.0,21121000000.0,,2631000000.0,4760000000.0,781000000.0,3979000000.0,15757000000.0,6405000000.0,9352000000.0,21766994246.0,-812000000.0,-526000000.0,-557000000.0,-171000000.0,-794000000.0,-1442000000.0,-2750000000.0,-1002000000.0,3402000000.0,-22000000.0,1625000000.0,1625000000.0,1625000000.0,0.0,0.0,0.084,2014000000.0,2911000000.0,1458000000.0,0.484,2.779,13.395,13.448,8046000000.0,0.0,96.69,1.125,1.124,4919000000.0,12811000000.0,19346000000.0,19346000000.0,781000000.0,,,,0.153,0.0,1767000000.0,1.0,225121238.0,224798000,228698000.0,86.059,22189000000.0,871000000.0,856000000.0,1591000000.0,98.706,2295000000.0
93,DD,MRT,1998-03-31,1998-03-31,1998-03-31,2021-08-25,-157000000.0,23524000000.0,,8685000000.0,14839000000.0,,34.617,-1142000000.0,371000000.0,371000000.0,14755000000.0,1771000000.0,1.314,2.014,5621000000.0,1540000000.0,4081000000.0,5621000000.0,0.0,1264000000.0,0.0,0.036,3.48,3234000000.0,4498000000.0,0.227,4498000000.0,3234000000.0,2765000000.0,7.78,7.66,7.78,7806000000.0,,7806000000.0,27749791547.0,9.0,6.169,2475000000.0,10.976,1.0,5100000000.0,0.257,1412000000.0,469000000.0,20750000000.0,,2762000000.0,4448000000.0,327000000.0,4121000000.0,15718000000.0,6612000000.0,9106000000.0,21726791547.0,-1510000000.0,-1026000000.0,-855000000.0,-797000000.0,-772000000.0,-2370000000.0,-2741000000.0,-573000000.0,3617000000.0,-14000000.0,1771000000.0,1771000000.0,1771000000.0,0.0,0.0,0.089,2092000000.0,3008000000.0,1525000000.0,0.447,2.783,12.268,12.5,7860000000.0,0.0,97.25,1.094,1.104,5181000000.0,12582000000.0,19855000000.0,19855000000.0,790000000.0,,,,0.163,0.0,1843000000.0,1.0,223411515.0,225498000,229598000.0,88.05,22112000000.0,930000000.0,994000000.0,1649000000.0,98.059,2073000000.0
94,DD,MRT,1997-12-31,1997-12-31,1997-12-31,2021-08-25,-146000000.0,24040000000.0,24356500000.0,8640000000.0,15400000000.0,0.822,33.071,-1081000000.0,235000000.0,235000000.0,14679000000.0,1802000000.0,1.232,2.152,6258000000.0,2062000000.0,4196000000.0,6258000000.0,0.0,1297000000.0,0.0,0.033,3.36,3314000000.0,4611000000.0,0.23,4611000000.0,3314000000.0,2843000000.0,7.81,7.7,7.81,7626000000.0,7790000000.0,7626000000.0,,,,2464000000.0,10.685,1.0,5339000000.0,0.267,1762000000.0,471000000.0,21290000000.0,21312500000.0,2921000000.0,4437000000.0,302000000.0,4135000000.0,16414000000.0,7011000000.0,9403000000.0,22676291435.0,-1668000000.0,-1694000000.0,-1463000000.0,273000000.0,-758000000.0,-1912000000.0,-3283000000.0,-508000000.0,3545000000.0,-18000000.0,1802000000.0,1802000000.0,1802000000.0,0.0,0.0,0.09,2290000000.0,3049000000.0,1731000000.0,0.43,2.974,12.584,12.996,8052000000.0,0.0,101.5,1.133,1.169,5358000000.0,12357000000.0,20018000000.0,20018000000.0,785000000.0,0.074,0.231,0.155,0.166,0.0,1880000000.0,1.0,223411515.0,230598000,234798000.0,86.809,22278000000.0,676000000.0,1041000000.0,941000000.0,96.61,1629000000.0
95,DD,MRT,1997-09-30,1997-09-30,1997-09-30,2021-08-25,,,,,,,,,,,,,,,,,,,,,,0.036,3.24,,,,,,,,,,,,,,,,,,1.0,,,,,,,,,,,,,,,,,,,,,,,,,,,,,,,,,,,,,,,,90.75,,,,,,,,,,,,,,1.0,,227898000,,,,,,,,
96,DD,MRT,1997-06-30,1997-06-30,1997-06-30,2021-08-25,,,,,,,,,,,,,,,,,,,,,,0.036,3.12,,,,,,,,,,,,,,,,,,1.0,,,,,,,,,,,,,,,,,,,,,,,,,,,,,,,,,,,,,,,,86.88,,,,,,,,,,,,,,1.0,,229898000,,,,,,,,
97,DD,MRT,1997-03-31,1997-03-31,1997-03-31,2021-08-25,,,,,,,,,,,,,,,,,,,,,,0.038,3.0,,,,,,,,,,,,,,,,,,1.0,,,,,,,,,,,,,,,,,,,,,,,,,,,,,,,,,,,,,,,,79.88,,,,,,,,,,,,,,1.0,,237798000,,,,,,,,
98,DD,MRT,1996-12-31,1996-12-31,1996-12-31,2021-08-25,-193000000.0,24673000000.0,,9830000000.0,14843000000.0,,32.294,-1218000000.0,1903000000.0,1903000000.0,14108000000.0,1900000000.0,1.637,2.102,5468000000.0,1272000000.0,4196000000.0,5468000000.0,0.0,1329000000.0,0.0,0.038,3.0,3581000000.0,4910000000.0,0.245,4910000000.0,3581000000.0,3087000000.0,7.71,7.6,7.71,7954000000.0,,7954000000.0,,,,2181000000.0,8.855,1.0,5945000000.0,0.296,899000000.0,494000000.0,21335000000.0,,2815000000.0,4283000000.0,399000000.0,3884000000.0,16719000000.0,6004000000.0,10715000000.0,,-936000000.0,-200000000.0,-988000000.0,-238000000.0,-749000000.0,-2130000000.0,-2199000000.0,-781000000.0,3399000000.0,-6000000.0,1900000000.0,1900000000.0,1900000000.0,0.0,0.0,0.095,2936000000.0,3009000000.0,1596000000.0,0.389,,,10.166,8484000000.0,0.0,78.38,,0.963,4833000000.0,11323000000.0,20053000000.0,20053000000.0,761000000.0,,,,0.179,0.0,2136000000.0,1.0,,246298000,250897000.0,81.418,23774000000.0,986000000.0,1187000000.0,1636000000.0,96.525,3826000000.0
99,DD,MRT,1995-12-31,1995-12-31,1995-12-31,2021-08-25,,,,,,,,-1310000000.0,,,13337000000.0,2071000000.0,,,,,,,,1442000000.0,,0.041,2.9,3947000000.0,5389000000.0,0.267,5389000000.0,3947000000.0,3513000000.0,7.72,7.61,7.72,,,,,,,2031000000.0,7.573,1.0,6863000000.0,0.34,,434000000.0,,,,,,,,,,,2270000000.0,5050000000.0,-1957000000.0,-1094000000.0,-766000000.0,-3956000000.0,2878000000.0,-834000000.0,3341000000.0,7000000.0,2071000000.0,2071000000.0,2071000000.0,-18000000.0,0.0,0.103,3033000000.0,3830000000.0,,0.376,,,9.1,,0.0,70.25,,0.933,,,20200000000.0,20200000000.0,808000000.0,,,,0.195,0.0,2187000000.0,1.0,,268197000,268197000.0,75.318,,,1442000000.0,,,
