None,ticker,dimension,calendardate,datekey,reportperiod,lastupdated,accoci,assets,assetsavg,assetsc,assetsnc,assetturnover,bvps,capex,cashneq,cashnequsd,cor,consolinc,currentratio,de,debt,debtc,debtnc,debtusd,deferredrev,depamor,deposits,divyield,dps,ebit,ebitda,ebitdamargin,ebitdausd,ebitusd,ebt,eps,epsdil,epsusd,equity,equityavg,equityusd,ev,evebit,evebitda,fcf,fcfps,fxusd,gp,grossmargin,intangibles,intexp,invcap,invcapavg,inventory,investments,investmentsc,investmentsnc,liabilities,liabilitiesc,liabilitiesnc,marketcap,ncf,ncfbus,ncfcommon,ncfdebt,ncfdiv,ncff,ncfi,ncfinv,ncfo,ncfx,netinc,netinccmn,netinccmnusd,netincdis,netincnci,netmargin,opex,opinc,payables,payoutratio,pb,pe,pe1,ppnenet,prefdivis,price,ps,ps1,receivables,retearn,revenue,revenueusd,rnd,roa,roe,roic,ros,sbcomp,sgna,sharefactor,sharesbas,shareswa,shareswadil,sps,tangibles,taxassets,taxexp,taxliabilities,tbvps,workingcapital
0,AON,MRY,2020-12-31,2020-12-31,2020-12-31,2021-08-02,-3861000000.0,32114000000.0,31437500000.0,18684000000.0,13430000000.0,0.352,15.071,-141000000.0,884000000.0,884000000.0,0.0,2018000000.0,1.072,8.163,8626000000.0,448000000.0,8178000000.0,8626000000.0,0.0,413000000.0,0.0,0.008,1.78,2751000000.0,3164000000.0,0.286,3164000000.0,2751000000.0,2417000000.0,8.49,8.45,8.49,3495000000.0,3451750000.0,3495000000.0,56111775842.0,20.0,17.734,2642000000.0,11.393,1.0,11066000000.0,1.0,9306000000.0,334000000.0,13117000000.0,13128000000.0,0.0,308000000.0,308000000.0,0.0,28531000000.0,17433000000.0,11098000000.0,48299775842.0,94000000.0,-338000000.0,-1763000000.0,271000000.0,-412000000.0,-2088000000.0,-679000000.0,-200000000.0,2783000000.0,78000000.0,1969000000.0,1969000000.0,1969000000.0,-1000000.0,49000000.0,0.178,8285000000.0,2781000000.0,2016000000.0,0.21,13.82,24.53,24.885,1510000000.0,0.0,211.27,4.365,4.427,3070000000.0,1042000000.0,11066000000.0,11066000000.0,0.0,0.063,0.57,0.21,0.249,312000000.0,5905000000.0,1.0,228616348.0,231900000,233100000.0,47.719,22808000000.0,724000000.0,448000000.0,262000000.0,98.353,1251000000.0
1,AON,MRY,2019-12-31,2019-12-31,2019-12-31,2021-08-02,-4033000000.0,29405000000.0,29128500000.0,16476000000.0,12929000000.0,0.378,14.145,-225000000.0,790000000.0,790000000.0,0.0,1573000000.0,1.058,7.691,8283000000.0,712000000.0,7571000000.0,8283000000.0,0.0,564000000.0,0.0,0.008,1.72,2136000000.0,2700000000.0,0.245,2700000000.0,2136000000.0,1829000000.0,6.42,6.37,6.42,3375000000.0,3869500000.0,3375000000.0,56356480712.0,26.0,20.873,1610000000.0,6.748,1.0,11013000000.0,1.0,8948000000.0,307000000.0,12379000000.0,12388500000.0,0.0,138000000.0,138000000.0,0.0,25956000000.0,15571000000.0,10385000000.0,48768480712.0,134000000.0,13000000.0,-1960000000.0,1111000000.0,-410000000.0,-1493000000.0,-229000000.0,-17000000.0,1835000000.0,21000000.0,1532000000.0,1532000000.0,1532000000.0,1000000.0,41000000.0,0.139,8844000000.0,2169000000.0,1939000000.0,0.268,14.45,31.833,32.444,1550000000.0,0.0,208.29,4.428,4.513,3112000000.0,1254000000.0,11013000000.0,11013000000.0,0.0,0.053,0.396,0.172,0.194,317000000.0,6054000000.0,1.0,234137408.0,238600000,240600000.0,46.157,20457000000.0,645000000.0,297000000.0,199000000.0,85.738,905000000.0
2,AON,MRY,2018-12-31,2018-12-31,2018-12-31,2021-08-02,-3909000000.0,26422000000.0,26772000000.0,14372000000.0,12050000000.0,0.402,16.929,-240000000.0,656000000.0,656000000.0,0.0,1174000000.0,1.081,5.349,6244000000.0,251000000.0,5993000000.0,6244000000.0,0.0,769000000.0,0.0,0.013,1.96,1558000000.0,2327000000.0,0.216,2327000000.0,1558000000.0,1280000000.0,4.62,4.59,4.62,4151000000.0,4564750000.0,4151000000.0,40931100411.0,26.0,17.59,1446000000.0,5.897,1.0,10770000000.0,1.0,9320000000.0,278000000.0,9394000000.0,9476000000.0,0.0,172000000.0,172000000.0,0.0,22203000000.0,13296000000.0,8907000000.0,35009100411.0,-100000000.0,-68000000.0,-1470000000.0,337000000.0,-382000000.0,-1699000000.0,31000000.0,339000000.0,1686000000.0,-118000000.0,1134000000.0,1134000000.0,1134000000.0,-74000000.0,40000000.0,0.105,9226000000.0,1544000000.0,1943000000.0,0.424,8.434,30.872,31.463,588000000.0,0.0,145.36,3.251,3.309,2760000000.0,2093000000.0,10770000000.0,10770000000.0,0.0,0.042,0.248,0.164,0.145,338000000.0,6103000000.0,1.0,240844114.0,245200000,247000000.0,43.923,17102000000.0,561000000.0,146000000.0,181000000.0,69.747,1076000000.0
3,AON,MRY,2017-12-31,2017-12-31,2017-12-31,2021-08-02,-3496000000.0,26088000000.0,26545750000.0,13677000000.0,12411000000.0,0.377,17.729,-183000000.0,756000000.0,756000000.0,0.0,1263000000.0,1.072,4.678,5966000000.0,299000000.0,5667000000.0,5966000000.0,0.0,891000000.0,0.0,0.011,1.41,1758000000.0,2649000000.0,0.265,2649000000.0,1758000000.0,1476000000.0,4.74,4.7,4.74,4583000000.0,5249750000.0,4583000000.0,38704293408.0,22.0,14.611,551000000.0,2.132,1.0,9998000000.0,1.0,10091000000.0,282000000.0,8452000000.0,9555750000.0,0.0,529000000.0,529000000.0,0.0,21440000000.0,12755000000.0,8685000000.0,33486293408.0,325000000.0,3217000000.0,-2399000000.0,-345000000.0,-364000000.0,-3265000000.0,2787000000.0,-228000000.0,734000000.0,69000000.0,1226000000.0,1226000000.0,1226000000.0,-828000000.0,37000000.0,0.123,8933000000.0,1065000000.0,1961000000.0,0.297,7.307,27.313,28.27,564000000.0,0.0,134.0,3.349,3.465,2478000000.0,2302000000.0,9998000000.0,9998000000.0,0.0,0.046,0.234,0.184,0.176,319000000.0,6003000000.0,1.0,249897712.0,258500000,260700000.0,38.677,15997000000.0,389000000.0,250000000.0,127000000.0,61.884,922000000.0
4,AON,MRY,2016-12-31,2016-12-31,2016-12-31,2021-08-02,-3912000000.0,26615000000.0,26343250000.0,13146000000.0,13469000000.0,0.357,20.421,-156000000.0,426000000.0,426000000.0,0.0,1430000000.0,1.052,3.851,6205000000.0,336000000.0,5869000000.0,6205000000.0,0.0,319000000.0,0.0,0.012,1.29,1826000000.0,2145000000.0,0.228,2145000000.0,1826000000.0,1544000000.0,5.21,5.16,5.21,5475000000.0,5422250000.0,5475000000.0,35019878950.0,19.0,16.326,2170000000.0,8.094,1.0,9409000000.0,1.0,9300000000.0,282000000.0,10599000000.0,9610250000.0,0.0,290000000.0,290000000.0,0.0,21083000000.0,12495000000.0,8588000000.0,29342878950.0,47000000.0,-772000000.0,-1257000000.0,522000000.0,-345000000.0,-1286000000.0,-954000000.0,40000000.0,2326000000.0,-39000000.0,1396000000.0,1396000000.0,1396000000.0,-177000000.0,34000000.0,0.148,7598000000.0,1811000000.0,1604000000.0,0.248,5.359,21.019,21.407,550000000.0,0.0,111.53,3.119,3.178,2106000000.0,3807000000.0,9409000000.0,9409000000.0,0.0,0.053,0.257,0.19,0.194,306000000.0,6550000000.0,1.0,263094046.0,268100000,270300000.0,35.095,17315000000.0,325000000.0,148000000.0,101000000.0,64.584,651000000.0
5,AON,MRY,2015-12-31,2015-12-31,2015-12-31,2021-08-02,-3423000000.0,26883000000.0,27920250000.0,13565000000.0,13318000000.0,0.34,21.375,-200000000.0,384000000.0,384000000.0,0.0,1422000000.0,1.037,3.47,5700000000.0,562000000.0,5138000000.0,5700000000.0,0.0,338000000.0,0.0,0.012,1.15,1833000000.0,2171000000.0,0.229,2171000000.0,1833000000.0,1560000000.0,4.93,4.88,4.93,6002000000.0,6162000000.0,6002000000.0,30901330000.0,17.0,14.234,1809000000.0,6.442,1.0,9480000000.0,1.0,10628000000.0,273000000.0,8486000000.0,8677750000.0,0.0,356000000.0,356000000.0,0.0,20824000000.0,13085000000.0,7739000000.0,25173330000.0,10000000.0,189000000.0,-1550000000.0,253000000.0,-323000000.0,-1689000000.0,-138000000.0,-37000000.0,2009000000.0,-172000000.0,1385000000.0,1385000000.0,1385000000.0,-169000000.0,37000000.0,0.146,7893000000.0,1587000000.0,1772000000.0,0.233,4.194,18.176,18.704,765000000.0,0.0,92.21,2.655,2.731,2564000000.0,4013000000.0,9480000000.0,9480000000.0,0.0,0.05,0.225,0.211,0.193,320000000.0,6805000000.0,1.0,273000000.0,280800000,283800000.0,33.761,16255000000.0,300000000.0,175000000.0,37000000.0,57.888,480000000.0
6,AON,MRY,2014-12-31,2014-12-31,2014-12-31,2021-08-02,-3134000000.0,29772000000.0,30113000000.0,15823000000.0,13949000000.0,0.4,22.237,-256000000.0,374000000.0,374000000.0,0.0,1431000000.0,1.054,3.522,5582000000.0,783000000.0,4799000000.0,5582000000.0,0.0,594000000.0,0.0,0.01,0.925,1986000000.0,2580000000.0,0.214,2580000000.0,1986000000.0,1731000000.0,4.73,4.66,4.73,6571000000.0,7358000000.0,6571000000.0,32157512313.0,16.0,12.464,1556000000.0,5.266,1.0,12045000000.0,1.0,11380000000.0,255000000.0,8586000000.0,8529000000.0,0.0,394000000.0,394000000.0,0.0,23141000000.0,15014000000.0,8127000000.0,27039512313.0,-103000000.0,-431000000.0,-2250000000.0,1321000000.0,-273000000.0,-1303000000.0,-545000000.0,142000000.0,1812000000.0,-67000000.0,1397000000.0,1397000000.0,1397000000.0,0.0,34000000.0,0.116,10079000000.0,1966000000.0,1805000000.0,0.196,4.115,19.355,20.049,765000000.0,0.0,94.83,2.245,2.326,2815000000.0,4605000000.0,12045000000.0,12045000000.0,0.0,0.046,0.19,0.233,0.165,328000000.0,10079000000.0,1.0,285136690.0,295500000,299600000.0,40.761,18392000000.0,144000000.0,334000000.0,313000000.0,62.24,809000000.0
7,AON,MRY,2013-12-31,2013-12-31,2013-12-31,2021-08-02,-2374000000.0,30251000000.0,29911750000.0,16330000000.0,13921000000.0,0.395,26.156,-229000000.0,477000000.0,477000000.0,0.0,1148000000.0,1.06,2.708,4389000000.0,703000000.0,3686000000.0,4389000000.0,0.0,635000000.0,0.0,0.008,0.682,1713000000.0,2348000000.0,0.199,2348000000.0,1713000000.0,1503000000.0,3.57,3.53,3.57,8145000000.0,7704250000.0,8145000000.0,29443919572.0,17.0,12.54,1524000000.0,4.894,1.0,11815000000.0,1.0,11575000000.0,210000000.0,7177000000.0,7169000000.0,0.0,655000000.0,523000000.0,132000000.0,22056000000.0,15411000000.0,6645000000.0,25254919572.0,186000000.0,-14000000.0,-1102000000.0,227000000.0,-212000000.0,-1136000000.0,-339000000.0,-96000000.0,1753000000.0,-92000000.0,1113000000.0,1113000000.0,1113000000.0,0.0,35000000.0,0.094,10144000000.0,1671000000.0,1931000000.0,0.191,3.101,22.691,23.499,791000000.0,0.0,83.89,2.138,2.211,2896000000.0,5731000000.0,11815000000.0,11815000000.0,0.0,0.037,0.144,0.239,0.145,300000000.0,10144000000.0,1.0,301048034.0,311400000,315400000.0,37.942,18676000000.0,193000000.0,390000000.0,420000000.0,59.974,919000000.0
8,AON,MRY,2012-12-31,2012-12-31,2012-12-31,2021-08-02,-2610000000.0,30486000000.0,30268250000.0,16382000000.0,14104000000.0,0.38,23.629,-269000000.0,291000000.0,291000000.0,0.0,1020000000.0,1.067,2.922,4165000000.0,452000000.0,3713000000.0,4165000000.0,0.0,655000000.0,0.0,0.011,0.623,1581000000.0,2236000000.0,0.194,2236000000.0,1581000000.0,1353000000.0,3.02,2.99,3.02,7762000000.0,8144250000.0,7762000000.0,21833093280.0,14.0,9.764,1150000000.0,3.501,1.0,11514000000.0,1.0,11918000000.0,228000000.0,7092000000.0,7726500000.0,0.0,511000000.0,346000000.0,165000000.0,22681000000.0,15350000000.0,7331000000.0,17721093280.0,19000000.0,-160000000.0,-1125000000.0,-344000000.0,-204000000.0,-1586000000.0,177000000.0,606000000.0,1419000000.0,9000000.0,993000000.0,993000000.0,993000000.0,0.0,27000000.0,0.086,9918000000.0,1596000000.0,1853000000.0,0.206,2.283,17.846,18.414,820000000.0,0.0,55.61,1.539,1.587,3101000000.0,5933000000.0,11514000000.0,11514000000.0,0.0,0.033,0.122,0.205,0.137,212000000.0,9918000000.0,1.0,318667385.0,328500000,332600000.0,35.05,18568000000.0,285000000.0,360000000.0,306000000.0,56.524,1032000000.0
9,AON,MRY,2011-12-31,2011-12-31,2011-12-31,2021-08-02,-2370000000.0,29552000000.0,29648750000.0,15505000000.0,14047000000.0,0.381,24.077,-241000000.0,272000000.0,272000000.0,0.0,1010000000.0,1.127,2.653,4492000000.0,337000000.0,4155000000.0,4492000000.0,0.0,582000000.0,0.0,0.013,0.6,1602000000.0,2184000000.0,0.193,2184000000.0,1602000000.0,1357000000.0,2.92,2.87,2.92,8078000000.0,8283000000.0,8078000000.0,19412943405.0,12.0,8.889,777000000.0,2.316,1.0,11287000000.0,1.0,12046000000.0,245000000.0,7966000000.0,8161000000.0,0.0,1024000000.0,785000000.0,239000000.0,21432000000.0,13760000000.0,7672000000.0,15129943405.0,-74000000.0,-97000000.0,-828000000.0,-15000000.0,-200000000.0,-896000000.0,-186000000.0,152000000.0,1018000000.0,-10000000.0,979000000.0,979000000.0,979000000.0,0.0,31000000.0,0.087,9691000000.0,1596000000.0,1832000000.0,0.205,1.873,15.454,16.027,783000000.0,0.0,46.8,1.34,1.391,3183000000.0,8594000000.0,11287000000.0,11287000000.0,0.0,0.033,0.118,0.196,0.142,235000000.0,9691000000.0,1.0,323289389.0,335500000,340900000.0,33.642,17506000000.0,258000000.0,378000000.0,301000000.0,52.179,1745000000.0
10,AON,MRY,2010-12-31,2010-12-31,2010-12-31,2021-08-02,-1917000000.0,28982000000.0,24813750000.0,14519000000.0,14463000000.0,0.343,28.122,-180000000.0,346000000.0,346000000.0,0.0,732000000.0,1.121,2.506,4506000000.0,492000000.0,4014000000.0,4506000000.0,0.0,305000000.0,0.0,0.013,0.6,1176000000.0,1481000000.0,0.174,1481000000.0,1176000000.0,994000000.0,2.41,2.37,2.41,8251000000.0,6218250000.0,8251000000.0,15883620853.0,14.0,10.725,603000000.0,2.055,1.0,8512000000.0,1.0,12258000000.0,182000000.0,7935000000.0,6608000000.0,0.0,1097000000.0,785000000.0,312000000.0,20676000000.0,12949000000.0,7727000000.0,12462620853.0,129000000.0,-2078000000.0,-250000000.0,2089000000.0,-175000000.0,1823000000.0,-2539000000.0,-281000000.0,783000000.0,62000000.0,706000000.0,706000000.0,706000000.0,0.0,26000000.0,0.083,7268000000.0,1244000000.0,1810000000.0,0.249,1.51,17.652,19.091,781000000.0,0.0,46.01,1.464,1.586,2701000000.0,7861000000.0,8512000000.0,8512000000.0,0.0,0.028,0.114,0.178,0.138,221000000.0,7268000000.0,1.0,270867656.0,293400000,298100000.0,29.012,16724000000.0,305000000.0,288000000.0,663000000.0,57.001,1570000000.0
11,AON,MRY,2009-12-31,2009-12-31,2009-12-31,2021-08-02,-1675000000.0,22958000000.0,23036250000.0,13989000000.0,8969000000.0,0.33,18.994,-140000000.0,217000000.0,217000000.0,0.0,792000000.0,1.107,3.258,2008000000.0,10000000.0,1998000000.0,2008000000.0,0.0,242000000.0,0.0,0.016,0.6,1109000000.0,1351000000.0,0.178,1351000000.0,1109000000.0,987000000.0,2.64,2.57,2.64,5379000000.0,5697000000.0,5379000000.0,11932191986.0,11.0,8.832,360000000.0,1.271,1.0,7595000000.0,1.0,6869000000.0,122000000.0,5240000000.0,4962750000.0,0.0,741000000.0,422000000.0,319000000.0,17527000000.0,12640000000.0,4887000000.0,10502191986.0,-365000000.0,-263000000.0,-590000000.0,-25000000.0,-165000000.0,-652000000.0,-229000000.0,174000000.0,500000000.0,16000000.0,747000000.0,747000000.0,747000000.0,0.0,45000000.0,0.098,6574000000.0,1021000000.0,1535000000.0,0.227,1.952,14.059,14.523,461000000.0,0.0,38.34,1.383,1.43,2052000000.0,7335000000.0,7595000000.0,7595000000.0,0.0,0.032,0.131,0.223,0.146,209000000.0,6574000000.0,1.0,273922587.0,283200000,291100000.0,26.819,16089000000.0,881000000.0,240000000.0,129000000.0,56.811,1349000000.0
12,AON,MRY,2008-12-31,2008-12-31,2008-12-31,2021-08-02,-1462000000.0,22940000000.0,23560000000.0,14526000000.0,8414000000.0,0.32,18.135,-103000000.0,582000000.0,582000000.0,0.0,1478000000.0,1.135,3.3,1977000000.0,105000000.0,1872000000.0,1977000000.0,0.0,222000000.0,0.0,0.013,0.6,2245000000.0,2467000000.0,0.328,2467000000.0,2245000000.0,2119000000.0,4.99,4.8,4.99,5310000000.0,6041000000.0,5310000000.0,13809653682.0,6.0,5.598,865000000.0,2.954,1.0,7528000000.0,1.0,6416000000.0,126000000.0,5116000000.0,6386250000.0,0.0,1016000000.0,684000000.0,332000000.0,17525000000.0,12803000000.0,4722000000.0,12323653682.0,-2000000.0,1724000000.0,-1924000000.0,-386000000.0,-171000000.0,-2244000000.0,1404000000.0,-217000000.0,968000000.0,-130000000.0,1462000000.0,1462000000.0,1462000000.0,0.0,16000000.0,0.194,6588000000.0,940000000.0,1560000000.0,0.12,2.321,8.429,9.154,451000000.0,0.0,45.68,1.637,1.777,1990000000.0,6816000000.0,7528000000.0,7528000000.0,0.0,0.062,0.242,0.352,0.298,248000000.0,6588000000.0,1.0,269782261.0,292800000,304500000.0,25.71,16524000000.0,795000000.0,657000000.0,118000000.0,56.434,1723000000.0
13,AON,MRY,2007-12-31,2007-12-31,2007-12-31,2021-08-02,-726000000.0,24929000000.0,24533500000.0,18068000000.0,6861000000.0,0.295,20.397,-170000000.0,584000000.0,584000000.0,0.0,877000000.0,1.239,3.007,2145000000.0,252000000.0,1893000000.0,2145000000.0,0.0,205000000.0,0.0,0.013,0.6,1478000000.0,1683000000.0,0.233,1683000000.0,1478000000.0,1340000000.0,2.83,2.66,2.83,6221000000.0,5610000000.0,6221000000.0,15600950609.0,11.0,9.27,1093000000.0,3.584,1.0,7234000000.0,1.0,5119000000.0,138000000.0,6794000000.0,17566500000.0,0.0,1452000000.0,1120000000.0,332000000.0,18708000000.0,14577000000.0,4131000000.0,13913950609.0,303000000.0,-198000000.0,-469000000.0,92000000.0,-176000000.0,-553000000.0,-463000000.0,-95000000.0,1263000000.0,56000000.0,864000000.0,864000000.0,864000000.0,0.0,13000000.0,0.119,6231000000.0,1003000000.0,1413000000.0,0.212,2.237,16.104,16.852,497000000.0,0.0,47.69,1.923,2.011,1993000000.0,5607000000.0,7234000000.0,7234000000.0,0.0,0.035,0.154,0.084,0.204,204000000.0,6231000000.0,1.0,291758243.0,305000000,326900000.0,23.718,19810000000.0,529000000.0,476000000.0,109000000.0,64.951,3491000000.0
14,AON,MRY,2006-12-31,2006-12-31,2006-12-31,2021-08-02,-1010000000.0,24384000000.0,27947000000.0,17643000000.0,6741000000.0,0.242,15.253,-152000000.0,281000000.0,281000000.0,0.0,720000000.0,1.229,3.673,2285000000.0,42000000.0,2243000000.0,2285000000.0,0.0,244000000.0,0.0,0.017,0.6,1212000000.0,1456000000.0,0.215,1456000000.0,1212000000.0,1083000000.0,2.27,2.13,2.27,5218000000.0,5322500000.0,5218000000.0,12825946412.0,11.0,8.809,816000000.0,2.385,1.0,6770000000.0,1.0,4666000000.0,129000000.0,7366000000.0,21572500000.0,0.0,4864000000.0,4335000000.0,529000000.0,19166000000.0,14356000000.0,4810000000.0,10943946412.0,-195000000.0,544000000.0,-916000000.0,141000000.0,-189000000.0,-964000000.0,-190000000.0,-582000000.0,968000000.0,-9000000.0,720000000.0,720000000.0,720000000.0,-230000000.0,0.0,0.106,5940000000.0,830000000.0,11184000000.0,0.264,2.097,15.2,15.568,456000000.0,0.0,35.34,1.617,1.786,8631000000.0,4992000000.0,6770000000.0,6770000000.0,0.0,0.026,0.135,0.056,0.179,153000000.0,5718000000.0,1.0,309675903.0,342100000,342100000.0,19.79,19718000000.0,900000000.0,363000000.0,94000000.0,57.638,3287000000.0
15,AON,MRY,2005-12-31,2005-12-31,2005-12-31,2021-08-02,-1155000000.0,27832000000.0,27875500000.0,,,0.239,15.57,-126000000.0,476000000.0,476000000.0,0.0,735000000.0,,4.235,2112000000.0,,,2112000000.0,0.0,277000000.0,0.0,0.017,0.6,1315000000.0,1592000000.0,0.239,1592000000.0,1315000000.0,1190000000.0,2.27,2.17,2.27,5317000000.0,5260250000.0,5317000000.0,12958510166.0,10.0,8.14,760000000.0,2.225,1.0,6651000000.0,1.0,4253000000.0,125000000.0,25215000000.0,24859250000.0,0.0,7058000000.0,,,22515000000.0,,,11504510166.0,-94000000.0,283000000.0,51000000.0,-12000000.0,-193000000.0,-204000000.0,-769000000.0,-926000000.0,886000000.0,-7000000.0,733000000.0,733000000.0,733000000.0,-319000000.0,2000000.0,0.11,5949000000.0,702000000.0,9380000000.0,0.264,2.164,15.695,15.837,505000000.0,0.0,35.95,1.73,1.846,9135000000.0,4531000000.0,6651000000.0,6651000000.0,0.0,0.026,0.139,0.053,0.198,72000000.0,5700000000.0,1.0,320014191.0,341500000,341500000.0,19.476,23579000000.0,646000000.0,457000000.0,0.0,69.045,
16,AON,MRY,2004-12-31,2004-12-31,2004-12-31,2021-08-02,-681000000.0,28329000000.0,27645750000.0,,,0.311,15.16,-80000000.0,570000000.0,570000000.0,0.0,543000000.0,,4.542,2117000000.0,,,2117000000.0,0.0,309000000.0,0.0,0.019,0.45,966000000.0,1275000000.0,0.148,1275000000.0,966000000.0,830000000.0,1.69,1.63,1.69,5103000000.0,4835500000.0,5103000000.0,9118624961.0,9.0,7.152,1104000000.0,3.28,1.0,8607000000.0,1.0,4744000000.0,136000000.0,25132000000.0,24509750000.0,0.0,8453000000.0,,,23176000000.0,,,7550624961.0,30000000.0,53000000.0,23000000.0,-46000000.0,-192000000.0,-266000000.0,-923000000.0,-896000000.0,1184000000.0,35000000.0,540000000.0,540000000.0,540000000.0,-59000000.0,3000000.0,0.063,7738000000.0,869000000.0,9775000000.0,0.266,1.48,13.983,14.118,660000000.0,0.0,23.86,0.877,0.933,9880000000.0,4031000000.0,8607000000.0,8607000000.0,0.0,0.02,0.112,0.039,0.112,48000000.0,6339000000.0,1.0,316455363.0,336600000,336600000.0,25.57,23585000000.0,687000000.0,290000000.0,0.0,70.068,
17,AON,MRY,2003-12-31,2003-12-31,2003-12-31,2021-08-02,-861000000.0,27027000000.0,26620250000.0,,,0.356,13.556,-185000000.0,540000000.0,540000000.0,0.0,628000000.0,,4.998,2148000000.0,,,2148000000.0,0.0,314000000.0,0.0,0.025,0.6,1122000000.0,1436000000.0,0.152,1436000000.0,1122000000.0,1021000000.0,1.97,1.9,1.97,4498000000.0,4277500000.0,4498000000.0,8471774682.0,8.0,5.9,1127000000.0,3.397,1.0,9464000000.0,1.0,4685000000.0,101000000.0,23950000000.0,23402000000.0,0.0,7324000000.0,,,22479000000.0,,,7507774682.0,56000000.0,-8000000.0,-6000000.0,-385000000.0,-190000000.0,-670000000.0,-607000000.0,-414000000.0,1312000000.0,21000000.0,625000000.0,625000000.0,625000000.0,14000000.0,3000000.0,0.066,8289000000.0,1175000000.0,10203000000.0,0.305,1.669,12.012,12.152,827000000.0,0.0,23.94,0.793,0.839,10111000000.0,3679000000.0,9464000000.0,9464000000.0,0.0,0.023,0.146,0.048,0.119,49000000.0,6569000000.0,1.0,313607965.0,331800000,331800000.0,28.523,22342000000.0,608000000.0,396000000.0,0.0,67.336,
18,AON,MRY,2002-12-31,2002-12-31,2002-12-31,2021-08-02,-954000000.0,25334000000.0,24339500000.0,,,0.358,13.783,-278000000.0,484000000.0,484000000.0,0.0,466000000.0,,5.311,1788000000.0,,,1788000000.0,0.0,262000000.0,0.0,0.044,0.825,897000000.0,1159000000.0,0.133,1159000000.0,897000000.0,773000000.0,1.65,1.64,1.65,3895000000.0,3707000000.0,3895000000.0,6411310191.0,7.0,5.532,942000000.0,3.333,1.0,8716000000.0,1.0,4324000000.0,124000000.0,22314000000.0,21466250000.0,0.0,6586000000.0,,,20687000000.0,,,5156310191.0,45000000.0,-111000000.0,597000000.0,-191000000.0,-233000000.0,-596000000.0,-597000000.0,-208000000.0,1220000000.0,18000000.0,463000000.0,463000000.0,463000000.0,30000000.0,3000000.0,0.053,7752000000.0,964000000.0,9904000000.0,0.5,1.324,11.137,11.448,865000000.0,0.0,18.89,0.592,0.612,9559000000.0,3251000000.0,8716000000.0,8716000000.0,0.0,0.019,0.125,0.042,0.103,0.0,6355000000.0,1.0,272965071.0,282600000,282600000.0,30.842,21010000000.0,813000000.0,310000000.0,0.0,74.345,
19,AON,MRY,2001-12-31,2001-12-31,2001-12-31,2021-08-02,-535000000.0,22330000000.0,22419500000.0,,,0.341,12.72,-281000000.0,439000000.0,439000000.0,0.0,147000000.0,,5.199,1951000000.0,,,1951000000.0,0.0,338000000.0,0.0,0.025,0.895,416000000.0,754000000.0,0.099,754000000.0,416000000.0,289000000.0,0.54,0.53,0.54,3465000000.0,3481000000.0,3465000000.0,10917612775.0,26.0,14.48,284000000.0,1.043,1.0,7651000000.0,1.0,4084000000.0,127000000.0,19758000000.0,19683500000.0,0.0,6146000000.0,,,18015000000.0,,,9562612775.0,-673000000.0,-107000000.0,49000000.0,-143000000.0,-241000000.0,-620000000.0,-616000000.0,-228000000.0,565000000.0,-2000000.0,144000000.0,144000000.0,144000000.0,36000000.0,3000000.0,0.019,7156000000.0,495000000.0,8233000000.0,1.657,2.76,66.407,65.778,775000000.0,0.0,35.52,1.25,1.265,7896000000.0,3021000000.0,7651000000.0,7651000000.0,0.0,0.006,0.041,0.021,0.054,0.0,5729000000.0,1.0,269217702.0,272400000,272400000.0,28.087,18246000000.0,628000000.0,145000000.0,0.0,66.982,
20,AON,MRY,2000-12-31,2000-12-31,2000-12-31,2021-08-02,-377000000.0,22251000000.0,21869250000.0,,,0.337,12.882,-179000000.0,1118000000.0,1118000000.0,0.0,474000000.0,,5.317,2107000000.0,,,2107000000.0,0.0,333000000.0,0.0,0.006,0.22,944000000.0,1277000000.0,0.173,1277000000.0,944000000.0,804000000.0,1.81,1.79,1.81,3388000000.0,3186750000.0,3388000000.0,10068243304.0,11.0,7.884,560000000.0,2.129,1.0,7375000000.0,1.0,3916000000.0,140000000.0,19324000000.0,19232000000.0,0.0,6019000000.0,,,18013000000.0,,,8771243304.0,281000000.0,-85000000.0,-59000000.0,191000000.0,-226000000.0,-313000000.0,-137000000.0,127000000.0,739000000.0,-8000000.0,471000000.0,471000000.0,471000000.0,0.0,3000000.0,0.064,6381000000.0,994000000.0,8212000000.0,0.122,2.589,18.623,18.923,0.0,0.0,34.25,1.189,1.221,8230000000.0,3127000000.0,7375000000.0,7375000000.0,0.0,0.022,0.148,0.049,0.128,0.0,5190000000.0,1.0,256094695.0,263000000,263000000.0,28.042,18335000000.0,373000000.0,333000000.0,0.0,69.715,
21,AON,MRY,1999-12-31,1999-12-31,1999-12-31,2021-08-02,-309000000.0,21132000000.0,20410000000.0,,,0.346,11.614,-271000000.0,837000000.0,837000000.0,0.0,352000000.0,,5.648,1914000000.0,,,1914000000.0,0.0,330000000.0,0.0,0.0,0.0,697000000.0,1027000000.0,0.145,1027000000.0,697000000.0,592000000.0,1.35,1.33,1.35,3051000000.0,3034000000.0,3051000000.0,11340376720.0,16.0,11.042,191000000.0,0.727,1.0,7070000000.0,1.0,3862000000.0,105000000.0,18347000000.0,17618000000.0,0.0,6184000000.0,,,17231000000.0,,,10265376720.0,114000000.0,-395000000.0,-66000000.0,558000000.0,-210000000.0,152000000.0,-493000000.0,173000000.0,462000000.0,-7000000.0,349000000.0,349000000.0,349000000.0,0.0,3000000.0,0.049,6330000000.0,740000000.0,7643000000.0,0.0,3.365,29.414,29.63,0.0,0.0,40.0,1.452,1.486,7346000000.0,2905000000.0,7070000000.0,7070000000.0,0.0,0.017,0.115,0.04,0.099,0.0,5214000000.0,1.0,256634418.0,262700000,262700000.0,26.913,17270000000.0,343000000.0,243000000.0,0.0,65.74,
22,AON,MRY,1998-12-31,1998-12-31,1998-12-31,2021-08-02,-116000000.0,19688000000.0,19586375000.0,,,0.332,11.631,-300000000.0,723000000.0,723000000.0,0.0,541000000.0,,5.244,1424000000.0,,,1424000000.0,0.0,253000000.0,0.0,0.0,0.0,974000000.0,1227000000.0,0.189,1227000000.0,974000000.0,887000000.0,2.11,2.07,2.11,3017000000.0,2980700000.0,3017000000.0,9895416151.0,10.0,8.065,564000000.0,2.174,1.0,6493000000.0,1.0,3500000000.0,87000000.0,16889000000.0,16767850000.0,0.0,6452000000.0,,,15821000000.0,,,9418916151.0,-362000000.0,-374000000.0,-18000000.0,46000000.0,-194000000.0,132000000.0,-1355000000.0,-681000000.0,864000000.0,-3000000.0,538000000.0,538000000.0,538000000.0,0.0,3000000.0,0.083,5475000000.0,1018000000.0,6948000000.0,0.0,3.122,17.507,17.498,0.0,0.0,36.92,1.451,1.475,6606000000.0,2782000000.0,6493000000.0,6493000000.0,0.0,0.027,0.18,0.058,0.15,0.0,4457000000.0,1.0,255116906.0,259400000,259400000.0,25.031,16188000000.0,214000000.0,349000000.0,156000000.0,62.406,
23,AON,MRY,1997-12-31,1997-12-31,1997-12-31,2021-08-02,103000000.0,18691000000.0,16206850000.0,,,0.355,11.032,-146000000.0,1085000000.0,1085000000.0,0.0,299000000.0,,5.322,1401000000.0,,,1401000000.0,0.0,242000000.0,0.0,0.0,0.0,560000000.0,802000000.0,0.139,802000000.0,560000000.0,490000000.0,1.14,1.12,1.14,2822000000.0,2827450000.0,2822000000.0,,,,638000000.0,2.494,1.0,5751000000.0,1.0,3094000000.0,70000000.0,15913000000.0,14181250000.0,0.0,5922000000.0,,,15019000000.0,,,9848142544.0,675000000.0,-915000000.0,21000000.0,468000000.0,-182000000.0,1300000000.0,-1376000000.0,-315000000.0,784000000.0,-33000000.0,287000000.0,287000000.0,287000000.0,0.0,12000000.0,0.05,5139000000.0,612000000.0,6380000000.0,0.0,3.49,34.314,34.287,0.0,0.0,39.087,1.712,1.739,6250000000.0,2463000000.0,5751000000.0,5751000000.0,0.0,0.018,0.102,0.039,0.097,0.0,4176000000.0,1.0,251956572.0,255800000,255800000.0,22.482,15597000000.0,137000000.0,203000000.0,180000000.0,60.973,
24,AON,MRY,1996-12-31,1996-12-31,1996-12-31,2021-08-02,154100000.0,13722700000.0,,,,,11.182,-75000000.0,410100000.0,410100000.0,0.0,335000000.0,,3.826,734600000.0,,,734600000.0,0.0,144000000.0,0.0,0.0,0.0,510000000.0,654000000.0,0.168,654000000.0,510000000.0,470000000.0,1.287,1.267,1.287,2832900000.0,,2832900000.0,,,,280000000.0,1.105,1.0,3888000000.0,1.0,1597700000.0,40000000.0,12449500000.0,,0.0,5212800000.0,,,10839800000.0,,,,295000000.0,1028000000.0,-40000000.0,-145000000.0,-173000000.0,-301000000.0,237000000.0,-716000000.0,355000000.0,4000000.0,316000000.0,316000000.0,316000000.0,-43000000.0,19000000.0,0.081,3402000000.0,486000000.0,4143700000.0,0.0,,,21.452,323200000.0,0.0,27.609,,1.799,4624400000.0,2356800000.0,3888000000.0,3888000000.0,0.0,,,,0.131,0.0,2536000000.0,1.0,,253350000,253350000.0,15.346,12125000000.0,0.0,154000000.0,96600000.0,47.859,
25,AON,MRY,1995-12-31,1995-12-31,1995-12-31,2021-08-02,,,,,,,,-97900000.0,,,0.0,402800000.0,,,,,,,,157900000.0,,0.0,0.0,569700000.0,727600000.0,0.21,727600000.0,569700000.0,532400000.0,1.553,1.533,1.553,,,,,,,511700000.0,2.039,1.0,3465700000.0,1.0,,37300000.0,,,,,,,,,,,-393500000.0,-109600000.0,-46400000.0,116400000.0,-171300000.0,-376800000.0,-624200000.0,-416700000.0,609600000.0,-2100000.0,378100000.0,378100000.0,378100000.0,-99100000.0,24700000.0,0.109,2970400000.0,495300000.0,,0.0,,,14.275,,0.0,22.169,,1.605,,,3465700000.0,3465700000.0,0.0,,,,0.164,0.0,2189800000.0,1.0,,250950000,250950000.0,13.81,,,154300000.0,,,
0,AON,MRQ,2021-06-30,2021-06-30,2021-06-30,2021-08-02,-3744000000.0,34580000000.0,,21276000000.0,13304000000.0,,19.656,-41000000.0,1091000000.0,1091000000.0,0.0,393000000.0,1.124,6.726,8126000000.0,13000000.0,8113000000.0,8126000000.0,0.0,77000000.0,0.0,0.008,0.51,660000000.0,737000000.0,0.255,737000000.0,660000000.0,582000000.0,1.67,1.66,1.67,4462000000.0,,4462000000.0,61165537410.0,20.0,18.231,743000000.0,3.273,1.0,2886000000.0,1.0,9223000000.0,78000000.0,13465000000.0,,0.0,289000000.0,289000000.0,0.0,30013000000.0,18927000000.0,11086000000.0,53875537410.0,269000000.0,9000000.0,-242000000.0,13000000.0,-115000000.0,-413000000.0,-129000000.0,-97000000.0,784000000.0,27000000.0,379000000.0,379000000.0,379000000.0,0.0,14000000.0,0.131,2214000000.0,672000000.0,1692000000.0,0.305,12.074,25.765,26.094,1448000000.0,0.0,238.76,4.581,4.608,3545000000.0,1823000000.0,2886000000.0,2886000000.0,0.0,,,,,85000000.0,1628000000.0,1.0,225647250.0,227000000,228000000.0,12.714,25357000000.0,738000000.0,203000000.0,417000000.0,111.705,2349000000.0
1,AON,MRQ,2021-03-31,2021-03-31,2021-03-31,2021-08-02,-3891000000.0,32175000000.0,,18905000000.0,13270000000.0,,18.758,-29000000.0,822000000.0,822000000.0,0.0,933000000.0,1.124,6.529,8112000000.0,0.0,8112000000.0,8112000000.0,0.0,81000000.0,0.0,0.008,0.46,1226000000.0,1307000000.0,0.371,1307000000.0,1226000000.0,1147000000.0,4.02,4.0,4.02,4260000000.0,,4260000000.0,59743257858.0,20.0,18.165,532000000.0,2.343,1.0,3525000000.0,1.0,9181000000.0,79000000.0,13461000000.0,,0.0,171000000.0,171000000.0,0.0,27814000000.0,16823000000.0,10991000000.0,52001257858.0,-62000000.0,0.0,-50000000.0,-400000000.0,-104000000.0,-709000000.0,102000000.0,131000000.0,561000000.0,-16000000.0,913000000.0,913000000.0,913000000.0,0.0,20000000.0,0.259,2280000000.0,1245000000.0,1628000000.0,0.114,12.207,24.645,25.039,1451000000.0,0.0,230.11,4.573,4.595,3526000000.0,1801000000.0,3525000000.0,3525000000.0,0.0,,,,,131000000.0,1719000000.0,1.0,225984346.0,227100000,228100000.0,15.522,22994000000.0,721000000.0,234000000.0,293000000.0,101.251,2082000000.0
2,AON,MRQ,2020-12-31,2020-12-31,2020-12-31,2021-08-02,-3861000000.0,32114000000.0,,18684000000.0,13430000000.0,,15.249,-22000000.0,884000000.0,884000000.0,0.0,534000000.0,1.072,8.163,8626000000.0,448000000.0,8178000000.0,8626000000.0,0.0,84000000.0,0.0,0.008,0.46,698000000.0,782000000.0,0.264,782000000.0,698000000.0,616000000.0,2.28,2.27,2.28,3495000000.0,,3495000000.0,56111775842.0,20.0,17.734,738000000.0,3.22,1.0,2965000000.0,1.0,9306000000.0,82000000.0,13117000000.0,,0.0,308000000.0,308000000.0,0.0,28531000000.0,17433000000.0,11098000000.0,48299775842.0,63000000.0,0.0,-800000000.0,-25000000.0,-105000000.0,-942000000.0,136000000.0,158000000.0,760000000.0,109000000.0,524000000.0,524000000.0,524000000.0,0.0,10000000.0,0.177,2252000000.0,713000000.0,2016000000.0,0.202,13.82,24.53,24.885,1510000000.0,0.0,211.27,4.365,4.427,3070000000.0,1042000000.0,2965000000.0,2965000000.0,0.0,,,,,105000000.0,1635000000.0,1.0,228616348.0,229200000,230700000.0,12.936,22808000000.0,724000000.0,92000000.0,262000000.0,99.511,1251000000.0
3,AON,MRQ,2020-09-30,2020-09-30,2020-09-30,2021-08-02,-4099000000.0,31359000000.0,,18249000000.0,13110000000.0,,15.228,-30000000.0,821000000.0,821000000.0,0.0,282000000.0,1.082,7.831,8633000000.0,472000000.0,8161000000.0,8633000000.0,0.0,92000000.0,0.0,0.009,0.44,437000000.0,529000000.0,0.222,529000000.0,437000000.0,357000000.0,1.18,1.18,1.18,3542000000.0,,3542000000.0,55990464317.0,22.0,18.418,774000000.0,3.328,1.0,2385000000.0,1.0,9127000000.0,80000000.0,13174000000.0,,0.0,448000000.0,448000000.0,0.0,27739000000.0,16870000000.0,10869000000.0,47789464317.0,64000000.0,0.0,-500000000.0,-310000000.0,-103000000.0,-942000000.0,177000000.0,207000000.0,804000000.0,25000000.0,275000000.0,275000000.0,275000000.0,-1000000.0,7000000.0,0.115,1944000000.0,441000000.0,1608000000.0,0.373,13.492,26.272,26.483,1523000000.0,0.0,206.3,4.35,4.368,2906000000.0,1423000000.0,2385000000.0,2385000000.0,0.0,,,,,67000000.0,1387000000.0,1.0,231650336.0,232600000,233500000.0,10.254,22232000000.0,655000000.0,82000000.0,223000000.0,95.58,1379000000.0
4,AON,MRQ,2020-06-30,2020-06-30,2020-06-30,2021-08-02,-4296000000.0,31995000000.0,,18990000000.0,13005000000.0,,15.475,-30000000.0,757000000.0,757000000.0,0.0,411000000.0,1.092,7.859,8958000000.0,782000000.0,8176000000.0,8958000000.0,0.0,99000000.0,0.0,0.009,0.44,572000000.0,671000000.0,0.269,671000000.0,572000000.0,483000000.0,1.71,1.7,1.71,3601000000.0,,3601000000.0,52837890878.0,21.0,17.542,851000000.0,3.657,1.0,2497000000.0,1.0,9055000000.0,89000000.0,13758000000.0,,0.0,654000000.0,654000000.0,0.0,28300000000.0,17383000000.0,10917000000.0,44506890878.0,67000000.0,-34000000.0,0.0,-113000000.0,-102000000.0,-286000000.0,-554000000.0,-490000000.0,881000000.0,26000000.0,398000000.0,398000000.0,398000000.0,0.0,13000000.0,0.159,1903000000.0,594000000.0,1488000000.0,0.257,12.36,25.202,25.51,1556000000.0,0.0,192.6,4.053,4.082,3314000000.0,1751000000.0,2497000000.0,2497000000.0,0.0,,,,,64000000.0,1361000000.0,1.0,231084584.0,232700000,233600000.0,10.731,22940000000.0,654000000.0,85000000.0,200000000.0,98.582,1607000000.0
5,AON,MRQ,2020-03-31,2020-03-31,2020-03-31,2021-08-02,-4409000000.0,30282000000.0,,17345000000.0,12937000000.0,,13.589,-59000000.0,690000000.0,690000000.0,0.0,791000000.0,1.014,8.527,9021000000.0,1884000000.0,7137000000.0,9021000000.0,0.0,138000000.0,0.0,0.011,0.44,1044000000.0,1182000000.0,0.367,1182000000.0,1044000000.0,961000000.0,3.31,3.29,3.31,3169000000.0,,3169000000.0,45713308794.0,20.0,15.829,279000000.0,1.196,1.0,3219000000.0,1.0,9039000000.0,83000000.0,12463000000.0,,0.0,170000000.0,170000000.0,0.0,27022000000.0,17111000000.0,9911000000.0,38220308794.0,-100000000.0,-304000000.0,-463000000.0,719000000.0,-102000000.0,82000000.0,-438000000.0,-75000000.0,338000000.0,-82000000.0,772000000.0,772000000.0,772000000.0,0.0,19000000.0,0.24,2186000000.0,1033000000.0,1549000000.0,0.133,12.061,23.234,23.611,1563000000.0,0.0,165.04,3.447,3.471,3554000000.0,1455000000.0,3219000000.0,3219000000.0,0.0,,,,,76000000.0,1522000000.0,1.0,231582094.0,233200000,234500000.0,13.804,21243000000.0,638000000.0,189000000.0,189000000.0,91.093,234000000.0
6,AON,MRQ,2019-12-31,2019-12-31,2019-12-31,2021-08-02,-4033000000.0,29405000000.0,,16476000000.0,12929000000.0,,14.38,-58000000.0,790000000.0,790000000.0,0.0,382000000.0,1.058,7.691,8283000000.0,712000000.0,7571000000.0,8283000000.0,0.0,145000000.0,0.0,0.008,0.44,513000000.0,658000000.0,0.228,658000000.0,513000000.0,433000000.0,1.59,1.58,1.59,3375000000.0,,3375000000.0,56356480712.0,26.0,20.873,614000000.0,2.616,1.0,2885000000.0,1.0,8948000000.0,80000000.0,12379000000.0,,0.0,138000000.0,138000000.0,0.0,25956000000.0,15571000000.0,10385000000.0,48768480712.0,188000000.0,9000000.0,-453000000.0,51000000.0,-103000000.0,-525000000.0,2000000.0,51000000.0,672000000.0,39000000.0,374000000.0,374000000.0,374000000.0,0.0,8000000.0,0.13,2361000000.0,524000000.0,1939000000.0,0.277,14.45,31.833,32.444,1550000000.0,0.0,208.29,4.428,4.513,3112000000.0,1254000000.0,2885000000.0,2885000000.0,0.0,,,,,65000000.0,1601000000.0,1.0,234137408.0,234700000,236700000.0,12.292,20457000000.0,645000000.0,59000000.0,199000000.0,87.162,905000000.0
7,AON,MRQ,2019-09-30,2019-09-30,2019-09-30,2021-08-02,-4030000000.0,28167000000.0,,15317000000.0,12850000000.0,,14.74,-61000000.0,602000000.0,602000000.0,0.0,228000000.0,1.031,7.046,8190000000.0,1148000000.0,7042000000.0,8190000000.0,0.0,145000000.0,0.0,0.009,0.44,356000000.0,501000000.0,0.211,501000000.0,356000000.0,278000000.0,0.94,0.93,0.94,3492000000.0,,3492000000.0,53616913873.0,25.0,19.533,741000000.0,3.128,1.0,2379000000.0,1.0,8945000000.0,78000000.0,11959000000.0,,0.0,177000000.0,177000000.0,0.0,24606000000.0,14851000000.0,9755000000.0,45651913873.0,21000000.0,12000000.0,-352000000.0,-271000000.0,-104000000.0,-736000000.0,-9000000.0,40000000.0,802000000.0,-36000000.0,222000000.0,222000000.0,222000000.0,1000000.0,6000000.0,0.093,2019000000.0,360000000.0,1499000000.0,0.468,13.073,30.374,31.071,1519000000.0,0.0,193.57,4.189,4.208,2866000000.0,1436000000.0,2379000000.0,2379000000.0,0.0,,,,,72000000.0,1368000000.0,1.0,235841886.0,236900000,239100000.0,10.042,19222000000.0,611000000.0,56000000.0,209000000.0,81.14,466000000.0
8,AON,MRQ,2019-06-30,2019-06-30,2019-06-30,2021-08-02,-3837000000.0,29807000000.0,,16745000000.0,13062000000.0,,15.943,-49000000.0,581000000.0,581000000.0,0.0,287000000.0,1.082,6.75,8546000000.0,844000000.0,7702000000.0,8546000000.0,0.0,137000000.0,0.0,0.011,0.44,410000000.0,547000000.0,0.21,547000000.0,410000000.0,333000000.0,1.15,1.14,1.15,3836000000.0,,3836000000.0,53209870333.0,26.0,20.163,238000000.0,0.989,1.0,2606000000.0,1.0,9171000000.0,77000000.0,13120000000.0,,0.0,235000000.0,235000000.0,0.0,25894000000.0,15481000000.0,10413000000.0,46415870333.0,-19000000.0,1000000.0,-1055000000.0,1154000000.0,-107000000.0,-92000000.0,-195000000.0,-147000000.0,287000000.0,-19000000.0,277000000.0,277000000.0,277000000.0,0.0,10000000.0,0.106,2193000000.0,413000000.0,1369000000.0,0.383,12.1,32.504,32.764,1558000000.0,0.0,192.98,4.271,4.272,3227000000.0,1669000000.0,2606000000.0,2606000000.0,0.0,,,,,91000000.0,1501000000.0,1.0,240521662.0,240600000,242800000.0,10.831,20636000000.0,599000000.0,56000000.0,211000000.0,85.769,1264000000.0
9,AON,MRQ,2019-03-31,2019-03-31,2019-03-31,2021-08-02,-3740000000.0,29135000000.0,,15919000000.0,13216000000.0,,19.715,-57000000.0,600000000.0,600000000.0,0.0,676000000.0,1.095,5.083,7394000000.0,426000000.0,6968000000.0,7394000000.0,0.0,137000000.0,0.0,0.012,0.4,857000000.0,994000000.0,0.316,994000000.0,857000000.0,785000000.0,2.72,2.7,2.72,4775000000.0,,4775000000.0,46555904749.0,28.0,19.447,17000000.0,0.07,1.0,3143000000.0,1.0,9296000000.0,72000000.0,12096000000.0,,0.0,134000000.0,134000000.0,0.0,24273000000.0,14537000000.0,9736000000.0,40967904749.0,-56000000.0,-9000000.0,-100000000.0,177000000.0,-96000000.0,-140000000.0,-27000000.0,39000000.0,74000000.0,37000000.0,659000000.0,659000000.0,659000000.0,0.0,17000000.0,0.21,2271000000.0,872000000.0,1479000000.0,0.147,8.58,34.168,34.555,1599000000.0,0.0,170.7,3.785,3.82,3242000000.0,2555000000.0,3143000000.0,3143000000.0,0.0,,,,,89000000.0,1584000000.0,1.0,239999442.0,242200000,243700000.0,12.977,19839000000.0,588000000.0,126000000.0,205000000.0,81.912,1382000000.0
10,AON,MRQ,2018-12-31,2018-12-31,2018-12-31,2021-08-02,-3909000000.0,26422000000.0,,14372000000.0,12050000000.0,,17.139,-61000000.0,656000000.0,656000000.0,0.0,353000000.0,1.081,5.349,6244000000.0,251000000.0,5993000000.0,6244000000.0,0.0,151000000.0,0.0,0.013,0.4,552000000.0,703000000.0,0.254,703000000.0,552000000.0,482000000.0,1.42,1.4,1.42,4151000000.0,,4151000000.0,40931100411.0,26.0,17.59,650000000.0,2.684,1.0,2770000000.0,1.0,9320000000.0,70000000.0,9394000000.0,,0.0,172000000.0,172000000.0,0.0,22203000000.0,13296000000.0,8907000000.0,35009100411.0,172000000.0,-10000000.0,-198000000.0,-125000000.0,-97000000.0,-444000000.0,-53000000.0,18000000.0,711000000.0,-42000000.0,345000000.0,345000000.0,345000000.0,-69000000.0,8000000.0,0.125,2271000000.0,499000000.0,1943000000.0,0.282,8.434,30.872,31.463,588000000.0,0.0,145.36,3.251,3.309,2760000000.0,2093000000.0,2770000000.0,2770000000.0,0.0,,,,,124000000.0,1601000000.0,1.0,240844114.0,242200000,244900000.0,11.437,17102000000.0,561000000.0,137000000.0,181000000.0,70.611,1076000000.0
11,AON,MRQ,2018-09-30,2018-09-30,2018-09-30,2021-08-02,-3632000000.0,25602000000.0,,13348000000.0,12254000000.0,,17.467,-68000000.0,484000000.0,484000000.0,0.0,153000000.0,1.056,4.992,6406000000.0,741000000.0,5665000000.0,6406000000.0,0.0,140000000.0,0.0,0.012,0.8,255000000.0,395000000.0,0.168,395000000.0,255000000.0,186000000.0,0.6,0.6,0.6,4262000000.0,,4262000000.0,43286538647.0,30.0,19.64,494000000.0,2.025,1.0,2349000000.0,1.0,9542000000.0,69000000.0,9339000000.0,,0.0,167000000.0,167000000.0,0.0,21274000000.0,12643000000.0,8631000000.0,37315538647.0,-3000000.0,-9000000.0,-301000000.0,-63000000.0,-98000000.0,-457000000.0,-95000000.0,-18000000.0,562000000.0,-13000000.0,147000000.0,147000000.0,147000000.0,2000000.0,6000000.0,0.063,2087000000.0,262000000.0,1600000000.0,1.333,8.755,48.462,48.665,594000000.0,0.0,153.78,3.421,3.44,2656000000.0,2042000000.0,2349000000.0,2349000000.0,0.0,,,,,67000000.0,1392000000.0,1.0,242655343.0,244000000,245600000.0,9.627,16060000000.0,476000000.0,39000000.0,273000000.0,65.82,705000000.0
12,AON,MRQ,2018-06-30,2018-06-30,2018-06-30,2021-08-02,-3524000000.0,27217000000.0,,14860000000.0,12357000000.0,,18.476,-66000000.0,487000000.0,487000000.0,0.0,58000000.0,1.073,4.972,6458000000.0,799000000.0,5659000000.0,6458000000.0,0.0,329000000.0,0.0,0.011,0.4,-27000000.0,302000000.0,0.118,302000000.0,-27000000.0,-96000000.0,0.2,0.19,0.2,4545000000.0,,4545000000.0,39042781957.0,27.0,17.674,207000000.0,0.841,1.0,2561000000.0,1.0,9654000000.0,69000000.0,9691000000.0,,0.0,173000000.0,173000000.0,0.0,22599000000.0,13843000000.0,8756000000.0,33539781957.0,-110000000.0,-19000000.0,-402000000.0,421000000.0,-98000000.0,-135000000.0,-167000000.0,-82000000.0,273000000.0,-81000000.0,48000000.0,48000000.0,48000000.0,-1000000.0,10000000.0,0.019,2577000000.0,-16000000.0,1447000000.0,2.0,7.379,41.51,41.82,575000000.0,0.0,137.17,3.077,3.096,2992000000.0,2295000000.0,2561000000.0,2561000000.0,0.0,,,,,70000000.0,2029000000.0,1.0,244512517.0,246000000,247400000.0,10.411,17563000000.0,452000000.0,-144000000.0,294000000.0,71.394,1017000000.0
13,AON,MRQ,2018-03-31,2018-03-31,2018-03-31,2021-08-02,-3191000000.0,27847000000.0,,15115000000.0,12732000000.0,,21.332,-45000000.0,597000000.0,597000000.0,0.0,610000000.0,1.107,4.237,6100000000.0,403000000.0,5697000000.0,6100000000.0,0.0,149000000.0,0.0,0.01,0.36,778000000.0,927000000.0,0.3,927000000.0,778000000.0,708000000.0,2.39,2.37,2.39,5301000000.0,,5301000000.0,39756510968.0,18.0,12.751,95000000.0,0.382,1.0,3090000000.0,1.0,10212000000.0,70000000.0,9480000000.0,,0.0,118000000.0,118000000.0,0.0,22462000000.0,13658000000.0,8804000000.0,34546510968.0,-159000000.0,-30000000.0,-569000000.0,104000000.0,-89000000.0,-663000000.0,346000000.0,421000000.0,140000000.0,18000000.0,594000000.0,594000000.0,594000000.0,-6000000.0,16000000.0,0.192,2291000000.0,799000000.0,1545000000.0,0.151,6.517,22.594,23.349,578000000.0,0.0,140.33,3.227,3.257,3053000000.0,2747000000.0,3090000000.0,3090000000.0,0.0,,,,,77000000.0,1934000000.0,1.0,246180510.0,248500000,250200000.0,12.435,17635000000.0,296000000.0,114000000.0,243000000.0,70.966,1457000000.0
14,AON,MRQ,2017-12-31,2017-12-31,2017-12-31,2021-08-02,-3496000000.0,26088000000.0,,13677000000.0,12411000000.0,,18.237,-58000000.0,756000000.0,756000000.0,0.0,-12000000.0,1.072,4.678,5966000000.0,299000000.0,5667000000.0,5966000000.0,0.0,139000000.0,0.0,0.011,0.36,441000000.0,580000000.0,0.199,580000000.0,441000000.0,370000000.0,-0.03,-0.04,-0.03,4583000000.0,,4583000000.0,38704293408.0,22.0,14.611,323000000.0,1.285,1.0,2909000000.0,1.0,10091000000.0,71000000.0,8452000000.0,,0.0,529000000.0,529000000.0,0.0,21440000000.0,12755000000.0,8685000000.0,33486293408.0,7000000.0,-805000000.0,-511000000.0,2000000.0,-90000000.0,-617000000.0,265000000.0,1128000000.0,381000000.0,-22000000.0,-19000000.0,-19000000.0,-19000000.0,29000000.0,7000000.0,-0.007,2308000000.0,601000000.0,1961000000.0,-12.0,7.307,27.313,28.27,564000000.0,0.0,134.0,3.349,3.465,2478000000.0,2302000000.0,2909000000.0,2909000000.0,0.0,,,,,105000000.0,684000000.0,1.0,249897712.0,251300000,254100000.0,11.576,15997000000.0,389000000.0,389000000.0,127000000.0,63.657,922000000.0
15,AON,MRQ,2017-09-30,2017-09-30,2017-09-30,2021-08-02,-3412000000.0,25924000000.0,,14267000000.0,11657000000.0,,20.246,-43000000.0,749000000.0,749000000.0,0.0,192000000.0,1.144,3.996,5967000000.0,305000000.0,5662000000.0,5967000000.0,0.0,141000000.0,0.0,0.009,0.36,259000000.0,400000000.0,0.171,400000000.0,259000000.0,189000000.0,0.72,0.72,0.72,5175000000.0,,5175000000.0,42397682306.0,23.0,15.726,-190000000.0,-0.743,1.0,2340000000.0,1.0,9229000000.0,70000000.0,9439000000.0,,0.0,1640000000.0,1640000000.0,0.0,20677000000.0,12474000000.0,8203000000.0,37158682306.0,65000000.0,-22000000.0,-788000000.0,-8000000.0,-92000000.0,-878000000.0,1033000000.0,1098000000.0,-147000000.0,57000000.0,185000000.0,185000000.0,185000000.0,4000000.0,7000000.0,0.079,2084000000.0,256000000.0,1588000000.0,0.5,7.18,21.897,22.651,545000000.0,0.0,146.1,3.815,3.834,2068000000.0,2914000000.0,2340000000.0,2340000000.0,0.0,,,,,66000000.0,1745000000.0,1.0,254337319.0,255600000,257300000.0,9.155,16695000000.0,565000000.0,4000000.0,83000000.0,65.317,1793000000.0
16,AON,MRQ,2017-06-30,2017-06-30,2017-06-30,2021-08-02,-3677000000.0,27189000000.0,,15602000000.0,11587000000.0,,20.911,-48000000.0,684000000.0,684000000.0,0.0,778000000.0,1.167,3.943,5923000000.0,292000000.0,5631000000.0,5923000000.0,0.0,514000000.0,0.0,0.01,0.36,697000000.0,1211000000.0,0.511,1211000000.0,697000000.0,626000000.0,2.93,2.93,2.93,5487000000.0,,5487000000.0,40686208494.0,20.0,14.578,212000000.0,0.808,1.0,2368000000.0,1.0,9147000000.0,71000000.0,9906000000.0,,0.0,2746000000.0,2746000000.0,0.0,21636000000.0,13375000000.0,8261000000.0,34842208494.0,233000000.0,4092000000.0,-974000000.0,-381000000.0,-95000000.0,-1512000000.0,1476000000.0,-2564000000.0,260000000.0,9000000.0,769000000.0,769000000.0,769000000.0,-821000000.0,9000000.0,0.325,2495000000.0,-127000000.0,1423000000.0,0.123,6.35,19.029,19.212,556000000.0,0.0,132.95,3.629,3.634,2191000000.0,3574000000.0,2368000000.0,2368000000.0,0.0,,,,,70000000.0,1797000000.0,1.0,262070015.0,262400000,262400000.0,9.024,18042000000.0,575000000.0,-143000000.0,84000000.0,68.758,2227000000.0
17,AON,MRQ,2017-03-31,2017-03-31,2017-03-31,2021-08-02,-3750000000.0,26982000000.0,,15393000000.0,11589000000.0,,21.73,-34000000.0,433000000.0,433000000.0,0.0,305000000.0,1.187,3.677,6277000000.0,667000000.0,5610000000.0,6277000000.0,0.0,97000000.0,0.0,0.011,0.33,361000000.0,458000000.0,0.192,458000000.0,361000000.0,291000000.0,1.1,1.09,1.1,5754000000.0,,5754000000.0,36942084442.0,21.0,17.803,206000000.0,0.778,1.0,2381000000.0,1.0,9430000000.0,70000000.0,10426000000.0,,0.0,200000000.0,200000000.0,0.0,21156000000.0,12970000000.0,8186000000.0,31168084442.0,20000000.0,-48000000.0,-126000000.0,42000000.0,-87000000.0,-258000000.0,13000000.0,110000000.0,240000000.0,25000000.0,291000000.0,291000000.0,291000000.0,-40000000.0,14000000.0,0.122,2046000000.0,335000000.0,1332000000.0,0.3,5.417,22.884,23.227,536000000.0,0.0,118.69,3.276,3.303,2103000000.0,3934000000.0,2381000000.0,2381000000.0,0.0,,,,,78000000.0,1777000000.0,1.0,262600762.0,264800000,267000000.0,8.992,17552000000.0,351000000.0,0.0,112000000.0,66.284,2423000000.0
18,AON,MRQ,2016-12-31,2016-12-31,2016-12-31,2021-08-02,-3912000000.0,26615000000.0,,13146000000.0,13469000000.0,,20.653,-49000000.0,426000000.0,426000000.0,0.0,459000000.0,1.052,3.851,6205000000.0,336000000.0,5869000000.0,6205000000.0,0.0,84000000.0,0.0,0.012,0.33,543000000.0,627000000.0,0.237,627000000.0,543000000.0,473000000.0,1.7,1.68,1.7,5475000000.0,,5475000000.0,35019878950.0,19.0,16.326,802000000.0,3.025,1.0,2650000000.0,1.0,9300000000.0,70000000.0,10599000000.0,,0.0,290000000.0,290000000.0,0.0,21083000000.0,12495000000.0,8588000000.0,29342878950.0,-52000000.0,-678000000.0,-220000000.0,101000000.0,-87000000.0,-271000000.0,-583000000.0,164000000.0,851000000.0,-49000000.0,452000000.0,452000000.0,452000000.0,-75000000.0,7000000.0,0.171,2014000000.0,636000000.0,1604000000.0,0.194,5.359,21.019,21.407,550000000.0,0.0,111.53,3.119,3.178,2106000000.0,3807000000.0,2650000000.0,2650000000.0,0.0,,,,,96000000.0,1739000000.0,1.0,263094046.0,265100000,268200000.0,9.996,17315000000.0,325000000.0,21000000.0,101000000.0,65.315,651000000.0
19,AON,MRQ,2016-09-30,2016-09-30,2016-09-30,2021-08-02,-3793000000.0,25252000000.0,,12471000000.0,12781000000.0,,20.314,-39000000.0,483000000.0,483000000.0,0.0,326000000.0,1.097,3.636,6160000000.0,250000000.0,5910000000.0,6160000000.0,0.0,81000000.0,0.0,0.011,0.33,414000000.0,495000000.0,0.225,495000000.0,414000000.0,344000000.0,1.19,1.18,1.19,5434000000.0,,5434000000.0,35597344000.0,18.0,16.775,672000000.0,2.512,1.0,2201000000.0,1.0,10490000000.0,70000000.0,9073000000.0,,0.0,463000000.0,463000000.0,0.0,19758000000.0,11366000000.0,8392000000.0,29877344000.0,45000000.0,-14000000.0,-287000000.0,-3000000.0,-89000000.0,-371000000.0,-287000000.0,-224000000.0,711000000.0,-8000000.0,319000000.0,319000000.0,319000000.0,-42000000.0,7000000.0,0.145,1833000000.0,368000000.0,1477000000.0,0.277,5.498,19.553,20.052,738000000.0,0.0,112.49,3.808,3.836,2391000000.0,3702000000.0,2201000000.0,2201000000.0,0.0,,,,,66000000.0,1567000000.0,1.0,265600000.0,267500000,269600000.0,8.228,14762000000.0,278000000.0,25000000.0,36000000.0,55.185,1105000000.0
20,AON,MRQ,2016-06-30,2016-06-30,2016-06-30,2021-08-02,-3722000000.0,26693000000.0,,13801000000.0,12892000000.0,,20.519,-31000000.0,438000000.0,438000000.0,0.0,308000000.0,1.087,3.843,6158000000.0,251000000.0,5907000000.0,6158000000.0,0.0,79000000.0,0.0,0.011,0.33,416000000.0,495000000.0,0.217,495000000.0,416000000.0,343000000.0,1.12,1.11,1.12,5499000000.0,,5499000000.0,34968720000.0,18.0,16.063,460000000.0,1.716,1.0,2282000000.0,1.0,10580000000.0,73000000.0,9136000000.0,,0.0,251000000.0,251000000.0,0.0,21132000000.0,12697000000.0,8435000000.0,28836720000.0,-27000000.0,-161000000.0,-65000000.0,-446000000.0,-87000000.0,-640000000.0,115000000.0,328000000.0,491000000.0,7000000.0,300000000.0,300000000.0,300000000.0,-35000000.0,8000000.0,0.131,1895000000.0,387000000.0,1373000000.0,0.295,5.244,19.173,19.969,751000000.0,0.0,109.23,3.439,3.491,2516000000.0,3784000000.0,2282000000.0,2282000000.0,0.0,,,,,65000000.0,1628000000.0,1.0,264000000.0,268000000,269800000.0,8.515,16113000000.0,265000000.0,43000000.0,39000000.0,60.123,1104000000.0
21,AON,MRQ,2016-03-31,2016-03-31,2016-03-31,2021-08-02,-3710000000.0,26813000000.0,,14041000000.0,12772000000.0,,19.437,-37000000.0,465000000.0,465000000.0,0.0,337000000.0,1.098,4.065,6597000000.0,695000000.0,5902000000.0,6597000000.0,0.0,75000000.0,0.0,0.011,0.3,453000000.0,528000000.0,0.232,528000000.0,453000000.0,384000000.0,1.2,1.19,1.2,5281000000.0,,5281000000.0,33563033669.0,19.0,16.059,236000000.0,0.869,1.0,2276000000.0,1.0,10519000000.0,69000000.0,9633000000.0,,0.0,587000000.0,587000000.0,0.0,21466000000.0,12793000000.0,8673000000.0,28210033669.0,81000000.0,81000000.0,-685000000.0,870000000.0,-82000000.0,-4000000.0,-199000000.0,-228000000.0,273000000.0,11000000.0,325000000.0,325000000.0,325000000.0,-25000000.0,12000000.0,0.143,1856000000.0,420000000.0,1420000000.0,0.25,5.342,20.412,20.974,766000000.0,0.0,104.45,3.166,3.185,2591000000.0,3600000000.0,2276000000.0,2276000000.0,0.0,,,,,79000000.0,1616000000.0,1.0,270081701.0,271700000,273700000.0,8.377,16294000000.0,171000000.0,59000000.0,177000000.0,59.971,1248000000.0
22,AON,MRQ,2015-12-31,2015-12-31,2015-12-31,2021-08-02,-3423000000.0,26883000000.0,,13565000000.0,13318000000.0,,21.937,25000000.0,384000000.0,384000000.0,0.0,590000000.0,1.037,3.47,5700000000.0,562000000.0,5138000000.0,5700000000.0,0.0,-68000000.0,0.0,0.012,0.3,672000000.0,604000000.0,0.556,604000000.0,672000000.0,604000000.0,2.1,2.08,2.1,6002000000.0,,6002000000.0,30901330000.0,17.0,14.234,739000000.0,2.701,1.0,1086000000.0,1.0,10628000000.0,68000000.0,8486000000.0,,0.0,356000000.0,356000000.0,0.0,20824000000.0,13085000000.0,7739000000.0,25173330000.0,-14000000.0,161000000.0,-400000000.0,-381000000.0,-83000000.0,-759000000.0,48000000.0,-48000000.0,714000000.0,-17000000.0,584000000.0,584000000.0,584000000.0,-169000000.0,6000000.0,0.538,630000000.0,456000000.0,1772000000.0,0.143,4.194,18.176,18.704,765000000.0,0.0,92.21,2.655,2.731,2564000000.0,4013000000.0,1086000000.0,1086000000.0,0.0,,,,,81000000.0,-458000000.0,1.0,273000000.0,273600000,277500000.0,3.969,16255000000.0,300000000.0,20000000.0,37000000.0,59.412,480000000.0
23,AON,MRQ,2015-09-30,2015-09-30,2015-09-30,2021-08-02,-3453000000.0,27206000000.0,,13920000000.0,13286000000.0,,20.943,-83000000.0,398000000.0,398000000.0,0.0,303000000.0,1.028,3.614,6126000000.0,1327000000.0,4799000000.0,6126000000.0,0.0,134000000.0,0.0,0.012,0.3,416000000.0,550000000.0,0.201,550000000.0,416000000.0,344000000.0,1.05,1.04,1.05,5883000000.0,,5883000000.0,30508603761.0,17.0,12.955,634000000.0,2.257,1.0,2742000000.0,1.0,10828000000.0,72000000.0,8565000000.0,,0.0,385000000.0,385000000.0,0.0,21264000000.0,13541000000.0,7723000000.0,24814603761.0,31000000.0,-1000000.0,-600000000.0,85000000.0,-84000000.0,-589000000.0,15000000.0,99000000.0,717000000.0,-112000000.0,295000000.0,295000000.0,295000000.0,0.0,8000000.0,0.108,2329000000.0,413000000.0,1447000000.0,0.286,4.218,19.694,20.093,785000000.0,0.0,88.61,2.122,2.129,2453000000.0,4015000000.0,2742000000.0,2742000000.0,0.0,,,,,75000000.0,2329000000.0,1.0,280042927.0,280900000,283800000.0,9.761,16378000000.0,0.0,49000000.0,0.0,58.305,379000000.0
24,AON,MRQ,2015-06-30,2015-06-30,2015-06-30,2021-08-02,-3236000000.0,29203000000.0,,15655000000.0,13548000000.0,,22.489,-80000000.0,367000000.0,367000000.0,0.0,188000000.0,1.055,3.555,6061000000.0,1237000000.0,4824000000.0,6061000000.0,0.0,136000000.0,0.0,0.011,0.3,272000000.0,408000000.0,0.145,408000000.0,272000000.0,204000000.0,0.63,0.62,0.63,6398000000.0,,6398000000.0,33381195679.0,18.0,13.88,200000000.0,0.703,1.0,2805000000.0,1.0,11011000000.0,68000000.0,9047000000.0,,0.0,484000000.0,484000000.0,0.0,22747000000.0,14839000000.0,7908000000.0,28083195679.0,-11000000.0,9000000.0,-300000000.0,365000000.0,-85000000.0,-84000000.0,-203000000.0,-132000000.0,280000000.0,-4000000.0,178000000.0,178000000.0,178000000.0,0.0,10000000.0,0.063,2528000000.0,277000000.0,1368000000.0,0.476,4.389,22.043,22.552,782000000.0,0.0,99.68,2.374,2.397,2684000000.0,4405000000.0,2805000000.0,2805000000.0,0.0,,,,,74000000.0,2528000000.0,1.0,281733504.0,284500000,286700000.0,9.859,18192000000.0,0.0,26000000.0,0.0,63.944,816000000.0
25,AON,MRQ,2015-03-31,2015-03-31,2015-03-31,2021-08-02,-3427000000.0,28389000000.0,,14999000000.0,13390000000.0,,22.396,-62000000.0,378000000.0,378000000.0,0.0,341000000.0,1.063,3.45,5676000000.0,966000000.0,4710000000.0,5676000000.0,0.0,136000000.0,0.0,0.01,0.25,473000000.0,609000000.0,0.214,609000000.0,473000000.0,408000000.0,1.15,1.14,1.15,6365000000.0,,6365000000.0,32145680175.0,16.0,12.45,236000000.0,0.83,1.0,2847000000.0,1.0,10958000000.0,65000000.0,8613000000.0,,0.0,343000000.0,343000000.0,0.0,21958000000.0,14116000000.0,7842000000.0,26937680175.0,4000000.0,20000000.0,-250000000.0,184000000.0,-71000000.0,-257000000.0,2000000.0,44000000.0,298000000.0,-39000000.0,328000000.0,328000000.0,328000000.0,0.0,13000000.0,0.115,2406000000.0,441000000.0,1391000000.0,0.217,4.232,19.241,19.983,754000000.0,0.0,96.12,2.255,2.287,2672000000.0,4612000000.0,2847000000.0,2847000000.0,0.0,,,,,90000000.0,2406000000.0,1.0,280250522.0,284200000,287100000.0,10.018,17431000000.0,0.0,80000000.0,0.0,61.334,883000000.0
26,AON,MRQ,2014-12-31,2014-12-31,2014-12-31,2021-08-02,-3134000000.0,29772000000.0,,15823000000.0,13949000000.0,,22.84,-77000000.0,374000000.0,374000000.0,0.0,467000000.0,1.054,3.522,5582000000.0,783000000.0,4799000000.0,5582000000.0,0.0,148000000.0,0.0,0.01,0.25,640000000.0,788000000.0,0.239,788000000.0,640000000.0,573000000.0,1.58,1.55,1.58,6571000000.0,,6571000000.0,32157512313.0,16.0,12.464,852000000.0,2.961,1.0,3299000000.0,1.0,11380000000.0,67000000.0,8586000000.0,,0.0,394000000.0,394000000.0,0.0,23141000000.0,15014000000.0,8127000000.0,27039512313.0,-8000000.0,-15000000.0,-500000000.0,114000000.0,-72000000.0,-600000000.0,-283000000.0,-191000000.0,929000000.0,-54000000.0,459000000.0,459000000.0,459000000.0,0.0,8000000.0,0.139,2664000000.0,635000000.0,1805000000.0,0.158,4.115,19.355,20.049,765000000.0,0.0,94.83,2.245,2.326,2815000000.0,4605000000.0,3299000000.0,3299000000.0,0.0,,,,,81000000.0,2664000000.0,1.0,285136690.0,287700000,293600000.0,11.467,18392000000.0,144000000.0,114000000.0,313000000.0,63.928,809000000.0
27,AON,MRQ,2014-09-30,2014-09-30,2014-09-30,2021-08-02,-2518000000.0,28827000000.0,,14755000000.0,14072000000.0,,24.684,-64000000.0,382000000.0,382000000.0,0.0,315000000.0,1.065,2.988,5500000000.0,660000000.0,4840000000.0,5500000000.0,0.0,151000000.0,0.0,0.01,0.25,449000000.0,600000000.0,0.208,600000000.0,449000000.0,384000000.0,1.06,1.04,1.06,7215000000.0,,7215000000.0,30999984615.0,17.0,12.495,486000000.0,1.663,1.0,2880000000.0,1.0,11638000000.0,65000000.0,8451000000.0,,0.0,360000000.0,217000000.0,143000000.0,21555000000.0,13856000000.0,7699000000.0,25463984615.0,-36000000.0,-334000000.0,-500000000.0,-372000000.0,-73000000.0,-254000000.0,-316000000.0,82000000.0,550000000.0,-16000000.0,309000000.0,309000000.0,309000000.0,0.0,6000000.0,0.107,2463000000.0,417000000.0,1528000000.0,0.236,3.529,19.694,20.388,760000000.0,0.0,87.67,2.13,2.144,2630000000.0,4718000000.0,2880000000.0,2880000000.0,0.0,,,,,72000000.0,2463000000.0,1.0,290452659.0,292300000,296100000.0,9.853,17189000000.0,0.0,75000000.0,0.0,58.806,899000000.0
28,AON,MRQ,2014-06-30,2014-06-30,2014-06-30,2021-08-02,-2218000000.0,31776000000.0,,17711000000.0,14065000000.0,,25.796,-60000000.0,418000000.0,418000000.0,0.0,313000000.0,1.104,3.119,5954000000.0,799000000.0,5155000000.0,5954000000.0,0.0,149000000.0,0.0,0.009,0.25,436000000.0,585000000.0,0.2,585000000.0,436000000.0,371000000.0,1.02,1.01,1.02,7700000000.0,,7700000000.0,31118185002.0,17.0,12.774,284000000.0,0.951,1.0,2919000000.0,1.0,11567000000.0,65000000.0,9705000000.0,,0.0,446000000.0,308000000.0,138000000.0,24017000000.0,16040000000.0,7977000000.0,26710185002.0,80000000.0,-78000000.0,-650000000.0,1213000000.0,-75000000.0,-189000000.0,-102000000.0,36000000.0,344000000.0,27000000.0,304000000.0,304000000.0,304000000.0,0.0,9000000.0,0.104,2474000000.0,445000000.0,1498000000.0,0.245,3.469,21.54,22.135,787000000.0,0.0,90.09,2.25,2.266,2803000000.0,4982000000.0,2919000000.0,2919000000.0,0.0,,,,,73000000.0,2474000000.0,1.0,296483350.0,298500000,301600000.0,9.779,20209000000.0,0.0,67000000.0,0.0,67.702,1671000000.0
29,AON,MRQ,2014-03-31,2014-03-31,2014-03-31,2021-08-02,-2320000000.0,30077000000.0,,16173000000.0,13904000000.0,,26.181,-55000000.0,338000000.0,338000000.0,0.0,336000000.0,1.038,2.778,4746000000.0,1077000000.0,3669000000.0,4746000000.0,0.0,146000000.0,0.0,0.008,0.175,461000000.0,607000000.0,0.206,607000000.0,461000000.0,403000000.0,1.07,1.06,1.07,7946000000.0,,7946000000.0,29288743060.0,17.0,12.265,-66000000.0,-0.217,1.0,2947000000.0,1.0,11530000000.0,58000000.0,7374000000.0,,0.0,483000000.0,340000000.0,143000000.0,22071000000.0,15581000000.0,6490000000.0,25376743060.0,-139000000.0,-4000000.0,-600000000.0,366000000.0,-53000000.0,-260000000.0,156000000.0,215000000.0,-11000000.0,-24000000.0,325000000.0,325000000.0,325000000.0,0.0,11000000.0,0.11,2478000000.0,469000000.0,1499000000.0,0.164,3.194,21.561,22.063,785000000.0,0.0,84.28,2.142,2.159,2880000000.0,5403000000.0,2947000000.0,2947000000.0,0.0,,,,,102000000.0,2478000000.0,1.0,301100416.0,303500000,307200000.0,9.71,18547000000.0,0.0,78000000.0,0.0,61.11,592000000.0
30,AON,MRQ,2013-12-31,2013-12-31,2013-12-31,2021-08-02,-2374000000.0,30251000000.0,,16330000000.0,13921000000.0,,26.618,-55000000.0,477000000.0,477000000.0,0.0,360000000.0,1.06,2.708,4389000000.0,703000000.0,3686000000.0,4389000000.0,0.0,162000000.0,0.0,0.008,0.175,527000000.0,689000000.0,0.215,689000000.0,527000000.0,470000000.0,1.15,1.14,1.15,8145000000.0,,8145000000.0,29443919572.0,17.0,12.54,714000000.0,2.333,1.0,3209000000.0,1.0,11575000000.0,57000000.0,7177000000.0,,0.0,655000000.0,523000000.0,132000000.0,22056000000.0,15411000000.0,6645000000.0,25254919572.0,108000000.0,6000000.0,-77000000.0,-173000000.0,-53000000.0,-417000000.0,-200000000.0,-151000000.0,769000000.0,-44000000.0,355000000.0,355000000.0,355000000.0,0.0,5000000.0,0.111,2694000000.0,515000000.0,1931000000.0,0.152,3.101,22.691,23.499,791000000.0,0.0,83.89,2.138,2.211,2896000000.0,5731000000.0,3209000000.0,3209000000.0,0.0,,,,,93000000.0,2694000000.0,1.0,301048034.0,306000000,311500000.0,10.487,18676000000.0,193000000.0,115000000.0,420000000.0,61.033,919000000.0
31,AON,MRQ,2013-09-30,2013-09-30,2013-09-30,2021-08-02,-2636000000.0,29305000000.0,,15574000000.0,13731000000.0,,24.342,-52000000.0,369000000.0,369000000.0,0.0,264000000.0,1.025,2.882,4558000000.0,1206000000.0,3352000000.0,4558000000.0,0.0,157000000.0,0.0,0.009,0.175,398000000.0,555000000.0,0.199,555000000.0,398000000.0,345000000.0,0.83,0.82,0.83,7534000000.0,,7534000000.0,27060415524.0,16.0,11.786,545000000.0,1.761,1.0,2794000000.0,1.0,11615000000.0,53000000.0,6688000000.0,,0.0,496000000.0,357000000.0,139000000.0,21715000000.0,15191000000.0,6524000000.0,22887415524.0,103000000.0,2000000.0,-500000000.0,93000000.0,-54000000.0,-447000000.0,-41000000.0,9000000.0,597000000.0,-6000000.0,256000000.0,256000000.0,256000000.0,0.0,8000000.0,0.092,2430000000.0,364000000.0,1523000000.0,0.211,3.038,21.531,22.155,803000000.0,0.0,74.44,1.953,1.966,2666000000.0,5507000000.0,2794000000.0,2794000000.0,0.0,,,,,70000000.0,2430000000.0,1.0,307461251.0,309500000,312900000.0,9.027,17690000000.0,0.0,89000000.0,0.0,57.157,383000000.0
32,AON,MRQ,2013-06-30,2013-06-30,2013-06-30,2021-08-02,-2809000000.0,30062000000.0,,16393000000.0,13669000000.0,,24.096,-62000000.0,266000000.0,266000000.0,0.0,252000000.0,1.079,2.969,4439000000.0,427000000.0,4012000000.0,4439000000.0,0.0,158000000.0,0.0,0.01,0.175,379000000.0,537000000.0,0.185,537000000.0,379000000.0,331000000.0,0.77,0.76,0.77,7559000000.0,,7559000000.0,24056280301.0,15.0,10.802,271000000.0,0.864,1.0,2897000000.0,1.0,11531000000.0,48000000.0,7509000000.0,,0.0,479000000.0,307000000.0,172000000.0,22444000000.0,15195000000.0,7249000000.0,19892280301.0,-142000000.0,-21000000.0,-225000000.0,-128000000.0,-55000000.0,-392000000.0,-36000000.0,47000000.0,333000000.0,-47000000.0,241000000.0,241000000.0,241000000.0,0.0,11000000.0,0.083,2515000000.0,382000000.0,1423000000.0,0.227,2.632,19.676,20.429,808000000.0,0.0,64.35,1.705,1.731,2838000000.0,5805000000.0,2897000000.0,2897000000.0,0.0,,,,,68000000.0,2515000000.0,1.0,309126345.0,313700000,317100000.0,9.235,18531000000.0,0.0,90000000.0,0.0,59.072,1198000000.0
33,AON,MRQ,2013-03-31,2013-03-31,2013-03-31,2021-08-02,-2775000000.0,30029000000.0,,16257000000.0,13772000000.0,,23.954,-60000000.0,408000000.0,408000000.0,0.0,272000000.0,1.065,2.955,4572000000.0,802000000.0,3770000000.0,4572000000.0,0.0,158000000.0,0.0,0.01,0.158,409000000.0,567000000.0,0.195,567000000.0,409000000.0,357000000.0,0.82,0.82,0.82,7579000000.0,,7579000000.0,23035779106.0,14.0,10.238,-6000000.0,-0.019,1.0,2915000000.0,1.0,11630000000.0,52000000.0,7302000000.0,,0.0,504000000.0,352000000.0,152000000.0,22396000000.0,15261000000.0,7135000000.0,19161779106.0,117000000.0,-1000000.0,-300000000.0,435000000.0,-50000000.0,120000000.0,-62000000.0,-1000000.0,54000000.0,5000000.0,261000000.0,261000000.0,261000000.0,0.0,11000000.0,0.09,2505000000.0,410000000.0,1440000000.0,0.193,2.528,18.86,19.712,816000000.0,0.0,61.5,1.654,1.679,2884000000.0,5844000000.0,2915000000.0,2915000000.0,0.0,,,,,69000000.0,2505000000.0,1.0,311573644.0,316400000,320000000.0,9.213,18399000000.0,0.0,96000000.0,0.0,58.151,996000000.0
34,AON,MRQ,2012-12-31,2012-12-31,2012-12-31,2021-08-02,-2610000000.0,30486000000.0,,16382000000.0,14104000000.0,,24.091,-68000000.0,291000000.0,291000000.0,0.0,307000000.0,1.067,2.922,4165000000.0,452000000.0,3713000000.0,4165000000.0,0.0,174000000.0,0.0,0.011,0.158,463000000.0,637000000.0,0.204,637000000.0,463000000.0,408000000.0,0.94,0.93,0.94,7762000000.0,,7762000000.0,21833093280.0,14.0,9.764,484000000.0,1.502,1.0,3115000000.0,1.0,11918000000.0,55000000.0,7092000000.0,,0.0,511000000.0,346000000.0,165000000.0,22681000000.0,15350000000.0,7331000000.0,17721093280.0,1000000.0,-65000000.0,-500000000.0,-250000000.0,-51000000.0,-790000000.0,245000000.0,378000000.0,552000000.0,-6000000.0,305000000.0,305000000.0,305000000.0,-2000000.0,2000000.0,0.098,2654000000.0,461000000.0,1853000000.0,0.168,2.283,17.846,18.414,820000000.0,0.0,55.61,1.539,1.587,3101000000.0,5933000000.0,3115000000.0,3115000000.0,0.0,,,,,52000000.0,2654000000.0,1.0,318667385.0,322200000,327200000.0,9.668,18568000000.0,285000000.0,103000000.0,306000000.0,57.629,1032000000.0
35,AON,MRQ,2012-09-30,2012-09-30,2012-09-30,2021-08-02,-2250000000.0,29509000000.0,,15702000000.0,13807000000.0,,25.374,-72000000.0,290000000.0,290000000.0,0.0,210000000.0,1.125,2.546,4402000000.0,291000000.0,4111000000.0,4402000000.0,0.0,161000000.0,0.0,0.012,0.158,325000000.0,486000000.0,0.178,486000000.0,325000000.0,268000000.0,0.62,0.62,0.62,8305000000.0,,8305000000.0,21062638081.0,14.0,9.648,526000000.0,1.607,1.0,2737000000.0,1.0,11896000000.0,57000000.0,7771000000.0,,0.0,878000000.0,718000000.0,160000000.0,21148000000.0,13954000000.0,7194000000.0,16858638081.0,4000000.0,-14000000.0,-275000000.0,-121000000.0,-51000000.0,-430000000.0,-161000000.0,-75000000.0,598000000.0,-3000000.0,204000000.0,204000000.0,204000000.0,0.0,6000000.0,0.075,2398000000.0,339000000.0,1519000000.0,0.255,2.03,17.47,17.908,814000000.0,0.0,52.29,1.48,1.502,2959000000.0,6179000000.0,2737000000.0,2737000000.0,0.0,,,,,55000000.0,2398000000.0,1.0,322406542.0,327300000,331000000.0,8.362,17613000000.0,0.0,64000000.0,0.0,53.813,1748000000.0
36,AON,MRQ,2012-06-30,2012-06-30,2012-06-30,2021-08-02,-2432000000.0,30807000000.0,,17056000000.0,13751000000.0,,24.554,-58000000.0,286000000.0,286000000.0,0.0,254000000.0,1.122,2.772,4490000000.0,392000000.0,4098000000.0,4490000000.0,0.0,161000000.0,0.0,0.013,0.158,399000000.0,560000000.0,0.199,560000000.0,399000000.0,342000000.0,0.74,0.73,0.74,8152000000.0,,8152000000.0,19400694636.0,12.0,8.887,226000000.0,0.681,1.0,2821000000.0,1.0,11819000000.0,57000000.0,7992000000.0,,0.0,716000000.0,516000000.0,200000000.0,22597000000.0,15200000000.0,7397000000.0,15269694636.0,-37000000.0,-58000000.0,-250000000.0,92000000.0,-53000000.0,-200000000.0,-129000000.0,-13000000.0,284000000.0,8000000.0,246000000.0,246000000.0,246000000.0,1000000.0,8000000.0,0.087,2427000000.0,394000000.0,1339000000.0,0.214,1.873,15.923,16.187,797000000.0,0.0,46.78,1.342,1.365,3075000000.0,6302000000.0,2821000000.0,2821000000.0,0.0,,,,,50000000.0,2427000000.0,1.0,326415020.0,332000000,335600000.0,8.497,18988000000.0,0.0,96000000.0,0.0,57.193,1856000000.0
37,AON,MRQ,2012-03-31,2012-03-31,2012-03-31,2021-08-02,-2239000000.0,30271000000.0,,16207000000.0,14064000000.0,,25.144,-71000000.0,323000000.0,323000000.0,0.0,249000000.0,1.137,2.615,4454000000.0,286000000.0,4168000000.0,4454000000.0,0.0,159000000.0,0.0,0.012,0.15,394000000.0,553000000.0,0.195,553000000.0,394000000.0,335000000.0,0.72,0.71,0.72,8358000000.0,,8358000000.0,20173289737.0,13.0,9.258,-86000000.0,-0.259,1.0,2841000000.0,1.0,12099000000.0,59000000.0,8051000000.0,,0.0,721000000.0,510000000.0,211000000.0,21855000000.0,14252000000.0,7603000000.0,15953289737.0,51000000.0,-23000000.0,-100000000.0,-65000000.0,-49000000.0,-166000000.0,222000000.0,316000000.0,-15000000.0,10000000.0,238000000.0,238000000.0,238000000.0,0.0,11000000.0,0.084,2439000000.0,402000000.0,1432000000.0,0.208,1.909,16.43,16.859,808000000.0,0.0,49.06,1.403,1.434,3164000000.0,8770000000.0,2841000000.0,2841000000.0,0.0,,,,,55000000.0,2439000000.0,1.0,325179163.0,332400000,336600000.0,8.547,18172000000.0,0.0,97000000.0,0.0,54.669,1955000000.0
38,AON,MRQ,2011-12-31,2011-12-31,2011-12-31,2021-08-02,-2370000000.0,29552000000.0,,15505000000.0,14047000000.0,,24.339,-90000000.0,272000000.0,272000000.0,0.0,280000000.0,1.127,2.653,4492000000.0,337000000.0,4155000000.0,4492000000.0,0.0,145000000.0,0.0,0.013,0.15,439000000.0,584000000.0,0.195,584000000.0,439000000.0,380000000.0,0.84,0.82,0.84,8078000000.0,,8078000000.0,19412943405.0,12.0,8.889,141000000.0,0.425,1.0,2994000000.0,1.0,12046000000.0,59000000.0,7966000000.0,,0.0,1024000000.0,785000000.0,239000000.0,21432000000.0,13760000000.0,7672000000.0,15129943405.0,-23000000.0,-4000000.0,0.0,-64000000.0,-50000000.0,-87000000.0,-193000000.0,-99000000.0,231000000.0,26000000.0,277000000.0,277000000.0,277000000.0,4000000.0,3000000.0,0.093,2564000000.0,430000000.0,1832000000.0,0.179,1.873,15.454,16.027,783000000.0,0.0,46.8,1.34,1.391,3183000000.0,8594000000.0,2994000000.0,2994000000.0,0.0,,,,,56000000.0,2564000000.0,1.0,323289389.0,331900000,338200000.0,9.021,17506000000.0,258000000.0,103000000.0,301000000.0,52.745,1745000000.0
39,AON,MRQ,2011-09-30,2011-09-30,2011-09-30,2021-08-02,-1900000000.0,28745000000.0,,14500000000.0,14245000000.0,,24.753,-52000000.0,295000000.0,295000000.0,0.0,208000000.0,1.136,2.486,4578000000.0,163000000.0,4415000000.0,4578000000.0,0.0,144000000.0,0.0,0.014,0.15,342000000.0,486000000.0,0.178,486000000.0,342000000.0,282000000.0,0.59,0.59,0.59,8233000000.0,,8233000000.0,17945529488.0,11.0,8.386,316000000.0,0.95,1.0,2723000000.0,1.0,12196000000.0,60000000.0,8067000000.0,,0.0,861000000.0,607000000.0,254000000.0,20466000000.0,12765000000.0,7701000000.0,13714529488.0,-5000000.0,-6000000.0,-175000000.0,84000000.0,-50000000.0,-177000000.0,-173000000.0,-115000000.0,368000000.0,-23000000.0,198000000.0,198000000.0,198000000.0,0.0,10000000.0,0.073,2395000000.0,328000000.0,1611000000.0,0.254,1.666,14.699,15.155,773000000.0,0.0,41.98,1.224,1.246,2745000000.0,8377000000.0,2723000000.0,2723000000.0,0.0,,,,,58000000.0,2395000000.0,1.0,326691984.0,332600000,336900000.0,8.187,16549000000.0,0.0,84000000.0,0.0,49.756,1735000000.0
40,AON,MRQ,2011-06-30,2011-06-30,2011-06-30,2021-08-02,-1698000000.0,30496000000.0,,15931000000.0,14565000000.0,,24.868,-43000000.0,300000000.0,300000000.0,0.0,267000000.0,1.139,2.623,4531000000.0,52000000.0,4479000000.0,4531000000.0,0.0,149000000.0,0.0,0.012,0.15,407000000.0,556000000.0,0.198,556000000.0,407000000.0,344000000.0,0.76,0.75,0.76,8398000000.0,,8398000000.0,21185745554.0,14.0,10.749,221000000.0,0.654,1.0,2811000000.0,1.0,12459000000.0,63000000.0,8281000000.0,,0.0,764000000.0,515000000.0,249000000.0,22031000000.0,13987000000.0,8044000000.0,16956745554.0,-382000000.0,-84000000.0,-303000000.0,-385000000.0,-49000000.0,-666000000.0,10000000.0,137000000.0,264000000.0,10000000.0,258000000.0,258000000.0,258000000.0,-2000000.0,9000000.0,0.092,2371000000.0,440000000.0,1557000000.0,0.197,2.019,19.291,19.0,798000000.0,0.0,51.3,1.649,1.685,2785000000.0,8233000000.0,2811000000.0,2811000000.0,0.0,,,,,47000000.0,2371000000.0,1.0,330540849.0,337700000,342700000.0,8.324,18037000000.0,0.0,86000000.0,0.0,53.411,1944000000.0
41,AON,MRQ,2011-03-31,2011-03-31,2011-03-31,2021-08-02,-1714000000.0,29802000000.0,,15211000000.0,14591000000.0,,24.817,-56000000.0,682000000.0,682000000.0,0.0,255000000.0,1.147,2.531,4911000000.0,502000000.0,4409000000.0,4911000000.0,0.0,144000000.0,0.0,0.011,0.15,414000000.0,558000000.0,0.202,558000000.0,414000000.0,351000000.0,0.72,0.71,0.72,8423000000.0,,8423000000.0,21800356580.0,17.0,12.779,99000000.0,0.292,1.0,2759000000.0,1.0,12442000000.0,63000000.0,8330000000.0,,0.0,907000000.0,589000000.0,318000000.0,21315000000.0,13259000000.0,8056000000.0,17640356580.0,336000000.0,-3000000.0,-350000000.0,350000000.0,-51000000.0,34000000.0,170000000.0,229000000.0,155000000.0,-23000000.0,246000000.0,246000000.0,246000000.0,0.0,9000000.0,0.089,2361000000.0,398000000.0,1544000000.0,0.208,2.094,22.791,21.269,791000000.0,0.0,52.96,1.883,1.919,2650000000.0,8039000000.0,2759000000.0,2759000000.0,0.0,,,,,74000000.0,2361000000.0,1.0,333088304.0,339400000,345400000.0,8.129,17360000000.0,0.0,105000000.0,0.0,51.149,1952000000.0
42,AON,MRQ,2010-12-31,2010-12-31,2010-12-31,2021-08-02,-1917000000.0,28982000000.0,,14519000000.0,14463000000.0,,24.211,-65000000.0,346000000.0,346000000.0,0.0,241000000.0,1.121,2.506,4506000000.0,492000000.0,4014000000.0,4506000000.0,0.0,126000000.0,0.0,0.013,0.15,414000000.0,540000000.0,0.186,540000000.0,414000000.0,349000000.0,0.7,0.69,0.7,8251000000.0,,8251000000.0,15883620853.0,14.0,10.725,-76000000.0,-0.223,1.0,2909000000.0,1.0,12258000000.0,65000000.0,7935000000.0,,0.0,1097000000.0,785000000.0,312000000.0,20676000000.0,12949000000.0,7727000000.0,12462620853.0,11000000.0,-1998000000.0,-150000000.0,365000000.0,-52000000.0,245000000.0,-251000000.0,1812000000.0,-11000000.0,28000000.0,231000000.0,231000000.0,231000000.0,-26000000.0,10000000.0,0.079,2469000000.0,440000000.0,1810000000.0,0.214,1.51,17.652,19.091,781000000.0,0.0,46.01,1.464,1.586,2701000000.0,7861000000.0,2909000000.0,2909000000.0,0.0,,,,,55000000.0,2469000000.0,1.0,270867656.0,340800000,346700000.0,8.536,16724000000.0,305000000.0,118000000.0,663000000.0,49.073,1570000000.0
43,AON,MRQ,2010-09-30,2010-09-30,2010-09-30,2021-08-02,-1741000000.0,23358000000.0,,14612000000.0,8746000000.0,,20.782,-44000000.0,335000000.0,335000000.0,0.0,147000000.0,1.236,3.024,3756000000.0,610000000.0,3146000000.0,3756000000.0,0.0,61000000.0,0.0,0.015,0.15,256000000.0,317000000.0,0.176,317000000.0,256000000.0,206000000.0,0.52,0.51,0.52,5792000000.0,,5792000000.0,12259172288.0,12.0,9.951,-133000000.0,-0.477,1.0,1801000000.0,1.0,6730000000.0,50000000.0,8230000000.0,,0.0,2415000000.0,2114000000.0,301000000.0,17514000000.0,11819000000.0,5695000000.0,10548172288.0,75000000.0,-25000000.0,0.0,1726000000.0,-41000000.0,1692000000.0,-1512000000.0,-1443000000.0,-89000000.0,-16000000.0,144000000.0,144000000.0,144000000.0,0.0,3000000.0,0.08,1538000000.0,263000000.0,1281000000.0,0.288,1.821,15.673,16.095,468000000.0,0.0,39.11,1.374,1.42,2086000000.0,7700000000.0,1801000000.0,1801000000.0,0.0,,,,,43000000.0,1538000000.0,1.0,269705249.0,278700000,282200000.0,6.462,16628000000.0,0.0,62000000.0,0.0,59.663,2793000000.0
44,AON,MRQ,2010-06-30,2010-06-30,2010-06-30,2021-08-02,-1961000000.0,23956000000.0,,15497000000.0,8459000000.0,,19.497,-38000000.0,260000000.0,260000000.0,0.0,158000000.0,1.096,3.404,1971000000.0,370000000.0,1601000000.0,1971000000.0,0.0,60000000.0,0.0,0.016,0.15,231000000.0,291000000.0,0.153,291000000.0,231000000.0,198000000.0,0.55,0.54,0.55,5428000000.0,,5428000000.0,11675831461.0,13.0,10.005,378000000.0,1.358,1.0,1898000000.0,1.0,6463000000.0,33000000.0,5066000000.0,,0.0,775000000.0,474000000.0,301000000.0,18478000000.0,14138000000.0,4340000000.0,10000831461.0,-162000000.0,-8000000.0,-50000000.0,-75000000.0,-41000000.0,-128000000.0,-453000000.0,-407000000.0,416000000.0,3000000.0,153000000.0,153000000.0,153000000.0,0.0,5000000.0,0.081,1630000000.0,268000000.0,1192000000.0,0.273,1.842,15.41,15.931,450000000.0,0.0,37.12,1.304,1.348,1994000000.0,7605000000.0,1898000000.0,1898000000.0,0.0,,,,,57000000.0,1630000000.0,1.0,269418951.0,278400000,282600000.0,6.818,17493000000.0,0.0,45000000.0,0.0,62.834,1359000000.0
45,AON,MRQ,2010-03-31,2010-03-31,2010-03-31,2021-08-02,-1871000000.0,22959000000.0,,14268000000.0,8691000000.0,,19.58,-33000000.0,422000000.0,422000000.0,0.0,186000000.0,1.117,3.24,2097000000.0,84000000.0,2013000000.0,2097000000.0,0.0,58000000.0,0.0,0.014,0.15,275000000.0,333000000.0,0.175,333000000.0,275000000.0,241000000.0,0.65,0.63,0.65,5402000000.0,,5402000000.0,13188227565.0,14.0,11.311,434000000.0,1.573,1.0,1904000000.0,1.0,6657000000.0,34000000.0,5201000000.0,,0.0,620000000.0,312000000.0,308000000.0,17502000000.0,12776000000.0,4726000000.0,11397227565.0,205000000.0,-47000000.0,-50000000.0,73000000.0,-41000000.0,14000000.0,-323000000.0,-243000000.0,467000000.0,47000000.0,178000000.0,178000000.0,178000000.0,0.0,8000000.0,0.093,1631000000.0,273000000.0,1269000000.0,0.231,2.11,17.67,18.57,452000000.0,0.0,42.71,1.489,1.54,1983000000.0,7500000000.0,1904000000.0,1904000000.0,0.0,,,,,66000000.0,1631000000.0,1.0,266851500.0,275900000,283400000.0,6.901,16302000000.0,0.0,63000000.0,0.0,59.087,1492000000.0
46,AON,MRQ,2009-12-31,2009-12-31,2009-12-31,2021-08-02,-1675000000.0,22958000000.0,,13989000000.0,8969000000.0,,19.259,-54000000.0,217000000.0,217000000.0,0.0,218000000.0,1.107,3.258,2008000000.0,10000000.0,1998000000.0,2008000000.0,0.0,68000000.0,0.0,0.016,0.15,223000000.0,291000000.0,0.14,291000000.0,223000000.0,188000000.0,0.71,0.69,0.71,5379000000.0,,5379000000.0,11932191986.0,11.0,8.832,265000000.0,0.949,1.0,2073000000.0,1.0,6869000000.0,35000000.0,5240000000.0,,0.0,741000000.0,422000000.0,319000000.0,17527000000.0,12640000000.0,4887000000.0,10502191986.0,-363000000.0,-347000000.0,-340000000.0,1000000.0,-41000000.0,-394000000.0,-292000000.0,109000000.0,319000000.0,4000000.0,198000000.0,198000000.0,198000000.0,0.0,20000000.0,0.096,1832000000.0,241000000.0,1535000000.0,0.211,1.952,14.059,14.523,461000000.0,0.0,38.34,1.383,1.43,2052000000.0,7335000000.0,2073000000.0,2073000000.0,0.0,,,,,57000000.0,1832000000.0,1.0,273922587.0,279300000,287800000.0,7.422,16089000000.0,881000000.0,-10000000.0,129000000.0,57.605,1349000000.0
47,AON,MRQ,2009-09-30,2009-09-30,2009-09-30,2021-08-02,-1172000000.0,21641000000.0,,12926000000.0,8715000000.0,,21.106,-33000000.0,580000000.0,580000000.0,0.0,134000000.0,1.152,2.589,2010000000.0,12000000.0,1998000000.0,2010000000.0,0.0,56000000.0,0.0,0.015,0.15,196000000.0,252000000.0,0.14,252000000.0,196000000.0,164000000.0,0.42,0.41,0.42,5990000000.0,,5990000000.0,12561653741.0,14.0,10.98,51000000.0,0.18,1.0,1794000000.0,1.0,6720000000.0,32000000.0,5134000000.0,,0.0,899000000.0,602000000.0,297000000.0,15511000000.0,11217000000.0,4294000000.0,11168653741.0,43000000.0,-14000000.0,-125000000.0,5000000.0,-41000000.0,-108000000.0,16000000.0,63000000.0,84000000.0,51000000.0,120000000.0,120000000.0,120000000.0,0.0,14000000.0,0.067,1600000000.0,194000000.0,1377000000.0,0.357,1.865,20.568,20.551,453000000.0,0.0,40.69,1.521,1.573,1844000000.0,7189000000.0,1794000000.0,1794000000.0,0.0,,,,,57000000.0,1600000000.0,1.0,274481537.0,283800000,292100000.0,6.321,14921000000.0,0.0,44000000.0,0.0,52.576,1709000000.0
48,AON,MRQ,2009-06-30,2009-06-30,2009-06-30,2021-08-02,-1254000000.0,24438000000.0,,15881000000.0,8557000000.0,,20.554,-32000000.0,537000000.0,537000000.0,0.0,155000000.0,1.069,3.142,1930000000.0,681000000.0,1249000000.0,1930000000.0,0.0,58000000.0,0.0,0.016,0.15,232000000.0,290000000.0,0.154,290000000.0,232000000.0,206000000.0,0.52,0.51,0.52,5866000000.0,,5866000000.0,11933540857.0,13.0,10.561,-488000000.0,-1.71,1.0,1882000000.0,1.0,6659000000.0,26000000.0,4313000000.0,,0.0,876000000.0,580000000.0,296000000.0,18430000000.0,14859000000.0,3571000000.0,10482540857.0,36000000.0,3000000.0,-125000000.0,-30000000.0,-42000000.0,-163000000.0,683000000.0,712000000.0,-456000000.0,-28000000.0,149000000.0,149000000.0,149000000.0,0.0,6000000.0,0.079,1662000000.0,220000000.0,1392000000.0,0.288,1.787,19.412,19.126,447000000.0,0.0,37.87,1.418,1.462,1937000000.0,7132000000.0,1882000000.0,1882000000.0,0.0,,,,,55000000.0,1662000000.0,1.0,276803297.0,285400000,292700000.0,6.594,17779000000.0,0.0,57000000.0,0.0,62.295,1022000000.0
49,AON,MRQ,2009-03-31,2009-03-31,2009-03-31,2021-08-02,-1517000000.0,23108000000.0,,14909000000.0,8199000000.0,,19.532,-21000000.0,501000000.0,501000000.0,0.0,285000000.0,1.137,3.142,1952000000.0,104000000.0,1848000000.0,1952000000.0,0.0,60000000.0,0.0,0.015,0.15,458000000.0,518000000.0,0.281,518000000.0,458000000.0,429000000.0,0.99,0.96,0.99,5553000000.0,,5553000000.0,12560831161.0,5.0,4.863,532000000.0,1.871,1.0,1846000000.0,1.0,6284000000.0,29000000.0,5164000000.0,,0.0,1192000000.0,879000000.0,313000000.0,17446000000.0,13111000000.0,4335000000.0,11165831161.0,-81000000.0,95000000.0,0.0,-1000000.0,-41000000.0,13000000.0,-636000000.0,-710000000.0,553000000.0,-11000000.0,280000000.0,280000000.0,280000000.0,0.0,5000000.0,0.152,1480000000.0,366000000.0,1336000000.0,0.152,2.011,7.327,7.731,430000000.0,0.0,40.82,1.495,1.554,1795000000.0,7034000000.0,1846000000.0,1846000000.0,0.0,,,,,40000000.0,1480000000.0,1.0,273538245.0,284300000,292000000.0,6.493,16824000000.0,0.0,149000000.0,0.0,59.177,1798000000.0
50,AON,MRQ,2008-12-31,2008-12-31,2008-12-31,2021-08-02,-1462000000.0,22940000000.0,,14526000000.0,8414000000.0,,18.93,-23000000.0,582000000.0,582000000.0,0.0,-2000000.0,1.135,3.3,1977000000.0,105000000.0,1872000000.0,1977000000.0,0.0,65000000.0,0.0,0.013,0.15,19000000.0,84000000.0,0.046,84000000.0,19000000.0,-11000000.0,0.05,0.05,0.05,5310000000.0,,5310000000.0,13809653682.0,6.0,5.598,908000000.0,3.237,1.0,1821000000.0,1.0,6416000000.0,30000000.0,5116000000.0,,0.0,1016000000.0,684000000.0,332000000.0,17525000000.0,12803000000.0,4722000000.0,12323653682.0,104000000.0,-994000000.0,-193000000.0,-221000000.0,-41000000.0,-218000000.0,-462000000.0,555000000.0,931000000.0,-147000000.0,-6000000.0,-6000000.0,-6000000.0,0.0,4000000.0,-0.003,1670000000.0,151000000.0,1560000000.0,3.0,2.321,8.429,9.154,451000000.0,0.0,45.68,1.637,1.777,1990000000.0,6816000000.0,1821000000.0,1821000000.0,0.0,,,,,54000000.0,1827000000.0,1.0,269782261.0,280500000,291300000.0,6.492,16524000000.0,795000000.0,-5000000.0,118000000.0,58.909,1723000000.0
51,AON,MRQ,2008-09-30,2008-09-30,2008-09-30,2021-08-02,-738000000.0,20718000000.0,,13686000000.0,7032000000.0,,21.111,-22000000.0,478000000.0,478000000.0,0.0,121000000.0,1.287,2.484,1964000000.0,0.0,1964000000.0,1964000000.0,0.0,49000000.0,0.0,0.013,0.15,189000000.0,238000000.0,0.129,238000000.0,189000000.0,157000000.0,0.42,0.4,0.42,5947000000.0,,5947000000.0,14040051113.0,5.0,4.973,-253000000.0,-0.898,1.0,1846000000.0,1.0,5104000000.0,32000000.0,6462000000.0,,0.0,2316000000.0,1946000000.0,370000000.0,14771000000.0,10638000000.0,4133000000.0,12484051113.0,12000000.0,-134000000.0,-485000000.0,0.0,-41000000.0,-526000000.0,779000000.0,935000000.0,-231000000.0,-10000000.0,117000000.0,117000000.0,117000000.0,0.0,4000000.0,0.063,1599000000.0,247000000.0,1180000000.0,0.357,2.099,7.453,8.101,449000000.0,0.0,44.96,1.647,1.671,1877000000.0,6868000000.0,1846000000.0,1846000000.0,0.0,,,,,52000000.0,1550000000.0,1.0,277670176.0,281700000,293900000.0,6.553,15614000000.0,0.0,40000000.0,0.0,55.428,3048000000.0
52,AON,MRQ,2008-06-30,2008-06-30,2008-06-30,2021-08-02,-490000000.0,24075000000.0,,16631000000.0,7444000000.0,,22.297,-29000000.0,466000000.0,466000000.0,0.0,1136000000.0,1.254,2.73,2022000000.0,0.0,2022000000.0,2022000000.0,0.0,58000000.0,0.0,0.013,0.15,1685000000.0,1743000000.0,0.891,1743000000.0,1685000000.0,1654000000.0,3.82,3.71,3.82,6455000000.0,,6455000000.0,15350476023.0,6.0,5.153,-277000000.0,-0.957,1.0,1956000000.0,1.0,5382000000.0,31000000.0,6990000000.0,,0.0,2980000000.0,2566000000.0,414000000.0,17620000000.0,13259000000.0,4361000000.0,13723476023.0,14000000.0,2898000000.0,-903000000.0,-54000000.0,-43000000.0,-1000000000.0,1254000000.0,-1615000000.0,-248000000.0,8000000.0,1133000000.0,1133000000.0,1133000000.0,0.0,3000000.0,0.579,1701000000.0,255000000.0,1207000000.0,0.039,2.126,7.789,7.893,483000000.0,0.0,45.94,1.834,1.777,2012000000.0,6807000000.0,1956000000.0,1956000000.0,0.0,,,,,60000000.0,1643000000.0,1.0,298726078.0,289500000,305300000.0,6.756,18693000000.0,0.0,521000000.0,0.0,64.57,3372000000.0
53,AON,MRQ,2008-03-31,2008-03-31,2008-03-31,2021-08-02,-396000000.0,26507000000.0,,19019000000.0,7488000000.0,,20.686,-29000000.0,452000000.0,452000000.0,0.0,223000000.0,1.208,3.108,2079000000.0,84000000.0,1995000000.0,2079000000.0,0.0,50000000.0,0.0,0.015,0.15,352000000.0,402000000.0,0.211,402000000.0,352000000.0,319000000.0,0.7,0.68,0.7,6452000000.0,,6452000000.0,13843123854.0,9.0,8.206,487000000.0,1.561,1.0,1905000000.0,1.0,5414000000.0,33000000.0,6977000000.0,,0.0,1187000000.0,771000000.0,416000000.0,20055000000.0,15743000000.0,4312000000.0,12282123854.0,-132000000.0,-46000000.0,-343000000.0,-111000000.0,-46000000.0,-500000000.0,-167000000.0,-92000000.0,516000000.0,19000000.0,218000000.0,218000000.0,218000000.0,0.0,5000000.0,0.114,1618000000.0,287000000.0,1206000000.0,0.214,1.904,14.134,14.306,507000000.0,0.0,40.2,1.661,1.696,1938000000.0,5767000000.0,1905000000.0,1905000000.0,0.0,,,,,82000000.0,1568000000.0,1.0,305525469.0,311900000,319800000.0,6.108,21093000000.0,0.0,101000000.0,0.0,67.627,3276000000.0
54,AON,MRQ,2007-12-31,2007-12-31,2007-12-31,2021-08-02,-726000000.0,24929000000.0,,18068000000.0,6861000000.0,,20.397,-67000000.0,584000000.0,584000000.0,0.0,220000000.0,1.239,3.007,2145000000.0,252000000.0,1893000000.0,2145000000.0,0.0,56000000.0,0.0,0.013,0.15,384000000.0,440000000.0,0.235,440000000.0,384000000.0,348000000.0,0.61,0.61,0.61,6221000000.0,,6221000000.0,15600950609.0,11.0,9.27,270000000.0,0.885,1.0,1873000000.0,1.0,5119000000.0,36000000.0,6794000000.0,,0.0,1452000000.0,1120000000.0,332000000.0,18708000000.0,14577000000.0,4131000000.0,13913950609.0,263000000.0,-9000000.0,79000000.0,368000000.0,-44000000.0,403000000.0,-498000000.0,-422000000.0,337000000.0,21000000.0,207000000.0,207000000.0,207000000.0,188000000.0,13000000.0,0.111,1674000000.0,199000000.0,1413000000.0,0.246,2.237,16.104,16.852,497000000.0,0.0,47.69,1.923,2.011,1993000000.0,5607000000.0,1873000000.0,1873000000.0,0.0,,,,,52000000.0,1815000000.0,1.0,291758243.0,305000000,339800000.0,6.141,19810000000.0,529000000.0,141000000.0,109000000.0,64.951,3491000000.0
55,AON,MRQ,2007-09-30,2007-09-30,2007-09-30,2021-08-02,-791000000.0,23823000000.0,,,,,17.465,-21000000.0,321000000.0,321000000.0,0.0,204000000.0,,3.243,2008000000.0,,,2008000000.0,0.0,50000000.0,0.0,0.013,0.15,344000000.0,394000000.0,0.225,394000000.0,344000000.0,311000000.0,0.69,0.64,0.69,5615000000.0,,5615000000.0,14899314203.0,10.0,8.965,72000000.0,0.224,1.0,1749000000.0,1.0,5086000000.0,33000000.0,20424000000.0,,0.0,7485000000.0,,,18208000000.0,,,13119314203.0,-85000000.0,-22000000.0,-93000000.0,-202000000.0,-44000000.0,-339000000.0,146000000.0,189000000.0,93000000.0,15000000.0,204000000.0,204000000.0,204000000.0,-74000000.0,0.0,0.117,1493000000.0,256000000.0,9457000000.0,0.217,2.336,14.908,15.294,520000000.0,0.0,44.81,2.325,2.553,8296000000.0,5452000000.0,1749000000.0,1749000000.0,0.0,,,,,45000000.0,1445000000.0,1.0,292776483.0,321500000,321500000.0,5.44,18737000000.0,0.0,107000000.0,0.0,58.28,
56,AON,MRQ,2007-06-30,2007-06-30,2007-06-30,2021-08-02,-928000000.0,24791000000.0,,,,,16.601,-47000000.0,406000000.0,406000000.0,0.0,240000000.0,,3.639,2186000000.0,,,2186000000.0,0.0,49000000.0,0.0,0.014,0.15,402000000.0,451000000.0,0.242,451000000.0,402000000.0,368000000.0,0.81,0.75,0.81,5344000000.0,,5344000000.0,14232750095.0,11.0,9.351,-30000000.0,-0.093,1.0,1866000000.0,1.0,4941000000.0,34000000.0,21630000000.0,,0.0,7547000000.0,,,19447000000.0,,,12510750095.0,55000000.0,23000000.0,-183000000.0,140000000.0,-44000000.0,-87000000.0,110000000.0,134000000.0,17000000.0,15000000.0,240000000.0,240000000.0,240000000.0,-57000000.0,0.0,0.129,1580000000.0,286000000.0,10581000000.0,0.185,2.341,15.998,16.516,526000000.0,0.0,42.61,2.064,2.263,9255000000.0,5303000000.0,1866000000.0,1866000000.0,0.0,,,,,56000000.0,1534000000.0,1.0,293610657.0,321900000,321900000.0,5.797,19850000000.0,0.0,128000000.0,0.0,61.665,
57,AON,MRQ,2007-03-31,2007-03-31,2007-03-31,2021-08-02,-921000000.0,24591000000.0,,,,,16.215,-35000000.0,351000000.0,351000000.0,0.0,213000000.0,,3.675,2073000000.0,,,2073000000.0,0.0,50000000.0,0.0,0.016,0.15,348000000.0,398000000.0,0.221,398000000.0,348000000.0,313000000.0,0.71,0.66,0.71,5260000000.0,,5260000000.0,13330336447.0,11.0,9.13,781000000.0,2.408,1.0,1798000000.0,1.0,4895000000.0,35000000.0,21418000000.0,,0.0,7666000000.0,,,19331000000.0,,,11326336447.0,70000000.0,-190000000.0,-272000000.0,-214000000.0,-44000000.0,-530000000.0,-221000000.0,4000000.0,816000000.0,5000000.0,213000000.0,213000000.0,213000000.0,-48000000.0,0.0,0.118,1523000000.0,275000000.0,10410000000.0,0.211,2.153,15.41,16.017,507000000.0,0.0,37.96,1.769,1.923,8972000000.0,5141000000.0,1798000000.0,1798000000.0,0.0,,,,,51000000.0,1476000000.0,1.0,298375565.0,324400000,324400000.0,5.543,19696000000.0,0.0,100000000.0,0.0,60.715,
58,AON,MRQ,2006-12-31,2006-12-31,2006-12-31,2021-08-02,-1010000000.0,24384000000.0,,17643000000.0,6741000000.0,,15.651,-56000000.0,281000000.0,281000000.0,0.0,223000000.0,1.229,3.673,2285000000.0,42000000.0,2243000000.0,2285000000.0,0.0,71000000.0,0.0,0.017,0.15,348000000.0,419000000.0,1.83,419000000.0,348000000.0,318000000.0,0.72,0.67,0.72,5218000000.0,,5218000000.0,12825946412.0,11.0,8.809,88000000.0,0.264,1.0,229000000.0,1.0,4666000000.0,30000000.0,7366000000.0,,0.0,4864000000.0,4335000000.0,529000000.0,19166000000.0,14356000000.0,4810000000.0,10943946412.0,-180000000.0,656000000.0,-370000000.0,-63000000.0,-46000000.0,-479000000.0,156000000.0,-444000000.0,144000000.0,-1000000.0,223000000.0,223000000.0,223000000.0,-172000000.0,0.0,0.974,170000000.0,59000000.0,11184000000.0,0.208,2.097,15.2,15.568,456000000.0,0.0,35.34,1.617,1.786,8631000000.0,4992000000.0,229000000.0,229000000.0,0.0,,,,,42000000.0,980000000.0,1.0,309675903.0,333400000,333400000.0,0.687,19718000000.0,900000000.0,95000000.0,94000000.0,59.142,3287000000.0
59,AON,MRQ,2006-09-30,2006-09-30,2006-09-30,2021-08-02,-1002000000.0,28683000000.0,,,,,15.795,-25000000.0,461000000.0,461000000.0,0.0,106000000.0,,4.339,2343000000.0,,,2343000000.0,0.0,57000000.0,0.0,0.018,0.15,197000000.0,254000000.0,0.117,254000000.0,197000000.0,163000000.0,0.34,0.32,0.34,5372000000.0,,5372000000.0,12329120678.0,9.0,7.648,-93000000.0,-0.273,1.0,2168000000.0,1.0,4546000000.0,34000000.0,26019000000.0,,0.0,7072000000.0,,,23311000000.0,,,10651120678.0,36000000.0,-24000000.0,-168000000.0,239000000.0,-47000000.0,24000000.0,86000000.0,135000000.0,-68000000.0,-6000000.0,106000000.0,106000000.0,106000000.0,-16000000.0,0.0,0.049,1995000000.0,173000000.0,9332000000.0,0.441,1.983,14.814,15.188,499000000.0,0.0,33.87,1.534,1.659,8907000000.0,4897000000.0,2168000000.0,2168000000.0,0.0,,,,,33000000.0,1590000000.0,1.0,314470643.0,340100000,340100000.0,6.375,24137000000.0,0.0,57000000.0,0.0,70.97,
60,AON,MRQ,2006-06-30,2006-06-30,2006-06-30,2021-08-02,-1059000000.0,30103000000.0,,,,,15.638,-39000000.0,425000000.0,425000000.0,0.0,193000000.0,,4.583,2103000000.0,,,2103000000.0,0.0,59000000.0,0.0,0.017,0.15,330000000.0,389000000.0,0.176,389000000.0,330000000.0,296000000.0,0.6,0.57,0.6,5392000000.0,,5392000000.0,12660604775.0,9.0,7.743,156000000.0,0.452,1.0,2208000000.0,1.0,4526000000.0,34000000.0,27255000000.0,,0.0,7386000000.0,,,24711000000.0,,,11095604775.0,-26000000.0,-89000000.0,-219000000.0,62000000.0,-48000000.0,-205000000.0,-16000000.0,112000000.0,195000000.0,0.0,193000000.0,193000000.0,193000000.0,-18000000.0,0.0,0.087,1907000000.0,301000000.0,10976000000.0,0.25,2.058,15.117,15.407,507000000.0,0.0,34.82,1.633,1.767,10570000000.0,4843000000.0,2208000000.0,2208000000.0,0.0,,,,,37000000.0,1590000000.0,1.0,318656082.0,344800000,344800000.0,6.404,25577000000.0,0.0,103000000.0,0.0,74.179,
61,AON,MRQ,2006-03-31,2006-03-31,2006-03-31,2021-08-02,-1161000000.0,28618000000.0,,,,,15.157,-32000000.0,451000000.0,451000000.0,0.0,198000000.0,,4.391,2016000000.0,,,2016000000.0,0.0,57000000.0,0.0,0.014,0.15,337000000.0,394000000.0,0.182,394000000.0,337000000.0,306000000.0,0.61,0.57,0.61,5308000000.0,,5308000000.0,15000399662.0,11.0,9.476,665000000.0,1.899,1.0,2165000000.0,1.0,4533000000.0,31000000.0,25650000000.0,,0.0,9301000000.0,,,23310000000.0,,,13364399662.0,-25000000.0,1000000.0,-159000000.0,-97000000.0,-48000000.0,-304000000.0,-416000000.0,-385000000.0,697000000.0,-2000000.0,198000000.0,198000000.0,198000000.0,-24000000.0,0.0,0.091,1868000000.0,297000000.0,10165000000.0,0.246,2.518,18.257,18.449,524000000.0,0.0,41.51,1.985,2.159,9963000000.0,4711000000.0,2165000000.0,2165000000.0,0.0,,,,,41000000.0,1558000000.0,1.0,321956147.0,350200000,350200000.0,6.182,24085000000.0,0.0,108000000.0,0.0,68.775,
62,AON,MRQ,2005-12-31,2005-12-31,2005-12-31,2021-08-02,-1155000000.0,27832000000.0,,,,,15.288,-39000000.0,476000000.0,476000000.0,0.0,222000000.0,,4.235,2112000000.0,,,2112000000.0,0.0,68000000.0,0.0,0.017,0.15,507000000.0,575000000.0,1.43,575000000.0,507000000.0,476000000.0,0.68,0.65,0.68,5317000000.0,,5317000000.0,12958510166.0,10.0,8.14,-14000000.0,-0.04,1.0,402000000.0,1.0,4253000000.0,31000000.0,25215000000.0,,0.0,7058000000.0,,,22515000000.0,,,11504510166.0,43000000.0,332000000.0,10000000.0,227000000.0,-48000000.0,189000000.0,-167000000.0,-460000000.0,25000000.0,-4000000.0,220000000.0,222000000.0,222000000.0,-274000000.0,2000000.0,0.552,463000000.0,-61000000.0,9380000000.0,0.221,2.164,15.695,15.837,505000000.0,-2000000.0,35.95,1.73,1.846,9135000000.0,4531000000.0,402000000.0,402000000.0,0.0,,,,,21000000.0,1124000000.0,1.0,320014191.0,347800000,347800000.0,1.156,23579000000.0,646000000.0,256000000.0,0.0,67.795,
63,AON,MRQ,2005-09-30,2005-09-30,2005-09-30,2021-08-02,-913000000.0,27215000000.0,,,,,15.55,-36000000.0,433000000.0,433000000.0,0.0,122000000.0,,4.107,1887000000.0,,,1887000000.0,0.0,79000000.0,0.0,0.019,0.15,198000000.0,277000000.0,0.137,277000000.0,198000000.0,169000000.0,0.37,0.36,0.37,5329000000.0,,5329000000.0,11651172158.0,12.0,9.389,275000000.0,0.802,1.0,2018000000.0,1.0,4546000000.0,29000000.0,24123000000.0,,0.0,8780000000.0,,,21886000000.0,,,10218172158.0,14000000.0,-6000000.0,29000000.0,17000000.0,-48000000.0,-52000000.0,-260000000.0,-218000000.0,311000000.0,15000000.0,122000000.0,121000000.0,121000000.0,-25000000.0,0.0,0.06,1845000000.0,173000000.0,8997000000.0,0.405,1.917,17.378,17.626,552000000.0,1000000.0,32.08,1.294,1.392,8857000000.0,4397000000.0,2018000000.0,2018000000.0,0.0,,,,,15000000.0,1527000000.0,1.0,318521576.0,342700000,342700000.0,5.889,22669000000.0,0.0,47000000.0,0.0,66.148,
64,AON,MRQ,2005-06-30,2005-06-30,2005-06-30,2021-08-02,-877000000.0,27890000000.0,,,,,15.513,-24000000.0,419000000.0,419000000.0,0.0,191000000.0,,4.302,1852000000.0,,,1852000000.0,0.0,62000000.0,0.0,0.024,0.15,275000000.0,337000000.0,0.157,337000000.0,275000000.0,244000000.0,0.59,0.57,0.59,5251000000.0,,5251000000.0,9519115344.0,10.0,7.567,-266000000.0,-0.786,1.0,2148000000.0,1.0,4572000000.0,31000000.0,24751000000.0,,0.0,8595000000.0,,,22589000000.0,,,7958115344.0,-107000000.0,-24000000.0,7000000.0,-229000000.0,-49000000.0,-271000000.0,415000000.0,463000000.0,-242000000.0,-9000000.0,191000000.0,191000000.0,191000000.0,2000000.0,0.0,0.089,1871000000.0,277000000.0,9705000000.0,0.254,1.516,13.534,13.683,585000000.0,0.0,25.04,0.967,1.03,9570000000.0,4325000000.0,2148000000.0,2148000000.0,0.0,,,,,15000000.0,1552000000.0,1.0,317816108.0,338500000,338500000.0,6.346,23318000000.0,0.0,53000000.0,0.0,68.886,
65,AON,MRQ,2005-03-31,2005-03-31,2005-03-31,2021-08-02,-816000000.0,28565000000.0,,,,,15.26,-27000000.0,526000000.0,526000000.0,0.0,200000000.0,,4.543,2087000000.0,,,2087000000.0,0.0,68000000.0,0.0,0.026,0.15,346000000.0,414000000.0,0.168,414000000.0,346000000.0,312000000.0,0.62,0.59,0.62,5144000000.0,,5144000000.0,8797899572.0,9.0,6.69,765000000.0,2.269,1.0,2464000000.0,1.0,4778000000.0,34000000.0,25348000000.0,,0.0,9126000000.0,,,23371000000.0,,,7250899572.0,-44000000.0,-19000000.0,5000000.0,-27000000.0,-48000000.0,-70000000.0,-757000000.0,-711000000.0,792000000.0,-9000000.0,200000000.0,199000000.0,199000000.0,-2000000.0,0.0,0.081,2120000000.0,344000000.0,10209000000.0,0.242,1.41,12.721,12.831,622000000.0,1000000.0,22.84,0.841,0.893,9630000000.0,4182000000.0,2464000000.0,2464000000.0,0.0,,,,,21000000.0,1659000000.0,1.0,317464955.0,337100000,337100000.0,7.309,23787000000.0,0.0,112000000.0,0.0,70.564,
66,AON,MRQ,2004-12-31,2004-12-31,2004-12-31,2021-08-02,-681000000.0,28329000000.0,,,,,15.16,-37000000.0,570000000.0,570000000.0,0.0,78000000.0,,4.542,2117000000.0,,,2117000000.0,0.0,76000000.0,0.0,0.019,0.15,137000000.0,213000000.0,0.168,213000000.0,137000000.0,102000000.0,0.24,0.24,0.24,5103000000.0,,5103000000.0,9118624961.0,9.0,7.152,256000000.0,0.761,1.0,1269000000.0,1.0,4744000000.0,35000000.0,25132000000.0,,0.0,8453000000.0,,,23176000000.0,,,7550624961.0,174000000.0,64000000.0,5000000.0,136000000.0,-48000000.0,42000000.0,-197000000.0,-224000000.0,293000000.0,36000000.0,75000000.0,77000000.0,77000000.0,-66000000.0,3000000.0,0.061,1236000000.0,33000000.0,9775000000.0,0.625,1.48,13.983,14.118,660000000.0,-2000000.0,23.86,0.877,0.933,9880000000.0,4031000000.0,1269000000.0,1269000000.0,0.0,,,,,48000000.0,1219000000.0,1.0,316455363.0,336600000,336600000.0,3.77,23585000000.0,687000000.0,27000000.0,0.0,70.068,
67,AON,MRQ,2004-09-30,2004-09-30,2004-09-30,2021-08-02,-867000000.0,26571000000.0,,,,,14.428,-2000000.0,396000000.0,396000000.0,0.0,122000000.0,,4.448,1964000000.0,,,1964000000.0,0.0,78000000.0,0.0,0.016,0.15,216000000.0,294000000.0,0.125,294000000.0,216000000.0,184000000.0,0.38,0.36,0.38,4868000000.0,,4868000000.0,10625354721.0,9.0,7.069,203000000.0,0.602,1.0,2347000000.0,1.0,4655000000.0,32000000.0,23484000000.0,,0.0,8194000000.0,,,21653000000.0,,,9077354721.0,-114000000.0,30000000.0,4000000.0,-93000000.0,-48000000.0,-137000000.0,-179000000.0,-207000000.0,205000000.0,-3000000.0,122000000.0,121000000.0,121000000.0,-9000000.0,0.0,0.052,2140000000.0,207000000.0,9597000000.0,0.395,1.865,13.408,13.557,693000000.0,1000000.0,28.74,0.928,0.992,9181000000.0,3997000000.0,2347000000.0,2347000000.0,0.0,,,,,0.0,1684000000.0,1.0,315843936.0,337400000,337400000.0,6.956,21916000000.0,0.0,62000000.0,0.0,64.956,
68,AON,MRQ,2004-06-30,2004-06-30,2004-06-30,2021-08-02,-930000000.0,27770000000.0,,,,,13.993,-18000000.0,510000000.0,510000000.0,0.0,173000000.0,,4.877,2058000000.0,,,2058000000.0,0.0,84000000.0,0.0,0.016,0.15,310000000.0,394000000.0,0.155,394000000.0,310000000.0,275000000.0,0.54,0.52,0.54,4717000000.0,,4717000000.0,10491184519.0,9.0,6.916,-134000000.0,-0.398,1.0,2544000000.0,1.0,4677000000.0,35000000.0,24641000000.0,,0.0,7929000000.0,,,23003000000.0,,,8971184519.0,19000000.0,-42000000.0,9000000.0,47000000.0,-48000000.0,8000000.0,125000000.0,185000000.0,-116000000.0,2000000.0,173000000.0,173000000.0,173000000.0,7000000.0,0.0,0.068,2227000000.0,317000000.0,10954000000.0,0.278,1.902,13.39,13.557,745000000.0,0.0,28.47,0.916,0.98,10372000000.0,3925000000.0,2544000000.0,2544000000.0,0.0,,,,,0.0,1752000000.0,1.0,315110099.0,337100000,337100000.0,7.547,23093000000.0,0.0,102000000.0,0.0,68.505,
69,AON,MRQ,2004-03-31,2004-03-31,2004-03-31,2021-08-02,-849000000.0,27913000000.0,,,,,13.88,-23000000.0,491000000.0,491000000.0,0.0,170000000.0,,4.987,2011000000.0,,,2011000000.0,0.0,71000000.0,0.0,0.016,0.0,312000000.0,383000000.0,0.149,383000000.0,312000000.0,278000000.0,0.53,0.51,0.53,4654000000.0,,4654000000.0,10391828613.0,9.0,7.064,779000000.0,2.323,1.0,2564000000.0,1.0,4651000000.0,34000000.0,24782000000.0,,0.0,8141000000.0,,,23209000000.0,,,8783828613.0,-49000000.0,1000000.0,5000000.0,-136000000.0,-48000000.0,-179000000.0,-672000000.0,-650000000.0,802000000.0,0.0,170000000.0,169000000.0,169000000.0,22000000.0,0.0,0.066,2230000000.0,334000000.0,11084000000.0,0.0,1.887,13.661,13.817,791000000.0,1000000.0,27.91,0.909,0.968,10372000000.0,3800000000.0,2564000000.0,2564000000.0,0.0,,,,,0.0,1777000000.0,1.0,314719764.0,335300000,335300000.0,7.647,23262000000.0,0.0,108000000.0,0.0,69.377,
70,AON,MRQ,2003-12-31,2003-12-31,2003-12-31,2021-08-02,-861000000.0,27027000000.0,,,,,11.985,-40000000.0,540000000.0,540000000.0,0.0,215000000.0,,4.998,2148000000.0,,,2148000000.0,0.0,88000000.0,0.0,0.025,0.15,344000000.0,432000000.0,0.186,432000000.0,344000000.0,322000000.0,0.67,0.6,0.67,4498000000.0,,4498000000.0,8471774682.0,8.0,5.9,170000000.0,0.453,1.0,2322000000.0,1.0,4685000000.0,22000000.0,23950000000.0,,0.0,7324000000.0,,,22479000000.0,,,7507774682.0,-30000000.0,3000000.0,0.0,-117000000.0,-48000000.0,-175000000.0,-75000000.0,-38000000.0,210000000.0,10000000.0,212000000.0,214000000.0,214000000.0,-33000000.0,3000000.0,0.092,1999000000.0,323000000.0,10203000000.0,0.224,1.669,12.012,12.152,827000000.0,-2000000.0,23.94,0.793,0.839,10111000000.0,3679000000.0,2322000000.0,2322000000.0,0.0,,,,,49000000.0,1405000000.0,1.0,313607965.0,375300000,375300000.0,6.187,22342000000.0,608000000.0,110000000.0,0.0,59.531,
71,AON,MRQ,2003-09-30,2003-09-30,2003-09-30,2021-08-02,-779000000.0,26210000000.0,,,,,13.807,-40000000.0,570000000.0,570000000.0,0.0,115000000.0,,4.787,1534000000.0,,,1534000000.0,0.0,79000000.0,0.0,0.029,0.15,229000000.0,308000000.0,0.13,308000000.0,229000000.0,205000000.0,0.36,0.36,0.36,4399000000.0,,4399000000.0,7813900232.0,7.0,5.577,313000000.0,0.982,1.0,2368000000.0,1.0,4502000000.0,24000000.0,22672000000.0,,0.0,7141000000.0,,,21059000000.0,,,6522900232.0,100000000.0,0.0,0.0,-228000000.0,-47000000.0,-297000000.0,40000000.0,80000000.0,353000000.0,4000000.0,115000000.0,114000000.0,114000000.0,28000000.0,0.0,0.048,2102000000.0,266000000.0,10147000000.0,0.417,1.483,11.093,10.916,830000000.0,1000000.0,20.85,0.692,0.705,9533000000.0,3514000000.0,2368000000.0,2368000000.0,0.0,,,,,0.0,1718000000.0,1.0,312848932.0,318600000,318600000.0,7.433,21708000000.0,0.0,90000000.0,0.0,68.136,
72,AON,MRQ,2003-06-30,2003-06-30,2003-06-30,2021-08-02,-786000000.0,27910000000.0,,,,,13.57,-53000000.0,470000000.0,470000000.0,0.0,146000000.0,,5.289,1761000000.0,,,1761000000.0,0.0,79000000.0,0.0,0.028,0.15,269000000.0,348000000.0,0.144,348000000.0,269000000.0,242000000.0,0.46,0.46,0.46,4318000000.0,,4318000000.0,8799221606.0,8.0,6.294,-84000000.0,-0.264,1.0,2412000000.0,1.0,4507000000.0,27000000.0,24694000000.0,,0.0,7284000000.0,,,22840000000.0,,,7517221606.0,60000000.0,-35000000.0,1000000.0,104000000.0,-48000000.0,41000000.0,45000000.0,133000000.0,-31000000.0,5000000.0,146000000.0,146000000.0,146000000.0,9000000.0,0.0,0.061,2125000000.0,287000000.0,11876000000.0,0.326,1.741,12.508,11.98,871000000.0,0.0,24.08,0.809,0.824,11173000000.0,3454000000.0,2412000000.0,2412000000.0,0.0,,,,,0.0,1776000000.0,1.0,312176977.0,318200000,318200000.0,7.58,23403000000.0,0.0,96000000.0,0.0,73.548,
73,AON,MRQ,2003-03-31,2003-03-31,2003-03-31,2021-08-02,-954000000.0,25334000000.0,,,,,12.357,-52000000.0,506000000.0,506000000.0,0.0,152000000.0,,5.311,1788000000.0,,,1788000000.0,0.0,68000000.0,0.0,0.036,0.15,279000000.0,347000000.0,0.146,347000000.0,279000000.0,251000000.0,0.48,0.48,0.48,3895000000.0,,3895000000.0,7724194122.0,9.0,6.693,728000000.0,2.31,1.0,2369000000.0,1.0,4324000000.0,28000000.0,22292000000.0,,0.0,6587000000.0,,,20687000000.0,,,6442194122.0,-74000000.0,24000000.0,-7000000.0,-144000000.0,-47000000.0,-239000000.0,-617000000.0,-589000000.0,780000000.0,2000000.0,152000000.0,151000000.0,151000000.0,8000000.0,0.0,0.064,2073000000.0,296000000.0,9904000000.0,0.312,1.654,14.159,13.342,865000000.0,1000000.0,20.68,0.715,0.724,9643000000.0,3251000000.0,2369000000.0,2369000000.0,0.0,,,,,0.0,1678000000.0,1.0,311518091.0,315200000,315200000.0,7.516,21010000000.0,0.0,99000000.0,0.0,66.656,
74,AON,MRQ,2002-12-31,2002-12-31,2002-12-31,2021-08-02,-954000000.0,25334000000.0,,,,,13.035,-82000000.0,484000000.0,484000000.0,0.0,178000000.0,,5.311,1788000000.0,,,1788000000.0,0.0,74000000.0,0.0,0.044,0.15,324000000.0,398000000.0,0.175,398000000.0,324000000.0,291000000.0,0.61,0.61,0.61,3895000000.0,,3895000000.0,6411310191.0,7.0,5.532,89000000.0,0.298,1.0,2272000000.0,1.0,4324000000.0,33000000.0,22314000000.0,,0.0,6586000000.0,,,20687000000.0,,,5156310191.0,-443000000.0,-71000000.0,568000000.0,-400000000.0,-47000000.0,-93000000.0,-527000000.0,-374000000.0,171000000.0,6000000.0,175000000.0,177000000.0,177000000.0,18000000.0,3000000.0,0.078,1923000000.0,349000000.0,9904000000.0,0.246,1.324,11.137,11.448,865000000.0,-2000000.0,18.89,0.592,0.612,9559000000.0,3251000000.0,2272000000.0,2272000000.0,0.0,,,,,0.0,1601000000.0,1.0,272965071.0,298800000,298800000.0,7.604,21010000000.0,813000000.0,116000000.0,0.0,70.315,
75,AON,MRQ,2002-09-30,2002-09-30,2002-09-30,2021-08-02,-389000000.0,24323000000.0,,,,,13.399,-90000000.0,927000000.0,927000000.0,0.0,128000000.0,,5.322,2182000000.0,,,2182000000.0,0.0,62000000.0,0.0,0.044,0.225,243000000.0,305000000.0,0.136,305000000.0,243000000.0,211000000.0,0.46,0.46,0.46,3713000000.0,,3713000000.0,6935809187.0,10.0,7.332,354000000.0,1.278,1.0,2242000000.0,1.0,4202000000.0,32000000.0,21376000000.0,,0.0,6266000000.0,,,19760000000.0,,,5588809187.0,166000000.0,2000000.0,6000000.0,73000000.0,-62000000.0,-335000000.0,58000000.0,146000000.0,444000000.0,-1000000.0,128000000.0,127000000.0,127000000.0,4000000.0,0.0,0.057,1985000000.0,257000000.0,9648000000.0,0.489,1.505,17.913,17.974,0.0,1000000.0,20.49,0.66,0.671,8884000000.0,3119000000.0,2242000000.0,2242000000.0,0.0,,,,,0.0,1640000000.0,1.0,272757891.0,277100000,277100000.0,8.091,20121000000.0,0.0,83000000.0,0.0,72.613,
76,AON,MRQ,2002-06-30,2002-06-30,2002-06-30,2021-08-02,-380000000.0,24591000000.0,,,,,13.277,-50000000.0,761000000.0,761000000.0,0.0,0.0,,5.432,2108000000.0,,,2108000000.0,0.0,68000000.0,0.0,0.031,0.225,36000000.0,104000000.0,0.049,104000000.0,36000000.0,6000000.0,0.0,0.0,0.0,3691000000.0,,3691000000.0,9451838674.0,16.0,10.753,364000000.0,1.309,1.0,2122000000.0,1.0,4221000000.0,30000000.0,21717000000.0,,0.0,5936000000.0,,,20050000000.0,,,8018838674.0,192000000.0,-7000000.0,10000000.0,83000000.0,-62000000.0,-113000000.0,-123000000.0,-66000000.0,414000000.0,14000000.0,0.0,0.0,0.0,0.0,0.0,0.0,2076000000.0,46000000.0,10103000000.0,,2.173,31.324,31.362,0.0,0.0,29.48,0.986,1.008,9732000000.0,3056000000.0,2122000000.0,2122000000.0,0.0,,,,,0.0,1671000000.0,1.0,272009453.0,278000000,278000000.0,7.633,20370000000.0,0.0,6000000.0,0.0,73.273,
77,AON,MRQ,2002-03-31,2002-03-31,2002-03-31,2021-08-02,-577000000.0,23110000000.0,,,,,12.758,-56000000.0,569000000.0,569000000.0,0.0,160000000.0,,5.308,2002000000.0,,,2002000000.0,0.0,58000000.0,0.0,0.026,0.225,290000000.0,348000000.0,0.167,348000000.0,290000000.0,261000000.0,0.58,0.57,0.58,3529000000.0,,3529000000.0,11012081150.0,17.0,11.653,135000000.0,0.488,1.0,2088000000.0,1.0,4085000000.0,29000000.0,20458000000.0,,0.0,5995000000.0,,,18731000000.0,,,9500081150.0,130000000.0,-35000000.0,13000000.0,53000000.0,-62000000.0,-55000000.0,-5000000.0,86000000.0,191000000.0,-1000000.0,160000000.0,159000000.0,159000000.0,0.0,0.0,0.076,1788000000.0,300000000.0,8970000000.0,0.388,2.692,33.334,33.333,0.0,1000000.0,35.0,1.198,1.221,8562000000.0,3117000000.0,2088000000.0,2088000000.0,0.0,,,,,0.0,1463000000.0,1.0,271430890.0,276600000,276600000.0,7.549,19025000000.0,0.0,101000000.0,0.0,68.782,
78,AON,MRQ,2001-12-31,2001-12-31,2001-12-31,2021-08-02,-535000000.0,22330000000.0,,,,,12.527,-115000000.0,439000000.0,439000000.0,0.0,27000000.0,,5.199,1951000000.0,,,1951000000.0,0.0,86000000.0,0.0,0.025,0.225,103000000.0,189000000.0,0.094,189000000.0,103000000.0,74000000.0,0.1,0.09,0.1,3465000000.0,,3465000000.0,10917612775.0,26.0,14.48,-228000000.0,-0.824,1.0,2011000000.0,1.0,4084000000.0,29000000.0,19758000000.0,,0.0,6146000000.0,,,18015000000.0,,,9562612775.0,-53000000.0,-6000000.0,19000000.0,109000000.0,-62000000.0,26000000.0,34000000.0,155000000.0,-113000000.0,0.0,24000000.0,26000000.0,26000000.0,36000000.0,3000000.0,0.013,1859000000.0,152000000.0,8233000000.0,2.25,2.76,66.407,65.778,775000000.0,-2000000.0,35.52,1.25,1.265,7896000000.0,3021000000.0,2011000000.0,2011000000.0,0.0,,,,,0.0,1426000000.0,1.0,269217702.0,276600000,276600000.0,7.27,18246000000.0,628000000.0,50000000.0,0.0,65.965,
79,AON,MRQ,2001-09-30,2001-09-30,2001-09-30,2021-08-02,-377000000.0,22845000000.0,,,,,13.166,-54000000.0,498000000.0,498000000.0,0.0,72000000.0,,5.066,1853000000.0,,,1853000000.0,0.0,84000000.0,0.0,0.021,0.225,154000000.0,238000000.0,0.124,238000000.0,154000000.0,123000000.0,0.26,0.26,0.26,3626000000.0,,3626000000.0,12377406330.0,25.0,14.717,328000000.0,1.191,1.0,1912000000.0,1.0,4095000000.0,31000000.0,20105000000.0,,0.0,6387000000.0,,,18369000000.0,,,11192406330.0,-267000000.0,-31000000.0,11000000.0,-114000000.0,-61000000.0,-280000000.0,-372000000.0,-287000000.0,382000000.0,3000000.0,72000000.0,71000000.0,71000000.0,0.0,0.0,0.037,1748000000.0,164000000.0,8722000000.0,0.865,3.087,54.07,53.846,0.0,1000000.0,42.0,1.472,1.522,8353000000.0,3060000000.0,1912000000.0,1912000000.0,0.0,,,,,0.0,1384000000.0,1.0,266485865.0,275400000,275400000.0,6.943,18750000000.0,0.0,51000000.0,0.0,68.083,
80,AON,MRQ,2001-06-30,2001-06-30,2001-06-30,2021-08-02,-413000000.0,22466000000.0,,,,,12.842,-55000000.0,765000000.0,765000000.0,0.0,29000000.0,,5.229,1950000000.0,,,1950000000.0,0.0,85000000.0,0.0,0.019,0.225,85000000.0,170000000.0,0.089,170000000.0,85000000.0,54000000.0,0.11,0.11,0.11,3470000000.0,,3470000000.0,10143122120.0,16.0,10.61,-91000000.0,-0.337,1.0,1917000000.0,1.0,3930000000.0,31000000.0,19721000000.0,,0.0,5964000000.0,,,18146000000.0,,,9165122120.0,-121000000.0,-26000000.0,1000000.0,99000000.0,-60000000.0,10000000.0,-92000000.0,-11000000.0,-36000000.0,-3000000.0,29000000.0,29000000.0,29000000.0,0.0,0.0,0.015,1822000000.0,95000000.0,8643000000.0,2.045,2.641,33.449,33.333,0.0,0.0,35.0,1.226,1.265,8473000000.0,3056000000.0,1917000000.0,1917000000.0,0.0,,,,,0.0,1523000000.0,1.0,261860632.0,270200000,270200000.0,7.095,18536000000.0,0.0,25000000.0,0.0,68.601,
81,AON,MRQ,2001-03-31,2001-03-31,2001-03-31,2021-08-02,-413000000.0,22037000000.0,,,,,12.553,-57000000.0,886000000.0,886000000.0,0.0,19000000.0,,5.3,1864000000.0,,,1864000000.0,0.0,83000000.0,0.0,0.012,0.22,74000000.0,157000000.0,0.087,157000000.0,74000000.0,38000000.0,0.07,0.07,0.07,3363000000.0,,3363000000.0,10266534110.0,13.0,9.167,275000000.0,1.027,1.0,1811000000.0,1.0,3865000000.0,36000000.0,19150000000.0,,0.0,6079000000.0,,,17824000000.0,,,9277534110.0,-232000000.0,-44000000.0,18000000.0,-237000000.0,-58000000.0,-376000000.0,-186000000.0,-85000000.0,332000000.0,-2000000.0,19000000.0,18000000.0,18000000.0,0.0,0.0,0.01,1727000000.0,84000000.0,8432000000.0,3.143,2.759,24.806,24.653,0.0,1000000.0,35.5,1.258,1.289,8050000000.0,3087000000.0,1811000000.0,1811000000.0,0.0,,,,,0.0,1396000000.0,1.0,261338989.0,267900000,267900000.0,6.76,18172000000.0,0.0,19000000.0,0.0,67.831,
82,AON,MRQ,2000-12-31,2000-12-31,2000-12-31,2021-08-02,-377000000.0,22251000000.0,,,,,12.694,-75000000.0,1118000000.0,1118000000.0,0.0,90000000.0,,5.317,2107000000.0,,,2107000000.0,0.0,87000000.0,0.0,0.006,0.22,189000000.0,276000000.0,0.141,276000000.0,189000000.0,151000000.0,0.34,0.33,0.34,3388000000.0,,3388000000.0,10068243304.0,11.0,7.884,130000000.0,0.487,1.0,1961000000.0,1.0,3916000000.0,38000000.0,19324000000.0,,0.0,6019000000.0,,,18013000000.0,,,8771243304.0,138000000.0,-25000000.0,2000000.0,-211000000.0,-58000000.0,-276000000.0,208000000.0,308000000.0,205000000.0,1000000.0,87000000.0,89000000.0,89000000.0,0.0,3000000.0,0.045,1759000000.0,202000000.0,8212000000.0,0.647,2.589,18.623,18.923,0.0,-2000000.0,34.25,1.189,1.221,8230000000.0,3127000000.0,1961000000.0,1961000000.0,0.0,,,,,0.0,1449000000.0,1.0,256094695.0,266900000,266900000.0,7.347,18335000000.0,373000000.0,64000000.0,0.0,68.696,
83,AON,MRQ,2000-09-30,2000-09-30,2000-09-30,2021-08-02,-409000000.0,21831000000.0,,,,,12.108,-31000000.0,980000000.0,980000000.0,0.0,139000000.0,,5.594,2277000000.0,,,2277000000.0,0.0,81000000.0,0.0,0.0,0.0,272000000.0,353000000.0,0.198,353000000.0,272000000.0,234000000.0,0.53,0.53,0.53,3182000000.0,,3182000000.0,11287158946.0,14.0,9.858,241000000.0,0.917,1.0,1785000000.0,1.0,3737000000.0,38000000.0,19391000000.0,,0.0,6256000000.0,,,17799000000.0,,,10009158946.0,50000000.0,-19000000.0,2000000.0,82000000.0,-57000000.0,21000000.0,-241000000.0,-191000000.0,272000000.0,-2000000.0,139000000.0,138000000.0,138000000.0,0.0,0.0,0.077,1503000000.0,282000000.0,8143000000.0,0.0,3.146,25.404,25.822,0.0,1000000.0,39.25,1.373,1.415,8009000000.0,3107000000.0,1785000000.0,1785000000.0,0.0,,,,,0.0,1208000000.0,1.0,255010419.0,262800000,262800000.0,6.792,18094000000.0,0.0,95000000.0,0.0,68.851,
84,AON,MRQ,2000-06-30,2000-06-30,2000-06-30,2021-08-02,-394000000.0,22095000000.0,,,,,11.796,-14000000.0,930000000.0,930000000.0,0.0,129000000.0,,5.882,2208000000.0,,,2208000000.0,0.0,83000000.0,0.0,0.0,0.0,251000000.0,334000000.0,0.184,334000000.0,251000000.0,218000000.0,0.5,0.49,0.5,3087000000.0,,3087000000.0,9109072353.0,11.0,8.019,102000000.0,0.39,1.0,1819000000.0,1.0,3789000000.0,33000000.0,19584000000.0,,0.0,6135000000.0,,,18158000000.0,,,7947072353.0,156000000.0,-6000000.0,-40000000.0,295000000.0,-57000000.0,83000000.0,-36000000.0,-16000000.0,116000000.0,-7000000.0,129000000.0,129000000.0,129000000.0,0.0,0.0,0.071,1558000000.0,261000000.0,8493000000.0,0.0,2.574,20.222,20.434,0.0,0.0,31.06,1.092,1.117,8299000000.0,3036000000.0,1819000000.0,1819000000.0,0.0,,,,,0.0,1262000000.0,1.0,255861956.0,261700000,261700000.0,6.951,18306000000.0,0.0,89000000.0,0.0,69.95,
85,AON,MRQ,2000-03-31,2000-03-31,2000-03-31,2021-08-02,-338000000.0,21300000000.0,,,,,11.862,-59000000.0,774000000.0,774000000.0,0.0,116000000.0,,5.618,1936000000.0,,,1936000000.0,0.0,82000000.0,0.0,0.0,0.0,232000000.0,314000000.0,0.173,314000000.0,232000000.0,201000000.0,0.44,0.44,0.44,3090000000.0,,3090000000.0,9347623762.0,11.0,8.086,87000000.0,0.334,1.0,1810000000.0,1.0,3833000000.0,31000000.0,18629000000.0,,0.0,6175000000.0,,,17360000000.0,,,8270623762.0,-63000000.0,-35000000.0,-23000000.0,25000000.0,-54000000.0,-141000000.0,-68000000.0,26000000.0,146000000.0,0.0,116000000.0,115000000.0,115000000.0,0.0,0.0,0.064,1561000000.0,249000000.0,7837000000.0,0.0,2.677,19.977,20.156,0.0,1000000.0,32.25,1.152,1.17,7500000000.0,2966000000.0,1810000000.0,1810000000.0,0.0,,,,,0.0,1271000000.0,1.0,256453450.0,260500000,260500000.0,6.948,17467000000.0,0.0,85000000.0,0.0,67.052,
86,AON,MRQ,1999-12-31,1999-12-31,1999-12-31,2021-08-02,-309000000.0,21132000000.0,,,,,11.694,-76000000.0,837000000.0,837000000.0,0.0,13000000.0,,5.648,1914000000.0,,,1914000000.0,0.0,86000000.0,0.0,0.0,0.0,58000000.0,144000000.0,0.077,144000000.0,58000000.0,27000000.0,0.05,0.05,0.05,3051000000.0,,3051000000.0,11340376720.0,16.0,11.042,-92000000.0,-0.353,1.0,1878000000.0,1.0,3862000000.0,31000000.0,18347000000.0,,0.0,6184000000.0,,,17231000000.0,,,10265376720.0,-34000000.0,-22000000.0,-44000000.0,-25000000.0,-54000000.0,-215000000.0,200000000.0,298000000.0,-16000000.0,-3000000.0,10000000.0,12000000.0,12000000.0,0.0,3000000.0,0.006,1807000000.0,71000000.0,7643000000.0,0.0,3.365,29.414,29.63,0.0,-2000000.0,40.0,1.452,1.486,7346000000.0,2905000000.0,1878000000.0,1878000000.0,0.0,,,,,0.0,1516000000.0,1.0,256634418.0,260900000,260900000.0,7.198,17270000000.0,343000000.0,17000000.0,0.0,66.194,
87,AON,MRQ,1999-09-30,1999-09-30,1999-09-30,2021-08-02,-263000000.0,21113000000.0,,,,,11.945,-61000000.0,871000000.0,871000000.0,0.0,138000000.0,,5.42,1946000000.0,,,1946000000.0,0.0,86000000.0,0.0,0.0,0.0,258000000.0,344000000.0,0.194,344000000.0,258000000.0,229000000.0,0.53,0.52,0.53,3156000000.0,,3156000000.0,8150266280.0,9.0,5.885,60000000.0,0.227,1.0,1770000000.0,1.0,3842000000.0,29000000.0,18346000000.0,,0.0,6483000000.0,,,17107000000.0,,,7572266280.0,-167000000.0,-196000000.0,-9000000.0,205000000.0,-55000000.0,41000000.0,-330000000.0,-73000000.0,121000000.0,1000000.0,138000000.0,137000000.0,137000000.0,0.0,0.0,0.077,1502000000.0,268000000.0,7435000000.0,0.0,2.399,15.975,16.065,0.0,1000000.0,29.56,1.098,1.133,7054000000.0,2948000000.0,1770000000.0,1770000000.0,0.0,,,,,0.0,1222000000.0,1.0,256165977.0,264200000,264200000.0,6.699,17271000000.0,0.0,91000000.0,0.0,65.371,
88,AON,MRQ,1999-06-30,1999-06-30,1999-06-30,2021-08-02,,,,,,,,-93000000.0,,,0.0,151000000.0,,,,,,,,80000000.0,,0.0,0.0,274000000.0,354000000.0,0.205,354000000.0,274000000.0,250000000.0,0.58,0.57,0.58,,,,11144336206.0,13.0,8.789,1000000.0,0.004,1.0,1723000000.0,1.0,,24000000.0,,,,,,,,,,10566336206.0,111000000.0,-75000000.0,-12000000.0,258000000.0,-53000000.0,233000000.0,-212000000.0,-44000000.0,94000000.0,-4000000.0,151000000.0,150000000.0,150000000.0,0.0,0.0,0.087,1439000000.0,284000000.0,,0.0,,22.97,23.045,,1000000.0,41.25,1.57,1.616,,,1723000000.0,1723000000.0,0.0,,,,,0.0,1167000000.0,1.0,256153605.0,263700000,263700000.0,6.534,,,99000000.0,,,
89,AON,MRQ,1999-03-31,1999-03-31,1999-03-31,2021-08-02,-245000000.0,20484000000.0,,,,,11.028,-41000000.0,927000000.0,927000000.0,0.0,50000000.0,,5.801,1505000000.0,,,1505000000.0,0.0,78000000.0,0.0,0.0,0.0,107000000.0,185000000.0,0.109,185000000.0,107000000.0,86000000.0,0.19,0.19,0.19,2887000000.0,,2887000000.0,11503703676.0,14.0,9.874,222000000.0,0.848,1.0,1699000000.0,1.0,3594000000.0,21000000.0,17468000000.0,,0.0,6390000000.0,,,16747000000.0,,,10802703676.0,204000000.0,-102000000.0,-1000000.0,120000000.0,-48000000.0,93000000.0,-151000000.0,-8000000.0,263000000.0,-1000000.0,50000000.0,49000000.0,49000000.0,0.0,0.0,0.029,1582000000.0,117000000.0,7470000000.0,0.0,3.742,24.059,23.958,0.0,1000000.0,42.167,1.629,1.665,7113000000.0,2726000000.0,1699000000.0,1699000000.0,0.0,,,,,0.0,1309000000.0,1.0,256190601.0,261800000,261800000.0,6.49,16890000000.0,0.0,36000000.0,0.0,64.515,
90,AON,MRQ,1998-12-31,1998-12-31,1998-12-31,2021-08-02,-116000000.0,19688000000.0,,,,,11.564,-130000000.0,723000000.0,723000000.0,0.0,139000000.0,,5.244,1424000000.0,,,1424000000.0,0.0,253000000.0,0.0,0.0,0.0,249000000.0,502000000.0,0.295,502000000.0,249000000.0,226000000.0,0.54,0.53,0.54,3017000000.0,,3017000000.0,9895416151.0,10.0,8.065,27000000.0,0.103,1.0,1702000000.0,1.0,3500000000.0,23000000.0,16889000000.0,,0.0,6452000000.0,,,15821000000.0,,,9418916151.0,-448000000.0,-51000000.0,-28000000.0,-216000000.0,-48000000.0,-314000000.0,-280000000.0,-99000000.0,157000000.0,-11000000.0,136000000.0,138000000.0,138000000.0,0.0,3000000.0,0.081,1440000000.0,262000000.0,6948000000.0,0.0,3.122,17.507,17.498,0.0,-2000000.0,36.92,1.451,1.475,6606000000.0,2782000000.0,1702000000.0,1702000000.0,0.0,,,,,0.0,1186000000.0,1.0,255116906.0,260900000,260900000.0,6.524,16188000000.0,214000000.0,90000000.0,156000000.0,62.047,
91,AON,MRQ,1998-09-30,1998-09-30,1998-09-30,2021-08-02,25100000.0,19937500000.0,,,,,11.487,-65000000.0,1170900000.0,1170900000.0,0.0,124000000.0,,5.369,1647400000.0,,,1647400000.0,0.0,0.0,0.0,0.0,0.0,227000000.0,227000000.0,0.141,227000000.0,227000000.0,204000000.0,0.48,0.47,0.48,2997000000.0,,2997000000.0,11412569792.0,12.0,9.809,-142000000.0,-0.544,1.0,1607000000.0,1.0,3341300000.0,23000000.0,17072700000.0,,0.0,6395400000.0,,,16090500000.0,,,10891269792.0,137000000.0,-60000000.0,-5000000.0,108000000.0,-54000000.0,196000000.0,15000000.0,140000000.0,-77000000.0,3000000.0,124000000.0,123000000.0,123000000.0,0.0,0.0,0.077,1369000000.0,238000000.0,6675800000.0,0.0,3.634,21.305,21.287,0.0,1000000.0,43.0,1.725,1.777,6656000000.0,2642500000.0,1607000000.0,1607000000.0,0.0,,,,,0.0,1119000000.0,1.0,253285344.0,260900000,260900000.0,6.159,16596200000.0,0.0,80000000.0,0.0,63.611,
92,AON,MRQ,1998-06-30,1998-06-30,1998-06-30,2021-08-02,85200000.0,19845200000.0,,,,,11.712,-62000000.0,1034400000.0,1034400000.0,0.0,140000000.0,,5.279,1555700000.0,,,1555700000.0,0.0,0.0,0.0,0.0,0.0,251000000.0,251000000.0,0.155,251000000.0,251000000.0,230000000.0,0.55,0.54,0.55,3025100000.0,,3025100000.0,12131645325.0,14.0,10.805,466000000.0,1.804,1.0,1623000000.0,1.0,3273600000.0,21000000.0,17092900000.0,,0.0,6544700000.0,,,15970100000.0,,,11847745325.0,24000000.0,-167000000.0,3000000.0,262000000.0,-48000000.0,221000000.0,-725000000.0,-496000000.0,528000000.0,0.0,140000000.0,139000000.0,139000000.0,0.0,0.0,0.086,1362000000.0,261000000.0,6941100000.0,0.0,3.916,24.388,24.304,0.0,1000000.0,46.833,1.924,1.965,6733700000.0,2654800000.0,1623000000.0,1623000000.0,0.0,,,,,0.0,1104000000.0,1.0,252976768.0,258300000,258300000.0,6.283,16571600000.0,0.0,90000000.0,0.0,64.156,
93,AON,MRQ,1998-03-31,1998-03-31,1998-03-31,2021-08-02,99100000.0,18874800000.0,,,,,11.216,-43000000.0,1010000000.0,1010000000.0,0.0,139000000.0,,5.251,1293900000.0,,,1293900000.0,0.0,0.0,0.0,0.0,0.0,248000000.0,248000000.0,0.159,248000000.0,248000000.0,228000000.0,0.55,0.53,0.55,2883700000.0,,2883700000.0,11192725358.0,14.0,10.913,213000000.0,0.828,1.0,1562000000.0,1.0,3141900000.0,20000000.0,16016800000.0,,0.0,6117100000.0,,,15141100000.0,,,10876125358.0,-75000000.0,-96000000.0,12000000.0,-108000000.0,-44000000.0,29000000.0,-365000000.0,-226000000.0,256000000.0,5000000.0,139000000.0,138000000.0,138000000.0,0.0,0.0,0.088,1304000000.0,258000000.0,6538100000.0,0.0,3.772,25.429,25.437,0.0,1000000.0,43.167,1.825,1.863,6354300000.0,2506900000.0,1562000000.0,1562000000.0,0.0,,,,,0.0,1048000000.0,1.0,251956572.0,257100000,257100000.0,6.075,15732900000.0,0.0,89000000.0,0.0,61.194,
94,AON,MRQ,1997-12-31,1997-12-31,1997-12-31,2021-08-02,103000000.0,18691000000.0,,,,,10.987,-105600000.0,1085000000.0,1085000000.0,0.0,113100000.0,,5.322,1401000000.0,,,1401000000.0,0.0,242000000.0,0.0,0.0,0.0,195500000.0,437500000.0,0.288,437500000.0,195500000.0,174800000.0,0.44,0.433,0.44,2822000000.0,,2822000000.0,,,,206400000.0,0.804,1.0,1521200000.0,1.0,3094000000.0,20700000.0,15913000000.0,,0.0,5922000000.0,,,15019000000.0,,,9848142544.0,-319300000.0,-304300000.0,-2700000.0,170400000.0,-46500000.0,164800000.0,-808600000.0,-398700000.0,312000000.0,12500000.0,101100000.0,111200000.0,111200000.0,0.0,12000000.0,0.073,1303400000.0,217800000.0,6380000000.0,0.0,3.49,34.314,34.287,0.0,-10100000.0,39.087,1.712,1.739,6250000000.0,2463000000.0,1521200000.0,1521200000.0,0.0,,,,,0.0,1238900000.0,1.0,251956572.0,256850000,256850000.0,5.923,15597000000.0,137000000.0,73700000.0,180000000.0,60.724,
95,AON,MRQ,1997-09-30,1997-09-30,1997-09-30,2021-08-02,,,,,,,,-11700000.0,,,0.0,101000000.0,,,,,,,,0.0,,0.0,0.0,186300000.0,186300000.0,0.128,186300000.0,186300000.0,167600000.0,0.387,0.38,0.387,,,,,,,166000000.0,0.647,1.0,1451000000.0,1.0,,18700000.0,,,,,,,,,,,72800000.0,-55900000.0,1800000.0,111400000.0,-46600000.0,68700000.0,-150400000.0,-82800000.0,177700000.0,-23200000.0,101000000.0,97600000.0,97600000.0,0.0,0.0,0.067,1254500000.0,196500000.0,,0.0,,,,,3400000.0,35.167,,,,,1451000000.0,1451000000.0,0.0,,,,,0.0,1013500000.0,1.0,,256650000,256650000.0,5.654,,,66600000.0,,,
96,AON,MRQ,1997-06-30,1997-06-30,1997-06-30,2021-08-02,,,,,,,,-100000.0,,,0.0,84200000.0,,,,,,,,0.0,,0.0,0.0,153800000.0,153800000.0,0.108,153800000.0,153800000.0,137900000.0,0.32,0.32,0.32,,,,,,,-13600000.0,-0.053,1.0,1424500000.0,1.0,,15900000.0,,,,,,,,,,,62000000.0,1000000.0,11000000.0,113300000.0,-46500000.0,188100000.0,-108300000.0,-109200000.0,-13500000.0,-4300000.0,80900000.0,80900000.0,80900000.0,0.0,3300000.0,0.057,1256700000.0,167800000.0,,0.0,,,,,0.0,34.5,,,,,1424500000.0,1424500000.0,0.0,,,,,0.0,980700000.0,1.0,,254400000,254400000.0,5.599,,,57000000.0,,,
97,AON,MRQ,1997-03-31,1997-03-31,1997-03-31,2021-08-02,103400000.0,18691200000.0,,,,,11.259,-28600000.0,1084700000.0,1084700000.0,0.0,700000.0,,5.322,1401300000.0,,,1401300000.0,0.0,0.0,0.0,0.0,0.0,17600000.0,17600000.0,0.013,17600000.0,17600000.0,3000000.0,-0.013,-0.013,-0.013,2822100000.0,,2822100000.0,,,,279200000.0,1.114,1.0,1354300000.0,1.0,3094500000.0,14600000.0,15913300000.0,,0.0,5922100000.0,,,15019100000.0,,,,859500000.0,-555800000.0,10900000.0,72900000.0,-42400000.0,878400000.0,-308700000.0,275700000.0,307800000.0,-18000000.0,-2700000.0,-2700000.0,-2700000.0,0.0,3400000.0,-0.002,1324500000.0,29800000.0,6379800000.0,0.0,,,,0.0,0.0,27.222,,,6249900000.0,2463400000.0,1354300000.0,1354300000.0,0.0,,,,,0.0,943000000.0,1.0,,250650000,250650000.0,5.403,15596700000.0,0.0,5700000.0,0.0,62.225,
98,AON,MRQ,1996-12-31,1996-12-31,1996-12-31,2021-08-02,154100000.0,13722700000.0,,,,,11.182,,410100000.0,410100000.0,,,,3.826,734600000.0,,,734600000.0,0.0,,0.0,0.0,0.0,,,,,,,,,,2832900000.0,,2832900000.0,,,,,,1.0,,,1597700000.0,,12449500000.0,,0.0,5212800000.0,,,10839800000.0,,,,,,,,,,,,,,,,,,,,,,4143700000.0,,,,21.452,323200000.0,,27.609,,1.799,4624400000.0,2356800000.0,,,,,,,,,,1.0,,253350000,,,12125000000.0,0.0,,96600000.0,47.859,
0,AON,MRT,2021-06-30,2021-06-30,2021-06-30,2021-08-02,-3744000000.0,34580000000.0,32557000000.0,21276000000.0,13304000000.0,0.361,19.656,-122000000.0,1091000000.0,1091000000.0,0.0,2142000000.0,1.124,6.726,8126000000.0,13000000.0,8113000000.0,8126000000.0,0.0,334000000.0,0.0,0.008,1.87,3021000000.0,3355000000.0,0.285,3355000000.0,3021000000.0,2702000000.0,9.15,9.11,9.15,4462000000.0,3939750000.0,4462000000.0,61165537410.0,20.0,18.231,2787000000.0,12.278,1.0,11761000000.0,1.0,9223000000.0,319000000.0,13465000000.0,13304250000.0,0.0,289000000.0,289000000.0,0.0,30013000000.0,18927000000.0,11086000000.0,53875537410.0,334000000.0,9000000.0,-1592000000.0,-722000000.0,-427000000.0,-3006000000.0,286000000.0,399000000.0,2909000000.0,145000000.0,2091000000.0,2091000000.0,2091000000.0,-1000000.0,51000000.0,0.178,8690000000.0,3071000000.0,1692000000.0,0.204,12.074,25.765,26.094,1448000000.0,0.0,238.76,4.581,4.608,3545000000.0,1823000000.0,11761000000.0,11761000000.0,0.0,0.064,0.531,0.227,0.257,388000000.0,6369000000.0,1.0,225647250.0,227000000,228000000.0,51.811,25357000000.0,738000000.0,611000000.0,417000000.0,111.705,2349000000.0
1,AON,MRT,2021-03-31,2021-03-31,2021-03-31,2021-08-02,-3891000000.0,32175000000.0,31910750000.0,18905000000.0,13270000000.0,0.356,18.758,-111000000.0,822000000.0,822000000.0,0.0,2160000000.0,1.124,6.529,8112000000.0,0.0,8112000000.0,8112000000.0,0.0,356000000.0,0.0,0.008,1.8,2933000000.0,3289000000.0,0.289,3289000000.0,2933000000.0,2603000000.0,9.19,9.15,9.19,4260000000.0,3724500000.0,4260000000.0,59743257858.0,20.0,18.165,2895000000.0,12.748,1.0,11372000000.0,1.0,9181000000.0,330000000.0,13461000000.0,13377500000.0,0.0,171000000.0,171000000.0,0.0,27814000000.0,16823000000.0,10991000000.0,52001257858.0,132000000.0,-34000000.0,-1350000000.0,-848000000.0,-414000000.0,-2879000000.0,-139000000.0,6000000.0,3006000000.0,144000000.0,2110000000.0,2110000000.0,2110000000.0,-1000000.0,50000000.0,0.186,8379000000.0,2993000000.0,1628000000.0,0.196,12.207,24.645,25.039,1451000000.0,0.0,230.11,4.573,4.595,3526000000.0,1801000000.0,11372000000.0,11372000000.0,0.0,0.066,0.567,0.219,0.258,367000000.0,6102000000.0,1.0,225984346.0,227100000,228100000.0,50.075,22994000000.0,721000000.0,493000000.0,293000000.0,101.251,2082000000.0
2,AON,MRT,2020-12-31,2020-12-31,2020-12-31,2021-08-02,-3861000000.0,32114000000.0,31437500000.0,18684000000.0,13430000000.0,0.352,15.071,-141000000.0,884000000.0,884000000.0,0.0,2018000000.0,1.072,8.163,8626000000.0,448000000.0,8178000000.0,8626000000.0,0.0,413000000.0,0.0,0.008,1.78,2751000000.0,3164000000.0,0.286,3164000000.0,2751000000.0,2417000000.0,8.49,8.45,8.49,3495000000.0,3451750000.0,3495000000.0,56111775842.0,20.0,17.734,2642000000.0,11.393,1.0,11066000000.0,1.0,9306000000.0,334000000.0,13117000000.0,13128000000.0,0.0,308000000.0,308000000.0,0.0,28531000000.0,17433000000.0,11098000000.0,48299775842.0,94000000.0,-338000000.0,-1763000000.0,271000000.0,-412000000.0,-2088000000.0,-679000000.0,-200000000.0,2783000000.0,78000000.0,1969000000.0,1969000000.0,1969000000.0,-1000000.0,49000000.0,0.178,8285000000.0,2781000000.0,2016000000.0,0.21,13.82,24.53,24.885,1510000000.0,0.0,211.27,4.365,4.427,3070000000.0,1042000000.0,11066000000.0,11066000000.0,0.0,0.063,0.57,0.21,0.249,312000000.0,5905000000.0,1.0,228616348.0,231900000,233100000.0,47.719,22808000000.0,724000000.0,448000000.0,262000000.0,98.353,1251000000.0
3,AON,MRT,2020-09-30,2020-09-30,2020-09-30,2021-08-02,-4099000000.0,31359000000.0,30760250000.0,18249000000.0,13110000000.0,0.357,15.228,-177000000.0,821000000.0,821000000.0,0.0,1866000000.0,1.082,7.831,8633000000.0,472000000.0,8161000000.0,8633000000.0,0.0,474000000.0,0.0,0.009,1.76,2566000000.0,3040000000.0,0.277,3040000000.0,2566000000.0,2234000000.0,7.79,7.75,7.79,3542000000.0,3421750000.0,3542000000.0,55990464317.0,22.0,18.418,2518000000.0,10.825,1.0,10986000000.0,1.0,9127000000.0,332000000.0,13174000000.0,12943500000.0,0.0,448000000.0,448000000.0,0.0,27739000000.0,16870000000.0,10869000000.0,47789464317.0,219000000.0,-329000000.0,-1416000000.0,347000000.0,-410000000.0,-1671000000.0,-813000000.0,-307000000.0,2695000000.0,8000000.0,1819000000.0,1819000000.0,1819000000.0,-1000000.0,47000000.0,0.166,8394000000.0,2592000000.0,1608000000.0,0.226,13.492,26.272,26.483,1523000000.0,0.0,206.3,4.35,4.368,2906000000.0,1423000000.0,10986000000.0,10986000000.0,0.0,0.059,0.532,0.198,0.234,272000000.0,5871000000.0,1.0,231650336.0,232600000,233500000.0,47.231,22232000000.0,655000000.0,415000000.0,223000000.0,95.58,1379000000.0
4,AON,MRT,2020-06-30,2020-06-30,2020-06-30,2021-08-02,-4296000000.0,31995000000.0,29962250000.0,18990000000.0,13005000000.0,0.366,15.475,-208000000.0,757000000.0,757000000.0,0.0,1812000000.0,1.092,7.859,8958000000.0,782000000.0,8176000000.0,8958000000.0,0.0,527000000.0,0.0,0.009,1.76,2485000000.0,3012000000.0,0.274,3012000000.0,2485000000.0,2155000000.0,7.55,7.5,7.55,3601000000.0,3409250000.0,3601000000.0,52837890878.0,21.0,17.542,2485000000.0,10.679,1.0,10980000000.0,1.0,9055000000.0,330000000.0,13758000000.0,12639750000.0,0.0,654000000.0,654000000.0,0.0,28300000000.0,17383000000.0,10917000000.0,44506890878.0,176000000.0,-317000000.0,-1268000000.0,386000000.0,-411000000.0,-1465000000.0,-999000000.0,-474000000.0,2693000000.0,-53000000.0,1766000000.0,1766000000.0,1766000000.0,1000000.0,46000000.0,0.161,8469000000.0,2511000000.0,1488000000.0,0.233,12.36,25.202,25.51,1556000000.0,0.0,192.6,4.053,4.082,3314000000.0,1751000000.0,10980000000.0,10980000000.0,0.0,0.059,0.518,0.197,0.226,277000000.0,5852000000.0,1.0,231084584.0,232700000,233600000.0,47.185,22940000000.0,654000000.0,389000000.0,200000000.0,98.582,1607000000.0
5,AON,MRT,2020-03-31,2020-03-31,2020-03-31,2021-08-02,-4409000000.0,30282000000.0,29415250000.0,17345000000.0,12937000000.0,0.377,13.589,-227000000.0,690000000.0,690000000.0,0.0,1688000000.0,1.014,8.527,9021000000.0,1884000000.0,7137000000.0,9021000000.0,0.0,565000000.0,0.0,0.011,1.76,2323000000.0,2888000000.0,0.26,2888000000.0,2323000000.0,2005000000.0,6.99,6.94,6.99,3169000000.0,3468000000.0,3169000000.0,45713308794.0,20.0,15.829,1872000000.0,8.027,1.0,11089000000.0,1.0,9039000000.0,318000000.0,12463000000.0,12480250000.0,0.0,170000000.0,170000000.0,0.0,27022000000.0,17111000000.0,9911000000.0,38220308794.0,90000000.0,-282000000.0,-2323000000.0,1653000000.0,-416000000.0,-1271000000.0,-640000000.0,-131000000.0,2099000000.0,-98000000.0,1645000000.0,1645000000.0,1645000000.0,1000000.0,43000000.0,0.148,8759000000.0,2330000000.0,1549000000.0,0.252,12.061,23.234,23.611,1563000000.0,0.0,165.04,3.447,3.471,3554000000.0,1455000000.0,11089000000.0,11089000000.0,0.0,0.056,0.474,0.186,0.209,304000000.0,5992000000.0,1.0,231582094.0,233200000,234500000.0,47.551,21243000000.0,638000000.0,360000000.0,189000000.0,91.093,234000000.0
6,AON,MRT,2019-12-31,2019-12-31,2019-12-31,2021-08-02,-4033000000.0,29405000000.0,29128500000.0,16476000000.0,12929000000.0,0.378,14.145,-225000000.0,790000000.0,790000000.0,0.0,1573000000.0,1.058,7.691,8283000000.0,712000000.0,7571000000.0,8283000000.0,0.0,564000000.0,0.0,0.008,1.72,2136000000.0,2700000000.0,0.245,2700000000.0,2136000000.0,1829000000.0,6.42,6.37,6.42,3375000000.0,3869500000.0,3375000000.0,56356480712.0,26.0,20.873,1610000000.0,6.748,1.0,11013000000.0,1.0,8948000000.0,307000000.0,12379000000.0,12388500000.0,0.0,138000000.0,138000000.0,0.0,25956000000.0,15571000000.0,10385000000.0,48768480712.0,134000000.0,13000000.0,-1960000000.0,1111000000.0,-410000000.0,-1493000000.0,-229000000.0,-17000000.0,1835000000.0,21000000.0,1532000000.0,1532000000.0,1532000000.0,1000000.0,41000000.0,0.139,8844000000.0,2169000000.0,1939000000.0,0.268,14.45,31.833,32.444,1550000000.0,0.0,208.29,4.428,4.513,3112000000.0,1254000000.0,11013000000.0,11013000000.0,0.0,0.053,0.396,0.172,0.194,317000000.0,6054000000.0,1.0,234137408.0,238600000,240600000.0,46.157,20457000000.0,645000000.0,297000000.0,199000000.0,85.738,905000000.0
7,AON,MRT,2019-09-30,2019-09-30,2019-09-30,2021-08-02,-4030000000.0,28167000000.0,28382750000.0,15317000000.0,12850000000.0,0.384,14.74,-228000000.0,602000000.0,602000000.0,0.0,1544000000.0,1.031,7.046,8190000000.0,1148000000.0,7042000000.0,8190000000.0,0.0,570000000.0,0.0,0.009,1.68,2175000000.0,2745000000.0,0.252,2745000000.0,2175000000.0,1878000000.0,6.23,6.17,6.23,3492000000.0,4063500000.0,3492000000.0,53616913873.0,25.0,19.533,1646000000.0,6.948,1.0,10898000000.0,1.0,8945000000.0,297000000.0,11959000000.0,11642250000.0,0.0,177000000.0,177000000.0,0.0,24606000000.0,14851000000.0,9755000000.0,45651913873.0,118000000.0,-6000000.0,-1705000000.0,935000000.0,-404000000.0,-1412000000.0,-284000000.0,-50000000.0,1874000000.0,-60000000.0,1503000000.0,1503000000.0,1503000000.0,-68000000.0,41000000.0,0.138,8754000000.0,2144000000.0,1499000000.0,0.27,13.073,30.374,31.071,1519000000.0,0.0,193.57,4.189,4.208,2866000000.0,1436000000.0,10898000000.0,10898000000.0,0.0,0.053,0.37,0.187,0.2,376000000.0,6054000000.0,1.0,235841886.0,236900000,239100000.0,46.003,19222000000.0,611000000.0,375000000.0,209000000.0,81.14,466000000.0
8,AON,MRT,2019-06-30,2019-06-30,2019-06-30,2021-08-02,-3837000000.0,29807000000.0,27741500000.0,16745000000.0,13062000000.0,0.392,15.943,-235000000.0,581000000.0,581000000.0,0.0,1469000000.0,1.082,6.75,8546000000.0,844000000.0,7702000000.0,8546000000.0,0.0,565000000.0,0.0,0.011,2.04,2074000000.0,2639000000.0,0.243,2639000000.0,2074000000.0,1786000000.0,5.89,5.84,5.89,3836000000.0,4256000000.0,3836000000.0,53209870333.0,26.0,20.163,1399000000.0,5.815,1.0,10868000000.0,1.0,9171000000.0,288000000.0,13120000000.0,10987250000.0,0.0,235000000.0,235000000.0,0.0,25894000000.0,15481000000.0,10413000000.0,46415870333.0,94000000.0,-27000000.0,-1654000000.0,1143000000.0,-398000000.0,-1133000000.0,-370000000.0,-108000000.0,1634000000.0,-37000000.0,1428000000.0,1428000000.0,1428000000.0,-67000000.0,41000000.0,0.131,8822000000.0,2046000000.0,1369000000.0,0.346,12.1,32.504,32.764,1558000000.0,0.0,192.98,4.271,4.272,3227000000.0,1669000000.0,10868000000.0,10868000000.0,0.0,0.051,0.336,0.189,0.191,371000000.0,6078000000.0,1.0,240521662.0,240600000,242800000.0,45.17,20636000000.0,599000000.0,358000000.0,211000000.0,85.769,1264000000.0
9,AON,MRT,2019-03-31,2019-03-31,2019-03-31,2021-08-02,-3740000000.0,29135000000.0,27094000000.0,15919000000.0,13216000000.0,0.399,19.715,-252000000.0,600000000.0,600000000.0,0.0,1240000000.0,1.095,5.083,7394000000.0,426000000.0,6968000000.0,7394000000.0,0.0,757000000.0,0.0,0.012,2.0,1637000000.0,2394000000.0,0.221,2394000000.0,1637000000.0,1357000000.0,4.94,4.89,4.94,4775000000.0,4433250000.0,4775000000.0,46555904749.0,28.0,19.447,1368000000.0,5.648,1.0,10823000000.0,1.0,9296000000.0,280000000.0,12096000000.0,10130000000.0,0.0,134000000.0,134000000.0,0.0,24273000000.0,14537000000.0,9736000000.0,40967904749.0,3000000.0,-47000000.0,-1001000000.0,410000000.0,-389000000.0,-1176000000.0,-342000000.0,-43000000.0,1620000000.0,-99000000.0,1199000000.0,1199000000.0,1199000000.0,-68000000.0,41000000.0,0.111,9206000000.0,1617000000.0,1479000000.0,0.405,8.58,34.168,34.555,1599000000.0,0.0,170.7,3.785,3.82,3242000000.0,2555000000.0,10823000000.0,10823000000.0,0.0,0.044,0.27,0.162,0.151,350000000.0,6606000000.0,1.0,239999442.0,242200000,243700000.0,44.686,19839000000.0,588000000.0,158000000.0,205000000.0,81.912,1382000000.0
10,AON,MRT,2018-12-31,2018-12-31,2018-12-31,2021-08-02,-3909000000.0,26422000000.0,26772000000.0,14372000000.0,12050000000.0,0.402,16.929,-240000000.0,656000000.0,656000000.0,0.0,1174000000.0,1.081,5.349,6244000000.0,251000000.0,5993000000.0,6244000000.0,0.0,769000000.0,0.0,0.013,1.96,1558000000.0,2327000000.0,0.216,2327000000.0,1558000000.0,1280000000.0,4.62,4.59,4.62,4151000000.0,4564750000.0,4151000000.0,40931100411.0,26.0,17.59,1446000000.0,5.897,1.0,10770000000.0,1.0,9320000000.0,278000000.0,9394000000.0,9476000000.0,0.0,172000000.0,172000000.0,0.0,22203000000.0,13296000000.0,8907000000.0,35009100411.0,-100000000.0,-68000000.0,-1470000000.0,337000000.0,-382000000.0,-1699000000.0,31000000.0,339000000.0,1686000000.0,-118000000.0,1134000000.0,1134000000.0,1134000000.0,-74000000.0,40000000.0,0.105,9226000000.0,1544000000.0,1943000000.0,0.424,8.434,30.872,31.463,588000000.0,0.0,145.36,3.251,3.309,2760000000.0,2093000000.0,10770000000.0,10770000000.0,0.0,0.042,0.248,0.164,0.145,338000000.0,6103000000.0,1.0,240844114.0,245200000,247000000.0,43.923,17102000000.0,561000000.0,146000000.0,181000000.0,69.747,1076000000.0
11,AON,MRT,2018-09-30,2018-09-30,2018-09-30,2021-08-02,-3632000000.0,25602000000.0,26688500000.0,13348000000.0,12254000000.0,0.409,17.467,-237000000.0,484000000.0,484000000.0,0.0,809000000.0,1.056,4.992,6406000000.0,741000000.0,5665000000.0,6406000000.0,0.0,757000000.0,0.0,0.012,1.92,1447000000.0,2204000000.0,0.202,2204000000.0,1447000000.0,1168000000.0,3.16,3.12,3.16,4262000000.0,4672750000.0,4262000000.0,43286538647.0,30.0,19.64,1119000000.0,4.586,1.0,10909000000.0,1.0,9542000000.0,279000000.0,9339000000.0,9240500000.0,0.0,167000000.0,167000000.0,0.0,21274000000.0,12643000000.0,8631000000.0,37315538647.0,-265000000.0,-863000000.0,-1783000000.0,464000000.0,-375000000.0,-1872000000.0,349000000.0,1449000000.0,1356000000.0,-98000000.0,770000000.0,770000000.0,770000000.0,24000000.0,39000000.0,0.071,9263000000.0,1646000000.0,1600000000.0,0.608,8.755,48.462,48.665,594000000.0,0.0,153.78,3.421,3.44,2656000000.0,2042000000.0,10909000000.0,10909000000.0,0.0,0.029,0.165,0.157,0.133,319000000.0,6039000000.0,1.0,242655343.0,244000000,245600000.0,44.709,16060000000.0,476000000.0,398000000.0,273000000.0,65.82,705000000.0
12,AON,MRT,2018-06-30,2018-06-30,2018-06-30,2021-08-02,-3524000000.0,27217000000.0,26769000000.0,14860000000.0,12357000000.0,0.407,18.476,-212000000.0,487000000.0,487000000.0,0.0,848000000.0,1.073,4.972,6458000000.0,799000000.0,5659000000.0,6458000000.0,0.0,758000000.0,0.0,0.011,1.48,1451000000.0,2209000000.0,0.203,2209000000.0,1451000000.0,1171000000.0,3.28,3.24,3.28,4545000000.0,4901000000.0,4545000000.0,39042781957.0,27.0,17.674,435000000.0,1.768,1.0,10900000000.0,1.0,9654000000.0,280000000.0,9691000000.0,9265500000.0,0.0,173000000.0,173000000.0,0.0,22599000000.0,13843000000.0,8756000000.0,33539781957.0,-197000000.0,-876000000.0,-2270000000.0,519000000.0,-369000000.0,-2293000000.0,1477000000.0,2565000000.0,647000000.0,-28000000.0,808000000.0,808000000.0,808000000.0,26000000.0,40000000.0,0.074,9260000000.0,1640000000.0,1447000000.0,0.451,7.379,41.51,41.82,575000000.0,0.0,137.17,3.077,3.096,2992000000.0,2295000000.0,10900000000.0,10900000000.0,0.0,0.03,0.165,0.157,0.133,318000000.0,6392000000.0,1.0,244512517.0,246000000,247400000.0,44.309,17563000000.0,452000000.0,363000000.0,294000000.0,71.394,1017000000.0
13,AON,MRT,2018-03-31,2018-03-31,2018-03-31,2021-08-02,-3191000000.0,27847000000.0,26762000000.0,15115000000.0,12732000000.0,0.4,21.332,-194000000.0,597000000.0,597000000.0,0.0,1568000000.0,1.107,4.237,6100000000.0,403000000.0,5697000000.0,6100000000.0,0.0,943000000.0,0.0,0.01,1.44,2175000000.0,3118000000.0,0.291,3118000000.0,2175000000.0,1893000000.0,6.01,5.98,6.01,5301000000.0,5136500000.0,5301000000.0,39756510968.0,18.0,12.751,440000000.0,1.771,1.0,10707000000.0,1.0,10212000000.0,282000000.0,9480000000.0,9319250000.0,0.0,118000000.0,118000000.0,0.0,22462000000.0,13658000000.0,8804000000.0,34546510968.0,146000000.0,3235000000.0,-2842000000.0,-283000000.0,-366000000.0,-3670000000.0,3120000000.0,83000000.0,634000000.0,62000000.0,1529000000.0,1529000000.0,1529000000.0,-794000000.0,39000000.0,0.143,9178000000.0,1529000000.0,1545000000.0,0.24,6.517,22.594,23.349,578000000.0,0.0,140.33,3.227,3.257,3053000000.0,2747000000.0,10707000000.0,10707000000.0,0.0,0.057,0.298,0.233,0.203,318000000.0,6160000000.0,1.0,246180510.0,248500000,250200000.0,43.087,17635000000.0,296000000.0,364000000.0,243000000.0,70.966,1457000000.0
14,AON,MRT,2017-12-31,2017-12-31,2017-12-31,2021-08-02,-3496000000.0,26088000000.0,26545750000.0,13677000000.0,12411000000.0,0.377,17.729,-183000000.0,756000000.0,756000000.0,0.0,1263000000.0,1.072,4.678,5966000000.0,299000000.0,5667000000.0,5966000000.0,0.0,891000000.0,0.0,0.011,1.41,1758000000.0,2649000000.0,0.265,2649000000.0,1758000000.0,1476000000.0,4.74,4.7,4.74,4583000000.0,5249750000.0,4583000000.0,38704293408.0,22.0,14.611,551000000.0,2.132,1.0,9998000000.0,1.0,10091000000.0,282000000.0,8452000000.0,9555750000.0,0.0,529000000.0,529000000.0,0.0,21440000000.0,12755000000.0,8685000000.0,33486293408.0,325000000.0,3217000000.0,-2399000000.0,-345000000.0,-364000000.0,-3265000000.0,2787000000.0,-228000000.0,734000000.0,69000000.0,1226000000.0,1226000000.0,1226000000.0,-828000000.0,37000000.0,0.123,8933000000.0,1065000000.0,1961000000.0,0.297,7.307,27.313,28.27,564000000.0,0.0,134.0,3.349,3.465,2478000000.0,2302000000.0,9998000000.0,9998000000.0,0.0,0.046,0.234,0.184,0.176,319000000.0,6003000000.0,1.0,249897712.0,258500000,260700000.0,38.677,15997000000.0,389000000.0,250000000.0,127000000.0,61.884,922000000.0
15,AON,MRT,2017-09-30,2017-09-30,2017-09-30,2021-08-02,-3412000000.0,25924000000.0,26677500000.0,14267000000.0,11657000000.0,0.365,20.246,-174000000.0,749000000.0,749000000.0,0.0,1734000000.0,1.144,3.996,5967000000.0,305000000.0,5662000000.0,5967000000.0,0.0,836000000.0,0.0,0.009,1.38,1860000000.0,2696000000.0,0.277,2696000000.0,1860000000.0,1579000000.0,6.45,6.42,6.45,5175000000.0,5472750000.0,5175000000.0,42397682306.0,23.0,15.726,1030000000.0,4.03,1.0,9739000000.0,1.0,9229000000.0,281000000.0,9439000000.0,10092500000.0,0.0,1640000000.0,1640000000.0,0.0,20677000000.0,12474000000.0,8203000000.0,37158682306.0,266000000.0,3344000000.0,-2108000000.0,-246000000.0,-361000000.0,-2919000000.0,1939000000.0,-1192000000.0,1204000000.0,42000000.0,1697000000.0,1697000000.0,1697000000.0,-932000000.0,37000000.0,0.174,8639000000.0,1100000000.0,1588000000.0,0.214,7.18,21.897,22.651,545000000.0,0.0,146.1,3.815,3.834,2068000000.0,2914000000.0,9739000000.0,9739000000.0,0.0,0.064,0.31,0.184,0.191,310000000.0,7058000000.0,1.0,254337319.0,255600000,257300000.0,38.103,16695000000.0,565000000.0,-118000000.0,83000000.0,65.317,1793000000.0
16,AON,MRT,2017-06-30,2017-06-30,2017-06-30,2021-08-02,-3677000000.0,27189000000.0,26509500000.0,15602000000.0,11587000000.0,0.362,20.911,-170000000.0,684000000.0,684000000.0,0.0,1868000000.0,1.167,3.943,5923000000.0,292000000.0,5631000000.0,5923000000.0,0.0,776000000.0,0.0,0.01,1.35,2015000000.0,2791000000.0,0.291,2791000000.0,2015000000.0,1734000000.0,6.92,6.88,6.92,5487000000.0,5537500000.0,5487000000.0,40686208494.0,20.0,14.578,1892000000.0,7.21,1.0,9600000000.0,1.0,9147000000.0,281000000.0,9906000000.0,10001000000.0,0.0,2746000000.0,2746000000.0,0.0,21636000000.0,13375000000.0,8261000000.0,34842208494.0,246000000.0,3352000000.0,-1607000000.0,-241000000.0,-358000000.0,-2412000000.0,619000000.0,-2514000000.0,2062000000.0,-23000000.0,1831000000.0,1831000000.0,1831000000.0,-978000000.0,37000000.0,0.191,8388000000.0,1212000000.0,1423000000.0,0.195,6.35,19.029,19.212,556000000.0,0.0,132.95,3.629,3.634,2191000000.0,3574000000.0,9600000000.0,9600000000.0,0.0,0.069,0.331,0.201,0.21,310000000.0,6880000000.0,1.0,262070015.0,262400000,262400000.0,36.585,18042000000.0,575000000.0,-97000000.0,84000000.0,68.758,2227000000.0
17,AON,MRT,2017-03-31,2017-03-31,2017-03-31,2021-08-02,-3750000000.0,26982000000.0,26385500000.0,15393000000.0,11589000000.0,0.361,21.73,-153000000.0,433000000.0,433000000.0,0.0,1398000000.0,1.187,3.677,6277000000.0,667000000.0,5610000000.0,6277000000.0,0.0,341000000.0,0.0,0.011,1.32,1734000000.0,2075000000.0,0.218,2075000000.0,1734000000.0,1451000000.0,5.11,5.06,5.11,5754000000.0,5540500000.0,5754000000.0,36942084442.0,21.0,17.803,2140000000.0,8.082,1.0,9514000000.0,1.0,9430000000.0,283000000.0,10426000000.0,9808500000.0,0.0,200000000.0,200000000.0,0.0,21156000000.0,12970000000.0,8186000000.0,31168084442.0,-14000000.0,-901000000.0,-698000000.0,-306000000.0,-350000000.0,-1540000000.0,-742000000.0,378000000.0,2293000000.0,-25000000.0,1362000000.0,1362000000.0,1362000000.0,-192000000.0,36000000.0,0.143,7788000000.0,1726000000.0,1332000000.0,0.258,5.417,22.884,23.227,536000000.0,0.0,118.69,3.276,3.303,2103000000.0,3934000000.0,9514000000.0,9514000000.0,0.0,0.052,0.246,0.177,0.182,305000000.0,6711000000.0,1.0,262600762.0,264800000,267000000.0,35.929,17552000000.0,351000000.0,89000000.0,112000000.0,66.284,2423000000.0
18,AON,MRT,2016-12-31,2016-12-31,2016-12-31,2021-08-02,-3912000000.0,26615000000.0,26343250000.0,13146000000.0,13469000000.0,0.357,20.421,-156000000.0,426000000.0,426000000.0,0.0,1430000000.0,1.052,3.851,6205000000.0,336000000.0,5869000000.0,6205000000.0,0.0,319000000.0,0.0,0.012,1.29,1826000000.0,2145000000.0,0.228,2145000000.0,1826000000.0,1544000000.0,5.21,5.16,5.21,5475000000.0,5422250000.0,5475000000.0,35019878950.0,19.0,16.326,2170000000.0,8.094,1.0,9409000000.0,1.0,9300000000.0,282000000.0,10599000000.0,9610250000.0,0.0,290000000.0,290000000.0,0.0,21083000000.0,12495000000.0,8588000000.0,29342878950.0,47000000.0,-772000000.0,-1257000000.0,522000000.0,-345000000.0,-1286000000.0,-954000000.0,40000000.0,2326000000.0,-39000000.0,1396000000.0,1396000000.0,1396000000.0,-177000000.0,34000000.0,0.148,7598000000.0,1811000000.0,1604000000.0,0.248,5.359,21.019,21.407,550000000.0,0.0,111.53,3.119,3.178,2106000000.0,3807000000.0,9409000000.0,9409000000.0,0.0,0.053,0.257,0.19,0.194,306000000.0,6550000000.0,1.0,263094046.0,268100000,270300000.0,35.095,17315000000.0,325000000.0,148000000.0,101000000.0,64.584,651000000.0
19,AON,MRT,2016-09-30,2016-09-30,2016-09-30,2021-08-02,-3793000000.0,25252000000.0,26410250000.0,12471000000.0,12781000000.0,0.297,20.314,-82000000.0,483000000.0,483000000.0,0.0,1561000000.0,1.097,3.636,6160000000.0,250000000.0,5910000000.0,6160000000.0,0.0,167000000.0,0.0,0.011,1.26,1955000000.0,2122000000.0,0.27,2122000000.0,1955000000.0,1675000000.0,5.61,5.56,5.61,5434000000.0,5554000000.0,5434000000.0,35597344000.0,18.0,16.775,2107000000.0,7.877,1.0,7845000000.0,1.0,10490000000.0,280000000.0,9073000000.0,9082000000.0,0.0,463000000.0,463000000.0,0.0,19758000000.0,11366000000.0,8392000000.0,29877344000.0,85000000.0,67000000.0,-1437000000.0,40000000.0,-341000000.0,-1774000000.0,-323000000.0,-172000000.0,2189000000.0,-7000000.0,1528000000.0,1528000000.0,1528000000.0,-271000000.0,33000000.0,0.195,6214000000.0,1631000000.0,1477000000.0,0.225,5.498,19.553,20.052,738000000.0,0.0,112.49,3.808,3.836,2391000000.0,3702000000.0,7845000000.0,7845000000.0,0.0,0.058,0.275,0.215,0.249,291000000.0,4353000000.0,1.0,265600000.0,267500000,269600000.0,29.327,14762000000.0,278000000.0,147000000.0,36000000.0,55.185,1105000000.0
20,AON,MRT,2016-06-30,2016-06-30,2016-06-30,2021-08-02,-3722000000.0,26693000000.0,26898750000.0,13801000000.0,12892000000.0,0.312,20.519,-126000000.0,438000000.0,438000000.0,0.0,1538000000.0,1.087,3.843,6158000000.0,251000000.0,5907000000.0,6158000000.0,0.0,220000000.0,0.0,0.011,1.23,1957000000.0,2177000000.0,0.26,2177000000.0,1957000000.0,1675000000.0,5.47,5.42,5.47,5499000000.0,5666250000.0,5499000000.0,34968720000.0,18.0,16.063,2069000000.0,7.72,1.0,8386000000.0,1.0,10580000000.0,282000000.0,9136000000.0,8955000000.0,0.0,251000000.0,251000000.0,0.0,21132000000.0,12697000000.0,8435000000.0,28836720000.0,71000000.0,80000000.0,-1750000000.0,128000000.0,-336000000.0,-1992000000.0,-21000000.0,151000000.0,2195000000.0,-111000000.0,1504000000.0,1504000000.0,1504000000.0,-229000000.0,34000000.0,0.179,6710000000.0,1676000000.0,1373000000.0,0.225,5.244,19.173,19.969,751000000.0,0.0,109.23,3.439,3.491,2516000000.0,3784000000.0,8386000000.0,8386000000.0,0.0,0.056,0.265,0.219,0.233,300000000.0,5115000000.0,1.0,264000000.0,268000000,269800000.0,31.291,16113000000.0,265000000.0,171000000.0,39000000.0,60.123,1104000000.0
21,AON,MRT,2016-03-31,2016-03-31,2016-03-31,2021-08-02,-3710000000.0,26813000000.0,27526250000.0,14041000000.0,12772000000.0,0.324,19.437,-175000000.0,465000000.0,465000000.0,0.0,1418000000.0,1.098,4.065,6597000000.0,695000000.0,5902000000.0,6597000000.0,0.0,277000000.0,0.0,0.011,1.2,1813000000.0,2090000000.0,0.235,2090000000.0,1813000000.0,1536000000.0,4.98,4.93,4.98,5281000000.0,5891000000.0,5281000000.0,33563033669.0,19.0,16.059,1809000000.0,6.658,1.0,8909000000.0,1.0,10519000000.0,277000000.0,9633000000.0,8932750000.0,0.0,587000000.0,587000000.0,0.0,21466000000.0,12793000000.0,8673000000.0,28210033669.0,87000000.0,250000000.0,-1985000000.0,939000000.0,-334000000.0,-1436000000.0,-339000000.0,-309000000.0,1984000000.0,-122000000.0,1382000000.0,1382000000.0,1382000000.0,-194000000.0,36000000.0,0.155,7343000000.0,1566000000.0,1420000000.0,0.241,5.342,20.412,20.974,766000000.0,0.0,104.45,3.166,3.185,2591000000.0,3600000000.0,8909000000.0,8909000000.0,0.0,0.05,0.235,0.203,0.204,309000000.0,6015000000.0,1.0,270081701.0,271700000,273700000.0,32.79,16294000000.0,171000000.0,154000000.0,177000000.0,59.971,1248000000.0
22,AON,MRT,2015-12-31,2015-12-31,2015-12-31,2021-08-02,-3423000000.0,26883000000.0,27920250000.0,13565000000.0,13318000000.0,0.34,21.375,-200000000.0,384000000.0,384000000.0,0.0,1422000000.0,1.037,3.47,5700000000.0,562000000.0,5138000000.0,5700000000.0,0.0,338000000.0,0.0,0.012,1.15,1833000000.0,2171000000.0,0.229,2171000000.0,1833000000.0,1560000000.0,4.93,4.88,4.93,6002000000.0,6162000000.0,6002000000.0,30901330000.0,17.0,14.234,1809000000.0,6.442,1.0,9480000000.0,1.0,10628000000.0,273000000.0,8486000000.0,8677750000.0,0.0,356000000.0,356000000.0,0.0,20824000000.0,13085000000.0,7739000000.0,25173330000.0,10000000.0,189000000.0,-1550000000.0,253000000.0,-323000000.0,-1689000000.0,-138000000.0,-37000000.0,2009000000.0,-172000000.0,1385000000.0,1385000000.0,1385000000.0,-169000000.0,37000000.0,0.146,7893000000.0,1587000000.0,1772000000.0,0.233,4.194,18.176,18.704,765000000.0,0.0,92.21,2.655,2.731,2564000000.0,4013000000.0,9480000000.0,9480000000.0,0.0,0.05,0.225,0.211,0.193,320000000.0,6805000000.0,1.0,273000000.0,280800000,283800000.0,33.761,16255000000.0,300000000.0,175000000.0,37000000.0,57.888,480000000.0
23,AON,MRT,2015-09-30,2015-09-30,2015-09-30,2021-08-02,-3453000000.0,27206000000.0,28642500000.0,13920000000.0,13286000000.0,0.408,20.943,-302000000.0,398000000.0,398000000.0,0.0,1299000000.0,1.028,3.614,6126000000.0,1327000000.0,4799000000.0,6126000000.0,0.0,554000000.0,0.0,0.012,1.1,1801000000.0,2355000000.0,0.201,2355000000.0,1801000000.0,1529000000.0,4.41,4.35,4.41,5883000000.0,6304250000.0,5883000000.0,30508603761.0,17.0,12.955,1922000000.0,6.842,1.0,11693000000.0,1.0,10828000000.0,272000000.0,8565000000.0,8702750000.0,0.0,385000000.0,385000000.0,0.0,21264000000.0,13541000000.0,7723000000.0,24814603761.0,16000000.0,13000000.0,-1650000000.0,748000000.0,-312000000.0,-1530000000.0,-469000000.0,-180000000.0,2224000000.0,-209000000.0,1260000000.0,1260000000.0,1260000000.0,0.0,39000000.0,0.108,9927000000.0,1766000000.0,1447000000.0,0.249,4.218,19.694,20.093,785000000.0,0.0,88.61,2.122,2.129,2453000000.0,4015000000.0,11693000000.0,11693000000.0,0.0,0.044,0.2,0.207,0.154,320000000.0,9927000000.0,1.0,280042927.0,280900000,283800000.0,41.627,16378000000.0,0.0,269000000.0,0.0,58.305,379000000.0
24,AON,MRT,2015-06-30,2015-06-30,2015-06-30,2021-08-02,-3236000000.0,29203000000.0,29047750000.0,15655000000.0,13548000000.0,0.407,22.489,-283000000.0,367000000.0,367000000.0,0.0,1311000000.0,1.055,3.555,6061000000.0,1237000000.0,4824000000.0,6061000000.0,0.0,571000000.0,0.0,0.011,1.05,1834000000.0,2405000000.0,0.203,2405000000.0,1834000000.0,1569000000.0,4.42,4.35,4.42,6398000000.0,6637250000.0,6398000000.0,33381195679.0,18.0,13.88,1774000000.0,6.236,1.0,11831000000.0,1.0,11011000000.0,265000000.0,9047000000.0,8674250000.0,0.0,484000000.0,484000000.0,0.0,22747000000.0,14839000000.0,7908000000.0,28083195679.0,-51000000.0,-320000000.0,-1550000000.0,291000000.0,-301000000.0,-1195000000.0,-800000000.0,-197000000.0,2057000000.0,-113000000.0,1274000000.0,1274000000.0,1274000000.0,0.0,37000000.0,0.108,10061000000.0,1770000000.0,1368000000.0,0.238,4.389,22.043,22.552,782000000.0,0.0,99.68,2.374,2.397,2684000000.0,4405000000.0,11831000000.0,11831000000.0,0.0,0.044,0.192,0.211,0.155,317000000.0,10061000000.0,1.0,281733504.0,284500000,286700000.0,41.585,18192000000.0,0.0,295000000.0,0.0,63.944,816000000.0
25,AON,MRT,2015-03-31,2015-03-31,2015-03-31,2021-08-02,-3427000000.0,28389000000.0,29691000000.0,14999000000.0,13390000000.0,0.402,22.396,-263000000.0,378000000.0,378000000.0,0.0,1436000000.0,1.063,3.45,5676000000.0,966000000.0,4710000000.0,5676000000.0,0.0,584000000.0,0.0,0.01,1.0,1998000000.0,2582000000.0,0.216,2582000000.0,1998000000.0,1736000000.0,4.81,4.74,4.81,6365000000.0,6962750000.0,6365000000.0,32145680175.0,16.0,12.45,1858000000.0,6.538,1.0,11945000000.0,1.0,10958000000.0,262000000.0,8613000000.0,8838750000.0,0.0,343000000.0,343000000.0,0.0,21958000000.0,14116000000.0,7842000000.0,26937680175.0,40000000.0,-407000000.0,-1900000000.0,1139000000.0,-291000000.0,-1300000000.0,-699000000.0,-29000000.0,2121000000.0,-82000000.0,1400000000.0,1400000000.0,1400000000.0,0.0,36000000.0,0.117,10007000000.0,1938000000.0,1391000000.0,0.208,4.232,19.241,19.983,754000000.0,0.0,96.12,2.255,2.287,2672000000.0,4612000000.0,11945000000.0,11945000000.0,0.0,0.047,0.201,0.226,0.167,316000000.0,10007000000.0,1.0,280250522.0,284200000,287100000.0,42.03,17431000000.0,0.0,336000000.0,0.0,61.334,883000000.0
26,AON,MRT,2014-12-31,2014-12-31,2014-12-31,2021-08-02,-3134000000.0,29772000000.0,30113000000.0,15823000000.0,13949000000.0,0.4,22.237,-256000000.0,374000000.0,374000000.0,0.0,1431000000.0,1.054,3.522,5582000000.0,783000000.0,4799000000.0,5582000000.0,0.0,594000000.0,0.0,0.01,0.925,1986000000.0,2580000000.0,0.214,2580000000.0,1986000000.0,1731000000.0,4.73,4.66,4.73,6571000000.0,7358000000.0,6571000000.0,32157512313.0,16.0,12.464,1556000000.0,5.266,1.0,12045000000.0,1.0,11380000000.0,255000000.0,8586000000.0,8529000000.0,0.0,394000000.0,394000000.0,0.0,23141000000.0,15014000000.0,8127000000.0,27039512313.0,-103000000.0,-431000000.0,-2250000000.0,1321000000.0,-273000000.0,-1303000000.0,-545000000.0,142000000.0,1812000000.0,-67000000.0,1397000000.0,1397000000.0,1397000000.0,0.0,34000000.0,0.116,10079000000.0,1966000000.0,1805000000.0,0.196,4.115,19.355,20.049,765000000.0,0.0,94.83,2.245,2.326,2815000000.0,4605000000.0,12045000000.0,12045000000.0,0.0,0.046,0.19,0.233,0.165,328000000.0,10079000000.0,1.0,285136690.0,295500000,299600000.0,40.761,18392000000.0,144000000.0,334000000.0,313000000.0,62.24,809000000.0
27,AON,MRT,2014-09-30,2014-09-30,2014-09-30,2021-08-02,-2518000000.0,28827000000.0,30232750000.0,14755000000.0,14072000000.0,0.395,24.684,-234000000.0,382000000.0,382000000.0,0.0,1324000000.0,1.065,2.988,5500000000.0,660000000.0,4840000000.0,5500000000.0,0.0,608000000.0,0.0,0.01,0.85,1873000000.0,2481000000.0,0.208,2481000000.0,1873000000.0,1628000000.0,4.3,4.25,4.3,7215000000.0,7751500000.0,7215000000.0,30999984615.0,17.0,12.495,1418000000.0,4.851,1.0,11955000000.0,1.0,11638000000.0,245000000.0,8451000000.0,8176750000.0,0.0,360000000.0,217000000.0,143000000.0,21555000000.0,13856000000.0,7699000000.0,25463984615.0,13000000.0,-410000000.0,-1827000000.0,1034000000.0,-254000000.0,-1120000000.0,-462000000.0,182000000.0,1652000000.0,-57000000.0,1293000000.0,1293000000.0,1293000000.0,0.0,31000000.0,0.108,10109000000.0,1846000000.0,1528000000.0,0.198,3.529,19.694,20.388,760000000.0,0.0,87.67,2.13,2.144,2630000000.0,4718000000.0,11955000000.0,11955000000.0,0.0,0.043,0.167,0.229,0.157,340000000.0,10109000000.0,1.0,290452659.0,292300000,296100000.0,40.9,17189000000.0,0.0,335000000.0,0.0,58.806,899000000.0
28,AON,MRT,2014-06-30,2014-06-30,2014-06-30,2021-08-02,-2218000000.0,31776000000.0,30352250000.0,17711000000.0,14065000000.0,0.391,25.796,-222000000.0,418000000.0,418000000.0,0.0,1273000000.0,1.104,3.119,5954000000.0,799000000.0,5155000000.0,5954000000.0,0.0,614000000.0,0.0,0.009,0.775,1822000000.0,2436000000.0,0.205,2436000000.0,1822000000.0,1589000000.0,4.07,4.03,4.07,7700000000.0,7831250000.0,7700000000.0,31118185002.0,17.0,12.774,1477000000.0,4.948,1.0,11869000000.0,1.0,11567000000.0,233000000.0,9705000000.0,7736000000.0,0.0,446000000.0,308000000.0,138000000.0,24017000000.0,16040000000.0,7977000000.0,26710185002.0,152000000.0,-74000000.0,-1827000000.0,1499000000.0,-235000000.0,-1313000000.0,-187000000.0,109000000.0,1699000000.0,-47000000.0,1240000000.0,1240000000.0,1240000000.0,0.0,33000000.0,0.104,10076000000.0,1793000000.0,1498000000.0,0.19,3.469,21.54,22.135,787000000.0,0.0,90.09,2.25,2.266,2803000000.0,4982000000.0,11869000000.0,11869000000.0,0.0,0.041,0.158,0.236,0.154,338000000.0,10076000000.0,1.0,296483350.0,298500000,301600000.0,39.762,20209000000.0,0.0,349000000.0,0.0,67.702,1671000000.0
29,AON,MRT,2014-03-31,2014-03-31,2014-03-31,2021-08-02,-2320000000.0,30077000000.0,29923750000.0,16173000000.0,13904000000.0,0.396,26.181,-224000000.0,338000000.0,338000000.0,0.0,1212000000.0,1.038,2.778,4746000000.0,1077000000.0,3669000000.0,4746000000.0,0.0,623000000.0,0.0,0.008,0.7,1765000000.0,2388000000.0,0.202,2388000000.0,1765000000.0,1549000000.0,3.82,3.78,3.82,7946000000.0,7796000000.0,7946000000.0,29288743060.0,17.0,12.265,1464000000.0,4.824,1.0,11847000000.0,1.0,11530000000.0,216000000.0,7374000000.0,7187000000.0,0.0,483000000.0,340000000.0,143000000.0,22071000000.0,15581000000.0,6490000000.0,25376743060.0,-70000000.0,-17000000.0,-1402000000.0,158000000.0,-215000000.0,-1516000000.0,-121000000.0,120000000.0,1688000000.0,-121000000.0,1177000000.0,1177000000.0,1177000000.0,0.0,35000000.0,0.099,10117000000.0,1730000000.0,1499000000.0,0.183,3.194,21.561,22.063,785000000.0,0.0,84.28,2.142,2.159,2880000000.0,5403000000.0,11847000000.0,11847000000.0,0.0,0.039,0.151,0.246,0.149,333000000.0,10117000000.0,1.0,301100416.0,303500000,307200000.0,39.035,18547000000.0,0.0,372000000.0,0.0,61.11,592000000.0
30,AON,MRT,2013-12-31,2013-12-31,2013-12-31,2021-08-02,-2374000000.0,30251000000.0,29911750000.0,16330000000.0,13921000000.0,0.395,26.156,-229000000.0,477000000.0,477000000.0,0.0,1148000000.0,1.06,2.708,4389000000.0,703000000.0,3686000000.0,4389000000.0,0.0,635000000.0,0.0,0.008,0.682,1713000000.0,2348000000.0,0.199,2348000000.0,1713000000.0,1503000000.0,3.57,3.53,3.57,8145000000.0,7704250000.0,8145000000.0,29443919572.0,17.0,12.54,1524000000.0,4.894,1.0,11815000000.0,1.0,11575000000.0,210000000.0,7177000000.0,7169000000.0,0.0,655000000.0,523000000.0,132000000.0,22056000000.0,15411000000.0,6645000000.0,25254919572.0,186000000.0,-14000000.0,-1102000000.0,227000000.0,-212000000.0,-1136000000.0,-339000000.0,-96000000.0,1753000000.0,-92000000.0,1113000000.0,1113000000.0,1113000000.0,0.0,35000000.0,0.094,10144000000.0,1671000000.0,1931000000.0,0.191,3.101,22.691,23.499,791000000.0,0.0,83.89,2.138,2.211,2896000000.0,5731000000.0,11815000000.0,11815000000.0,0.0,0.037,0.144,0.239,0.145,300000000.0,10144000000.0,1.0,301048034.0,311400000,315400000.0,37.942,18676000000.0,193000000.0,390000000.0,420000000.0,59.974,919000000.0
31,AON,MRT,2013-09-30,2013-09-30,2013-09-30,2021-08-02,-2636000000.0,29305000000.0,29970500000.0,15574000000.0,13731000000.0,0.391,24.342,-242000000.0,369000000.0,369000000.0,0.0,1095000000.0,1.025,2.882,4558000000.0,1206000000.0,3352000000.0,4558000000.0,0.0,647000000.0,0.0,0.009,0.665,1649000000.0,2296000000.0,0.196,2296000000.0,1649000000.0,1441000000.0,3.36,3.33,3.36,7534000000.0,7608500000.0,7534000000.0,27060415524.0,16.0,11.786,1294000000.0,4.181,1.0,11721000000.0,1.0,11615000000.0,208000000.0,6688000000.0,7147750000.0,0.0,496000000.0,357000000.0,139000000.0,21715000000.0,15191000000.0,6524000000.0,22887415524.0,79000000.0,-85000000.0,-1525000000.0,150000000.0,-210000000.0,-1509000000.0,106000000.0,433000000.0,1536000000.0,-54000000.0,1063000000.0,1063000000.0,1063000000.0,-2000000.0,32000000.0,0.091,10104000000.0,1617000000.0,1523000000.0,0.198,3.038,21.531,22.155,803000000.0,0.0,74.44,1.953,1.966,2666000000.0,5507000000.0,11721000000.0,11721000000.0,0.0,0.035,0.14,0.231,0.141,259000000.0,10104000000.0,1.0,307461251.0,309500000,312900000.0,37.871,17690000000.0,0.0,378000000.0,0.0,57.157,383000000.0
32,AON,MRT,2013-06-30,2013-06-30,2013-06-30,2021-08-02,-2809000000.0,30062000000.0,30021500000.0,16393000000.0,13669000000.0,0.389,24.096,-262000000.0,266000000.0,266000000.0,0.0,1041000000.0,1.079,2.969,4439000000.0,427000000.0,4012000000.0,4439000000.0,0.0,651000000.0,0.0,0.01,0.647,1576000000.0,2227000000.0,0.191,2227000000.0,1576000000.0,1364000000.0,3.15,3.13,3.15,7559000000.0,7801250000.0,7559000000.0,24056280301.0,15.0,10.802,1275000000.0,4.064,1.0,11664000000.0,1.0,11531000000.0,212000000.0,7509000000.0,7418500000.0,0.0,479000000.0,307000000.0,172000000.0,22444000000.0,15195000000.0,7249000000.0,19892280301.0,-20000000.0,-101000000.0,-1300000000.0,-64000000.0,-207000000.0,-1492000000.0,-14000000.0,349000000.0,1537000000.0,-51000000.0,1011000000.0,1011000000.0,1011000000.0,-2000000.0,30000000.0,0.087,10072000000.0,1592000000.0,1423000000.0,0.205,2.632,19.676,20.429,808000000.0,0.0,64.35,1.705,1.731,2838000000.0,5805000000.0,11664000000.0,11664000000.0,0.0,0.034,0.13,0.212,0.135,244000000.0,10072000000.0,1.0,309126345.0,313700000,317100000.0,37.182,18531000000.0,0.0,353000000.0,0.0,59.072,1198000000.0
33,AON,MRT,2013-03-31,2013-03-31,2013-03-31,2021-08-02,-2775000000.0,30029000000.0,30207750000.0,16257000000.0,13772000000.0,0.384,23.954,-258000000.0,408000000.0,408000000.0,0.0,1043000000.0,1.065,2.955,4572000000.0,802000000.0,3770000000.0,4572000000.0,0.0,654000000.0,0.0,0.01,0.63,1596000000.0,2250000000.0,0.194,2250000000.0,1596000000.0,1375000000.0,3.12,3.1,3.12,7579000000.0,7949500000.0,7579000000.0,23035779106.0,14.0,10.238,1230000000.0,3.887,1.0,11588000000.0,1.0,11630000000.0,221000000.0,7302000000.0,7539250000.0,0.0,504000000.0,352000000.0,152000000.0,22396000000.0,15261000000.0,7135000000.0,19161779106.0,85000000.0,-138000000.0,-1325000000.0,156000000.0,-205000000.0,-1300000000.0,-107000000.0,289000000.0,1488000000.0,4000000.0,1016000000.0,1016000000.0,1016000000.0,-1000000.0,27000000.0,0.088,9984000000.0,1604000000.0,1440000000.0,0.202,2.528,18.86,19.712,816000000.0,0.0,61.5,1.654,1.679,2884000000.0,5844000000.0,11588000000.0,11588000000.0,0.0,0.034,0.128,0.212,0.138,226000000.0,9984000000.0,1.0,311573644.0,316400000,320000000.0,36.625,18399000000.0,0.0,359000000.0,0.0,58.151,996000000.0
34,AON,MRT,2012-12-31,2012-12-31,2012-12-31,2021-08-02,-2610000000.0,30486000000.0,30268250000.0,16382000000.0,14104000000.0,0.38,23.629,-269000000.0,291000000.0,291000000.0,0.0,1020000000.0,1.067,2.922,4165000000.0,452000000.0,3713000000.0,4165000000.0,0.0,655000000.0,0.0,0.011,0.623,1581000000.0,2236000000.0,0.194,2236000000.0,1581000000.0,1353000000.0,3.02,2.99,3.02,7762000000.0,8144250000.0,7762000000.0,21833093280.0,14.0,9.764,1150000000.0,3.501,1.0,11514000000.0,1.0,11918000000.0,228000000.0,7092000000.0,7726500000.0,0.0,511000000.0,346000000.0,165000000.0,22681000000.0,15350000000.0,7331000000.0,17721093280.0,19000000.0,-160000000.0,-1125000000.0,-344000000.0,-204000000.0,-1586000000.0,177000000.0,606000000.0,1419000000.0,9000000.0,993000000.0,993000000.0,993000000.0,0.0,27000000.0,0.086,9918000000.0,1596000000.0,1853000000.0,0.206,2.283,17.846,18.414,820000000.0,0.0,55.61,1.539,1.587,3101000000.0,5933000000.0,11514000000.0,11514000000.0,0.0,0.033,0.122,0.205,0.137,212000000.0,9918000000.0,1.0,318667385.0,328500000,332600000.0,35.05,18568000000.0,285000000.0,360000000.0,306000000.0,56.524,1032000000.0
35,AON,MRT,2012-09-30,2012-09-30,2012-09-30,2021-08-02,-2250000000.0,29509000000.0,30034750000.0,15702000000.0,13807000000.0,0.379,25.374,-291000000.0,290000000.0,290000000.0,0.0,993000000.0,1.125,2.546,4402000000.0,291000000.0,4111000000.0,4402000000.0,0.0,626000000.0,0.0,0.012,0.615,1557000000.0,2183000000.0,0.192,2183000000.0,1557000000.0,1325000000.0,2.92,2.88,2.92,8305000000.0,8223250000.0,8305000000.0,21062638081.0,14.0,9.648,807000000.0,2.466,1.0,11393000000.0,1.0,11896000000.0,232000000.0,7771000000.0,7945000000.0,0.0,878000000.0,718000000.0,160000000.0,21148000000.0,13954000000.0,7194000000.0,16858638081.0,-5000000.0,-99000000.0,-625000000.0,-158000000.0,-203000000.0,-883000000.0,-261000000.0,129000000.0,1098000000.0,41000000.0,965000000.0,965000000.0,965000000.0,5000000.0,28000000.0,0.085,9828000000.0,1565000000.0,1519000000.0,0.211,2.03,17.47,17.908,814000000.0,0.0,52.29,1.48,1.502,2959000000.0,6179000000.0,11393000000.0,11393000000.0,0.0,0.032,0.117,0.196,0.137,216000000.0,9828000000.0,1.0,322406542.0,327300000,331000000.0,34.809,17613000000.0,0.0,360000000.0,0.0,53.813,1748000000.0
36,AON,MRT,2012-06-30,2012-06-30,2012-06-30,2021-08-02,-2432000000.0,30807000000.0,29843750000.0,17056000000.0,13751000000.0,0.381,24.554,-271000000.0,286000000.0,286000000.0,0.0,991000000.0,1.122,2.772,4490000000.0,392000000.0,4098000000.0,4490000000.0,0.0,609000000.0,0.0,0.013,0.608,1574000000.0,2183000000.0,0.192,2183000000.0,1574000000.0,1339000000.0,2.89,2.85,2.89,8152000000.0,8205250000.0,8152000000.0,19400694636.0,12.0,8.887,597000000.0,1.798,1.0,11379000000.0,1.0,11819000000.0,235000000.0,7992000000.0,8019000000.0,0.0,716000000.0,516000000.0,200000000.0,22597000000.0,15200000000.0,7397000000.0,15269694636.0,-14000000.0,-91000000.0,-525000000.0,47000000.0,-202000000.0,-630000000.0,-273000000.0,89000000.0,868000000.0,21000000.0,959000000.0,959000000.0,959000000.0,5000000.0,32000000.0,0.084,9825000000.0,1554000000.0,1339000000.0,0.21,1.873,15.923,16.187,797000000.0,0.0,46.78,1.342,1.365,3075000000.0,6302000000.0,11379000000.0,11379000000.0,0.0,0.032,0.117,0.196,0.138,219000000.0,9825000000.0,1.0,326415020.0,332000000,335600000.0,34.274,18988000000.0,0.0,380000000.0,0.0,57.193,1856000000.0
37,AON,MRT,2012-03-31,2012-03-31,2012-03-31,2021-08-02,-2239000000.0,30271000000.0,29766000000.0,16207000000.0,14064000000.0,0.382,25.144,-256000000.0,323000000.0,323000000.0,0.0,1004000000.0,1.137,2.615,4454000000.0,286000000.0,4168000000.0,4454000000.0,0.0,597000000.0,0.0,0.012,0.6,1582000000.0,2179000000.0,0.192,2179000000.0,1582000000.0,1341000000.0,2.91,2.87,2.91,8358000000.0,8266750000.0,8358000000.0,20173289737.0,13.0,9.258,592000000.0,1.781,1.0,11369000000.0,1.0,12099000000.0,241000000.0,8051000000.0,8091250000.0,0.0,721000000.0,510000000.0,211000000.0,21855000000.0,14252000000.0,7603000000.0,15953289737.0,-359000000.0,-117000000.0,-578000000.0,-430000000.0,-198000000.0,-1096000000.0,-134000000.0,239000000.0,848000000.0,23000000.0,971000000.0,971000000.0,971000000.0,2000000.0,33000000.0,0.085,9769000000.0,1600000000.0,1432000000.0,0.206,1.909,16.43,16.859,808000000.0,0.0,49.06,1.403,1.434,3164000000.0,8770000000.0,11369000000.0,11369000000.0,0.0,0.033,0.117,0.196,0.139,216000000.0,9769000000.0,1.0,325179163.0,332400000,336600000.0,34.203,18172000000.0,0.0,370000000.0,0.0,54.669,1955000000.0
38,AON,MRT,2011-12-31,2011-12-31,2011-12-31,2021-08-02,-2370000000.0,29552000000.0,29648750000.0,15505000000.0,14047000000.0,0.381,24.077,-241000000.0,272000000.0,272000000.0,0.0,1010000000.0,1.127,2.653,4492000000.0,337000000.0,4155000000.0,4492000000.0,0.0,582000000.0,0.0,0.013,0.6,1602000000.0,2184000000.0,0.193,2184000000.0,1602000000.0,1357000000.0,2.92,2.87,2.92,8078000000.0,8283000000.0,8078000000.0,19412943405.0,12.0,8.889,777000000.0,2.316,1.0,11287000000.0,1.0,12046000000.0,245000000.0,7966000000.0,8161000000.0,0.0,1024000000.0,785000000.0,239000000.0,21432000000.0,13760000000.0,7672000000.0,15129943405.0,-74000000.0,-97000000.0,-828000000.0,-15000000.0,-200000000.0,-896000000.0,-186000000.0,152000000.0,1018000000.0,-10000000.0,979000000.0,979000000.0,979000000.0,0.0,31000000.0,0.087,9691000000.0,1596000000.0,1832000000.0,0.205,1.873,15.454,16.027,783000000.0,0.0,46.8,1.34,1.391,3183000000.0,8594000000.0,11287000000.0,11287000000.0,0.0,0.033,0.118,0.196,0.142,235000000.0,9691000000.0,1.0,323289389.0,335500000,340900000.0,33.642,17506000000.0,258000000.0,378000000.0,301000000.0,52.179,1745000000.0
39,AON,MRT,2011-09-30,2011-09-30,2011-09-30,2021-08-02,-1900000000.0,28745000000.0,29506250000.0,14500000000.0,14245000000.0,0.38,24.753,-216000000.0,295000000.0,295000000.0,0.0,971000000.0,1.136,2.486,4578000000.0,163000000.0,4415000000.0,4578000000.0,0.0,563000000.0,0.0,0.014,0.6,1577000000.0,2140000000.0,0.191,2140000000.0,1577000000.0,1326000000.0,2.77,2.74,2.77,8233000000.0,8326250000.0,8233000000.0,17945529488.0,11.0,8.386,560000000.0,1.684,1.0,11202000000.0,1.0,12196000000.0,251000000.0,8067000000.0,8153250000.0,0.0,861000000.0,607000000.0,254000000.0,20466000000.0,12765000000.0,7701000000.0,13714529488.0,-40000000.0,-2091000000.0,-978000000.0,414000000.0,-202000000.0,-564000000.0,-244000000.0,2063000000.0,776000000.0,-8000000.0,933000000.0,933000000.0,933000000.0,-28000000.0,38000000.0,0.083,9596000000.0,1606000000.0,1611000000.0,0.217,1.666,14.699,15.155,773000000.0,0.0,41.98,1.224,1.246,2745000000.0,8377000000.0,11202000000.0,11202000000.0,0.0,0.032,0.112,0.193,0.141,234000000.0,9596000000.0,1.0,326691984.0,332600000,336900000.0,33.68,16549000000.0,0.0,393000000.0,0.0,49.756,1735000000.0
40,AON,MRT,2011-06-30,2011-06-30,2011-06-30,2021-08-02,-1698000000.0,30496000000.0,28159500000.0,15931000000.0,14565000000.0,0.365,24.868,-208000000.0,300000000.0,300000000.0,0.0,910000000.0,1.139,2.623,4531000000.0,52000000.0,4479000000.0,4531000000.0,0.0,480000000.0,0.0,0.012,0.6,1491000000.0,1971000000.0,0.192,1971000000.0,1491000000.0,1250000000.0,2.7,2.66,2.7,8398000000.0,7716000000.0,8398000000.0,21185745554.0,14.0,10.749,111000000.0,0.329,1.0,10280000000.0,1.0,12459000000.0,241000000.0,8281000000.0,8194000000.0,0.0,764000000.0,515000000.0,249000000.0,22031000000.0,13987000000.0,8044000000.0,16956745554.0,40000000.0,-2110000000.0,-803000000.0,2056000000.0,-193000000.0,1305000000.0,-1583000000.0,735000000.0,319000000.0,-1000000.0,879000000.0,879000000.0,879000000.0,-28000000.0,31000000.0,0.086,8739000000.0,1541000000.0,1557000000.0,0.222,2.019,19.291,19.0,798000000.0,0.0,51.3,1.649,1.685,2785000000.0,8233000000.0,10280000000.0,10280000000.0,0.0,0.031,0.114,0.182,0.145,219000000.0,8739000000.0,1.0,330540849.0,337700000,342700000.0,30.441,18037000000.0,0.0,371000000.0,0.0,53.411,1944000000.0
41,AON,MRT,2011-03-31,2011-03-31,2011-03-31,2021-08-02,-1714000000.0,29802000000.0,26524500000.0,15211000000.0,14591000000.0,0.353,24.817,-203000000.0,682000000.0,682000000.0,0.0,801000000.0,1.147,2.531,4911000000.0,502000000.0,4409000000.0,4911000000.0,0.0,391000000.0,0.0,0.011,0.6,1315000000.0,1706000000.0,0.182,1706000000.0,1315000000.0,1104000000.0,2.49,2.45,2.49,8423000000.0,6973500000.0,8423000000.0,21800356580.0,17.0,12.779,268000000.0,0.79,1.0,9367000000.0,1.0,12442000000.0,211000000.0,8330000000.0,7390250000.0,0.0,907000000.0,589000000.0,318000000.0,21315000000.0,13259000000.0,8056000000.0,17640356580.0,260000000.0,-2034000000.0,-550000000.0,2366000000.0,-185000000.0,1843000000.0,-2046000000.0,191000000.0,471000000.0,-8000000.0,774000000.0,774000000.0,774000000.0,-26000000.0,27000000.0,0.083,7998000000.0,1369000000.0,1544000000.0,0.241,2.094,22.791,21.269,791000000.0,0.0,52.96,1.883,1.919,2650000000.0,8039000000.0,9367000000.0,9367000000.0,0.0,0.029,0.111,0.178,0.14,229000000.0,7998000000.0,1.0,333088304.0,339400000,345400000.0,27.599,17360000000.0,0.0,330000000.0,0.0,51.149,1952000000.0
42,AON,MRT,2010-12-31,2010-12-31,2010-12-31,2021-08-02,-1917000000.0,28982000000.0,24813750000.0,14519000000.0,14463000000.0,0.343,28.122,-180000000.0,346000000.0,346000000.0,0.0,732000000.0,1.121,2.506,4506000000.0,492000000.0,4014000000.0,4506000000.0,0.0,305000000.0,0.0,0.013,0.6,1176000000.0,1481000000.0,0.174,1481000000.0,1176000000.0,994000000.0,2.41,2.37,2.41,8251000000.0,6218250000.0,8251000000.0,15883620853.0,14.0,10.725,603000000.0,2.055,1.0,8512000000.0,1.0,12258000000.0,182000000.0,7935000000.0,6608000000.0,0.0,1097000000.0,785000000.0,312000000.0,20676000000.0,12949000000.0,7727000000.0,12462620853.0,129000000.0,-2078000000.0,-250000000.0,2089000000.0,-175000000.0,1823000000.0,-2539000000.0,-281000000.0,783000000.0,62000000.0,706000000.0,706000000.0,706000000.0,0.0,26000000.0,0.083,7268000000.0,1244000000.0,1810000000.0,0.249,1.51,17.652,19.091,781000000.0,0.0,46.01,1.464,1.586,2701000000.0,7861000000.0,8512000000.0,8512000000.0,0.0,0.028,0.114,0.178,0.138,221000000.0,7268000000.0,1.0,270867656.0,293400000,298100000.0,29.012,16724000000.0,305000000.0,288000000.0,663000000.0,57.001,1570000000.0
43,AON,MRT,2010-09-30,2010-09-30,2010-09-30,2021-08-02,-1741000000.0,23358000000.0,23307750000.0,14612000000.0,8746000000.0,0.329,20.782,-169000000.0,335000000.0,335000000.0,0.0,709000000.0,1.236,3.024,3756000000.0,610000000.0,3146000000.0,3756000000.0,0.0,247000000.0,0.0,0.015,0.6,985000000.0,1232000000.0,0.161,1232000000.0,985000000.0,833000000.0,2.43,2.37,2.43,5792000000.0,5500250000.0,5792000000.0,12259172288.0,12.0,9.951,944000000.0,3.387,1.0,7676000000.0,1.0,6730000000.0,152000000.0,8230000000.0,5934250000.0,0.0,2415000000.0,2114000000.0,301000000.0,17514000000.0,11819000000.0,5695000000.0,10548172288.0,-245000000.0,-427000000.0,-440000000.0,1725000000.0,-164000000.0,1184000000.0,-2580000000.0,-1984000000.0,1113000000.0,38000000.0,673000000.0,673000000.0,673000000.0,0.0,36000000.0,0.088,6631000000.0,1045000000.0,1281000000.0,0.247,1.821,15.673,16.095,468000000.0,0.0,39.11,1.374,1.42,2086000000.0,7700000000.0,7676000000.0,7676000000.0,0.0,0.029,0.122,0.166,0.128,223000000.0,6631000000.0,1.0,269705249.0,278700000,282200000.0,27.542,16628000000.0,0.0,160000000.0,0.0,59.663,2793000000.0
44,AON,MRT,2010-06-30,2010-06-30,2010-06-30,2021-08-02,-1961000000.0,23956000000.0,22878500000.0,15497000000.0,8459000000.0,0.335,19.497,-158000000.0,260000000.0,260000000.0,0.0,696000000.0,1.096,3.404,1971000000.0,370000000.0,1601000000.0,1971000000.0,0.0,242000000.0,0.0,0.016,0.6,925000000.0,1167000000.0,0.152,1167000000.0,925000000.0,791000000.0,2.33,2.27,2.33,5428000000.0,5549750000.0,5428000000.0,11675831461.0,13.0,10.005,1128000000.0,4.052,1.0,7669000000.0,1.0,6463000000.0,134000000.0,5066000000.0,5160250000.0,0.0,775000000.0,474000000.0,301000000.0,18478000000.0,14138000000.0,4340000000.0,10000831461.0,-277000000.0,-416000000.0,-565000000.0,4000000.0,-164000000.0,-616000000.0,-1052000000.0,-478000000.0,1286000000.0,105000000.0,649000000.0,649000000.0,649000000.0,0.0,47000000.0,0.085,6693000000.0,976000000.0,1192000000.0,0.258,1.842,15.41,15.931,450000000.0,0.0,37.12,1.304,1.348,1994000000.0,7605000000.0,7669000000.0,7669000000.0,0.0,0.028,0.117,0.179,0.121,237000000.0,6693000000.0,1.0,269418951.0,278400000,282600000.0,27.547,17493000000.0,0.0,142000000.0,0.0,62.834,1359000000.0
45,AON,MRT,2010-03-31,2010-03-31,2010-03-31,2021-08-02,-1871000000.0,22959000000.0,22999000000.0,14268000000.0,8691000000.0,0.333,19.58,-152000000.0,422000000.0,422000000.0,0.0,693000000.0,1.117,3.24,2097000000.0,84000000.0,2013000000.0,2097000000.0,0.0,240000000.0,0.0,0.014,0.6,926000000.0,1166000000.0,0.152,1166000000.0,926000000.0,799000000.0,2.3,2.24,2.3,5402000000.0,5659250000.0,5402000000.0,13188227565.0,14.0,11.311,262000000.0,0.95,1.0,7653000000.0,1.0,6657000000.0,127000000.0,5201000000.0,4972000000.0,0.0,620000000.0,312000000.0,308000000.0,17502000000.0,12776000000.0,4726000000.0,11397227565.0,-79000000.0,-405000000.0,-640000000.0,49000000.0,-165000000.0,-651000000.0,84000000.0,641000000.0,414000000.0,74000000.0,645000000.0,645000000.0,645000000.0,0.0,48000000.0,0.084,6725000000.0,928000000.0,1269000000.0,0.261,2.11,17.67,18.57,452000000.0,0.0,42.71,1.489,1.54,1983000000.0,7500000000.0,7653000000.0,7653000000.0,0.0,0.028,0.114,0.186,0.121,235000000.0,6725000000.0,1.0,266851500.0,275900000,283400000.0,27.738,16302000000.0,0.0,154000000.0,0.0,59.087,1492000000.0
46,AON,MRT,2009-12-31,2009-12-31,2009-12-31,2021-08-02,-1675000000.0,22958000000.0,23036250000.0,13989000000.0,8969000000.0,0.33,18.994,-140000000.0,217000000.0,217000000.0,0.0,792000000.0,1.107,3.258,2008000000.0,10000000.0,1998000000.0,2008000000.0,0.0,242000000.0,0.0,0.016,0.6,1109000000.0,1351000000.0,0.178,1351000000.0,1109000000.0,987000000.0,2.64,2.57,2.64,5379000000.0,5697000000.0,5379000000.0,11932191986.0,11.0,8.832,360000000.0,1.271,1.0,7595000000.0,1.0,6869000000.0,122000000.0,5240000000.0,4962750000.0,0.0,741000000.0,422000000.0,319000000.0,17527000000.0,12640000000.0,4887000000.0,10502191986.0,-365000000.0,-263000000.0,-590000000.0,-25000000.0,-165000000.0,-652000000.0,-229000000.0,174000000.0,500000000.0,16000000.0,747000000.0,747000000.0,747000000.0,0.0,45000000.0,0.098,6574000000.0,1021000000.0,1535000000.0,0.227,1.952,14.059,14.523,461000000.0,0.0,38.34,1.383,1.43,2052000000.0,7335000000.0,7595000000.0,7595000000.0,0.0,0.032,0.131,0.223,0.146,209000000.0,6574000000.0,1.0,273922587.0,283200000,291100000.0,26.819,16089000000.0,881000000.0,240000000.0,129000000.0,56.811,1349000000.0
47,AON,MRT,2009-09-30,2009-09-30,2009-09-30,2021-08-02,-1172000000.0,21641000000.0,23031750000.0,12926000000.0,8715000000.0,0.319,21.106,-109000000.0,580000000.0,580000000.0,0.0,572000000.0,1.152,2.589,2010000000.0,12000000.0,1998000000.0,2010000000.0,0.0,239000000.0,0.0,0.015,0.6,905000000.0,1144000000.0,0.156,1144000000.0,905000000.0,788000000.0,1.98,1.93,1.98,5990000000.0,5679750000.0,5990000000.0,12561653741.0,14.0,10.98,1003000000.0,3.534,1.0,7343000000.0,1.0,6720000000.0,117000000.0,5134000000.0,4931750000.0,0.0,899000000.0,602000000.0,297000000.0,15511000000.0,11217000000.0,4294000000.0,11168653741.0,102000000.0,-910000000.0,-443000000.0,-247000000.0,-165000000.0,-476000000.0,-399000000.0,620000000.0,1112000000.0,-135000000.0,543000000.0,543000000.0,543000000.0,0.0,29000000.0,0.074,6412000000.0,931000000.0,1377000000.0,0.303,1.865,20.568,20.551,453000000.0,0.0,40.69,1.521,1.573,1844000000.0,7189000000.0,7343000000.0,7343000000.0,0.0,0.024,0.096,0.184,0.123,206000000.0,6569000000.0,1.0,274481537.0,283800000,292100000.0,25.874,14921000000.0,0.0,245000000.0,0.0,52.576,1709000000.0
48,AON,MRT,2009-06-30,2009-06-30,2009-06-30,2021-08-02,-1254000000.0,24438000000.0,22801000000.0,15881000000.0,8557000000.0,0.324,20.554,-98000000.0,537000000.0,537000000.0,0.0,559000000.0,1.069,3.142,1930000000.0,681000000.0,1249000000.0,1930000000.0,0.0,232000000.0,0.0,0.016,0.6,898000000.0,1130000000.0,0.153,1130000000.0,898000000.0,781000000.0,1.98,1.92,1.98,5866000000.0,5669000000.0,5866000000.0,11933540857.0,13.0,10.561,699000000.0,2.449,1.0,7395000000.0,1.0,6659000000.0,117000000.0,4313000000.0,5263750000.0,0.0,876000000.0,580000000.0,296000000.0,18430000000.0,14859000000.0,3571000000.0,10482540857.0,71000000.0,-1030000000.0,-803000000.0,-252000000.0,-165000000.0,-894000000.0,364000000.0,1492000000.0,797000000.0,-196000000.0,540000000.0,540000000.0,540000000.0,0.0,19000000.0,0.073,6411000000.0,984000000.0,1392000000.0,0.303,1.787,19.412,19.126,447000000.0,0.0,37.87,1.418,1.462,1937000000.0,7132000000.0,7395000000.0,7395000000.0,0.0,0.024,0.095,0.171,0.121,201000000.0,6519000000.0,1.0,276803297.0,285400000,292700000.0,25.911,17779000000.0,0.0,241000000.0,0.0,62.295,1022000000.0
49,AON,MRT,2009-03-31,2009-03-31,2009-03-31,2021-08-02,-1517000000.0,23108000000.0,22710250000.0,14909000000.0,8199000000.0,0.329,19.532,-95000000.0,501000000.0,501000000.0,0.0,1540000000.0,1.137,3.142,1952000000.0,104000000.0,1848000000.0,1952000000.0,0.0,232000000.0,0.0,0.015,0.6,2351000000.0,2583000000.0,0.346,2583000000.0,2351000000.0,2229000000.0,5.28,5.12,5.28,5553000000.0,5816250000.0,5553000000.0,12560831161.0,5.0,4.863,910000000.0,3.201,1.0,7469000000.0,1.0,6284000000.0,122000000.0,5164000000.0,5933000000.0,0.0,1192000000.0,879000000.0,313000000.0,17446000000.0,13111000000.0,4335000000.0,11165831161.0,49000000.0,1865000000.0,-1581000000.0,-276000000.0,-166000000.0,-1731000000.0,935000000.0,-835000000.0,1005000000.0,-160000000.0,1524000000.0,1524000000.0,1524000000.0,0.0,16000000.0,0.204,6450000000.0,1019000000.0,1336000000.0,0.114,2.011,7.327,7.731,430000000.0,0.0,40.82,1.495,1.554,1795000000.0,7034000000.0,7469000000.0,7469000000.0,0.0,0.067,0.262,0.396,0.315,206000000.0,6500000000.0,1.0,273538245.0,284300000,292000000.0,26.272,16824000000.0,0.0,705000000.0,0.0,59.177,1798000000.0
50,AON,MRT,2008-12-31,2008-12-31,2008-12-31,2021-08-02,-1462000000.0,22940000000.0,23560000000.0,14526000000.0,8414000000.0,0.32,18.135,-103000000.0,582000000.0,582000000.0,0.0,1478000000.0,1.135,3.3,1977000000.0,105000000.0,1872000000.0,1977000000.0,0.0,222000000.0,0.0,0.013,0.6,2245000000.0,2467000000.0,0.328,2467000000.0,2245000000.0,2119000000.0,4.99,4.8,4.99,5310000000.0,6041000000.0,5310000000.0,13809653682.0,6.0,5.598,865000000.0,2.954,1.0,7528000000.0,1.0,6416000000.0,126000000.0,5116000000.0,6386250000.0,0.0,1016000000.0,684000000.0,332000000.0,17525000000.0,12803000000.0,4722000000.0,12323653682.0,-2000000.0,1724000000.0,-1924000000.0,-386000000.0,-171000000.0,-2244000000.0,1404000000.0,-217000000.0,968000000.0,-130000000.0,1462000000.0,1462000000.0,1462000000.0,0.0,16000000.0,0.194,6588000000.0,940000000.0,1560000000.0,0.12,2.321,8.429,9.154,451000000.0,0.0,45.68,1.637,1.777,1990000000.0,6816000000.0,7528000000.0,7528000000.0,0.0,0.062,0.242,0.352,0.298,248000000.0,6588000000.0,1.0,269782261.0,292800000,304500000.0,25.71,16524000000.0,795000000.0,657000000.0,118000000.0,56.434,1723000000.0
51,AON,MRT,2008-09-30,2008-09-30,2008-09-30,2021-08-02,-738000000.0,20718000000.0,24057250000.0,13686000000.0,7032000000.0,0.315,21.111,-147000000.0,478000000.0,478000000.0,0.0,1700000000.0,1.287,2.484,1964000000.0,0.0,1964000000.0,1964000000.0,0.0,213000000.0,0.0,0.013,0.6,2610000000.0,2823000000.0,0.372,2823000000.0,2610000000.0,2478000000.0,5.55,5.4,5.55,5947000000.0,6268750000.0,5947000000.0,14040051113.0,5.0,4.973,227000000.0,0.806,1.0,7580000000.0,1.0,5104000000.0,132000000.0,6462000000.0,6805750000.0,0.0,2316000000.0,1946000000.0,370000000.0,14771000000.0,10638000000.0,4133000000.0,12484051113.0,157000000.0,2709000000.0,-1652000000.0,203000000.0,-174000000.0,-1623000000.0,1368000000.0,-1194000000.0,374000000.0,38000000.0,1675000000.0,1675000000.0,1675000000.0,188000000.0,25000000.0,0.221,6592000000.0,988000000.0,1180000000.0,0.108,2.099,7.453,8.101,449000000.0,0.0,44.96,1.647,1.671,1877000000.0,6868000000.0,7580000000.0,7580000000.0,0.0,0.07,0.267,0.383,0.344,246000000.0,6576000000.0,1.0,277670176.0,281700000,293900000.0,26.908,15614000000.0,0.0,803000000.0,0.0,55.428,3048000000.0
52,AON,MRT,2008-06-30,2008-06-30,2008-06-30,2021-08-02,-490000000.0,24075000000.0,24833500000.0,16631000000.0,7444000000.0,0.301,22.297,-146000000.0,466000000.0,466000000.0,0.0,1783000000.0,1.254,2.73,2022000000.0,0.0,2022000000.0,2022000000.0,0.0,214000000.0,0.0,0.013,0.6,2765000000.0,2979000000.0,0.398,2979000000.0,2765000000.0,2632000000.0,5.82,5.64,5.82,6455000000.0,6185750000.0,6455000000.0,15350476023.0,6.0,5.153,552000000.0,1.907,1.0,7483000000.0,1.0,5382000000.0,133000000.0,6990000000.0,10296250000.0,0.0,2980000000.0,2566000000.0,414000000.0,17620000000.0,13259000000.0,4361000000.0,13723476023.0,60000000.0,2821000000.0,-1260000000.0,1000000.0,-177000000.0,-1436000000.0,735000000.0,-1940000000.0,698000000.0,63000000.0,1762000000.0,1762000000.0,1762000000.0,114000000.0,21000000.0,0.235,6486000000.0,997000000.0,1207000000.0,0.103,2.126,7.789,7.893,483000000.0,0.0,45.94,1.834,1.777,2012000000.0,6807000000.0,7483000000.0,7483000000.0,0.0,0.071,0.285,0.269,0.37,239000000.0,6471000000.0,1.0,298726078.0,289500000,305300000.0,25.848,18693000000.0,0.0,870000000.0,0.0,64.57,3372000000.0
53,AON,MRT,2008-03-31,2008-03-31,2008-03-31,2021-08-02,-396000000.0,26507000000.0,25012500000.0,19019000000.0,7488000000.0,0.296,20.686,-164000000.0,452000000.0,452000000.0,0.0,887000000.0,1.208,3.108,2079000000.0,84000000.0,1995000000.0,2079000000.0,0.0,205000000.0,0.0,0.015,0.6,1482000000.0,1687000000.0,0.228,1687000000.0,1482000000.0,1346000000.0,2.81,2.68,2.81,6452000000.0,5908000000.0,6452000000.0,13843123854.0,9.0,8.206,799000000.0,2.562,1.0,7393000000.0,1.0,5414000000.0,136000000.0,6977000000.0,13956250000.0,0.0,1187000000.0,771000000.0,416000000.0,20055000000.0,15743000000.0,4312000000.0,12282123854.0,101000000.0,-54000000.0,-540000000.0,195000000.0,-178000000.0,-523000000.0,-409000000.0,-191000000.0,963000000.0,70000000.0,869000000.0,869000000.0,869000000.0,57000000.0,18000000.0,0.118,6365000000.0,1028000000.0,1206000000.0,0.214,1.904,14.134,14.306,507000000.0,0.0,40.2,1.661,1.696,1938000000.0,5767000000.0,7393000000.0,7393000000.0,0.0,0.035,0.147,0.106,0.2,235000000.0,6362000000.0,1.0,305525469.0,311900000,319800000.0,23.703,21093000000.0,0.0,477000000.0,0.0,67.627,3276000000.0
54,AON,MRT,2007-12-31,2007-12-31,2007-12-31,2021-08-02,-726000000.0,24929000000.0,24533500000.0,18068000000.0,6861000000.0,0.295,20.397,-170000000.0,584000000.0,584000000.0,0.0,877000000.0,1.239,3.007,2145000000.0,252000000.0,1893000000.0,2145000000.0,0.0,205000000.0,0.0,0.013,0.6,1478000000.0,1683000000.0,0.233,1683000000.0,1478000000.0,1340000000.0,2.83,2.66,2.83,6221000000.0,5610000000.0,6221000000.0,15600950609.0,11.0,9.27,1093000000.0,3.584,1.0,7234000000.0,1.0,5119000000.0,138000000.0,6794000000.0,17566500000.0,0.0,1452000000.0,1120000000.0,332000000.0,18708000000.0,14577000000.0,4131000000.0,13913950609.0,303000000.0,-198000000.0,-469000000.0,92000000.0,-176000000.0,-553000000.0,-463000000.0,-95000000.0,1263000000.0,56000000.0,864000000.0,864000000.0,864000000.0,0.0,13000000.0,0.119,6231000000.0,1003000000.0,1413000000.0,0.212,2.237,16.104,16.852,497000000.0,0.0,47.69,1.923,2.011,1993000000.0,5607000000.0,7234000000.0,7234000000.0,0.0,0.035,0.154,0.084,0.204,204000000.0,6231000000.0,1.0,291758243.0,305000000,326900000.0,23.718,19810000000.0,529000000.0,476000000.0,109000000.0,64.951,3491000000.0
55,AON,MRT,2007-09-30,2007-09-30,2007-09-30,2021-08-02,-791000000.0,23823000000.0,24397250000.0,,,0.231,17.465,-159000000.0,321000000.0,321000000.0,0.0,880000000.0,,3.243,2008000000.0,,,2008000000.0,0.0,220000000.0,0.0,0.013,0.6,1442000000.0,1662000000.0,0.295,1662000000.0,1442000000.0,1310000000.0,2.93,2.72,2.93,5615000000.0,5359250000.0,5615000000.0,14899314203.0,10.0,8.965,911000000.0,2.834,1.0,5642000000.0,1.0,5086000000.0,132000000.0,20424000000.0,17709500000.0,0.0,7485000000.0,,,18208000000.0,,,13119314203.0,-140000000.0,467000000.0,-918000000.0,-339000000.0,-178000000.0,-1435000000.0,191000000.0,-117000000.0,1070000000.0,34000000.0,880000000.0,880000000.0,880000000.0,-351000000.0,0.0,0.156,4766000000.0,876000000.0,9457000000.0,0.205,2.336,14.908,15.294,520000000.0,0.0,44.81,2.325,2.553,8296000000.0,5452000000.0,5642000000.0,5642000000.0,0.0,0.036,0.164,0.081,0.256,194000000.0,5435000000.0,1.0,292776483.0,321500000,321500000.0,17.549,18737000000.0,0.0,430000000.0,0.0,58.28,
56,AON,MRT,2007-06-30,2007-06-30,2007-06-30,2021-08-02,-928000000.0,24791000000.0,25612250000.0,,,0.237,16.601,-163000000.0,406000000.0,406000000.0,0.0,782000000.0,,3.639,2186000000.0,,,2186000000.0,0.0,227000000.0,0.0,0.014,0.6,1295000000.0,1522000000.0,0.251,1522000000.0,1295000000.0,1162000000.0,2.58,2.4,2.58,5344000000.0,5298500000.0,5344000000.0,14232750095.0,11.0,9.351,746000000.0,2.317,1.0,6061000000.0,1.0,4941000000.0,133000000.0,21630000000.0,19108250000.0,0.0,7547000000.0,,,19447000000.0,,,12510750095.0,-19000000.0,465000000.0,-993000000.0,102000000.0,-181000000.0,-1072000000.0,131000000.0,-171000000.0,909000000.0,13000000.0,782000000.0,782000000.0,782000000.0,-293000000.0,0.0,0.129,5268000000.0,793000000.0,10581000000.0,0.233,2.341,15.998,16.516,526000000.0,0.0,42.61,2.064,2.263,9255000000.0,5303000000.0,6061000000.0,6061000000.0,0.0,0.031,0.148,0.068,0.214,182000000.0,5580000000.0,1.0,293610657.0,321900000,321900000.0,18.829,19850000000.0,0.0,380000000.0,0.0,61.665,
57,AON,MRT,2007-03-31,2007-03-31,2007-03-31,2021-08-02,-921000000.0,24591000000.0,26940250000.0,,,0.238,16.215,-155000000.0,351000000.0,351000000.0,0.0,735000000.0,,3.675,2073000000.0,,,2073000000.0,0.0,237000000.0,0.0,0.016,0.6,1223000000.0,1460000000.0,0.228,1460000000.0,1223000000.0,1090000000.0,2.37,2.22,2.37,5260000000.0,5310500000.0,5260000000.0,13330336447.0,11.0,9.13,932000000.0,2.873,1.0,6403000000.0,1.0,4895000000.0,133000000.0,21418000000.0,20514500000.0,0.0,7666000000.0,,,19331000000.0,,,11326336447.0,-100000000.0,353000000.0,-1029000000.0,24000000.0,-185000000.0,-1190000000.0,5000000.0,-193000000.0,1087000000.0,-2000000.0,735000000.0,735000000.0,735000000.0,-254000000.0,0.0,0.115,5595000000.0,808000000.0,10410000000.0,0.253,2.153,15.41,16.017,507000000.0,0.0,37.96,1.769,1.923,8972000000.0,5141000000.0,6403000000.0,6403000000.0,0.0,0.027,0.138,0.06,0.191,163000000.0,5636000000.0,1.0,298375565.0,324400000,324400000.0,19.738,19696000000.0,0.0,355000000.0,0.0,60.715,
58,AON,MRT,2006-12-31,2006-12-31,2006-12-31,2021-08-02,-1010000000.0,24384000000.0,27947000000.0,17643000000.0,6741000000.0,0.242,15.253,-152000000.0,281000000.0,281000000.0,0.0,720000000.0,1.229,3.673,2285000000.0,42000000.0,2243000000.0,2285000000.0,0.0,244000000.0,0.0,0.017,0.6,1212000000.0,1456000000.0,0.215,1456000000.0,1212000000.0,1083000000.0,2.27,2.13,2.27,5218000000.0,5322500000.0,5218000000.0,12825946412.0,11.0,8.809,816000000.0,2.385,1.0,6770000000.0,1.0,4666000000.0,129000000.0,7366000000.0,21572500000.0,0.0,4864000000.0,4335000000.0,529000000.0,19166000000.0,14356000000.0,4810000000.0,10943946412.0,-195000000.0,544000000.0,-916000000.0,141000000.0,-189000000.0,-964000000.0,-190000000.0,-582000000.0,968000000.0,-9000000.0,720000000.0,720000000.0,720000000.0,-230000000.0,0.0,0.106,5940000000.0,830000000.0,11184000000.0,0.264,2.097,15.2,15.568,456000000.0,0.0,35.34,1.617,1.786,8631000000.0,4992000000.0,6770000000.0,6770000000.0,0.0,0.026,0.135,0.056,0.179,153000000.0,5718000000.0,1.0,309675903.0,342100000,342100000.0,19.79,19718000000.0,900000000.0,363000000.0,94000000.0,57.638,3287000000.0
59,AON,MRT,2006-09-30,2006-09-30,2006-09-30,2021-08-02,-1002000000.0,28683000000.0,28809000000.0,,,0.241,15.795,-135000000.0,461000000.0,461000000.0,0.0,719000000.0,,4.339,2343000000.0,,,2343000000.0,0.0,241000000.0,0.0,0.018,0.6,1371000000.0,1612000000.0,0.232,1612000000.0,1371000000.0,1241000000.0,2.23,2.11,2.23,5372000000.0,5347250000.0,5372000000.0,12329120678.0,9.0,7.648,714000000.0,2.099,1.0,6943000000.0,1.0,4546000000.0,130000000.0,26019000000.0,26034750000.0,0.0,7072000000.0,,,23311000000.0,,,10651120678.0,28000000.0,220000000.0,-536000000.0,431000000.0,-191000000.0,-296000000.0,-513000000.0,-598000000.0,849000000.0,-12000000.0,717000000.0,719000000.0,719000000.0,-332000000.0,2000000.0,0.104,6233000000.0,710000000.0,9332000000.0,0.269,1.983,14.814,15.188,499000000.0,-2000000.0,33.87,1.534,1.659,8907000000.0,4897000000.0,6943000000.0,6943000000.0,0.0,0.025,0.134,0.053,0.197,132000000.0,5862000000.0,1.0,314470643.0,340100000,340100000.0,20.415,24137000000.0,0.0,524000000.0,0.0,70.97,
60,AON,MRT,2006-06-30,2006-06-30,2006-06-30,2021-08-02,-1059000000.0,30103000000.0,28442000000.0,,,0.239,15.638,-146000000.0,425000000.0,425000000.0,0.0,735000000.0,,4.583,2103000000.0,,,2103000000.0,0.0,263000000.0,0.0,0.017,0.6,1372000000.0,1635000000.0,0.241,1635000000.0,1372000000.0,1247000000.0,2.26,2.15,2.26,5392000000.0,5336500000.0,5392000000.0,12660604775.0,9.0,7.743,1082000000.0,3.138,1.0,6793000000.0,1.0,4526000000.0,125000000.0,27255000000.0,25560750000.0,0.0,7386000000.0,,,24711000000.0,,,11095604775.0,6000000.0,238000000.0,-339000000.0,209000000.0,-192000000.0,-372000000.0,-859000000.0,-951000000.0,1228000000.0,9000000.0,733000000.0,734000000.0,734000000.0,-341000000.0,2000000.0,0.108,6083000000.0,710000000.0,10976000000.0,0.265,2.058,15.117,15.407,507000000.0,-1000000.0,34.82,1.633,1.767,10570000000.0,4843000000.0,6793000000.0,6793000000.0,0.0,0.026,0.138,0.054,0.202,114000000.0,5799000000.0,1.0,318656082.0,344800000,344800000.0,19.701,25577000000.0,0.0,514000000.0,0.0,74.179,
61,AON,MRT,2006-03-31,2006-03-31,2006-03-31,2021-08-02,-1161000000.0,28618000000.0,27888750000.0,,,0.241,15.157,-131000000.0,451000000.0,451000000.0,0.0,733000000.0,,4.391,2016000000.0,,,2016000000.0,0.0,266000000.0,0.0,0.014,0.6,1317000000.0,1583000000.0,0.235,1583000000.0,1317000000.0,1195000000.0,2.25,2.15,2.25,5308000000.0,5301250000.0,5308000000.0,15000399662.0,11.0,9.476,660000000.0,1.885,1.0,6733000000.0,1.0,4533000000.0,122000000.0,25650000000.0,24934750000.0,0.0,9301000000.0,,,23310000000.0,,,13364399662.0,-75000000.0,303000000.0,-113000000.0,-82000000.0,-193000000.0,-438000000.0,-428000000.0,-600000000.0,791000000.0,0.0,731000000.0,732000000.0,732000000.0,-321000000.0,2000000.0,0.109,6047000000.0,686000000.0,10165000000.0,0.267,2.518,18.257,18.449,524000000.0,-1000000.0,41.51,1.985,2.159,9963000000.0,4711000000.0,6733000000.0,6733000000.0,0.0,0.026,0.138,0.053,0.196,92000000.0,5761000000.0,1.0,321956147.0,350200000,350200000.0,19.226,24085000000.0,0.0,464000000.0,0.0,68.775,
62,AON,MRT,2005-12-31,2005-12-31,2005-12-31,2021-08-02,-1155000000.0,27832000000.0,27875500000.0,,,0.239,15.57,-126000000.0,476000000.0,476000000.0,0.0,735000000.0,,4.235,2112000000.0,,,2112000000.0,0.0,277000000.0,0.0,0.017,0.6,1315000000.0,1592000000.0,0.239,1592000000.0,1315000000.0,1190000000.0,2.27,2.17,2.27,5317000000.0,5260250000.0,5317000000.0,12958510166.0,10.0,8.14,760000000.0,2.225,1.0,6651000000.0,1.0,4253000000.0,125000000.0,25215000000.0,24859250000.0,0.0,7058000000.0,,,22515000000.0,,,11504510166.0,-94000000.0,283000000.0,51000000.0,-12000000.0,-193000000.0,-204000000.0,-769000000.0,-926000000.0,886000000.0,-7000000.0,733000000.0,733000000.0,733000000.0,-319000000.0,2000000.0,0.11,5949000000.0,702000000.0,9380000000.0,0.264,2.164,15.695,15.837,505000000.0,0.0,35.95,1.73,1.846,9135000000.0,4531000000.0,6651000000.0,6651000000.0,0.0,0.026,0.139,0.053,0.198,72000000.0,5700000000.0,1.0,320014191.0,341500000,341500000.0,19.476,23579000000.0,646000000.0,457000000.0,0.0,69.045,
63,AON,MRT,2005-09-30,2005-09-30,2005-09-30,2021-08-02,-913000000.0,27215000000.0,27999750000.0,,,0.282,15.55,-124000000.0,433000000.0,433000000.0,0.0,591000000.0,,4.107,1887000000.0,,,1887000000.0,0.0,285000000.0,0.0,0.019,0.6,956000000.0,1241000000.0,0.157,1241000000.0,956000000.0,827000000.0,1.82,1.76,1.82,5329000000.0,5206750000.0,5329000000.0,11651172158.0,12.0,9.389,1030000000.0,3.006,1.0,7899000000.0,1.0,4546000000.0,129000000.0,24123000000.0,24838500000.0,0.0,8780000000.0,,,21886000000.0,,,10218172158.0,37000000.0,15000000.0,46000000.0,-103000000.0,-193000000.0,-351000000.0,-799000000.0,-690000000.0,1154000000.0,33000000.0,588000000.0,588000000.0,588000000.0,-91000000.0,3000000.0,0.074,7072000000.0,827000000.0,8997000000.0,0.33,1.917,17.378,17.626,552000000.0,0.0,32.08,1.294,1.392,8857000000.0,4397000000.0,7899000000.0,7899000000.0,0.0,0.021,0.113,0.038,0.121,99000000.0,5957000000.0,1.0,318521576.0,342700000,342700000.0,23.049,22669000000.0,0.0,239000000.0,0.0,66.148,
64,AON,MRT,2005-06-30,2005-06-30,2005-06-30,2021-08-02,-877000000.0,27890000000.0,27838750000.0,,,0.296,15.513,-90000000.0,419000000.0,419000000.0,0.0,591000000.0,,4.302,1852000000.0,,,1852000000.0,0.0,284000000.0,0.0,0.024,0.6,974000000.0,1258000000.0,0.153,1258000000.0,974000000.0,842000000.0,1.83,1.76,1.83,5251000000.0,5091500000.0,5251000000.0,9519115344.0,10.0,7.567,958000000.0,2.83,1.0,8228000000.0,1.0,4572000000.0,132000000.0,24751000000.0,24678750000.0,0.0,8595000000.0,,,22589000000.0,,,7958115344.0,-91000000.0,51000000.0,21000000.0,-213000000.0,-193000000.0,-436000000.0,-718000000.0,-679000000.0,1048000000.0,15000000.0,588000000.0,588000000.0,588000000.0,-75000000.0,3000000.0,0.071,7367000000.0,861000000.0,9705000000.0,0.328,1.516,13.534,13.683,585000000.0,0.0,25.04,0.967,1.03,9570000000.0,4325000000.0,8228000000.0,8228000000.0,0.0,0.021,0.115,0.039,0.118,84000000.0,6114000000.0,1.0,317816108.0,338500000,338500000.0,24.307,23318000000.0,0.0,254000000.0,0.0,68.886,
65,AON,MRT,2005-03-31,2005-03-31,2005-03-31,2021-08-02,-816000000.0,28565000000.0,27808750000.0,,,0.31,15.26,-84000000.0,526000000.0,526000000.0,0.0,573000000.0,,4.543,2087000000.0,,,2087000000.0,0.0,306000000.0,0.0,0.026,0.6,1009000000.0,1315000000.0,0.152,1315000000.0,1009000000.0,873000000.0,1.78,1.71,1.78,5144000000.0,4958000000.0,5144000000.0,8797899572.0,9.0,6.69,1090000000.0,3.233,1.0,8624000000.0,1.0,4778000000.0,136000000.0,25348000000.0,24651250000.0,0.0,9126000000.0,,,23371000000.0,,,7250899572.0,35000000.0,33000000.0,23000000.0,63000000.0,-192000000.0,-157000000.0,-1008000000.0,-957000000.0,1174000000.0,26000000.0,570000000.0,570000000.0,570000000.0,-70000000.0,3000000.0,0.066,7723000000.0,901000000.0,10209000000.0,0.337,1.41,12.721,12.831,622000000.0,0.0,22.84,0.841,0.893,9630000000.0,4182000000.0,8624000000.0,8624000000.0,0.0,0.02,0.115,0.041,0.117,69000000.0,6314000000.0,1.0,317464955.0,337100000,337100000.0,25.583,23787000000.0,0.0,303000000.0,0.0,70.564,
66,AON,MRT,2004-12-31,2004-12-31,2004-12-31,2021-08-02,-681000000.0,28329000000.0,27645750000.0,,,0.311,15.16,-80000000.0,570000000.0,570000000.0,0.0,543000000.0,,4.542,2117000000.0,,,2117000000.0,0.0,309000000.0,0.0,0.019,0.45,966000000.0,1275000000.0,0.148,1275000000.0,966000000.0,830000000.0,1.69,1.63,1.69,5103000000.0,4835500000.0,5103000000.0,9118624961.0,9.0,7.152,1104000000.0,3.28,1.0,8607000000.0,1.0,4744000000.0,136000000.0,25132000000.0,24509750000.0,0.0,8453000000.0,,,23176000000.0,,,7550624961.0,30000000.0,53000000.0,23000000.0,-46000000.0,-192000000.0,-266000000.0,-923000000.0,-896000000.0,1184000000.0,35000000.0,540000000.0,540000000.0,540000000.0,-59000000.0,3000000.0,0.063,7738000000.0,869000000.0,9775000000.0,0.266,1.48,13.983,14.118,660000000.0,0.0,23.86,0.877,0.933,9880000000.0,4031000000.0,8607000000.0,8607000000.0,0.0,0.02,0.112,0.039,0.112,48000000.0,6339000000.0,1.0,316455363.0,336600000,336600000.0,25.57,23585000000.0,687000000.0,290000000.0,0.0,70.068,
67,AON,MRT,2004-09-30,2004-09-30,2004-09-30,2021-08-02,-867000000.0,26571000000.0,27320250000.0,,,0.358,14.428,-83000000.0,396000000.0,396000000.0,0.0,680000000.0,,4.448,1964000000.0,,,1964000000.0,0.0,321000000.0,0.0,0.016,0.45,1182000000.0,1503000000.0,0.154,1503000000.0,1182000000.0,1059000000.0,2.12,1.99,2.12,4868000000.0,4684250000.0,4868000000.0,10625354721.0,9.0,7.069,1018000000.0,3.017,1.0,9777000000.0,1.0,4655000000.0,123000000.0,23484000000.0,24214250000.0,0.0,8194000000.0,,,21653000000.0,,,9077354721.0,-174000000.0,-8000000.0,18000000.0,-299000000.0,-192000000.0,-483000000.0,-801000000.0,-710000000.0,1101000000.0,9000000.0,677000000.0,677000000.0,677000000.0,-13000000.0,3000000.0,0.069,8596000000.0,1181000000.0,9597000000.0,0.212,1.865,13.408,13.557,693000000.0,0.0,28.74,0.928,0.992,9181000000.0,3997000000.0,9777000000.0,9777000000.0,0.0,0.025,0.145,0.049,0.121,49000000.0,6618000000.0,1.0,315843936.0,337400000,337400000.0,28.977,21916000000.0,0.0,382000000.0,0.0,64.956,
68,AON,MRT,2004-06-30,2004-06-30,2004-06-30,2021-08-02,-930000000.0,27770000000.0,27230000000.0,,,0.36,13.993,-121000000.0,510000000.0,510000000.0,0.0,673000000.0,,4.877,2058000000.0,,,2058000000.0,0.0,322000000.0,0.0,0.016,0.45,1195000000.0,1517000000.0,0.155,1517000000.0,1195000000.0,1080000000.0,2.1,1.99,2.1,4717000000.0,4567000000.0,4717000000.0,10491184519.0,9.0,6.916,1128000000.0,3.346,1.0,9798000000.0,1.0,4677000000.0,115000000.0,24641000000.0,24011250000.0,0.0,7929000000.0,,,23003000000.0,,,8971184519.0,40000000.0,-38000000.0,14000000.0,-434000000.0,-191000000.0,-643000000.0,-582000000.0,-423000000.0,1249000000.0,16000000.0,670000000.0,670000000.0,670000000.0,24000000.0,3000000.0,0.068,8558000000.0,1240000000.0,10954000000.0,0.214,1.902,13.39,13.557,745000000.0,0.0,28.47,0.916,0.98,10372000000.0,3925000000.0,9798000000.0,9798000000.0,0.0,0.025,0.147,0.05,0.122,49000000.0,6652000000.0,1.0,315110099.0,337100000,337100000.0,29.066,23093000000.0,0.0,410000000.0,0.0,68.505,
69,AON,MRT,2004-03-31,2004-03-31,2004-03-31,2021-08-02,-849000000.0,27913000000.0,27265000000.0,,,0.355,13.88,-156000000.0,491000000.0,491000000.0,0.0,646000000.0,,4.987,2011000000.0,,,2011000000.0,0.0,317000000.0,0.0,0.016,0.45,1154000000.0,1471000000.0,0.152,1471000000.0,1154000000.0,1047000000.0,2.02,1.93,2.02,4654000000.0,4467250000.0,4654000000.0,10391828613.0,9.0,7.064,1178000000.0,3.513,1.0,9666000000.0,1.0,4651000000.0,107000000.0,24782000000.0,24024500000.0,0.0,8141000000.0,,,23209000000.0,,,8783828613.0,81000000.0,-31000000.0,6000000.0,-377000000.0,-191000000.0,-610000000.0,-662000000.0,-475000000.0,1334000000.0,19000000.0,643000000.0,643000000.0,643000000.0,26000000.0,3000000.0,0.067,8456000000.0,1210000000.0,11084000000.0,0.223,1.887,13.661,13.817,791000000.0,0.0,27.91,0.909,0.968,10372000000.0,3800000000.0,9666000000.0,9666000000.0,0.0,0.024,0.144,0.048,0.119,49000000.0,6676000000.0,1.0,314719764.0,335300000,335300000.0,28.828,23262000000.0,0.0,404000000.0,0.0,69.377,
70,AON,MRT,2003-12-31,2003-12-31,2003-12-31,2021-08-02,-861000000.0,27027000000.0,26620250000.0,,,0.356,13.556,-185000000.0,540000000.0,540000000.0,0.0,628000000.0,,4.998,2148000000.0,,,2148000000.0,0.0,314000000.0,0.0,0.025,0.6,1122000000.0,1436000000.0,0.152,1436000000.0,1122000000.0,1021000000.0,1.97,1.9,1.97,4498000000.0,4277500000.0,4498000000.0,8471774682.0,8.0,5.9,1127000000.0,3.397,1.0,9464000000.0,1.0,4685000000.0,101000000.0,23950000000.0,23402000000.0,0.0,7324000000.0,,,22479000000.0,,,7507774682.0,56000000.0,-8000000.0,-6000000.0,-385000000.0,-190000000.0,-670000000.0,-607000000.0,-414000000.0,1312000000.0,21000000.0,625000000.0,625000000.0,625000000.0,14000000.0,3000000.0,0.066,8289000000.0,1175000000.0,10203000000.0,0.305,1.669,12.012,12.152,827000000.0,0.0,23.94,0.793,0.839,10111000000.0,3679000000.0,9464000000.0,9464000000.0,0.0,0.023,0.146,0.048,0.119,49000000.0,6569000000.0,1.0,313607965.0,331800000,331800000.0,28.523,22342000000.0,608000000.0,396000000.0,0.0,67.336,
71,AON,MRT,2003-09-30,2003-09-30,2003-09-30,2021-08-02,-779000000.0,26210000000.0,26197000000.0,,,0.36,13.807,-227000000.0,570000000.0,570000000.0,0.0,591000000.0,,4.787,1534000000.0,,,1534000000.0,0.0,300000000.0,0.0,0.029,0.6,1101000000.0,1401000000.0,0.149,1401000000.0,1101000000.0,989000000.0,1.91,1.91,1.91,4399000000.0,4126750000.0,4399000000.0,7813900232.0,7.0,5.577,1046000000.0,3.283,1.0,9421000000.0,1.0,4502000000.0,112000000.0,22672000000.0,22993000000.0,0.0,7141000000.0,,,21059000000.0,,,6522900232.0,-357000000.0,-82000000.0,562000000.0,-668000000.0,-189000000.0,-588000000.0,-1059000000.0,-750000000.0,1273000000.0,17000000.0,588000000.0,588000000.0,588000000.0,63000000.0,3000000.0,0.062,8223000000.0,1198000000.0,10147000000.0,0.314,1.483,11.093,10.916,830000000.0,0.0,20.85,0.692,0.705,9533000000.0,3514000000.0,9421000000.0,9421000000.0,0.0,0.022,0.142,0.048,0.117,0.0,6773000000.0,1.0,312848932.0,318600000,318600000.0,29.57,21708000000.0,0.0,401000000.0,0.0,68.136,
72,AON,MRT,2003-06-30,2003-06-30,2003-06-30,2021-08-02,-786000000.0,27910000000.0,25725250000.0,,,0.361,13.57,-277000000.0,470000000.0,470000000.0,0.0,604000000.0,,5.289,1761000000.0,,,1761000000.0,0.0,283000000.0,0.0,0.028,0.675,1115000000.0,1398000000.0,0.15,1398000000.0,1115000000.0,995000000.0,2.01,2.01,2.01,4318000000.0,3955250000.0,4318000000.0,8799221606.0,8.0,6.294,1087000000.0,3.416,1.0,9295000000.0,1.0,4507000000.0,120000000.0,24694000000.0,22669000000.0,0.0,7284000000.0,,,22840000000.0,,,7517221606.0,-291000000.0,-80000000.0,568000000.0,-367000000.0,-204000000.0,-626000000.0,-1041000000.0,-684000000.0,1364000000.0,12000000.0,601000000.0,601000000.0,601000000.0,39000000.0,3000000.0,0.065,8106000000.0,1189000000.0,11876000000.0,0.336,1.741,12.508,11.98,871000000.0,0.0,24.08,0.809,0.824,11173000000.0,3454000000.0,9295000000.0,9295000000.0,0.0,0.023,0.152,0.049,0.12,0.0,6695000000.0,1.0,312176977.0,318200000,318200000.0,29.211,23403000000.0,0.0,394000000.0,0.0,73.548,
73,AON,MRT,2003-03-31,2003-03-31,2003-03-31,2021-08-02,-954000000.0,25334000000.0,24895500000.0,,,0.362,12.357,-274000000.0,506000000.0,506000000.0,0.0,458000000.0,,5.311,1788000000.0,,,1788000000.0,0.0,272000000.0,0.0,0.036,0.75,882000000.0,1154000000.0,0.128,1154000000.0,882000000.0,759000000.0,1.55,1.55,1.55,3895000000.0,3798500000.0,3895000000.0,7724194122.0,9.0,6.693,1535000000.0,4.87,1.0,9005000000.0,1.0,4324000000.0,123000000.0,22292000000.0,21924750000.0,0.0,6587000000.0,,,20687000000.0,,,6442194122.0,-159000000.0,-52000000.0,577000000.0,-388000000.0,-218000000.0,-780000000.0,-1209000000.0,-883000000.0,1809000000.0,21000000.0,455000000.0,455000000.0,455000000.0,30000000.0,3000000.0,0.051,8057000000.0,948000000.0,9904000000.0,0.484,1.654,14.159,13.342,865000000.0,0.0,20.68,0.715,0.724,9643000000.0,3251000000.0,9005000000.0,9005000000.0,0.0,0.018,0.12,0.04,0.098,0.0,6590000000.0,1.0,311518091.0,315200000,315200000.0,28.569,21010000000.0,0.0,304000000.0,0.0,66.656,
74,AON,MRT,2002-12-31,2002-12-31,2002-12-31,2021-08-02,-954000000.0,25334000000.0,24339500000.0,,,0.358,13.783,-278000000.0,484000000.0,484000000.0,0.0,466000000.0,,5.311,1788000000.0,,,1788000000.0,0.0,262000000.0,0.0,0.044,0.825,897000000.0,1159000000.0,0.133,1159000000.0,897000000.0,773000000.0,1.65,1.64,1.65,3895000000.0,3707000000.0,3895000000.0,6411310191.0,7.0,5.532,942000000.0,3.333,1.0,8716000000.0,1.0,4324000000.0,124000000.0,22314000000.0,21466250000.0,0.0,6586000000.0,,,20687000000.0,,,5156310191.0,45000000.0,-111000000.0,597000000.0,-191000000.0,-233000000.0,-596000000.0,-597000000.0,-208000000.0,1220000000.0,18000000.0,463000000.0,463000000.0,463000000.0,30000000.0,3000000.0,0.053,7752000000.0,964000000.0,9904000000.0,0.5,1.324,11.137,11.448,865000000.0,0.0,18.89,0.592,0.612,9559000000.0,3251000000.0,8716000000.0,8716000000.0,0.0,0.019,0.125,0.042,0.103,0.0,6355000000.0,1.0,272965071.0,282600000,282600000.0,30.842,21010000000.0,813000000.0,310000000.0,0.0,74.345,
75,AON,MRT,2002-09-30,2002-09-30,2002-09-30,2021-08-02,-389000000.0,24323000000.0,23588500000.0,,,0.359,13.399,-311000000.0,927000000.0,927000000.0,0.0,315000000.0,,5.322,2182000000.0,,,2182000000.0,0.0,274000000.0,0.0,0.044,0.9,672000000.0,946000000.0,0.112,946000000.0,672000000.0,552000000.0,1.14,1.12,1.14,3713000000.0,3599500000.0,3713000000.0,6935809187.0,10.0,7.332,625000000.0,2.256,1.0,8463000000.0,1.0,4202000000.0,120000000.0,21376000000.0,20827250000.0,0.0,6266000000.0,,,19760000000.0,,,5588809187.0,435000000.0,-46000000.0,48000000.0,318000000.0,-248000000.0,-477000000.0,-36000000.0,321000000.0,936000000.0,12000000.0,312000000.0,312000000.0,312000000.0,40000000.0,3000000.0,0.037,7708000000.0,755000000.0,9648000000.0,0.789,1.505,17.913,17.974,0.0,0.0,20.49,0.66,0.671,8884000000.0,3119000000.0,8463000000.0,8463000000.0,0.0,0.013,0.087,0.032,0.079,0.0,6200000000.0,1.0,272757891.0,277100000,277100000.0,30.541,20121000000.0,0.0,240000000.0,0.0,72.613,
76,AON,MRT,2002-06-30,2002-06-30,2002-06-30,2021-08-02,-380000000.0,24591000000.0,23219000000.0,,,0.35,13.277,-275000000.0,761000000.0,761000000.0,0.0,259000000.0,,5.432,2108000000.0,,,2108000000.0,0.0,296000000.0,0.0,0.031,0.9,583000000.0,879000000.0,0.108,879000000.0,583000000.0,464000000.0,0.94,0.92,0.94,3691000000.0,3577750000.0,3691000000.0,9451838674.0,16.0,10.753,599000000.0,2.155,1.0,8133000000.0,1.0,4221000000.0,119000000.0,21717000000.0,20509500000.0,0.0,5936000000.0,,,20050000000.0,,,8018838674.0,2000000.0,-79000000.0,53000000.0,131000000.0,-247000000.0,-422000000.0,-466000000.0,-112000000.0,874000000.0,16000000.0,256000000.0,256000000.0,256000000.0,36000000.0,3000000.0,0.031,7471000000.0,662000000.0,10103000000.0,0.957,2.173,31.324,31.362,0.0,0.0,29.48,0.986,1.008,9732000000.0,3056000000.0,8133000000.0,8133000000.0,0.0,0.011,0.072,0.028,0.072,0.0,5944000000.0,1.0,272009453.0,278000000,278000000.0,29.255,20370000000.0,0.0,208000000.0,0.0,73.273,
77,AON,MRT,2002-03-31,2002-03-31,2002-03-31,2021-08-02,-577000000.0,23110000000.0,22687750000.0,,,0.349,12.758,-280000000.0,569000000.0,569000000.0,0.0,288000000.0,,5.308,2002000000.0,,,2002000000.0,0.0,313000000.0,0.0,0.026,0.9,632000000.0,945000000.0,0.119,945000000.0,632000000.0,512000000.0,1.05,1.03,1.05,3529000000.0,3522500000.0,3529000000.0,11012081150.0,17.0,11.653,144000000.0,0.521,1.0,7928000000.0,1.0,4085000000.0,120000000.0,20458000000.0,20010500000.0,0.0,5995000000.0,,,18731000000.0,,,9500081150.0,-311000000.0,-98000000.0,44000000.0,147000000.0,-245000000.0,-299000000.0,-435000000.0,-57000000.0,424000000.0,-1000000.0,285000000.0,285000000.0,285000000.0,36000000.0,3000000.0,0.036,7217000000.0,711000000.0,8970000000.0,0.857,2.692,33.334,33.333,0.0,0.0,35.0,1.198,1.221,8562000000.0,3117000000.0,7928000000.0,7928000000.0,0.0,0.013,0.081,0.032,0.08,0.0,5796000000.0,1.0,271430890.0,276600000,276600000.0,28.662,19025000000.0,0.0,227000000.0,0.0,68.782,
78,AON,MRT,2001-12-31,2001-12-31,2001-12-31,2021-08-02,-535000000.0,22330000000.0,22419500000.0,,,0.341,12.72,-281000000.0,439000000.0,439000000.0,0.0,147000000.0,,5.199,1951000000.0,,,1951000000.0,0.0,338000000.0,0.0,0.025,0.895,416000000.0,754000000.0,0.099,754000000.0,416000000.0,289000000.0,0.54,0.53,0.54,3465000000.0,3481000000.0,3465000000.0,10917612775.0,26.0,14.48,284000000.0,1.043,1.0,7651000000.0,1.0,4084000000.0,127000000.0,19758000000.0,19683500000.0,0.0,6146000000.0,,,18015000000.0,,,9562612775.0,-673000000.0,-107000000.0,49000000.0,-143000000.0,-241000000.0,-620000000.0,-616000000.0,-228000000.0,565000000.0,-2000000.0,144000000.0,144000000.0,144000000.0,36000000.0,3000000.0,0.019,7156000000.0,495000000.0,8233000000.0,1.657,2.76,66.407,65.778,775000000.0,0.0,35.52,1.25,1.265,7896000000.0,3021000000.0,7651000000.0,7651000000.0,0.0,0.006,0.041,0.021,0.054,0.0,5729000000.0,1.0,269217702.0,272400000,272400000.0,28.087,18246000000.0,628000000.0,145000000.0,0.0,66.982,
79,AON,MRT,2001-09-30,2001-09-30,2001-09-30,2021-08-02,-377000000.0,22845000000.0,22399750000.0,,,0.339,13.166,-241000000.0,498000000.0,498000000.0,0.0,210000000.0,,5.066,1853000000.0,,,1853000000.0,0.0,339000000.0,0.0,0.021,0.89,502000000.0,841000000.0,0.111,841000000.0,502000000.0,366000000.0,0.78,0.77,0.78,3626000000.0,3461750000.0,3626000000.0,12377406330.0,25.0,14.717,642000000.0,2.331,1.0,7601000000.0,1.0,4095000000.0,136000000.0,20105000000.0,19575000000.0,0.0,6387000000.0,,,18369000000.0,,,11192406330.0,-482000000.0,-126000000.0,32000000.0,-463000000.0,-237000000.0,-922000000.0,-442000000.0,-75000000.0,883000000.0,-1000000.0,207000000.0,207000000.0,207000000.0,0.0,3000000.0,0.027,7056000000.0,545000000.0,8722000000.0,1.141,3.087,54.07,53.846,0.0,0.0,42.0,1.472,1.522,8353000000.0,3060000000.0,7601000000.0,7601000000.0,0.0,0.009,0.06,0.026,0.066,0.0,5752000000.0,1.0,266485865.0,275400000,275400000.0,27.6,18750000000.0,0.0,159000000.0,0.0,68.083,
80,AON,MRT,2001-06-30,2001-06-30,2001-06-30,2021-08-02,-413000000.0,22466000000.0,22146250000.0,,,0.337,12.842,-218000000.0,765000000.0,765000000.0,0.0,277000000.0,,5.229,1950000000.0,,,1950000000.0,0.0,336000000.0,0.0,0.019,0.665,620000000.0,956000000.0,0.128,956000000.0,620000000.0,477000000.0,1.05,1.04,1.05,3470000000.0,3350750000.0,3470000000.0,10143122120.0,16.0,10.61,555000000.0,2.054,1.0,7474000000.0,1.0,3930000000.0,143000000.0,19721000000.0,19396500000.0,0.0,5964000000.0,,,18146000000.0,,,9165122120.0,-165000000.0,-114000000.0,23000000.0,-267000000.0,-233000000.0,-621000000.0,-311000000.0,21000000.0,773000000.0,-6000000.0,274000000.0,274000000.0,274000000.0,0.0,3000000.0,0.037,6811000000.0,663000000.0,8643000000.0,0.633,2.641,33.449,33.333,0.0,0.0,35.0,1.226,1.265,8473000000.0,3056000000.0,7474000000.0,7474000000.0,0.0,0.012,0.082,0.032,0.083,0.0,5576000000.0,1.0,261860632.0,270200000,270200000.0,27.661,18536000000.0,0.0,203000000.0,0.0,68.601,
81,AON,MRT,2001-03-31,2001-03-31,2001-03-31,2021-08-02,-413000000.0,22037000000.0,22053500000.0,,,0.334,12.553,-177000000.0,886000000.0,886000000.0,0.0,377000000.0,,5.3,1864000000.0,,,1864000000.0,0.0,334000000.0,0.0,0.012,0.44,786000000.0,1120000000.0,0.152,1120000000.0,786000000.0,641000000.0,1.44,1.42,1.44,3363000000.0,3255000000.0,3363000000.0,10266534110.0,13.0,9.167,748000000.0,2.792,1.0,7376000000.0,1.0,3865000000.0,145000000.0,19150000000.0,19362250000.0,0.0,6079000000.0,,,17824000000.0,,,9277534110.0,112000000.0,-94000000.0,-18000000.0,-71000000.0,-230000000.0,-548000000.0,-255000000.0,16000000.0,925000000.0,-10000000.0,374000000.0,374000000.0,374000000.0,0.0,3000000.0,0.051,6547000000.0,829000000.0,8432000000.0,0.306,2.759,24.806,24.653,0.0,0.0,35.5,1.258,1.289,8050000000.0,3087000000.0,7376000000.0,7376000000.0,0.0,0.017,0.115,0.041,0.107,0.0,5315000000.0,1.0,261338989.0,267900000,267900000.0,27.533,18172000000.0,0.0,267000000.0,0.0,67.831,
82,AON,MRT,2000-12-31,2000-12-31,2000-12-31,2021-08-02,-377000000.0,22251000000.0,21869250000.0,,,0.337,12.882,-179000000.0,1118000000.0,1118000000.0,0.0,474000000.0,,5.317,2107000000.0,,,2107000000.0,0.0,333000000.0,0.0,0.006,0.22,944000000.0,1277000000.0,0.173,1277000000.0,944000000.0,804000000.0,1.81,1.79,1.81,3388000000.0,3186750000.0,3388000000.0,10068243304.0,11.0,7.884,560000000.0,2.129,1.0,7375000000.0,1.0,3916000000.0,140000000.0,19324000000.0,19232000000.0,0.0,6019000000.0,,,18013000000.0,,,8771243304.0,281000000.0,-85000000.0,-59000000.0,191000000.0,-226000000.0,-313000000.0,-137000000.0,127000000.0,739000000.0,-8000000.0,471000000.0,471000000.0,471000000.0,0.0,3000000.0,0.064,6381000000.0,994000000.0,8212000000.0,0.122,2.589,18.623,18.923,0.0,0.0,34.25,1.189,1.221,8230000000.0,3127000000.0,7375000000.0,7375000000.0,0.0,0.022,0.148,0.049,0.128,0.0,5190000000.0,1.0,256094695.0,263000000,263000000.0,28.042,18335000000.0,373000000.0,333000000.0,0.0,69.715,
83,AON,MRT,2000-09-30,2000-09-30,2000-09-30,2021-08-02,-409000000.0,21831000000.0,21589500000.0,,,0.338,12.108,-180000000.0,980000000.0,980000000.0,0.0,397000000.0,,5.594,2277000000.0,,,2277000000.0,0.0,332000000.0,0.0,0.0,0.0,813000000.0,1145000000.0,0.157,1145000000.0,813000000.0,680000000.0,1.52,1.51,1.52,3182000000.0,3102500000.0,3182000000.0,11287158946.0,14.0,9.858,338000000.0,1.286,1.0,7292000000.0,1.0,3737000000.0,133000000.0,19391000000.0,18987750000.0,0.0,6256000000.0,,,17799000000.0,,,10009158946.0,109000000.0,-82000000.0,-105000000.0,377000000.0,-222000000.0,-252000000.0,-145000000.0,117000000.0,518000000.0,-12000000.0,394000000.0,394000000.0,394000000.0,0.0,3000000.0,0.054,6429000000.0,863000000.0,8143000000.0,0.0,3.146,25.404,25.822,0.0,0.0,39.25,1.373,1.415,8009000000.0,3107000000.0,7292000000.0,7292000000.0,0.0,0.018,0.127,0.043,0.111,0.0,5257000000.0,1.0,255010419.0,262800000,262800000.0,27.747,18094000000.0,0.0,286000000.0,0.0,68.851,
84,AON,MRT,2000-06-30,2000-06-30,2000-06-30,2021-08-02,-394000000.0,22095000000.0,21410000000.0,,,0.34,11.796,-210000000.0,930000000.0,930000000.0,0.0,396000000.0,,5.882,2208000000.0,,,2208000000.0,0.0,337000000.0,0.0,0.0,0.0,799000000.0,1136000000.0,0.156,1136000000.0,799000000.0,675000000.0,1.52,1.5,1.52,3087000000.0,3096000000.0,3087000000.0,9109072353.0,11.0,8.019,157000000.0,0.6,1.0,7277000000.0,1.0,3789000000.0,124000000.0,19584000000.0,18726500000.0,0.0,6135000000.0,,,18158000000.0,,,7947072353.0,-108000000.0,-259000000.0,-116000000.0,500000000.0,-220000000.0,-232000000.0,-234000000.0,235000000.0,367000000.0,-9000000.0,393000000.0,393000000.0,393000000.0,0.0,3000000.0,0.054,6428000000.0,849000000.0,8493000000.0,0.0,2.574,20.222,20.434,0.0,0.0,31.06,1.092,1.117,8299000000.0,3036000000.0,7277000000.0,7277000000.0,0.0,0.018,0.127,0.043,0.11,0.0,5271000000.0,1.0,255861956.0,261700000,261700000.0,27.807,18306000000.0,0.0,282000000.0,0.0,69.95,
85,AON,MRT,2000-03-31,2000-03-31,2000-03-31,2021-08-02,-338000000.0,21300000000.0,20892000000.0,,,0.344,11.862,-289000000.0,774000000.0,774000000.0,0.0,418000000.0,,5.618,1936000000.0,,,1936000000.0,0.0,334000000.0,0.0,0.0,0.0,822000000.0,1156000000.0,0.161,1156000000.0,822000000.0,707000000.0,1.6,1.58,1.6,3090000000.0,2988500000.0,3090000000.0,9347623762.0,11.0,8.086,56000000.0,0.215,1.0,7181000000.0,1.0,3833000000.0,115000000.0,18629000000.0,18048500000.0,0.0,6175000000.0,,,17360000000.0,,,8270623762.0,-153000000.0,-328000000.0,-88000000.0,463000000.0,-216000000.0,-82000000.0,-410000000.0,207000000.0,345000000.0,-6000000.0,415000000.0,414000000.0,414000000.0,0.0,3000000.0,0.058,6309000000.0,872000000.0,7837000000.0,0.0,2.677,19.977,20.156,0.0,1000000.0,32.25,1.152,1.17,7500000000.0,2966000000.0,7181000000.0,7181000000.0,0.0,0.02,0.139,0.046,0.114,0.0,5176000000.0,1.0,256453450.0,260500000,260500000.0,27.566,17467000000.0,0.0,292000000.0,0.0,67.052,
86,AON,MRT,1999-12-31,1999-12-31,1999-12-31,2021-08-02,-309000000.0,21132000000.0,20410000000.0,,,0.346,11.614,-271000000.0,837000000.0,837000000.0,0.0,352000000.0,,5.648,1914000000.0,,,1914000000.0,0.0,330000000.0,0.0,0.0,0.0,697000000.0,1027000000.0,0.145,1027000000.0,697000000.0,592000000.0,1.35,1.33,1.35,3051000000.0,3034000000.0,3051000000.0,11340376720.0,16.0,11.042,191000000.0,0.727,1.0,7070000000.0,1.0,3862000000.0,105000000.0,18347000000.0,17618000000.0,0.0,6184000000.0,,,17231000000.0,,,10265376720.0,114000000.0,-395000000.0,-66000000.0,558000000.0,-210000000.0,152000000.0,-493000000.0,173000000.0,462000000.0,-7000000.0,349000000.0,349000000.0,349000000.0,0.0,3000000.0,0.049,6330000000.0,740000000.0,7643000000.0,0.0,3.365,29.414,29.63,0.0,0.0,40.0,1.452,1.486,7346000000.0,2905000000.0,7070000000.0,7070000000.0,0.0,0.017,0.115,0.04,0.099,0.0,5214000000.0,1.0,256634418.0,262700000,262700000.0,26.913,17270000000.0,343000000.0,243000000.0,0.0,65.74,
87,AON,MRT,1999-09-30,1999-09-30,1999-09-30,2021-08-02,-263000000.0,21113000000.0,20525250000.0,,,0.336,11.945,-325000000.0,871000000.0,871000000.0,0.0,478000000.0,,5.42,1946000000.0,,,1946000000.0,0.0,497000000.0,0.0,0.0,0.0,888000000.0,1385000000.0,0.201,1385000000.0,888000000.0,791000000.0,1.84,1.81,1.84,3156000000.0,3076500000.0,3156000000.0,8150266280.0,9.0,5.885,310000000.0,1.173,1.0,6894000000.0,1.0,3842000000.0,97000000.0,18346000000.0,17709350000.0,0.0,6483000000.0,,,17107000000.0,,,7572266280.0,-300000000.0,-424000000.0,-50000000.0,367000000.0,-204000000.0,53000000.0,-973000000.0,-224000000.0,635000000.0,-15000000.0,475000000.0,474000000.0,474000000.0,0.0,3000000.0,0.069,5963000000.0,931000000.0,7435000000.0,0.0,2.399,15.975,16.065,0.0,1000000.0,29.56,1.098,1.133,7054000000.0,2948000000.0,6894000000.0,6894000000.0,0.0,0.023,0.154,0.05,0.129,0.0,4884000000.0,1.0,256165977.0,264200000,264200000.0,26.094,17271000000.0,0.0,316000000.0,0.0,65.371,
88,AON,MRT,1999-06-30,1999-06-30,1999-06-30,2021-08-02,,,,,,,,-329000000.0,,,0.0,464000000.0,,,,,,,,411000000.0,,0.0,0.0,857000000.0,1268000000.0,0.188,1268000000.0,857000000.0,766000000.0,1.79,1.76,1.79,,,,11144336206.0,13.0,8.789,108000000.0,0.41,1.0,6731000000.0,1.0,,91000000.0,,,,,,,,,,10566336206.0,4000000.0,-288000000.0,-46000000.0,270000000.0,-203000000.0,208000000.0,-628000000.0,-11000000.0,437000000.0,-13000000.0,461000000.0,460000000.0,460000000.0,0.0,3000000.0,0.068,5830000000.0,901000000.0,,0.0,,22.97,23.045,,1000000.0,41.25,1.57,1.616,,,6731000000.0,6731000000.0,0.0,,,,0.127,0.0,4781000000.0,1.0,256153605.0,263700000,263700000.0,25.525,,,305000000.0,,,
89,AON,MRT,1999-03-31,1999-03-31,1999-03-31,2021-08-02,-245000000.0,20484000000.0,19988675000.0,,,0.332,11.028,-298000000.0,927000000.0,927000000.0,0.0,453000000.0,,5.801,1505000000.0,,,1505000000.0,0.0,331000000.0,0.0,0.0,0.0,834000000.0,1165000000.0,0.176,1165000000.0,834000000.0,746000000.0,1.76,1.73,1.76,2887000000.0,2981525000.0,2887000000.0,11503703676.0,14.0,9.874,573000000.0,2.189,1.0,6631000000.0,1.0,3594000000.0,88000000.0,17468000000.0,17130650000.0,0.0,6390000000.0,,,16747000000.0,,,10802703676.0,-83000000.0,-380000000.0,-31000000.0,274000000.0,-198000000.0,196000000.0,-1141000000.0,-463000000.0,871000000.0,-9000000.0,450000000.0,449000000.0,449000000.0,0.0,3000000.0,0.068,5753000000.0,878000000.0,7470000000.0,0.0,3.742,24.059,23.958,0.0,1000000.0,42.167,1.629,1.665,7113000000.0,2726000000.0,6631000000.0,6631000000.0,0.0,0.022,0.151,0.049,0.126,0.0,4718000000.0,1.0,256190601.0,261800000,261800000.0,25.328,16890000000.0,0.0,296000000.0,0.0,64.515,
90,AON,MRT,1998-12-31,1998-12-31,1998-12-31,2021-08-02,-116000000.0,19688000000.0,19586375000.0,,,0.332,11.631,-300000000.0,723000000.0,723000000.0,0.0,541000000.0,,5.244,1424000000.0,,,1424000000.0,0.0,253000000.0,0.0,0.0,0.0,974000000.0,1227000000.0,0.189,1227000000.0,974000000.0,887000000.0,2.11,2.07,2.11,3017000000.0,2980700000.0,3017000000.0,9895416151.0,10.0,8.065,564000000.0,2.174,1.0,6493000000.0,1.0,3500000000.0,87000000.0,16889000000.0,16767850000.0,0.0,6452000000.0,,,15821000000.0,,,9418916151.0,-362000000.0,-374000000.0,-18000000.0,46000000.0,-194000000.0,132000000.0,-1355000000.0,-681000000.0,864000000.0,-3000000.0,538000000.0,538000000.0,538000000.0,0.0,3000000.0,0.083,5475000000.0,1018000000.0,6948000000.0,0.0,3.122,17.507,17.498,0.0,0.0,36.92,1.451,1.475,6606000000.0,2782000000.0,6493000000.0,6493000000.0,0.0,0.027,0.18,0.058,0.15,0.0,4457000000.0,1.0,255116906.0,259400000,259400000.0,25.031,16188000000.0,214000000.0,349000000.0,156000000.0,62.406,
91,AON,MRT,1998-09-30,1998-09-30,1998-09-30,2021-08-02,25100000.0,19937500000.0,19337125000.0,,,0.326,11.487,-275600000.0,1170900000.0,1170900000.0,0.0,516100000.0,,5.369,1647400000.0,,,1647400000.0,0.0,242000000.0,0.0,0.0,0.0,921500000.0,1163500000.0,0.184,1163500000.0,921500000.0,836800000.0,2.02,1.973,2.02,2997000000.0,2931950000.0,2997000000.0,11412569792.0,12.0,9.809,743400000.0,2.849,1.0,6313200000.0,1.0,3341300000.0,84700000.0,17072700000.0,16523850000.0,0.0,6395400000.0,,,16090500000.0,,,10891269792.0,-233300000.0,-627300000.0,7300000.0,432400000.0,-192500000.0,610800000.0,-1883600000.0,-980700000.0,1019000000.0,20500000.0,504100000.0,511200000.0,511200000.0,0.0,12000000.0,0.081,5338400000.0,974800000.0,6675800000.0,0.0,3.634,21.305,21.287,0.0,-7100000.0,43.0,1.725,1.777,6656000000.0,2642500000.0,6313200000.0,6313200000.0,0.0,0.026,0.174,0.056,0.146,0.0,4509900000.0,1.0,253285344.0,260900000,260900000.0,24.198,16596200000.0,0.0,332700000.0,0.0,63.611,
92,AON,MRT,1998-06-30,1998-06-30,1998-06-30,2021-08-02,85200000.0,19845200000.0,,,,,11.712,-222300000.0,1034400000.0,1034400000.0,0.0,493100000.0,,5.279,1555700000.0,,,1555700000.0,0.0,242000000.0,0.0,0.0,0.0,880800000.0,1122800000.0,0.182,1122800000.0,880800000.0,800400000.0,1.927,1.883,1.927,3025100000.0,,3025100000.0,12131645325.0,14.0,10.805,1051400000.0,4.07,1.0,6157200000.0,1.0,3273600000.0,80400000.0,17092900000.0,,0.0,6544700000.0,,,15970100000.0,,,11847745325.0,-297500000.0,-623200000.0,14100000.0,435800000.0,-185100000.0,483500000.0,-2049000000.0,-1203500000.0,1273700000.0,-5700000.0,481100000.0,485800000.0,485800000.0,0.0,12000000.0,0.079,5223900000.0,933300000.0,6941100000.0,0.0,3.916,24.388,24.304,0.0,-4700000.0,46.833,1.924,1.965,6733700000.0,2654800000.0,6157200000.0,6157200000.0,0.0,,,,0.143,0.0,4404400000.0,1.0,252976768.0,258300000,258300000.0,23.837,16571600000.0,0.0,319300000.0,0.0,64.156,
93,AON,MRT,1998-03-31,1998-03-31,1998-03-31,2021-08-02,99100000.0,18874800000.0,18783000000.0,,,0.317,11.216,-160400000.0,1010000000.0,1010000000.0,0.0,437300000.0,,5.251,1293900000.0,,,1293900000.0,0.0,242000000.0,0.0,0.0,0.0,783600000.0,1025600000.0,0.172,1025600000.0,783600000.0,708300000.0,1.697,1.663,1.697,2883700000.0,2852900000.0,2883700000.0,11192725358.0,14.0,10.913,571800000.0,2.224,1.0,5958700000.0,1.0,3141900000.0,75300000.0,16016800000.0,15965050000.0,0.0,6117100000.0,,,15141100000.0,,,10876125358.0,-259500000.0,-455200000.0,22100000.0,287100000.0,-183600000.0,450600000.0,-1432300000.0,-816700000.0,732200000.0,-10000000.0,422000000.0,427700000.0,427700000.0,0.0,15300000.0,0.072,5118600000.0,840100000.0,6538100000.0,0.0,3.772,25.429,25.437,0.0,-5700000.0,43.167,1.825,1.863,6354300000.0,2506900000.0,5958700000.0,5958700000.0,0.0,0.023,0.15,0.049,0.132,0.0,4281100000.0,1.0,251956572.0,257100000,257100000.0,23.177,15732900000.0,0.0,286300000.0,0.0,61.194,
94,AON,MRT,1997-12-31,1997-12-31,1997-12-31,2021-08-02,103000000.0,18691000000.0,16206850000.0,,,0.355,11.032,-146000000.0,1085000000.0,1085000000.0,0.0,299000000.0,,5.322,1401000000.0,,,1401000000.0,0.0,242000000.0,0.0,0.0,0.0,560000000.0,802000000.0,0.139,802000000.0,560000000.0,490000000.0,1.14,1.12,1.14,2822000000.0,2827450000.0,2822000000.0,,,,638000000.0,2.494,1.0,5751000000.0,1.0,3094000000.0,70000000.0,15913000000.0,14181250000.0,0.0,5922000000.0,,,15019000000.0,,,9848142544.0,675000000.0,-915000000.0,21000000.0,468000000.0,-182000000.0,1300000000.0,-1376000000.0,-315000000.0,784000000.0,-33000000.0,287000000.0,287000000.0,287000000.0,0.0,12000000.0,0.05,5139000000.0,612000000.0,6380000000.0,0.0,3.49,34.314,34.287,0.0,0.0,39.087,1.712,1.739,6250000000.0,2463000000.0,5751000000.0,5751000000.0,0.0,0.018,0.102,0.039,0.097,0.0,4176000000.0,1.0,251956572.0,255800000,255800000.0,22.482,15597000000.0,137000000.0,203000000.0,180000000.0,60.973,
95,AON,MRT,1997-09-30,1997-09-30,1997-09-30,2021-08-02,,,,,,,,,,,,,,,,,,,,,,0.0,0.0,,,,,,,,,,,,,,,,,,1.0,,,,,,,,,,,,,,,,,,,,,,,,,,,,,,,,,,,,,,,,35.167,,,,,,,,,,,,,,1.0,,256650000,,,,,,,,
96,AON,MRT,1997-06-30,1997-06-30,1997-06-30,2021-08-02,,,,,,,,,,,,,,,,,,,,,,0.0,0.0,,,,,,,,,,,,,,,,,,1.0,,,,,,,,,,,,,,,,,,,,,,,,,,,,,,,,,,,,,,,,34.5,,,,,,,,,,,,,,1.0,,254400000,,,,,,,,
97,AON,MRT,1997-03-31,1997-03-31,1997-03-31,2021-08-02,103400000.0,18691200000.0,,,,,11.259,,1084700000.0,1084700000.0,,,,5.322,1401300000.0,,,1401300000.0,0.0,,0.0,0.0,0.0,,,,,,,,,,2822100000.0,,2822100000.0,,,,,,1.0,,,3094500000.0,,15913300000.0,,0.0,5922100000.0,,,15019100000.0,,,,,,,,,,,,,,,,,,,,,,6379800000.0,,,,,0.0,,27.222,,,6249900000.0,2463400000.0,,,,,,,,,,1.0,,250650000,,,15596700000.0,0.0,,0.0,62.225,
98,AON,MRT,1996-12-31,1996-12-31,1996-12-31,2021-08-02,154100000.0,13722700000.0,,,,,11.182,-75000000.0,410100000.0,410100000.0,0.0,335000000.0,,3.826,734600000.0,,,734600000.0,0.0,144000000.0,0.0,0.0,0.0,510000000.0,654000000.0,0.168,654000000.0,510000000.0,470000000.0,1.287,1.267,1.287,2832900000.0,,2832900000.0,,,,280000000.0,1.105,1.0,3888000000.0,1.0,1597700000.0,40000000.0,12449500000.0,,0.0,5212800000.0,,,10839800000.0,,,,295000000.0,1028000000.0,-40000000.0,-145000000.0,-173000000.0,-301000000.0,237000000.0,-716000000.0,355000000.0,4000000.0,316000000.0,316000000.0,316000000.0,-43000000.0,19000000.0,0.081,3402000000.0,486000000.0,4143700000.0,0.0,,,21.452,323200000.0,0.0,27.609,,1.799,4624400000.0,2356800000.0,3888000000.0,3888000000.0,0.0,,,,0.131,0.0,2536000000.0,1.0,,253350000,253350000.0,15.346,12125000000.0,0.0,154000000.0,96600000.0,47.859,
99,AON,MRT,1995-12-31,1995-12-31,1995-12-31,2021-08-02,,,,,,,,-97900000.0,,,0.0,402800000.0,,,,,,,,157900000.0,,0.0,0.0,569700000.0,727600000.0,0.21,727600000.0,569700000.0,532400000.0,1.553,1.533,1.553,,,,,,,511700000.0,2.039,1.0,3465700000.0,1.0,,37300000.0,,,,,,,,,,,-393500000.0,-109600000.0,-46400000.0,116400000.0,-171300000.0,-376800000.0,-624200000.0,-416700000.0,609600000.0,-2100000.0,378100000.0,378100000.0,378100000.0,-99100000.0,24700000.0,0.109,2970400000.0,495300000.0,,0.0,,,14.275,,0.0,22.169,,1.605,,,3465700000.0,3465700000.0,0.0,,,,0.164,0.0,2189800000.0,1.0,,250950000,250950000.0,13.81,,,154300000.0,,,
