None,ticker,dimension,calendardate,datekey,reportperiod,lastupdated,accoci,assets,assetsavg,assetsc,assetsnc,assetturnover,bvps,capex,cashneq,cashnequsd,cor,consolinc,currentratio,de,debt,debtc,debtnc,debtusd,deferredrev,depamor,deposits,divyield,dps,ebit,ebitda,ebitdamargin,ebitdausd,ebitusd,ebt,eps,epsdil,epsusd,equity,equityavg,equityusd,ev,evebit,evebitda,fcf,fcfps,fxusd,gp,grossmargin,intangibles,intexp,invcap,invcapavg,inventory,investments,investmentsc,investmentsnc,liabilities,liabilitiesc,liabilitiesnc,marketcap,ncf,ncfbus,ncfcommon,ncfdebt,ncfdiv,ncff,ncfi,ncfinv,ncfo,ncfx,netinc,netinccmn,netinccmnusd,netincdis,netincnci,netmargin,opex,opinc,payables,payoutratio,pb,pe,pe1,ppnenet,prefdivis,price,ps,ps1,receivables,retearn,revenue,revenueusd,rnd,roa,roe,roic,ros,sbcomp,sgna,sharefactor,sharesbas,shareswa,shareswadil,sps,tangibles,taxassets,taxexp,taxliabilities,tbvps,workingcapital
0,LHX,MRY,2020-12-31,2021-01-01,2021-01-01,2021-08-25,-839000000.0,36960000000.0,37515500000.0,6667000000.0,30293000000.0,0.485,98.633,-277000000.0,1276000000.0,1276000000.0,12886000000.0,1086000000.0,1.572,0.778,7689000000.0,12000000.0,7677000000.0,7689000000.0,1198000000.0,1032000000.0,0.0,0.018,3.4,1623000000.0,2655000000.0,0.146,2655000000.0,1623000000.0,1353000000.0,5.23,5.19,5.23,20724000000.0,21509250000.0,20724000000.0,46040377234.0,28.0,17.341,2513000000.0,11.96,1.0,5308000000.0,0.292,26784000000.0,270000000.0,12349000000.0,12118500000.0,1034000000.0,0.0,0.0,0.0,16119000000.0,4240000000.0,11879000000.0,39715377234.0,452000000.0,1040000000.0,-2234000000.0,-30000000.0,-725000000.0,-3112000000.0,751000000.0,0.0,2790000000.0,23000000.0,1119000000.0,1119000000.0,1119000000.0,0.0,-33000000.0,0.062,4133000000.0,1175000000.0,1406000000.0,0.65,1.916,35.492,36.141,2868000000.0,0.0,189.02,2.183,2.183,1344000000.0,2347000000.0,18194000000.0,18194000000.0,0.0,0.03,0.052,0.134,0.089,310000000.0,3315000000.0,1.0,210112037.0,210112037.0,,86.592,10176000000.0,414000000.0,234000000.0,1286000000.0,48.431,2427000000.0
1,LHX,MRY,2019-12-31,2019-06-28,2019-06-28,2021-08-25,-707000000.0,10117000000.0,9912500000.0,2578000000.0,7539000000.0,0.686,28.428,-161000000.0,530000000.0,530000000.0,4467000000.0,949000000.0,1.137,2.008,3522000000.0,759000000.0,2763000000.0,3522000000.0,496000000.0,258000000.0,0.0,0.014,2.74,1278000000.0,1536000000.0,0.226,1536000000.0,1278000000.0,1109000000.0,8.03,7.86,8.03,3363000000.0,3406500000.0,3363000000.0,25528094161.0,20.0,16.62,1024000000.0,8.656,1.0,2334000000.0,0.343,6210000000.0,169000000.0,4631000000.0,5060250000.0,360000000.0,0.0,0.0,0.0,6754000000.0,2268000000.0,4486000000.0,22341094161.0,242000000.0,0.0,-150000000.0,-281000000.0,-325000000.0,-781000000.0,-159000000.0,0.0,1185000000.0,-3000000.0,949000000.0,949000000.0,949000000.0,0.0,0.0,0.14,1242000000.0,1092000000.0,525000000.0,0.341,6.643,23.542,23.553,894000000.0,0.0,189.13,3.285,3.29,457000000.0,2173000000.0,6801000000.0,6801000000.0,0.0,0.096,0.279,0.253,0.188,141000000.0,1242000000.0,1.0,118125597.0,118300000.0,121100000.0,57.489,3907000000.0,364000000.0,160000000.0,20000000.0,33.026,310000000.0
2,LHX,MRY,2018-12-31,2018-06-29,2018-06-29,2021-08-25,-202000000.0,9851000000.0,9969000000.0,2224000000.0,7627000000.0,0.619,27.609,-136000000.0,288000000.0,288000000.0,4066000000.0,699000000.0,1.202,2.005,3790000000.0,382000000.0,3408000000.0,3790000000.0,372000000.0,259000000.0,0.0,0.016,2.28,1075000000.0,1334000000.0,0.216,1334000000.0,1075000000.0,905000000.0,5.88,5.76,5.88,3278000000.0,3099000000.0,3278000000.0,20937077230.0,19.0,15.695,615000000.0,5.18,1.0,2102000000.0,0.341,6361000000.0,170000000.0,5142000000.0,5243250000.0,411000000.0,0.0,0.0,0.0,6573000000.0,1850000000.0,4723000000.0,17161077230.0,-196000000.0,0.0,-238000000.0,-271000000.0,-272000000.0,-805000000.0,-141000000.0,0.0,751000000.0,-1000000.0,699000000.0,699000000.0,699000000.0,0.0,0.0,0.113,1182000000.0,920000000.0,622000000.0,0.388,5.235,24.551,24.582,900000000.0,0.0,144.54,2.782,2.782,466000000.0,1648000000.0,6168000000.0,6168000000.0,0.0,0.07,0.226,0.205,0.174,82000000.0,1182000000.0,1.0,118728914.0,118728914.0,,51.95,3490000000.0,293000000.0,206000000.0,94000000.0,29.395,374000000.0
3,LHX,MRY,2017-12-31,2017-06-30,2017-06-30,2021-08-25,-276000000.0,10090000000.0,11148250000.0,2073000000.0,8017000000.0,0.529,24.017,-119000000.0,484000000.0,484000000.0,3854000000.0,543000000.0,1.076,2.446,4030000000.0,634000000.0,3396000000.0,4030000000.0,252000000.0,311000000.0,0.0,0.019,2.12,976000000.0,1287000000.0,0.218,1287000000.0,976000000.0,804000000.0,4.42,4.36,4.42,2928000000.0,3013000000.0,2928000000.0,17209178958.0,18.0,13.372,450000000.0,3.691,1.0,2043000000.0,0.346,6470000000.0,172000000.0,5240000000.0,6339750000.0,841000000.0,0.0,0.0,0.0,7162000000.0,1926000000.0,5236000000.0,13298178958.0,-3000000.0,989000000.0,-656000000.0,-499000000.0,-262000000.0,-1438000000.0,870000000.0,0.0,569000000.0,-4000000.0,543000000.0,543000000.0,543000000.0,0.0,0.0,0.092,1150000000.0,893000000.0,540000000.0,0.48,4.542,24.49,24.679,904000000.0,0.0,109.08,2.255,2.255,623000000.0,1343000000.0,5897000000.0,5897000000.0,0.0,0.049,0.18,0.154,0.166,42000000.0,1150000000.0,1.0,121912165.0,121912165.0,,48.371,3620000000.0,433000000.0,261000000.0,65000000.0,29.694,147000000.0
4,LHX,MRY,2016-12-31,2016-07-01,2016-07-01,2021-08-25,-495000000.0,12009000000.0,12142500000.0,2624000000.0,9385000000.0,0.493,24.502,-152000000.0,487000000.0,487000000.0,3832000000.0,324000000.0,1.325,2.929,4517000000.0,397000000.0,4120000000.0,4517000000.0,294000000.0,229000000.0,0.0,0.024,2.0,780000000.0,1009000000.0,0.168,1009000000.0,780000000.0,597000000.0,2.61,2.59,2.61,3056000000.0,3283750000.0,3056000000.0,14792109934.0,19.0,14.66,772000000.0,6.19,1.0,2160000000.0,0.36,6583000000.0,183000000.0,7475000000.0,7145750000.0,867000000.0,0.0,0.0,0.0,8952000000.0,1981000000.0,6971000000.0,10301109934.0,6000000.0,170000000.0,44000000.0,-669000000.0,-252000000.0,-893000000.0,-1000000.0,-19000000.0,924000000.0,-24000000.0,324000000.0,324000000.0,324000000.0,287000000.0,0.0,0.054,1105000000.0,1055000000.0,494000000.0,0.766,3.371,31.794,31.644,924000000.0,0.0,82.59,1.719,1.719,674000000.0,1330000000.0,5992000000.0,5992000000.0,0.0,0.027,0.099,0.109,0.13,39000000.0,1105000000.0,1.0,124725874.0,124725874.0,,48.041,5426000000.0,624000000.0,273000000.0,8000000.0,43.503,643000000.0
5,LHX,MRY,2015-12-31,2015-07-03,2015-07-03,2021-08-25,-16000000.0,13127000000.0,6899075000.0,3183000000.0,9944000000.0,0.563,32.564,-148000000.0,481000000.0,481000000.0,2370000000.0,334000000.0,1.4,2.863,5216000000.0,163000000.0,5053000000.0,5216000000.0,433000000.0,233000000.0,0.0,0.024,1.88,573000000.0,806000000.0,0.207,806000000.0,573000000.0,443000000.0,3.15,3.11,3.15,3397000000.0,2211350000.0,3397000000.0,9224981657.0,16.0,11.445,706000000.0,6.768,1.0,1515000000.0,0.39,8123000000.0,130000000.0,7465000000.0,4135500000.0,1015000000.0,267000000.0,267000000.0,0.0,9725000000.0,2274000000.0,7451000000.0,8109581657.0,-80000000.0,-3136000000.0,-103000000.0,2729000000.0,-198000000.0,2373000000.0,-3284000000.0,0.0,854000000.0,-23000000.0,334000000.0,334000000.0,334000000.0,-47000000.0,0.0,0.086,883000000.0,632000000.0,581000000.0,0.597,2.387,24.28,24.679,1165000000.0,0.0,77.74,2.087,2.087,1168000000.0,1258000000.0,3885000000.0,3885000000.0,0.0,0.048,0.151,0.139,0.147,37000000.0,883000000.0,1.0,104316718.0,104316718.0,,37.242,5004000000.0,589000000.0,109000000.0,69000000.0,47.969,909000000.0
6,LHX,MRY,2014-12-31,2014-06-27,2014-06-27,2021-08-25,-15000000.0,4919000000.0,4885600000.0,1991000000.0,2928000000.0,1.026,17.146,-204000000.0,561000000.0,561000000.0,3310000000.0,534000000.0,1.786,1.694,1624000000.0,60000000.0,1564000000.0,1624000000.0,266000000.0,204000000.0,0.0,0.022,1.68,885000000.0,1089000000.0,0.217,1089000000.0,885000000.0,791000000.0,5.0,4.95,5.0,1826000000.0,1741325000.0,1826000000.0,9400721221.0,11.0,8.632,645000000.0,6.056,1.0,1702000000.0,0.34,1969000000.0,94000000.0,2898000000.0,3019725000.0,619000000.0,9000000.0,9000000.0,0.0,3094000000.0,1115000000.0,1979000000.0,8091821221.0,240000000.0,42000000.0,-159000000.0,-100000000.0,-180000000.0,-448000000.0,-162000000.0,0.0,849000000.0,1000000.0,535000000.0,535000000.0,535000000.0,0.0,-1000000.0,0.107,820000000.0,882000000.0,324000000.0,0.336,4.431,15.125,15.196,728000000.0,0.0,75.98,1.614,1.614,566000000.0,1226000000.0,5012000000.0,5012000000.0,0.0,0.11,0.307,0.293,0.177,35000000.0,820000000.0,1.0,106499358.0,106499358.0,,47.061,2950000000.0,227000000.0,256000000.0,2000000.0,27.7,876000000.0
7,LHX,MRY,2013-12-31,2013-06-28,2013-06-28,2021-08-25,-58600000.0,4858400000.0,5132575000.0,1948100000.0,2910300000.0,0.996,14.248,-178000000.0,321000000.0,321000000.0,3385000000.0,109000000.0,1.502,2.112,1735100000.0,158000000.0,1577100000.0,1735100000.0,308000000.0,221000000.0,0.0,0.03,1.48,425000000.0,646000000.0,0.126,646000000.0,425000000.0,316000000.0,1.01,1.01,1.01,1561300000.0,1725975000.0,1561300000.0,6862985750.0,16.0,10.624,655000000.0,5.977,1.0,1727000000.0,0.338,2000100000.0,109000000.0,2975000000.0,3312525000.0,668700000.0,0.0,0.0,0.0,3297200000.0,1297400000.0,1999800000.0,5396985750.0,-35000000.0,147000000.0,-317000000.0,-346000000.0,-165000000.0,-840000000.0,-20000000.0,11000000.0,833000000.0,-8000000.0,113000000.0,113000000.0,113000000.0,0.0,-4000000.0,0.022,914000000.0,813000000.0,339500000.0,1.465,3.457,47.761,48.762,653200000.0,0.0,49.25,1.056,1.056,696800000.0,1079900000.0,5112000000.0,5112000000.0,0.0,0.022,0.065,0.128,0.083,33000000.0,914000000.0,1.0,109583467.0,109583467.0,,46.649,2858300000.0,282200000.0,203000000.0,1800000.0,26.083,650700000.0
8,LHX,MRY,2012-12-31,2012-06-29,2012-06-29,2021-08-25,-22600000.0,5592800000.0,5886225000.0,2600400000.0,2992400000.0,0.926,17.041,-233800000.0,356000000.0,356000000.0,3569300000.0,27800000.0,1.839,1.881,2047200000.0,164200000.0,1883000000.0,2047200000.0,221500000.0,260300000.0,0.0,0.029,1.22,429800000.0,690100000.0,0.127,690100000.0,429800000.0,316600000.0,0.26,0.26,0.26,1938900000.0,2058900000.0,1938900000.0,6699904529.0,16.0,9.709,619100000.0,5.441,1.0,1882000000.0,0.345,2117000000.0,113200000.0,3752600000.0,3707475000.0,617800000.0,0.0,0.0,0.0,3646700000.0,1414400000.0,2232300000.0,4761604529.0,-10900000.0,-14100000.0,-445300000.0,-24900000.0,-139600000.0,-609800000.0,-248900000.0,-1000000.0,852900000.0,-5100000.0,30600000.0,30600000.0,30600000.0,0.0,-2800000.0,0.006,940900000.0,941100000.0,381000000.0,4.692,2.456,155.608,160.962,659400000.0,0.0,41.85,0.873,0.873,750200000.0,1416600000.0,5451300000.0,5451300000.0,0.0,0.005,0.015,0.116,0.079,34700000.0,940900000.0,1.0,113777886.0,113777886.0,,47.912,3475800000.0,252800000.0,286000000.0,12800000.0,30.549,1186000000.0
9,LHX,MRY,2011-12-31,2011-07-01,2011-07-01,2021-08-25,18700000.0,6172800000.0,5769050000.0,2216800000.0,3956000000.0,0.939,19.67,-324900000.0,366900000.0,366900000.0,3532500000.0,587100000.0,1.55,1.463,2072100000.0,184900000.0,1887200000.0,2072100000.0,232800000.0,212000000.0,0.0,0.022,1.0,985200000.0,1197200000.0,0.221,1197200000.0,985200000.0,894800000.0,4.63,4.6,4.63,2502000000.0,2417025000.0,2502000000.0,6982222421.0,7.0,5.832,508200000.0,3.995,1.0,1885900000.0,0.348,2883800000.0,90400000.0,3563700000.0,3268625000.0,720800000.0,0.0,0.0,0.0,3660800000.0,1430500000.0,2230300000.0,5793922421.0,-88300000.0,-1082600000.0,-231600000.0,851400000.0,-127000000.0,492800000.0,-1417500000.0,-10000000.0,833100000.0,3300000.0,588000000.0,588000000.0,588000000.0,0.0,-900000.0,0.109,890900000.0,995000000.0,450800000.0,0.216,2.316,9.854,9.838,872800000.0,0.0,45.55,1.069,1.069,836500000.0,1889000000.0,5418400000.0,5418400000.0,0.0,0.102,0.243,0.301,0.182,46100000.0,890900000.0,1.0,127199175.0,127199175.0,,42.598,3289000000.0,234000000.0,306800000.0,0.0,25.857,786300000.0
10,LHX,MRY,2010-12-31,2010-07-02,2010-07-02,2021-08-25,-20400000.0,4743600000.0,4573000000.0,2004600000.0,2739000000.0,1.033,16.865,-198000000.0,455200000.0,455200000.0,3052900000.0,561600000.0,1.906,1.166,1207300000.0,30700000.0,1176600000.0,1207300000.0,175600000.0,165700000.0,0.0,0.021,0.88,929100000.0,1094800000.0,0.232,1094800000.0,929100000.0,857000000.0,4.31,4.28,4.31,2189600000.0,2060200000.0,2189600000.0,6118391175.0,7.0,5.589,604700000.0,4.657,1.0,1672100000.0,0.354,1874000000.0,72100000.0,2569900000.0,2537625000.0,615300000.0,0.0,0.0,0.0,2553500000.0,1051800000.0,1501700000.0,5346591175.0,174000000.0,-52100000.0,-189100000.0,-76800000.0,-115000000.0,-380900000.0,-250100000.0,0.0,802700000.0,2300000.0,561600000.0,561600000.0,561600000.0,19400000.0,0.0,0.119,723200000.0,948900000.0,329400000.0,0.204,2.442,9.52,9.555,609700000.0,0.0,41.18,1.132,1.132,736000000.0,1621400000.0,4725000000.0,4725000000.0,0.0,0.123,0.273,0.366,0.197,35300000.0,723200000.0,1.0,129834657.0,129834657.0,,36.392,2869600000.0,268300000.0,295400000.0,8900000.0,22.102,952800000.0
11,LHX,MRY,2009-12-31,2009-07-03,2009-07-03,2021-08-25,-51400000.0,4465100000.0,4437625000.0,1859400000.0,2605700000.0,1.128,14.118,-121800000.0,281200000.0,281200000.0,3420200000.0,-124600000.0,1.676,1.389,1283700000.0,106400000.0,1177300000.0,1283700000.0,121700000.0,177700000.0,0.0,0.028,0.8,263600000.0,441300000.0,0.088,441300000.0,263600000.0,210800000.0,0.28,0.28,0.28,1869100000.0,2115300000.0,1869100000.0,4189021990.0,16.0,9.492,545000000.0,4.117,1.0,1584800000.0,0.317,1842700000.0,52800000.0,2515200000.0,2304125000.0,607200000.0,0.0,0.0,0.0,2596000000.0,1109700000.0,1486300000.0,3794321990.0,-88800000.0,-745300000.0,-126700000.0,450400000.0,-106600000.0,117100000.0,-864600000.0,2500000.0,666800000.0,-8100000.0,37900000.0,37900000.0,37900000.0,0.0,-162500000.0,0.008,791300000.0,793500000.0,368000000.0,2.857,2.03,100.114,102.357,543200000.0,0.0,28.66,0.758,0.758,770800000.0,1322800000.0,5005000000.0,5005000000.0,0.0,0.009,0.018,0.114,0.053,41900000.0,791300000.0,1.0,132390858.0,132390858.0,,37.805,2622400000.0,223500000.0,172900000.0,0.0,19.808,749700000.0
12,LHX,MRY,2008-12-31,2008-06-27,2008-06-27,2021-08-25,26000000.0,4627500000.0,4538700000.0,2052500000.0,2575000000.0,1.013,16.882,-146200000.0,274500000.0,274500000.0,3145600000.0,437000000.0,2.071,1.035,829000000.0,1000000.0,828000000.0,829000000.0,100200000.0,172200000.0,0.0,0.012,0.6,711300000.0,883500000.0,0.192,883500000.0,711300000.0,658200000.0,3.29,3.24,3.29,2274000000.0,2202100000.0,2274000000.0,7495769588.0,11.0,8.484,409300000.0,3.039,1.0,1450500000.0,0.316,1499400000.0,53100000.0,2691400000.0,2203050000.0,476000000.0,19300000.0,19300000.0,0.0,2353500000.0,991200000.0,1362300000.0,6893869588.0,1700000.0,-19400000.0,-189400000.0,-138900000.0,-81500000.0,-418600000.0,-134600000.0,31000000.0,555500000.0,-600000.0,444200000.0,444200000.0,444200000.0,0.0,-7200000.0,0.097,746500000.0,704000000.0,309300000.0,0.182,3.032,15.52,15.556,407200000.0,0.0,51.18,1.5,1.5,679900000.0,1660800000.0,4596100000.0,4596100000.0,0.0,0.098,0.202,0.323,0.155,38200000.0,746500000.0,1.0,134698507.0,134698507.0,,34.121,3128100000.0,103900000.0,214000000.0,64900000.0,23.223,1061300000.0
13,LHX,MRY,2007-12-31,2007-06-29,2007-06-29,2021-08-25,18600000.0,4406000000.0,3692750000.0,1896100000.0,2509900000.0,1.012,14.178,-129100000.0,368300000.0,368300000.0,2519800000.0,480400000.0,1.157,1.314,1128700000.0,719800000.0,408900000.0,1128700000.0,128500000.0,135200000.0,0.0,0.008,0.44,690200000.0,825400000.0,0.221,825400000.0,690200000.0,651300000.0,3.63,3.43,3.63,1903800000.0,1858900000.0,1903800000.0,7573537333.0,11.0,9.176,313900000.0,2.338,1.0,1218100000.0,0.326,1943100000.0,38900000.0,1585200000.0,1553125000.0,556800000.0,60900000.0,60900000.0,0.0,2502200000.0,1638100000.0,864100000.0,7325037333.0,187000000.0,-371500000.0,-215600000.0,402700000.0,-58200000.0,128900000.0,-382900000.0,117700000.0,443000000.0,-2000000.0,480400000.0,480400000.0,480400000.0,-133200000.0,0.0,0.129,656700000.0,561400000.0,350000000.0,0.121,3.848,15.248,15.028,459200000.0,0.0,54.55,1.96,1.96,748500000.0,1472500000.0,3737900000.0,3737900000.0,0.0,0.13,0.258,0.444,0.185,28700000.0,656700000.0,1.0,134281161.0,134281161.0,,27.836,2462900000.0,94300000.0,170900000.0,126000000.0,18.341,258000000.0
14,LHX,MRY,2006-12-31,2006-06-30,2006-06-30,2021-08-25,11700000.0,3142300000.0,2970250000.0,1438900000.0,1703400000.0,1.17,12.379,-146400000.0,181300000.0,181300000.0,2385800000.0,237900000.0,2.004,0.891,701100000.0,1600000.0,699500000.0,701100000.0,129300000.0,94800000.0,0.0,0.008,0.32,417300000.0,512100000.0,0.147,512100000.0,417300000.0,380800000.0,1.79,1.71,1.79,1662100000.0,1568350000.0,1662100000.0,5947322589.0,14.0,11.614,187800000.0,1.399,1.0,1089000000.0,0.313,1144500000.0,36500000.0,1799700000.0,1640100000.0,468900000.0,123100000.0,123100000.0,0.0,1480200000.0,717900000.0,762300000.0,5573422589.0,-196300000.0,-509600000.0,-11100000.0,290200000.0,-42700000.0,236400000.0,-768600000.0,-112600000.0,334200000.0,1700000.0,237900000.0,237900000.0,237900000.0,0.0,0.0,0.068,682300000.0,406700000.0,235600000.0,0.179,3.353,23.428,23.19,393400000.0,0.0,41.51,1.604,1.604,560600000.0,1252800000.0,3474800000.0,3474800000.0,0.0,0.08,0.152,0.254,0.12,18600000.0,682300000.0,1.0,134266986.0,134266986.0,,25.88,1997800000.0,105000000.0,142900000.0,66700000.0,14.879,721000000.0
15,LHX,MRY,2005-12-31,2005-07-01,2005-07-01,2021-08-25,-3300000.0,2457400000.0,2345275000.0,1315400000.0,1142000000.0,1.279,10.774,-98800000.0,377600000.0,377600000.0,2181600000.0,202200000.0,2.229,0.708,405600000.0,4200000.0,401400000.0,405600000.0,139000000.0,78800000.0,0.0,0.008,0.24,322400000.0,401200000.0,0.134,401200000.0,322400000.0,298400000.0,1.52,1.46,1.52,1439100000.0,1382875000.0,1439100000.0,4363748537.0,14.0,10.877,240000000.0,1.797,1.0,819000000.0,0.273,669000000.0,24000000.0,1226200000.0,1273925000.0,347800000.0,0.0,0.0,0.0,1018300000.0,590200000.0,428100000.0,4235648537.0,-53900000.0,-427300000.0,-36600000.0,-8400000.0,-31900000.0,-76900000.0,-316700000.0,209400000.0,338800000.0,900000.0,202200000.0,202200000.0,202200000.0,0.0,0.0,0.067,497800000.0,321200000.0,163700000.0,0.158,2.943,20.948,20.862,307800000.0,0.0,31.71,1.412,1.412,507600000.0,1093700000.0,3000600000.0,3000600000.0,0.0,0.086,0.146,0.253,0.107,0.0,497800000.0,1.0,133574536.0,133574536.0,,22.464,1788400000.0,96000000.0,96200000.0,31800000.0,13.389,725200000.0
16,LHX,MRY,2004-12-31,2004-07-02,2004-07-02,2021-08-25,-8800000.0,2225800000.0,2168125000.0,1537700000.0,688100000.0,1.162,9.609,-77100000.0,627500000.0,627500000.0,1888300000.0,132800000.0,2.833,0.741,411300000.0,9900000.0,401400000.0,411300000.0,129100000.0,60100000.0,0.0,0.008,0.2,211600000.0,271700000.0,0.108,271700000.0,211600000.0,187100000.0,1.0,0.97,1.0,1278800000.0,1240325000.0,1278800000.0,3185572632.0,15.0,11.725,212100000.0,1.594,1.0,630300000.0,0.25,233400000.0,24500000.0,1233400000.0,1283450000.0,220900000.0,0.0,0.0,0.0,947000000.0,542800000.0,404200000.0,3311272632.0,115000000.0,44700000.0,-27700000.0,-23600000.0,-26600000.0,-77900000.0,-97200000.0,-64800000.0,289200000.0,900000.0,132800000.0,132800000.0,132800000.0,-7100000.0,0.0,0.053,421000000.0,209300000.0,128800000.0,0.2,2.589,24.934,24.88,283300000.0,0.0,24.88,1.315,1.315,586700000.0,967600000.0,2518600000.0,2518600000.0,0.0,0.061,0.107,0.165,0.084,0.0,421000000.0,1.0,133089736.0,133089736.0,,18.924,1992400000.0,120700000.0,54300000.0,2800000.0,14.97,994900000.0
17,LHX,MRY,2003-12-31,2003-06-27,2003-06-27,2021-08-25,-13000000.0,2075300000.0,2024825000.0,1337600000.0,737700000.0,1.018,8.9,-73000000.0,442600000.0,442600000.0,1543200000.0,59500000.0,2.727,0.754,433600000.0,32000000.0,401600000.0,433600000.0,106200000.0,56400000.0,0.0,0.01,0.16,122300000.0,178700000.0,0.087,178700000.0,122300000.0,97400000.0,0.45,0.45,0.45,1183200000.0,1170200000.0,1183200000.0,2051884440.0,17.0,11.482,79800000.0,0.6,1.0,517400000.0,0.251,214300000.0,24900000.0,1361500000.0,1376475000.0,203100000.0,23100000.0,23100000.0,0.0,892100000.0,490500000.0,401600000.0,2032084440.0,216400000.0,19000000.0,-3700000.0,119900000.0,-21200000.0,95000000.0,-29300000.0,24700000.0,152800000.0,-2100000.0,59500000.0,59500000.0,59500000.0,10800000.0,0.0,0.029,414100000.0,103300000.0,112700000.0,0.356,1.717,34.153,33.967,281600000.0,0.0,15.285,0.986,0.986,608500000.0,905300000.0,2060600000.0,2060600000.0,0.0,0.029,0.051,0.089,0.059,0.0,414100000.0,1.0,132946316.0,132946316.0,,15.499,1861000000.0,109400000.0,37900000.0,0.0,13.998,847100000.0
18,LHX,MRY,2002-12-31,2002-06-28,2002-06-28,2021-08-25,-9900000.0,1858500000.0,1857175000.0,1153500000.0,705000000.0,0.988,8.678,-45900000.0,226200000.0,226200000.0,1353400000.0,82600000.0,2.71,0.616,308900000.0,25900000.0,283000000.0,308900000.0,82100000.0,55100000.0,0.0,0.006,0.1,154000000.0,209100000.0,0.114,209100000.0,154000000.0,127300000.0,0.625,0.625,0.625,1149900000.0,1126750000.0,1149900000.0,2580718274.0,17.0,12.342,160700000.0,1.213,1.0,482400000.0,0.263,215200000.0,26700000.0,1300400000.0,1470600000.0,233200000.0,52200000.0,52200000.0,0.0,708600000.0,425600000.0,283000000.0,2401118274.0,123200000.0,13600000.0,9400000.0,-110500000.0,-13200000.0,-114300000.0,29300000.0,61600000.0,206600000.0,1600000.0,82600000.0,82600000.0,82600000.0,4400000.0,0.0,0.045,378300000.0,104100000.0,99200000.0,0.16,2.088,29.069,28.992,270600000.0,0.0,18.12,1.308,1.308,589800000.0,871700000.0,1835800000.0,1835800000.0,0.0,0.044,0.073,0.105,0.084,0.0,378300000.0,1.0,132512046.0,132512046.0,,13.854,1643300000.0,109000000.0,44700000.0,0.0,12.401,727900000.0
19,LHX,MRY,2001-12-31,2001-06-29,2001-06-29,2021-08-25,37600000.0,1959900000.0,1999275000.0,1222000000.0,737900000.0,0.978,8.469,-55200000.0,103000000.0,103000000.0,1431100000.0,21400000.0,2.655,0.757,419400000.0,35000000.0,384400000.0,419400000.0,74300000.0,79700000.0,0.0,0.007,0.1,107200000.0,186900000.0,0.096,186900000.0,107200000.0,72400000.0,0.16,0.16,0.16,1115200000.0,1120050000.0,1115200000.0,2150988197.0,20.0,11.509,-82500000.0,-0.627,1.0,524000000.0,0.268,215100000.0,34800000.0,1600900000.0,1609900000.0,267700000.0,146800000.0,146800000.0,0.0,844700000.0,460300000.0,384400000.0,1791488197.0,-275200000.0,-97600000.0,-90300000.0,-83700000.0,-13300000.0,-187300000.0,-59600000.0,93200000.0,-27300000.0,-1000000.0,21400000.0,21400000.0,21400000.0,0.0,0.0,0.011,510100000.0,13900000.0,125500000.0,0.625,1.606,83.714,85.031,281900000.0,0.0,13.605,0.916,0.916,671100000.0,802300000.0,1955100000.0,1955100000.0,0.0,0.011,0.019,0.067,0.055,0.0,414400000.0,1.0,131678662.0,131678662.0,,14.848,1744800000.0,89800000.0,51000000.0,11200000.0,13.25,761700000.0
20,LHX,MRY,2000-12-31,2000-06-30,2000-06-30,2021-08-25,216000000.0,2326900000.0,2392300000.0,1629000000.0,697900000.0,0.756,9.935,-81300000.0,378200000.0,378200000.0,1352600000.0,18000000.0,2.93,0.693,491000000.0,108400000.0,382600000.0,491000000.0,73700000.0,68600000.0,0.0,0.012,0.195,56700000.0,125300000.0,0.069,125300000.0,56700000.0,31500000.0,0.125,0.125,0.125,1374300000.0,1393725000.0,1374300000.0,2339845908.0,41.0,18.674,-36600000.0,-0.265,1.0,454800000.0,0.252,166200000.0,25200000.0,1717600000.0,1893750000.0,197200000.0,432500000.0,432500000.0,0.0,952600000.0,555900000.0,396700000.0,2265245908.0,292500000.0,914300000.0,-230200000.0,-347900000.0,-29900000.0,-608000000.0,854100000.0,21100000.0,44700000.0,1700000.0,18000000.0,18000000.0,18000000.0,7000000.0,0.0,0.01,466700000.0,-11900000.0,109500000.0,1.56,1.648,125.847,131.0,295400000.0,0.0,16.375,1.253,1.253,629800000.0,864100000.0,1807400000.0,1807400000.0,0.0,0.008,0.013,0.03,0.031,0.0,404500000.0,1.0,138335628.0,138335628.0,,13.065,2160700000.0,0.0,13500000.0,44100000.0,15.619,1073100000.0
21,LHX,MRY,1999-12-31,1999-07-02,1999-07-02,2021-08-25,-4400000.0,2958600000.0,3654675000.0,1031400000.0,1927200000.0,0.477,9.968,-60400000.0,85700000.0,85700000.0,1278300000.0,53100000.0,1.278,0.861,838700000.0,324200000.0,514500000.0,838700000.0,84900000.0,63500000.0,0.0,0.024,0.48,91000000.0,154500000.0,0.089,154500000.0,91000000.0,81200000.0,0.335,0.335,0.335,1589500000.0,1618525000.0,1589500000.0,4223191998.0,46.0,27.335,201700000.0,1.265,1.0,465200000.0,0.267,72800000.0,9800000.0,2831500000.0,3209000000.0,205700000.0,15500000.0,15500000.0,0.0,1369100000.0,807300000.0,561800000.0,3139891998.0,-15800000.0,33400000.0,-11300000.0,-156500000.0,-76500000.0,-244300000.0,-36500000.0,-9500000.0,262100000.0,2900000.0,53100000.0,53100000.0,53100000.0,-12400000.0,0.0,0.03,410000000.0,55200000.0,154300000.0,1.433,1.975,59.132,58.776,291600000.0,0.0,19.69,1.801,1.801,596100000.0,1246700000.0,1743500000.0,1743500000.0,0.0,0.015,0.033,0.028,0.052,0.0,380000000.0,1.0,159466328.0,159466328.0,,10.933,2885800000.0,128400000.0,28100000.0,74100000.0,18.097,224100000.0
22,LHX,MRY,1998-12-31,1998-07-03,1998-07-03,2021-08-25,6500000.0,3230400000.0,3434150000.0,1053200000.0,2177200000.0,0.56,10.233,-87300000.0,101500000.0,101500000.0,1443500000.0,133000000.0,1.342,0.973,995200000.0,234200000.0,761000000.0,995200000.0,102900000.0,61900000.0,0.0,0.02,0.44,182800000.0,244700000.0,0.127,244700000.0,182800000.0,170300000.0,0.84,0.83,0.84,1637400000.0,1607800000.0,1637400000.0,4541114303.0,25.0,18.558,357700000.0,2.235,1.0,481300000.0,0.25,69800000.0,12500000.0,3269700000.0,3151900000.0,216400000.0,30000000.0,30000000.0,0.0,1593000000.0,784600000.0,808400000.0,3540214303.0,34300000.0,-324200000.0,12100000.0,58400000.0,-70100000.0,400000.0,-411500000.0,0.0,445000000.0,400000.0,133000000.0,133000000.0,133000000.0,-66600000.0,0.0,0.069,379200000.0,102100000.0,121700000.0,0.524,2.162,26.618,26.339,314800000.0,0.0,22.125,1.839,1.839,594000000.0,1282800000.0,1924800000.0,1924800000.0,0.0,0.039,0.083,0.058,0.095,0.0,416000000.0,1.0,160009686.0,160009686.0,,12.029,3160600000.0,111300000.0,37300000.0,128500000.0,19.753,268600000.0
23,LHX,MRY,1997-12-31,1997-06-27,1997-06-27,2021-08-25,24200000.0,3637900000.0,,2063500000.0,1574400000.0,,,-67600000.0,70700000.0,70700000.0,1460700000.0,207500000.0,1.601,1.305,983000000.0,296300000.0,686700000.0,983000000.0,290900000.0,62800000.0,0.0,0.017,0.38,266200000.0,329000000.0,0.169,329000000.0,266200000.0,242400000.0,1.33,1.315,1.33,1578200000.0,,1578200000.0,,,,288600000.0,,1.0,487900000.0,0.25,227500000.0,23800000.0,3034100000.0,,611100000.0,309000000.0,91300000.0,217700000.0,2059700000.0,1288600000.0,771100000.0,,-1800000.0,-445100000.0,10800000.0,202900000.0,-60300000.0,153400000.0,-512700000.0,0.0,356200000.0,1300000.0,207500000.0,207500000.0,207500000.0,-143200000.0,0.0,0.106,369100000.0,118800000.0,196800000.0,0.286,,,16.494,878300000.0,0.0,21.938,,,1145400000.0,1219900000.0,1948600000.0,1948600000.0,0.0,,,,0.137,0.0,399900000.0,1.0,,,,,3410400000.0,145000000.0,34900000.0,180400000.0,,774900000.0
24,LHX,MRY,1996-12-31,1996-07-03,1996-07-03,2021-08-25,,,,,,,,-292900000.0,,,2404600000.0,178400000.0,,,,,,,,170700000.0,,0.022,0.34,336900000.0,507600000.0,0.139,507600000.0,336900000.0,274400000.0,1.16,1.145,1.16,,,,,,,-31100000.0,,1.0,1254700000.0,0.343,,62500000.0,,,,,,,,,,,-44700000.0,-69900000.0,-16800000.0,126900000.0,-52800000.0,57300000.0,-362800000.0,0.0,261800000.0,-1000000.0,178400000.0,178400000.0,178400000.0,0.0,0.0,0.049,911900000.0,342800000.0,,0.293,,,13.12,,0.0,15.219,,,,,3659300000.0,3659300000.0,0.0,,,,0.092,0.0,911900000.0,1.0,,,,,,,96000000.0,,,
0,LHX,MRQ,2021-06-30,2021-07-02,2021-07-02,2021-08-25,-835000000.0,36064000000.0,,7589000000.0,28475000000.0,,97.559,-60000000.0,2029000000.0,2029000000.0,3251000000.0,413000000.0,1.7,0.81,7747000000.0,14000000.0,7733000000.0,7747000000.0,1205000000.0,233000000.0,0.0,0.017,1.02,647000000.0,880000000.0,0.189,880000000.0,647000000.0,582000000.0,2.03,2.01,2.03,19863000000.0,,19863000000.0,51822649900.0,24.0,16.462,660000000.0,3.242,1.0,1417000000.0,0.304,25192000000.0,65000000.0,12126000000.0,,938000000.0,0.0,0.0,0.0,16088000000.0,4464000000.0,11624000000.0,44981649900.0,1053000000.0,1430000000.0,-822000000.0,-5000000.0,-207000000.0,-1037000000.0,1368000000.0,0.0,720000000.0,2000000.0,413000000.0,413000000.0,413000000.0,0.0,0.0,0.088,1036000000.0,381000000.0,1406000000.0,0.502,2.265,29.988,30.393,2695000000.0,0.0,219.44,2.45,2.434,1197000000.0,2633000000.0,4668000000.0,4668000000.0,0.0,,,,,94000000.0,891000000.0,1.0,204983822.0,203600000.0,205600000.0,22.927,10872000000.0,160000000.0,169000000.0,1229000000.0,53.399,3125000000.0
1,LHX,MRQ,2021-03-31,2021-04-02,2021-04-02,2021-08-25,-854000000.0,36590000000.0,,7538000000.0,29052000000.0,,98.534,-64000000.0,976000000.0,976000000.0,3213000000.0,466000000.0,1.782,0.791,7817000000.0,14000000.0,7803000000.0,7817000000.0,1189000000.0,251000000.0,0.0,0.018,1.02,597000000.0,848000000.0,0.186,848000000.0,597000000.0,528000000.0,2.26,2.25,2.26,20367000000.0,,20367000000.0,48233304531.0,25.0,16.301,597000000.0,2.888,1.0,1354000000.0,0.296,25517000000.0,69000000.0,13683000000.0,,904000000.0,0.0,0.0,0.0,16108000000.0,4231000000.0,11877000000.0,41857304531.0,-300000000.0,0.0,-690000000.0,0.0,-209000000.0,-900000000.0,-61000000.0,0.0,661000000.0,0.0,468000000.0,468000000.0,468000000.0,1000000.0,-2000000.0,0.102,878000000.0,476000000.0,1373000000.0,0.451,2.055,30.553,31.326,2918000000.0,0.0,203.62,2.308,2.321,1096000000.0,2529000000.0,4567000000.0,4567000000.0,0.0,,,,,90000000.0,801000000.0,1.0,205565782.0,206700000.0,208500000.0,22.095,11073000000.0,317000000.0,60000000.0,1269000000.0,53.57,3307000000.0
2,LHX,MRQ,2020-12-31,2021-01-01,2021-01-01,2021-08-25,-839000000.0,36960000000.0,,6667000000.0,30293000000.0,,98.633,-83000000.0,1276000000.0,1276000000.0,3261000000.0,184000000.0,1.572,0.778,7689000000.0,12000000.0,7677000000.0,7689000000.0,1198000000.0,264000000.0,0.0,0.018,0.85,324000000.0,588000000.0,0.126,588000000.0,324000000.0,256000000.0,0.93,0.93,0.93,20724000000.0,,20724000000.0,46040377234.0,28.0,17.341,615000000.0,2.927,1.0,1399000000.0,0.3,26784000000.0,68000000.0,12349000000.0,,1034000000.0,0.0,0.0,0.0,16119000000.0,4240000000.0,11879000000.0,39715377234.0,-65000000.0,38000000.0,-423000000.0,-22000000.0,-179000000.0,-739000000.0,-47000000.0,0.0,698000000.0,23000000.0,193000000.0,193000000.0,193000000.0,-2000000.0,-9000000.0,0.041,1193000000.0,206000000.0,1406000000.0,0.914,1.916,35.492,36.141,2868000000.0,0.0,189.02,2.183,2.183,1344000000.0,2347000000.0,4660000000.0,4660000000.0,0.0,,,,,71000000.0,831000000.0,1.0,210112037.0,210112037.0,,22.179,10176000000.0,414000000.0,63000000.0,1286000000.0,48.431,2427000000.0
3,LHX,MRQ,2020-09-30,2020-10-02,2020-10-02,2021-08-25,-590000000.0,37145000000.0,,6393000000.0,30752000000.0,,99.873,-86000000.0,1341000000.0,1341000000.0,3152000000.0,430000000.0,1.37,0.737,7666000000.0,668000000.0,6998000000.0,7666000000.0,1089000000.0,253000000.0,0.0,0.019,0.85,579000000.0,832000000.0,0.186,832000000.0,579000000.0,513000000.0,2.0,1.98,2.0,21313000000.0,,21313000000.0,43183936840.0,24.0,15.238,671000000.0,3.144,1.0,1311000000.0,0.294,27164000000.0,66000000.0,11640000000.0,,894000000.0,0.0,0.0,0.0,15706000000.0,4666000000.0,11040000000.0,37416936840.0,-606000000.0,39000000.0,-1148000000.0,-2000000.0,-179000000.0,-1331000000.0,-47000000.0,0.0,757000000.0,15000000.0,426000000.0,426000000.0,426000000.0,1000000.0,4000000.0,0.095,827000000.0,484000000.0,1207000000.0,0.425,1.756,28.368,28.372,2925000000.0,0.0,173.07,2.037,2.011,1128000000.0,2383000000.0,4463000000.0,4463000000.0,0.0,,,,,77000000.0,817000000.0,1.0,216195394.0,213400000.0,215100000.0,20.914,9981000000.0,313000000.0,87000000.0,1439000000.0,46.771,1727000000.0
4,LHX,MRQ,2020-06-30,2020-07-03,2020-07-03,2021-08-25,-624000000.0,37852000000.0,,6926000000.0,30926000000.0,,102.371,-60000000.0,1947000000.0,1947000000.0,3175000000.0,278000000.0,1.51,0.707,7714000000.0,668000000.0,7046000000.0,7714000000.0,1106000000.0,285000000.0,0.0,0.019,0.85,406000000.0,691000000.0,0.155,691000000.0,406000000.0,341000000.0,1.31,1.3,1.31,22102000000.0,,22102000000.0,44387698480.0,25.0,16.416,742000000.0,3.437,1.0,1270000000.0,0.286,27351000000.0,65000000.0,11681000000.0,,859000000.0,0.0,0.0,0.0,15626000000.0,4587000000.0,11039000000.0,37129698480.0,1284000000.0,963000000.0,4000000.0,-250000000.0,-184000000.0,-430000000.0,903000000.0,0.0,802000000.0,9000000.0,283000000.0,283000000.0,283000000.0,0.0,-5000000.0,0.064,925000000.0,345000000.0,1094000000.0,0.649,1.68,28.086,28.524,2905000000.0,0.0,172.0,2.025,2.025,1148000000.0,2250000000.0,4445000000.0,4445000000.0,0.0,,,,,75000000.0,855000000.0,1.0,215870340.0,215900000.0,217800000.0,20.588,10501000000.0,323000000.0,58000000.0,1523000000.0,48.638,2339000000.0
5,LHX,MRQ,2020-03-31,2020-04-03,2020-04-03,2021-08-25,-651000000.0,38105000000.0,,7211000000.0,30894000000.0,,100.773,-48000000.0,663000000.0,663000000.0,3298000000.0,194000000.0,1.408,0.734,7921000000.0,898000000.0,7023000000.0,7921000000.0,1138000000.0,230000000.0,0.0,0.017,0.85,311000000.0,541000000.0,0.117,541000000.0,311000000.0,243000000.0,1.0,0.99,1.0,21898000000.0,,21898000000.0,45626970808.0,27.0,18.87,485000000.0,2.232,1.0,1328000000.0,0.287,27436000000.0,68000000.0,12804000000.0,,990000000.0,0.0,0.0,0.0,16078000000.0,5123000000.0,10955000000.0,38715970808.0,-161000000.0,0.0,-667000000.0,244000000.0,-183000000.0,-612000000.0,-58000000.0,0.0,533000000.0,-24000000.0,217000000.0,217000000.0,217000000.0,1000000.0,-23000000.0,0.047,1139000000.0,189000000.0,1422000000.0,0.85,1.768,29.622,25.573,2816000000.0,0.0,178.5,2.458,2.462,1278000000.0,2151000000.0,4626000000.0,4626000000.0,0.0,,,,,87000000.0,812000000.0,1.0,216896195.0,217300000.0,219300000.0,21.289,10669000000.0,317000000.0,26000000.0,1439000000.0,49.098,2088000000.0
6,LHX,MRQ,2019-12-31,2020-01-03,2020-01-03,2021-08-25,-508000000.0,38336000000.0,,6312000000.0,32024000000.0,,102.174,-89000000.0,824000000.0,824000000.0,3484000000.0,399000000.0,1.574,0.69,7735000000.0,260000000.0,7475000000.0,7735000000.0,1214000000.0,241000000.0,0.0,0.014,0.75,529000000.0,770000000.0,0.159,770000000.0,529000000.0,461000000.0,1.79,1.77,1.79,22587000000.0,,22587000000.0,53323476675.0,31.0,23.522,769000000.0,3.479,1.0,1348000000.0,0.279,28459000000.0,68000000.0,12779000000.0,,1219000000.0,0.0,0.0,0.0,15592000000.0,4009000000.0,11583000000.0,46527476675.0,-177000000.0,-5000000.0,-736000000.0,-12000000.0,-165000000.0,-957000000.0,-94000000.0,0.0,858000000.0,16000000.0,393000000.0,393000000.0,393000000.0,0.0,6000000.0,0.081,928000000.0,420000000.0,1261000000.0,0.419,2.06,34.904,26.178,2954000000.0,0.0,210.47,3.619,3.619,1216000000.0,2183000000.0,4832000000.0,4832000000.0,0.0,,,,,84000000.0,882000000.0,1.0,221064649.0,221064649.0,,21.858,9877000000.0,304000000.0,68000000.0,1505000000.0,44.679,2303000000.0
7,LHX,MRQ,2019-09-30,2019-09-27,2019-09-27,2021-08-25,-756000000.0,38947000000.0,,7027000000.0,31920000000.0,,102.305,-84000000.0,1001000000.0,1001000000.0,3242000000.0,435000000.0,1.489,0.704,7797000000.0,659000000.0,7138000000.0,7797000000.0,1210000000.0,201000000.0,0.0,0.013,0.75,501000000.0,702000000.0,0.158,702000000.0,501000000.0,434000000.0,1.93,1.9,1.93,22773000000.0,,22773000000.0,49639834973.0,34.0,26.475,-3000000.0,-0.013,1.0,1189000000.0,0.268,28265000000.0,67000000.0,12760000000.0,,1339000000.0,0.0,0.0,0.0,16022000000.0,4718000000.0,11304000000.0,46647834973.0,471000000.0,1498000000.0,-655000000.0,-97000000.0,-172000000.0,-1014000000.0,1414000000.0,0.0,81000000.0,-10000000.0,429000000.0,429000000.0,429000000.0,0.0,6000000.0,0.097,770000000.0,419000000.0,1423000000.0,0.389,2.048,40.041,25.603,3007000000.0,0.0,208.92,4.814,4.799,1275000000.0,2019000000.0,4431000000.0,4431000000.0,0.0,,,,,143000000.0,999000000.0,1.0,223280849.0,222600000.0,225400000.0,19.906,10682000000.0,415000000.0,5000000.0,1216000000.0,47.987,2309000000.0
8,LHX,MRQ,2019-06-30,2019-06-28,2019-06-28,2021-08-25,-707000000.0,10117000000.0,,2578000000.0,7539000000.0,,28.428,-57000000.0,530000000.0,530000000.0,1223000000.0,268000000.0,1.137,2.008,3522000000.0,759000000.0,2763000000.0,3522000000.0,496000000.0,65000000.0,0.0,0.014,0.685,340000000.0,405000000.0,0.217,405000000.0,340000000.0,301000000.0,2.26,2.21,2.26,3363000000.0,,3363000000.0,25528094161.0,20.0,16.62,254000000.0,2.147,1.0,642000000.0,0.344,6210000000.0,39000000.0,4631000000.0,,360000000.0,0.0,0.0,0.0,6754000000.0,2268000000.0,4486000000.0,22341094161.0,196000000.0,0.0,26000000.0,-3000000.0,-81000000.0,-59000000.0,-55000000.0,0.0,311000000.0,-1000000.0,268000000.0,268000000.0,268000000.0,-3000000.0,0.0,0.144,349000000.0,293000000.0,525000000.0,0.303,6.643,23.542,23.553,894000000.0,0.0,189.13,3.285,3.29,457000000.0,2173000000.0,1865000000.0,1865000000.0,0.0,,,,,34000000.0,349000000.0,1.0,118125597.0,118300000.0,121100000.0,15.765,3907000000.0,364000000.0,33000000.0,20000000.0,33.026,310000000.0
9,LHX,MRQ,2019-03-31,2019-03-29,2019-03-29,2021-08-25,-217000000.0,9792000000.0,,2285000000.0,7507000000.0,,30.594,-37000000.0,334000000.0,334000000.0,1139000000.0,243000000.0,1.423,1.715,3521000000.0,109000000.0,3412000000.0,3521000000.0,466000000.0,64000000.0,0.0,0.016,0.685,326000000.0,390000000.0,0.226,390000000.0,326000000.0,283000000.0,2.06,2.02,2.06,3607000000.0,,3607000000.0,22294594324.0,18.0,14.903,368000000.0,3.121,1.0,589000000.0,0.341,6273000000.0,43000000.0,5100000000.0,,433000000.0,0.0,0.0,0.0,6185000000.0,1606000000.0,4579000000.0,18818594324.0,-9000000.0,0.0,6000000.0,-301000000.0,-81000000.0,-380000000.0,-37000000.0,0.0,405000000.0,3000000.0,243000000.0,243000000.0,243000000.0,0.0,0.0,0.141,310000000.0,279000000.0,523000000.0,0.333,5.217,21.05,21.07,904000000.0,0.0,159.71,2.853,2.854,453000000.0,1986000000.0,1728000000.0,1728000000.0,0.0,,,,,37000000.0,310000000.0,1.0,117829781.0,117900000.0,120300000.0,14.656,3519000000.0,168000000.0,40000000.0,75000000.0,29.847,679000000.0
10,LHX,MRQ,2018-12-31,2018-12-28,2018-12-28,2021-08-25,-211000000.0,9852000000.0,,2311000000.0,7541000000.0,,28.989,-36000000.0,343000000.0,343000000.0,1095000000.0,225000000.0,1.268,1.887,3819000000.0,408000000.0,3411000000.0,3819000000.0,479000000.0,64000000.0,0.0,0.019,0.685,314000000.0,378000000.0,0.227,378000000.0,314000000.0,271000000.0,1.91,1.87,1.91,3412000000.0,,3412000000.0,19138495027.0,17.0,13.525,316000000.0,2.685,1.0,571000000.0,0.343,6300000000.0,43000000.0,5206000000.0,,425000000.0,0.0,0.0,0.0,6440000000.0,1822000000.0,4618000000.0,15434495027.0,38000000.0,0.0,3000000.0,-193000000.0,-81000000.0,-273000000.0,-36000000.0,0.0,352000000.0,-5000000.0,225000000.0,225000000.0,225000000.0,0.0,0.0,0.135,304000000.0,267000000.0,521000000.0,0.359,4.524,18.223,18.296,901000000.0,0.0,131.18,2.4,2.401,494000000.0,1824000000.0,1666000000.0,1666000000.0,0.0,,,,,32000000.0,304000000.0,1.0,117658904.0,117700000.0,120000000.0,14.155,3552000000.0,201000000.0,46000000.0,71000000.0,30.178,489000000.0
11,LHX,MRQ,2018-09-30,2018-09-28,2018-09-28,2021-08-25,-202000000.0,9889000000.0,,2288000000.0,7601000000.0,,27.515,-31000000.0,305000000.0,305000000.0,1010000000.0,213000000.0,1.17,2.048,4009000000.0,599000000.0,3410000000.0,4009000000.0,410000000.0,65000000.0,0.0,0.014,0.685,298000000.0,363000000.0,0.235,363000000.0,298000000.0,254000000.0,1.81,1.77,1.81,3244000000.0,,3244000000.0,23354214001.0,21.0,17.059,86000000.0,0.729,1.0,532000000.0,0.345,6333000000.0,44000000.0,5304000000.0,,413000000.0,0.0,0.0,0.0,6645000000.0,1956000000.0,4689000000.0,19852214001.0,17000000.0,0.0,-185000000.0,216000000.0,-82000000.0,-69000000.0,-31000000.0,0.0,117000000.0,0.0,213000000.0,213000000.0,213000000.0,0.0,0.0,0.138,279000000.0,253000000.0,480000000.0,0.378,6.12,26.364,26.605,898000000.0,0.0,169.21,3.151,3.167,432000000.0,1680000000.0,1542000000.0,1542000000.0,0.0,,,,,38000000.0,279000000.0,1.0,117322936.0,117900000.0,120600000.0,13.079,3556000000.0,268000000.0,41000000.0,105000000.0,30.161,332000000.0
12,LHX,MRQ,2018-06-30,2018-06-29,2018-06-29,2021-08-25,-202000000.0,9851000000.0,,2224000000.0,7627000000.0,,27.609,-57000000.0,288000000.0,288000000.0,1097000000.0,213000000.0,1.202,2.005,3790000000.0,382000000.0,3408000000.0,3790000000.0,372000000.0,67000000.0,0.0,0.016,0.57,298000000.0,365000000.0,0.22,365000000.0,298000000.0,252000000.0,1.8,1.76,1.8,3278000000.0,,3278000000.0,20937077230.0,19.0,15.695,464000000.0,3.908,1.0,564000000.0,0.34,6361000000.0,46000000.0,5142000000.0,,411000000.0,0.0,0.0,0.0,6573000000.0,1850000000.0,4723000000.0,17161077230.0,-155000000.0,2000000.0,-72000000.0,-456000000.0,-67000000.0,-609000000.0,-60000000.0,0.0,521000000.0,-7000000.0,213000000.0,213000000.0,213000000.0,-8000000.0,0.0,0.128,292000000.0,272000000.0,622000000.0,0.317,5.235,24.551,24.582,900000000.0,0.0,144.54,2.782,2.782,466000000.0,1648000000.0,1661000000.0,1661000000.0,0.0,,,,,32000000.0,292000000.0,1.0,118728914.0,118728914.0,,13.99,3490000000.0,293000000.0,39000000.0,94000000.0,29.395,374000000.0
13,LHX,MRQ,2018-03-31,2018-03-30,2018-03-30,2021-08-25,-249000000.0,10070000000.0,,2414000000.0,7656000000.0,,26.495,-36000000.0,443000000.0,443000000.0,1028000000.0,196000000.0,1.125,2.21,4219000000.0,828000000.0,3391000000.0,4219000000.0,296000000.0,62000000.0,0.0,0.014,0.57,247000000.0,309000000.0,0.198,309000000.0,247000000.0,206000000.0,1.65,1.62,1.65,3137000000.0,,3137000000.0,22645742628.0,23.0,16.59,-179000000.0,-1.512,1.0,534000000.0,0.342,6396000000.0,41000000.0,5304000000.0,,963000000.0,0.0,0.0,0.0,6933000000.0,2146000000.0,4787000000.0,19148742628.0,21000000.0,0.0,-34000000.0,300000000.0,-68000000.0,198000000.0,-36000000.0,0.0,-143000000.0,2000000.0,196000000.0,196000000.0,196000000.0,2000000.0,0.0,0.125,331000000.0,203000000.0,494000000.0,0.345,6.104,31.547,31.686,879000000.0,0.0,161.28,3.167,3.158,743000000.0,1543000000.0,1562000000.0,1562000000.0,0.0,,,,,26000000.0,331000000.0,1.0,118729803.0,118400000.0,121000000.0,13.193,3674000000.0,298000000.0,10000000.0,71000000.0,31.03,268000000.0
14,LHX,MRQ,2017-12-31,2017-12-29,2017-12-29,2021-08-25,-254000000.0,9856000000.0,,2132000000.0,7724000000.0,,25.266,-20000000.0,422000000.0,422000000.0,1022000000.0,131000000.0,1.225,2.292,3919000000.0,528000000.0,3391000000.0,3919000000.0,290000000.0,65000000.0,0.0,0.016,0.57,267000000.0,332000000.0,0.216,332000000.0,267000000.0,225000000.0,1.1,1.08,1.1,2994000000.0,,2994000000.0,20493757908.0,22.0,15.874,258000000.0,2.177,1.0,513000000.0,0.334,6422000000.0,42000000.0,5190000000.0,,942000000.0,0.0,0.0,0.0,6862000000.0,1741000000.0,5121000000.0,16884757908.0,34000000.0,-2000000.0,-71000000.0,-80000000.0,-68000000.0,-220000000.0,-22000000.0,0.0,278000000.0,-2000000.0,131000000.0,131000000.0,131000000.0,0.0,0.0,0.085,291000000.0,222000000.0,462000000.0,0.518,5.64,34.042,34.215,878000000.0,0.0,141.65,2.827,2.81,642000000.0,1424000000.0,1535000000.0,1535000000.0,0.0,,,,,13000000.0,291000000.0,1.0,119200550.0,118500000.0,120900000.0,12.954,3434000000.0,233000000.0,94000000.0,72000000.0,28.979,391000000.0
15,LHX,MRQ,2017-09-30,2017-09-29,2017-09-29,2021-08-25,-250000000.0,10099000000.0,,2127000000.0,7972000000.0,,25.08,-23000000.0,388000000.0,388000000.0,919000000.0,159000000.0,1.109,2.381,3997000000.0,602000000.0,3395000000.0,3997000000.0,264000000.0,65000000.0,0.0,0.016,0.57,263000000.0,328000000.0,0.233,328000000.0,263000000.0,222000000.0,1.33,1.31,1.33,2987000000.0,,2987000000.0,19316375907.0,20.0,14.859,72000000.0,0.605,1.0,491000000.0,0.348,6453000000.0,41000000.0,5337000000.0,,896000000.0,0.0,0.0,0.0,7112000000.0,1918000000.0,5194000000.0,15770375907.0,-96000000.0,0.0,-61000000.0,-35000000.0,-69000000.0,-174000000.0,-23000000.0,0.0,95000000.0,6000000.0,159000000.0,159000000.0,159000000.0,6000000.0,0.0,0.113,268000000.0,223000000.0,452000000.0,0.429,5.28,29.097,29.525,890000000.0,0.0,131.68,2.679,2.664,706000000.0,1387000000.0,1410000000.0,1410000000.0,0.0,,,,,11000000.0,268000000.0,1.0,119762879.0,119100000.0,121200000.0,11.839,3646000000.0,433000000.0,63000000.0,163000000.0,30.613,209000000.0
16,LHX,MRQ,2017-06-30,2017-06-30,2017-06-30,2021-08-25,-276000000.0,10090000000.0,,2073000000.0,8017000000.0,,24.017,-40000000.0,484000000.0,484000000.0,1079000000.0,121000000.0,1.076,2.446,4030000000.0,634000000.0,3396000000.0,4030000000.0,252000000.0,171000000.0,0.0,0.019,0.53,225000000.0,396000000.0,0.257,396000000.0,225000000.0,183000000.0,1.01,0.99,1.01,2928000000.0,,2928000000.0,17209178958.0,18.0,13.372,40000000.0,0.328,1.0,460000000.0,0.299,6470000000.0,42000000.0,5240000000.0,,841000000.0,0.0,0.0,0.0,7162000000.0,1926000000.0,5236000000.0,13298178958.0,182000000.0,639000000.0,-246000000.0,-186000000.0,-63000000.0,-496000000.0,599000000.0,0.0,80000000.0,-1000000.0,121000000.0,121000000.0,121000000.0,-50000000.0,0.0,0.079,365000000.0,95000000.0,540000000.0,0.525,4.542,24.49,24.679,904000000.0,0.0,109.08,2.255,2.255,623000000.0,1343000000.0,1539000000.0,1539000000.0,0.0,,,,,9000000.0,365000000.0,1.0,121912165.0,121912165.0,,12.624,3620000000.0,433000000.0,62000000.0,65000000.0,29.694,147000000.0
17,LHX,MRQ,2017-03-31,2017-03-31,2017-03-31,2021-08-25,-461000000.0,11107000000.0,,2876000000.0,8231000000.0,,23.768,-30000000.0,302000000.0,302000000.0,958000000.0,85000000.0,1.661,2.812,4213000000.0,354000000.0,3859000000.0,4213000000.0,231000000.0,39000000.0,0.0,0.019,0.53,196000000.0,235000000.0,0.158,235000000.0,196000000.0,154000000.0,0.7,0.69,0.7,2914000000.0,,2914000000.0,17887849019.0,17.0,14.472,164000000.0,1.338,1.0,531000000.0,0.357,6503000000.0,42000000.0,6783000000.0,,894000000.0,0.0,0.0,0.0,8193000000.0,1732000000.0,6461000000.0,13848849019.0,-59000000.0,375000000.0,-337000000.0,-198000000.0,-65000000.0,-601000000.0,345000000.0,0.0,194000000.0,3000000.0,85000000.0,85000000.0,85000000.0,79000000.0,0.0,0.057,256000000.0,275000000.0,428000000.0,0.757,4.753,23.795,23.674,895000000.0,0.0,111.27,2.351,2.316,714000000.0,1554000000.0,1489000000.0,1489000000.0,0.0,,,,,11000000.0,256000000.0,1.0,124461661.0,122600000.0,124500000.0,12.145,4604000000.0,680000000.0,69000000.0,13000000.0,37.553,1144000000.0
18,LHX,MRQ,2016-12-31,2016-12-30,2016-12-30,2021-08-25,-523000000.0,11618000000.0,,2612000000.0,9006000000.0,,25.521,-28000000.0,361000000.0,361000000.0,920000000.0,177000000.0,1.569,2.68,4400000000.0,313000000.0,4087000000.0,4400000000.0,260000000.0,48000000.0,0.0,0.02,0.53,293000000.0,341000000.0,0.235,341000000.0,293000000.0,249000000.0,1.42,1.4,1.42,3157000000.0,,3157000000.0,16936638265.0,15.0,12.773,224000000.0,1.811,1.0,529000000.0,0.365,7285000000.0,44000000.0,6707000000.0,,1001000000.0,0.0,0.0,0.0,8460000000.0,1665000000.0,6795000000.0,12734638265.0,77000000.0,0.0,12000000.0,-85000000.0,-66000000.0,-140000000.0,-28000000.0,0.0,252000000.0,-7000000.0,177000000.0,177000000.0,177000000.0,-14000000.0,0.0,0.122,252000000.0,277000000.0,540000000.0,0.373,4.034,19.15,19.153,908000000.0,0.0,102.47,2.14,2.13,762000000.0,1495000000.0,1449000000.0,1449000000.0,0.0,,,,,11000000.0,252000000.0,1.0,124276747.0,123700000.0,125400000.0,11.714,4333000000.0,561000000.0,72000000.0,19000000.0,35.028,947000000.0
19,LHX,MRQ,2016-09-30,2016-09-30,2016-09-30,2021-08-25,-497000000.0,11778000000.0,,2425000000.0,9353000000.0,,24.641,-21000000.0,284000000.0,284000000.0,897000000.0,160000000.0,1.307,2.858,4486000000.0,399000000.0,4087000000.0,4486000000.0,289000000.0,53000000.0,0.0,0.022,0.53,262000000.0,315000000.0,0.222,315000000.0,262000000.0,218000000.0,1.29,1.27,1.29,3053000000.0,,3053000000.0,15409815820.0,19.0,15.152,22000000.0,0.178,1.0,523000000.0,0.368,7495000000.0,44000000.0,6629000000.0,,962000000.0,0.0,0.0,0.0,8724000000.0,1856000000.0,6868000000.0,11379815820.0,-203000000.0,-25000000.0,-85000000.0,-30000000.0,-68000000.0,-201000000.0,-46000000.0,0.0,43000000.0,1000000.0,160000000.0,160000000.0,160000000.0,-15000000.0,0.0,0.113,277000000.0,246000000.0,508000000.0,0.411,3.727,33.868,33.93,988000000.0,0.0,91.61,1.82,1.816,976000000.0,1384000000.0,1420000000.0,1420000000.0,0.0,,,,,11000000.0,277000000.0,1.0,124220236.0,123900000.0,125500000.0,11.461,4283000000.0,631000000.0,58000000.0,54000000.0,34.568,569000000.0
20,LHX,MRQ,2016-06-30,2016-07-01,2016-07-01,2021-08-25,-495000000.0,12009000000.0,,2624000000.0,9385000000.0,,24.502,-70000000.0,487000000.0,487000000.0,937000000.0,160000000.0,1.325,2.929,4517000000.0,397000000.0,4120000000.0,4517000000.0,294000000.0,66000000.0,0.0,0.024,0.5,279000000.0,345000000.0,0.225,345000000.0,279000000.0,235000000.0,1.29,1.28,1.29,3056000000.0,,3056000000.0,14792109934.0,19.0,14.66,347000000.0,2.782,1.0,596000000.0,0.389,6583000000.0,44000000.0,7475000000.0,,867000000.0,0.0,0.0,0.0,8952000000.0,1981000000.0,6971000000.0,10301109934.0,185000000.0,181000000.0,8000000.0,-277000000.0,-63000000.0,-333000000.0,111000000.0,0.0,417000000.0,-10000000.0,160000000.0,160000000.0,160000000.0,-18000000.0,0.0,0.104,346000000.0,250000000.0,494000000.0,0.388,3.371,31.794,31.644,924000000.0,0.0,82.59,1.719,1.719,674000000.0,1330000000.0,1533000000.0,1533000000.0,0.0,,,,,10000000.0,346000000.0,1.0,124725874.0,124725874.0,,12.291,5426000000.0,624000000.0,75000000.0,8000000.0,43.503,643000000.0
21,LHX,MRQ,2016-03-31,2016-04-01,2016-04-01,2021-08-25,-70000000.0,11900000000.0,,2866000000.0,9034000000.0,,27.145,-33000000.0,302000000.0,302000000.0,1009000000.0,168000000.0,1.424,2.535,4793000000.0,474000000.0,4319000000.0,4793000000.0,328000000.0,49000000.0,0.0,0.025,0.5,276000000.0,325000000.0,0.21,325000000.0,276000000.0,230000000.0,1.35,1.34,1.35,3366000000.0,,3366000000.0,14213094971.0,30.0,20.275,87000000.0,0.702,1.0,541000000.0,0.349,7516000000.0,46000000.0,6863000000.0,,992000000.0,14000000.0,14000000.0,0.0,8533000000.0,2012000000.0,6521000000.0,9698094971.0,-209000000.0,-11000000.0,3000000.0,-206000000.0,-62000000.0,-265000000.0,-63000000.0,-19000000.0,120000000.0,-1000000.0,168000000.0,168000000.0,168000000.0,-9000000.0,0.0,0.108,273000000.0,268000000.0,529000000.0,0.37,2.881,89.797,105.135,1007000000.0,0.0,77.8,1.781,1.771,1054000000.0,1232000000.0,1550000000.0,1550000000.0,0.0,,,,,10000000.0,273000000.0,1.0,124654177.0,124000000.0,125100000.0,12.5,4384000000.0,506000000.0,62000000.0,22000000.0,35.355,854000000.0
22,LHX,MRQ,2015-12-31,2016-01-01,2016-01-01,2021-08-25,-66000000.0,12097000000.0,,2835000000.0,9262000000.0,,26.26,-25000000.0,511000000.0,511000000.0,1203000000.0,-152000000.0,1.325,2.721,5026000000.0,583000000.0,4443000000.0,5026000000.0,353000000.0,53000000.0,0.0,0.022,0.5,-21000000.0,32000000.0,0.018,32000000.0,-21000000.0,-67000000.0,-1.23,-1.22,-1.23,3251000000.0,,3251000000.0,15572498477.0,38.0,23.995,298000000.0,2.407,1.0,545000000.0,0.312,7632000000.0,46000000.0,6841000000.0,,1070000000.0,41000000.0,41000000.0,0.0,8845000000.0,2139000000.0,6706000000.0,10811498477.0,191000000.0,0.0,14000000.0,-54000000.0,-63000000.0,-103000000.0,-25000000.0,0.0,323000000.0,-4000000.0,-152000000.0,-152000000.0,-152000000.0,349000000.0,0.0,-0.087,217000000.0,328000000.0,558000000.0,-0.407,3.326,163.811,144.833,1102000000.0,0.0,86.9,2.127,2.117,935000000.0,1127000000.0,1748000000.0,1748000000.0,0.0,,,,,9000000.0,217000000.0,1.0,124413101.0,123800000.0,124900000.0,14.12,4465000000.0,532000000.0,85000000.0,19000000.0,36.066,696000000.0
23,LHX,MRQ,2015-09-30,2015-10-02,2015-10-02,2021-08-25,-48000000.0,12564000000.0,,3053000000.0,9511000000.0,,28.032,-24000000.0,320000000.0,320000000.0,1220000000.0,148000000.0,1.632,2.629,5081000000.0,180000000.0,4901000000.0,5081000000.0,421000000.0,61000000.0,0.0,0.026,0.5,264000000.0,325000000.0,0.179,325000000.0,264000000.0,216000000.0,1.2,1.18,1.2,3462000000.0,,3462000000.0,13911291086.0,22.0,15.79,40000000.0,0.324,1.0,591000000.0,0.326,8050000000.0,48000000.0,7404000000.0,,1107000000.0,40000000.0,40000000.0,0.0,9101000000.0,1871000000.0,7230000000.0,9176291086.0,-161000000.0,0.0,19000000.0,-132000000.0,-64000000.0,-192000000.0,-24000000.0,0.0,64000000.0,-9000000.0,148000000.0,148000000.0,148000000.0,0.0,0.0,0.082,329000000.0,262000000.0,455000000.0,0.417,2.651,25.704,23.331,1150000000.0,0.0,73.96,2.021,2.011,1078000000.0,1342000000.0,1811000000.0,1811000000.0,0.0,,,,,10000000.0,329000000.0,1.0,124070999.0,123500000.0,124700000.0,14.664,4514000000.0,541000000.0,68000000.0,85000000.0,36.551,1182000000.0
24,LHX,MRQ,2015-06-30,2015-07-03,2015-07-03,2021-08-25,-16000000.0,13127000000.0,,3183000000.0,9944000000.0,,32.564,-46000000.0,481000000.0,481000000.0,46000000.0,-56000000.0,1.4,2.863,5216000000.0,163000000.0,5053000000.0,5216000000.0,433000000.0,69000000.0,0.0,0.024,0.47,-50000000.0,19000000.0,0.056,19000000.0,-50000000.0,-101000000.0,-0.58,-0.58,-0.58,3397000000.0,,3397000000.0,9224981657.0,16.0,11.445,413000000.0,3.959,1.0,291000000.0,0.864,8123000000.0,51000000.0,7465000000.0,,1015000000.0,267000000.0,267000000.0,0.0,9725000000.0,2274000000.0,7451000000.0,8109581657.0,-7000000.0,-3143000000.0,13000000.0,2761000000.0,-49000000.0,2709000000.0,-3189000000.0,0.0,459000000.0,14000000.0,-56000000.0,-56000000.0,-56000000.0,-47000000.0,0.0,-0.166,280000000.0,11000000.0,581000000.0,-0.81,2.387,24.28,24.679,1165000000.0,0.0,77.74,2.087,2.087,1168000000.0,1258000000.0,337000000.0,337000000.0,0.0,,,,,11000000.0,280000000.0,1.0,104316718.0,104316718.0,,3.231,5004000000.0,589000000.0,-45000000.0,69000000.0,47.969,909000000.0
25,LHX,MRQ,2015-03-31,2015-04-03,2015-04-03,2021-08-25,-139100000.0,4834500000.0,,2022100000.0,2812400000.0,,17.75,-23000000.0,487700000.0,487700000.0,754000000.0,126000000.0,1.93,1.627,1603100000.0,27300000.0,1575800000.0,1603100000.0,241000000.0,60000000.0,0.0,0.023,0.47,213000000.0,273000000.0,0.23,273000000.0,213000000.0,179000000.0,1.21,1.2,1.21,1840700000.0,,1840700000.0,9375748616.0,11.0,8.821,150000000.0,1.446,1.0,433000000.0,0.365,1872200000.0,34000000.0,3030100000.0,,635700000.0,0.0,0.0,0.0,2994100000.0,1047600000.0,1946500000.0,8194148616.0,18000000.0,0.0,6000000.0,-48000000.0,-50000000.0,-117000000.0,-23000000.0,0.0,173000000.0,-15000000.0,126000000.0,126000000.0,126000000.0,0.0,0.0,0.106,220000000.0,213000000.0,279600000.0,0.388,4.452,15.71,15.835,705500000.0,0.0,78.7,1.68,1.673,652700000.0,1363100000.0,1187000000.0,1187000000.0,0.0,,,,,9000000.0,220000000.0,1.0,104118788.0,103700000.0,104800000.0,11.446,2962300000.0,203400000.0,53000000.0,19500000.0,28.566,974500000.0
26,LHX,MRQ,2014-12-31,2015-01-02,2015-01-02,2021-08-25,-77900000.0,4798200000.0,,1946000000.0,2852200000.0,,17.436,-38000000.0,469500000.0,469500000.0,808000000.0,139000000.0,1.893,1.649,1651100000.0,75300000.0,1575800000.0,1651100000.0,253300000.0,53000000.0,0.0,0.025,0.47,211000000.0,264000000.0,0.219,264000000.0,211000000.0,189000000.0,1.34,1.32,1.34,1811600000.0,,1811600000.0,8671159130.0,10.0,8.13,104000000.0,1.001,1.0,398000000.0,0.33,1900400000.0,22000000.0,3051500000.0,,649600000.0,0.0,0.0,0.0,2986800000.0,1027900000.0,1958900000.0,7490859130.0,21000000.0,0.0,-40000000.0,22000000.0,-49000000.0,-69000000.0,-38000000.0,0.0,142000000.0,-14000000.0,139000000.0,139000000.0,139000000.0,0.0,0.0,0.115,188000000.0,210000000.0,292100000.0,0.351,4.135,13.949,14.098,724500000.0,0.0,71.62,1.511,1.501,582000000.0,1286500000.0,1206000000.0,1206000000.0,0.0,,,,,9000000.0,188000000.0,1.0,104591722.0,103900000.0,104900000.0,11.607,2897800000.0,206800000.0,50000000.0,0.0,27.89,918100000.0
27,LHX,MRQ,2014-09-30,2014-09-26,2014-09-26,2021-08-25,-35600000.0,4836600000.0,,1924600000.0,2912000000.0,,17.171,-41000000.0,449100000.0,449100000.0,762000000.0,125000000.0,1.778,1.693,1629400000.0,53600000.0,1575800000.0,1629400000.0,278100000.0,51000000.0,0.0,0.026,0.47,199000000.0,250000000.0,0.216,250000000.0,199000000.0,176000000.0,1.19,1.18,1.19,1796100000.0,,1796100000.0,8169472933.0,9.0,7.571,39000000.0,0.373,1.0,393000000.0,0.34,1939300000.0,23000000.0,2995400000.0,,648300000.0,0.0,0.0,0.0,3040600000.0,1082200000.0,1958400000.0,7094972933.0,-112000000.0,7000000.0,-82000000.0,-6000000.0,-50000000.0,-150000000.0,-34000000.0,0.0,80000000.0,-8000000.0,125000000.0,125000000.0,125000000.0,0.0,0.0,0.108,195000000.0,198000000.0,302900000.0,0.395,3.95,13.281,13.517,730500000.0,0.0,67.72,1.426,1.424,603700000.0,1231400000.0,1155000000.0,1155000000.0,0.0,,,,,8000000.0,195000000.0,1.0,104769240.0,104600000.0,105800000.0,11.042,2897300000.0,210600000.0,51000000.0,33400000.0,27.699,842400000.0
28,LHX,MRQ,2014-06-30,2014-06-27,2014-06-27,2021-08-25,-15000000.0,4919000000.0,,1991000000.0,2928000000.0,,17.146,-61000000.0,561000000.0,561000000.0,899100000.0,131000000.0,1.786,1.694,1624000000.0,60000000.0,1564000000.0,1624000000.0,266000000.0,55400000.0,0.0,0.022,0.42,220500000.0,275900000.0,0.208,275900000.0,220500000.0,197100000.0,1.23,1.22,1.23,1826000000.0,,1826000000.0,9400721221.0,11.0,8.632,334000000.0,3.136,1.0,430300000.0,0.324,1969000000.0,23400000.0,2898000000.0,,619000000.0,9000000.0,9000000.0,0.0,3094000000.0,1115000000.0,1979000000.0,8091821221.0,211400000.0,15000000.0,-70800000.0,-23200000.0,-44500000.0,-147500000.0,-46000000.0,0.0,395000000.0,9900000.0,131600000.0,131600000.0,131600000.0,1400000.0,-600000.0,0.099,204300000.0,226000000.0,324000000.0,0.341,4.431,15.125,15.196,728000000.0,0.0,75.98,1.614,1.614,566000000.0,1226000000.0,1329400000.0,1329400000.0,0.0,,,,,6500000.0,204300000.0,1.0,106499358.0,106499358.0,,12.483,2950000000.0,227000000.0,65500000.0,2000000.0,27.7,876000000.0
29,LHX,MRQ,2014-03-31,2014-03-28,2014-03-28,2021-08-25,-32100000.0,4958600000.0,,2053300000.0,2905300000.0,,16.906,-58000000.0,349600000.0,349600000.0,841000000.0,141200000.0,1.746,1.762,1658500000.0,82700000.0,1575800000.0,1658500000.0,298200000.0,48200000.0,0.0,0.023,0.42,228500000.0,276700000.0,0.218,276700000.0,228500000.0,205300000.0,1.32,1.31,1.32,1795400000.0,,1795400000.0,9017773520.0,12.0,9.133,116500000.0,1.097,1.0,426500000.0,0.336,1974400000.0,23200000.0,3117200000.0,,674000000.0,0.0,0.0,0.0,3163600000.0,1175900000.0,1987700000.0,7676673520.0,15200000.0,0.0,-31200000.0,-17300000.0,-45100000.0,-93600000.0,-58000000.0,0.0,174500000.0,-7700000.0,141400000.0,141400000.0,141400000.0,-4100000.0,-200000.0,0.112,203200000.0,223300000.0,355500000.0,0.318,4.276,16.728,16.873,685500000.0,0.0,71.88,1.522,1.514,772700000.0,1199000000.0,1267500000.0,1267500000.0,0.0,,,,,10000000.0,203200000.0,1.0,106798463.0,106200000.0,107400000.0,11.935,2984200000.0,255100000.0,63900000.0,900000.0,28.1,877400000.0
30,LHX,MRQ,2013-12-31,2013-12-27,2013-12-27,2021-08-25,-38900000.0,4884100000.0,,1972400000.0,2911700000.0,,16.12,-51600000.0,334400000.0,334400000.0,795400000.0,136100000.0,1.714,1.85,1675500000.0,98400000.0,1577100000.0,1675500000.0,298500000.0,50400000.0,0.0,0.023,0.42,226100000.0,276500000.0,0.226,276500000.0,226100000.0,202400000.0,1.27,1.26,1.27,1713600000.0,,1713600000.0,8831700397.0,12.0,9.466,55300000.0,0.52,1.0,427800000.0,0.35,1987900000.0,23700000.0,3086500000.0,,688800000.0,0.0,0.0,0.0,3170900000.0,1150800000.0,2020100000.0,7498300397.0,-2800000.0,0.0,-12900000.0,5000000.0,-45100000.0,-53000000.0,-51600000.0,0.0,106900000.0,-5100000.0,136200000.0,136200000.0,136200000.0,1000000.0,-100000.0,0.111,204700000.0,223100000.0,341500000.0,0.331,4.376,18.187,18.512,668900000.0,0.0,70.16,1.506,1.498,699500000.0,1146900000.0,1223200000.0,1223200000.0,0.0,,,,,10100000.0,204700000.0,1.0,106874293.0,106300000.0,107300000.0,11.507,2896200000.0,257000000.0,66200000.0,1000000.0,27.246,821600000.0
31,LHX,MRQ,2013-09-30,2013-09-27,2013-09-27,2021-08-25,-34200000.0,4780700000.0,,1889500000.0,2891200000.0,,15.322,-33400000.0,337200000.0,337200000.0,774500000.0,125700000.0,1.663,1.933,1670600000.0,93500000.0,1577100000.0,1670600000.0,308700000.0,50000000.0,0.0,0.026,0.42,209900000.0,259900000.0,0.218,259900000.0,209900000.0,186200000.0,1.17,1.16,1.17,1630300000.0,,1630300000.0,7747896476.0,12.0,9.118,139200000.0,1.308,1.0,417400000.0,0.35,2000400000.0,23700000.0,2977200000.0,,656300000.0,0.0,0.0,0.0,3150600000.0,1136500000.0,2014100000.0,6333796476.0,16200000.0,27000000.0,-44100000.0,-64500000.0,-45300000.0,-153900000.0,-6400000.0,0.0,172600000.0,3900000.0,125800000.0,125800000.0,125800000.0,1700000.0,-100000.0,0.106,207800000.0,209600000.0,315100000.0,0.359,3.885,19.513,20.078,651900000.0,0.0,59.23,1.256,1.25,676100000.0,1090200000.0,1191900000.0,1191900000.0,0.0,,,,,8400000.0,207800000.0,1.0,106935615.0,106400000.0,107300000.0,11.202,2780300000.0,236500000.0,60400000.0,900000.0,26.131,753000000.0
32,LHX,MRQ,2013-06-30,2013-06-28,2013-06-28,2021-08-25,-58600000.0,4858400000.0,,1948100000.0,2910300000.0,,14.248,-46500000.0,321000000.0,321000000.0,887800000.0,55900000.0,1.502,2.112,1735100000.0,158000000.0,1577100000.0,1735100000.0,308000000.0,56700000.0,0.0,0.03,0.37,117600000.0,174300000.0,0.128,174300000.0,117600000.0,91700000.0,0.5,0.5,0.5,1561300000.0,,1561300000.0,6862985750.0,16.0,10.624,273300000.0,2.494,1.0,472100000.0,0.347,2000100000.0,25900000.0,2975000000.0,,668700000.0,0.0,0.0,0.0,3297200000.0,1297400000.0,1999800000.0,5396985750.0,-138000000.0,-400000.0,-127100000.0,-222200000.0,-40400000.0,-401700000.0,-47000000.0,-100000.0,319800000.0,-9100000.0,55500000.0,55500000.0,55500000.0,-338300000.0,400000.0,0.041,300200000.0,171900000.0,339500000.0,0.74,3.457,47.761,48.762,653200000.0,0.0,49.25,1.056,1.056,696800000.0,1079900000.0,1359900000.0,1359900000.0,0.0,,,,,7400000.0,300200000.0,1.0,109583467.0,109583467.0,,12.41,2858300000.0,282200000.0,36200000.0,1800000.0,26.083,650700000.0
33,LHX,MRQ,2013-03-31,2013-03-29,2013-03-29,2021-08-25,-43300000.0,5076300000.0,,2125300000.0,2951000000.0,,15.13,-48800000.0,459000000.0,459000000.0,803500000.0,94300000.0,1.474,2.032,1925000000.0,348900000.0,1576100000.0,1925000000.0,304000000.0,54100000.0,0.0,0.031,0.37,168200000.0,222300000.0,0.185,222300000.0,168200000.0,140600000.0,0.85,0.85,0.85,1673400000.0,,1673400000.0,6831260520.0,13.0,8.821,184900000.0,1.672,1.0,400200000.0,0.332,2050900000.0,27600000.0,3049800000.0,,646300000.0,0.0,0.0,0.0,3400100000.0,1441600000.0,1958500000.0,5229460520.0,130900000.0,147400000.0,-154100000.0,-4800000.0,-40600000.0,-199500000.0,98600000.0,0.0,233700000.0,-1900000.0,94800000.0,94800000.0,94800000.0,30300000.0,-500000.0,0.079,202500000.0,197700000.0,298400000.0,0.435,3.125,28.025,28.429,666900000.0,0.0,46.34,1.008,0.988,672000000.0,1163700000.0,1203700000.0,1203700000.0,0.0,,,,,10600000.0,202500000.0,1.0,112849817.0,110600000.0,111200000.0,10.883,3025400000.0,290700000.0,45800000.0,1900000.0,27.354,683700000.0
34,LHX,MRQ,2012-12-31,2012-12-28,2012-12-28,2021-08-25,10100000.0,5241300000.0,,2259200000.0,2982100000.0,,16.232,-39000000.0,328100000.0,328100000.0,845400000.0,44800000.0,1.942,1.874,1929900000.0,50700000.0,1879200000.0,1929900000.0,265200000.0,55400000.0,0.0,0.029,0.37,137800000.0,193200000.0,0.15,193200000.0,137800000.0,110200000.0,0.43,0.43,0.43,1822800000.0,,1822800000.0,7137413649.0,57.0,19.528,120000000.0,1.069,1.0,441500000.0,0.343,2089500000.0,27600000.0,3590400000.0,,624500000.0,0.0,0.0,0.0,3415200000.0,1163200000.0,2252000000.0,5486113649.0,1300000.0,0.0,-32400000.0,-48200000.0,-42100000.0,-122700000.0,-35000000.0,4000000.0,159000000.0,0.0,48500000.0,48500000.0,48500000.0,0.0,-3700000.0,0.038,213100000.0,228400000.0,299000000.0,0.86,3.01,-20.987,-20.384,666600000.0,0.0,48.31,1.025,1.013,702500000.0,1222200000.0,1286900000.0,1286900000.0,0.0,,,,,9000000.0,213100000.0,1.0,113560622.0,112300000.0,112900000.0,11.459,3151800000.0,291600000.0,61700000.0,2000000.0,28.066,1096000000.0
35,LHX,MRQ,2012-09-30,2012-09-28,2012-09-28,2021-08-25,14800000.0,5354300000.0,,2358400000.0,2995900000.0,,16.5,-43700000.0,326800000.0,326800000.0,848300000.0,-86000000.0,1.879,1.896,1978100000.0,95200000.0,1882900000.0,1978100000.0,218900000.0,54800000.0,0.0,0.026,0.37,1400000.0,56200000.0,0.045,56200000.0,1400000.0,-26500000.0,-0.77,-0.76,-0.77,1846400000.0,,1846400000.0,7491336871.0,34.0,15.885,76800000.0,0.686,1.0,413200000.0,0.328,2115400000.0,27900000.0,3634900000.0,,646800000.0,0.0,0.0,0.0,3501000000.0,1255300000.0,2245700000.0,5800136871.0,-29200000.0,0.0,-3400000.0,-70800000.0,-41900000.0,-116100000.0,-36600000.0,7100000.0,120500000.0,3000000.0,-85800000.0,-85800000.0,-85800000.0,0.0,-200000.0,-0.068,198200000.0,215000000.0,298100000.0,-0.481,3.141,-32.806,-31.423,668600000.0,0.0,51.22,1.079,1.066,661500000.0,1251300000.0,1261500000.0,1261500000.0,0.0,,,,,6000000.0,198200000.0,1.0,113239689.0,111900000.0,112600000.0,11.273,3238900000.0,266700000.0,59300000.0,48100000.0,28.945,1103100000.0
36,LHX,MRQ,2012-06-30,2012-06-29,2012-06-29,2021-08-25,-22600000.0,5592800000.0,,2600400000.0,2992400000.0,,17.041,-58500000.0,356000000.0,356000000.0,939600000.0,128500000.0,1.839,1.881,2047200000.0,164200000.0,1883000000.0,2047200000.0,221500000.0,66300000.0,0.0,0.029,0.33,236400000.0,302700000.0,0.211,302700000.0,236400000.0,209100000.0,1.12,1.11,1.12,1938900000.0,,1938900000.0,6699904529.0,16.0,9.709,311200000.0,2.735,1.0,496600000.0,0.346,2117000000.0,27300000.0,3752600000.0,,617800000.0,0.0,0.0,0.0,3646700000.0,1414400000.0,2232300000.0,4761604529.0,57000000.0,-100000.0,-19600000.0,-190100000.0,-37400000.0,-247100000.0,-58600000.0,0.0,369700000.0,-7000000.0,129100000.0,129100000.0,129100000.0,-520500000.0,-600000.0,0.09,253200000.0,243400000.0,381000000.0,0.295,2.456,155.608,160.962,659400000.0,0.0,41.85,0.873,0.873,750200000.0,1416600000.0,1436200000.0,1436200000.0,0.0,,,,,8300000.0,253200000.0,1.0,113777886.0,113777886.0,,12.623,3475800000.0,252800000.0,80000000.0,12800000.0,30.549,1186000000.0
37,LHX,MRQ,2012-03-31,2012-03-30,2012-03-30,2021-08-25,11500000.0,5648900000.0,,2208600000.0,3440300000.0,,16.86,-52800000.0,299000000.0,299000000.0,879800000.0,-354100000.0,1.469,1.979,2237300000.0,354100000.0,1883200000.0,2237300000.0,245200000.0,64700000.0,0.0,0.025,0.33,-251300000.0,-186600000.0,-0.136,-186600000.0,-251300000.0,-280000000.0,-3.15,-3.13,-3.15,1893400000.0,,1893400000.0,7179776583.0,17.0,10.449,152400000.0,1.357,1.0,489000000.0,0.357,2443600000.0,28700000.0,3639700000.0,,743000000.0,0.0,0.0,0.0,3747600000.0,1503900000.0,2243700000.0,5133376583.0,-88000000.0,0.0,-8700000.0,-196000000.0,-37700000.0,-242400000.0,-53800000.0,-1000000.0,205200000.0,3000000.0,-353200000.0,-353200000.0,-353200000.0,508500000.0,-900000.0,-0.258,242000000.0,247000000.0,346900000.0,-0.105,2.711,146.668,500.889,701700000.0,0.0,45.08,0.991,0.978,915400000.0,1343600000.0,1368800000.0,1368800000.0,0.0,,,,,9800000.0,242000000.0,1.0,113872595.0,112300000.0,112900000.0,12.189,3205300000.0,259500000.0,73200000.0,2000000.0,28.542,704700000.0
38,LHX,MRQ,2011-12-31,2011-12-30,2011-12-30,2021-08-25,-28900000.0,6172200000.0,,2227800000.0,3944400000.0,,19.963,-40600000.0,387000000.0,387000000.0,856000000.0,132300000.0,1.341,1.747,2433400000.0,550200000.0,1883200000.0,2433400000.0,275800000.0,66000000.0,0.0,0.029,0.28,233300000.0,299300000.0,0.228,299300000.0,233300000.0,204200000.0,1.17,1.16,1.17,2243800000.0,,2243800000.0,6320378683.0,7.0,5.448,158700000.0,1.412,1.0,454200000.0,0.347,2831000000.0,29100000.0,3726500000.0,,701300000.0,0.0,0.0,0.0,3919600000.0,1661100000.0,2258500000.0,4173578683.0,81600000.0,-14000000.0,-13700000.0,-18900000.0,-31900000.0,-64500000.0,-54600000.0,0.0,199300000.0,1400000.0,133100000.0,133100000.0,133100000.0,0.0,-800000.0,0.102,222300000.0,231900000.0,348100000.0,0.239,1.86,7.909,8.304,894400000.0,0.0,36.04,0.799,0.776,858100000.0,1754200000.0,1310200000.0,1310200000.0,0.0,,,,,7300000.0,222300000.0,1.0,115804070.0,112400000.0,112800000.0,11.657,3341200000.0,244200000.0,71100000.0,21800000.0,29.726,566700000.0
39,LHX,MRQ,2011-09-30,2011-09-30,2011-09-30,2021-08-25,-18600000.0,6131000000.0,,2182200000.0,3948800000.0,,18.178,-81900000.0,305400000.0,305400000.0,893900000.0,121100000.0,1.265,1.835,2452200000.0,565400000.0,1886800000.0,2452200000.0,228900000.0,63300000.0,0.0,0.03,0.28,211400000.0,274700000.0,0.206,274700000.0,211400000.0,183300000.0,1.01,1.01,1.01,2159500000.0,,2159500000.0,5812723249.0,6.0,5.044,-3200000.0,-0.027,1.0,442200000.0,0.331,2841000000.0,28100000.0,3711100000.0,,690500000.0,0.0,0.0,0.0,3962000000.0,1725700000.0,2236300000.0,4107523249.0,-61500000.0,0.0,-403300000.0,380100000.0,-32600000.0,-55800000.0,-81900000.0,0.0,78700000.0,-2500000.0,121600000.0,121600000.0,121600000.0,0.0,-500000.0,0.091,223400000.0,218800000.0,409100000.0,0.277,1.902,7.527,7.837,906000000.0,0.0,34.17,0.768,0.759,920700000.0,1666400000.0,1336100000.0,1336100000.0,0.0,,,,,9300000.0,223400000.0,1.0,120208465.0,118800000.0,119400000.0,11.247,3290000000.0,210100000.0,61700000.0,42800000.0,27.694,456500000.0
40,LHX,MRQ,2011-06-30,2011-07-01,2011-07-01,2021-08-25,18700000.0,6172800000.0,,2216800000.0,3956000000.0,,19.67,-128700000.0,366900000.0,366900000.0,816400000.0,132900000.0,1.55,1.463,2072100000.0,184900000.0,1887200000.0,2072100000.0,232800000.0,63500000.0,0.0,0.022,0.25,236200000.0,299700000.0,0.258,299700000.0,236200000.0,212200000.0,1.06,1.06,1.06,2502000000.0,,2502000000.0,6982222421.0,7.0,5.832,147600000.0,1.16,1.0,346600000.0,0.298,2883800000.0,24000000.0,3563700000.0,,720800000.0,0.0,0.0,0.0,3660800000.0,1430500000.0,2230300000.0,5793922421.0,-518200000.0,-534200000.0,-94800000.0,-3700000.0,-31300000.0,-129800000.0,-662900000.0,0.0,276300000.0,-1800000.0,133500000.0,133500000.0,133500000.0,-7200000.0,-600000.0,0.115,106800000.0,239800000.0,450800000.0,0.236,2.316,9.854,9.838,872800000.0,0.0,45.55,1.069,1.069,836500000.0,1889000000.0,1163000000.0,1163000000.0,0.0,,,,,9600000.0,106800000.0,1.0,127199175.0,127199175.0,,9.143,3289000000.0,234000000.0,78700000.0,0.0,25.857,786300000.0
41,LHX,MRQ,2011-03-31,2011-04-01,2011-04-01,2021-08-25,17600000.0,6029300000.0,,2633000000.0,3396300000.0,,19.876,-88000000.0,885100000.0,885100000.0,896600000.0,139200000.0,2.01,1.422,2073400000.0,186600000.0,1886800000.0,2073400000.0,223500000.0,52300000.0,0.0,0.019,0.25,234100000.0,286400000.0,0.203,286400000.0,234100000.0,207000000.0,1.1,1.09,1.1,2484500000.0,,2484500000.0,7569291995.0,8.0,6.301,79500000.0,0.636,1.0,516200000.0,0.365,2379400000.0,27100000.0,3528100000.0,,693900000.0,0.0,0.0,0.0,3533200000.0,1310100000.0,2223100000.0,6403091995.0,144300000.0,-30400000.0,-41600000.0,166400000.0,-31700000.0,93100000.0,-118400000.0,0.0,167500000.0,2100000.0,139500000.0,139500000.0,139500000.0,2400000.0,-300000.0,0.099,281000000.0,235200000.0,382600000.0,0.227,2.577,10.568,10.537,758800000.0,0.0,50.05,1.224,1.196,796900000.0,1864800000.0,1412800000.0,1412800000.0,0.0,,,,,10400000.0,281000000.0,1.0,127933906.0,125000000.0,126000000.0,11.302,3649900000.0,229900000.0,67500000.0,0.0,29.199,1322900000.0
42,LHX,MRQ,2010-12-31,2010-12-31,2010-12-31,2021-08-25,-3100000.0,5667400000.0,,2370400000.0,3297000000.0,,18.967,-66800000.0,740800000.0,740800000.0,940500000.0,151100000.0,2.217,1.373,1907000000.0,30700000.0,1876300000.0,1907000000.0,190900000.0,49400000.0,0.0,0.021,0.25,242300000.0,291700000.0,0.203,291700000.0,242300000.0,221900000.0,1.19,1.18,1.19,2387900000.0,,2387900000.0,6921751248.0,7.0,5.676,27600000.0,0.219,1.0,498000000.0,0.346,2331600000.0,20400000.0,3432700000.0,,651900000.0,0.0,0.0,0.0,3278900000.0,1069300000.0,2209600000.0,5811051248.0,399400000.0,0.0,-42300000.0,444600000.0,-31800000.0,370500000.0,-66800000.0,0.0,94400000.0,1300000.0,151100000.0,151100000.0,151100000.0,0.0,0.0,0.105,255200000.0,242800000.0,362700000.0,0.21,2.434,9.186,9.207,706900000.0,0.0,45.3,1.129,1.108,711600000.0,1795900000.0,1438500000.0,1438500000.0,0.0,,,,,10100000.0,255200000.0,1.0,128279277.0,125900000.0,126800000.0,11.426,3335800000.0,261300000.0,70800000.0,0.0,26.496,1301100000.0
43,LHX,MRQ,2010-09-30,2010-10-01,2010-10-01,2021-08-25,-10900000.0,5206700000.0,,1933300000.0,3273400000.0,,18.089,-41400000.0,341400000.0,341400000.0,881100000.0,163900000.0,1.363,1.27,1452100000.0,275700000.0,1176400000.0,1452100000.0,189800000.0,46800000.0,0.0,0.02,0.25,269300000.0,316100000.0,0.225,316100000.0,269300000.0,251500000.0,1.28,1.27,1.28,2293700000.0,,2293700000.0,6520320938.0,6.0,5.48,253500000.0,1.999,1.0,524300000.0,0.373,2349100000.0,17800000.0,2550000000.0,,670800000.0,0.0,0.0,0.0,2912400000.0,1418300000.0,1494100000.0,5768220938.0,-113800000.0,-518000000.0,-52900000.0,244100000.0,-32200000.0,159000000.0,-569400000.0,-10000000.0,294900000.0,1700000.0,163900000.0,163900000.0,163900000.0,0.0,0.0,0.117,255200000.0,269100000.0,390700000.0,0.195,2.515,9.289,9.312,672200000.0,0.0,44.7,1.171,1.15,705600000.0,1715100000.0,1405400000.0,1405400000.0,0.0,,,,,16000000.0,255200000.0,1.0,129042974.0,126800000.0,127700000.0,11.084,2857600000.0,216400000.0,87600000.0,73600000.0,22.536,515000000.0
44,LHX,MRQ,2010-06-30,2010-07-02,2010-07-02,2021-08-25,-20400000.0,4743600000.0,,2004600000.0,2739000000.0,,16.865,-61800000.0,455200000.0,455200000.0,642200000.0,151400000.0,1.906,1.166,1207300000.0,30700000.0,1176600000.0,1207300000.0,175600000.0,44700000.0,0.0,0.021,0.22,262300000.0,307000000.0,0.315,307000000.0,262300000.0,244700000.0,1.18,1.17,1.18,2189600000.0,,2189600000.0,6118391175.0,7.0,5.589,105600000.0,0.813,1.0,332600000.0,0.341,1874000000.0,17600000.0,2569900000.0,,615300000.0,0.0,0.0,0.0,2553500000.0,1051800000.0,1501700000.0,5346591175.0,49500000.0,-11900000.0,-45500000.0,29800000.0,-28600000.0,-44300000.0,-73700000.0,0.0,167400000.0,100000.0,151400000.0,151400000.0,151400000.0,19400000.0,0.0,0.155,50400000.0,282200000.0,329400000.0,0.186,2.442,9.52,9.555,609700000.0,0.0,41.18,1.132,1.132,736000000.0,1621400000.0,974800000.0,974800000.0,0.0,,,,,6500000.0,50400000.0,1.0,129834657.0,129834657.0,,7.508,2869600000.0,268300000.0,93300000.0,8900000.0,22.102,952800000.0
45,LHX,MRQ,2010-03-31,2010-04-02,2010-04-02,2021-08-25,-12000000.0,4627700000.0,,1911900000.0,2715800000.0,,16.436,-93800000.0,405700000.0,405700000.0,820000000.0,166200000.0,1.887,1.186,1177500000.0,800000.0,1176700000.0,1177500000.0,160600000.0,40200000.0,0.0,0.018,0.22,264400000.0,304600000.0,0.229,304600000.0,264400000.0,246300000.0,1.27,1.26,1.27,2116900000.0,,2116900000.0,7170151146.0,14.0,10.358,220100000.0,1.709,1.0,509500000.0,0.383,1883200000.0,18100000.0,2503200000.0,,647200000.0,0.0,0.0,0.0,2510800000.0,1013100000.0,1497700000.0,6257751146.0,95500000.0,-6500000.0,-44100000.0,-45200000.0,-28600000.0,-117900000.0,-100300000.0,0.0,313900000.0,-200000.0,166200000.0,166200000.0,166200000.0,0.0,0.0,0.125,245000000.0,264500000.0,341500000.0,0.173,2.956,24.656,24.533,584300000.0,0.0,47.84,1.241,1.222,656600000.0,1537300000.0,1329500000.0,1329500000.0,0.0,,,,,7600000.0,245000000.0,1.0,130805835.0,128800000.0,130000000.0,10.322,2744500000.0,238000000.0,80100000.0,16000000.0,21.308,898800000.0
46,LHX,MRQ,2009-12-31,2010-01-01,2010-01-01,2021-08-25,-14700000.0,4529700000.0,,1874600000.0,2655100000.0,,15.512,-21800000.0,310200000.0,310200000.0,778600000.0,139500000.0,1.855,1.25,1222600000.0,45700000.0,1176900000.0,1222600000.0,195500000.0,38700000.0,0.0,0.018,0.22,223400000.0,262100000.0,0.215,262100000.0,223400000.0,205200000.0,1.07,1.06,1.07,2013500000.0,,2013500000.0,7234948628.0,16.0,11.699,165100000.0,1.272,1.0,439100000.0,0.361,1892200000.0,18200000.0,2539200000.0,,672200000.0,0.0,0.0,0.0,2516200000.0,1010700000.0,1505500000.0,6263148628.0,79100000.0,-34700000.0,-44300000.0,19700000.0,-28800000.0,-53400000.0,-56500000.0,0.0,186900000.0,2100000.0,139500000.0,139500000.0,139500000.0,0.0,0.0,0.115,215700000.0,223400000.0,284400000.0,0.206,3.111,31.036,30.877,521500000.0,0.0,47.55,1.273,1.254,679500000.0,1436600000.0,1217700000.0,1217700000.0,0.0,,,,,10100000.0,215700000.0,1.0,131717111.0,129800000.0,130800000.0,9.381,2637500000.0,239300000.0,65700000.0,0.0,20.32,863900000.0
47,LHX,MRQ,2009-09-30,2009-10-02,2009-10-02,2021-08-25,-31000000.0,4391000000.0,,1797800000.0,2593200000.0,,14.685,-20600000.0,231100000.0,231100000.0,812100000.0,104500000.0,1.83,1.286,1202900000.0,25800000.0,1177100000.0,1202900000.0,155800000.0,42100000.0,0.0,0.023,0.22,179000000.0,221100000.0,0.184,221100000.0,179000000.0,160800000.0,0.79,0.79,0.79,1920800000.0,,1920800000.0,5721012440.0,22.0,13.104,113900000.0,0.871,1.0,390900000.0,0.325,1842100000.0,18200000.0,2538200000.0,,633500000.0,0.0,0.0,0.0,2470200000.0,982500000.0,1487700000.0,4718512440.0,-50100000.0,1000000.0,-55200000.0,-81100000.0,-29000000.0,-165300000.0,-19600000.0,0.0,134500000.0,300000.0,104500000.0,104500000.0,104500000.0,0.0,0.0,0.087,212100000.0,178800000.0,305500000.0,0.278,2.457,199.093,200.0,532200000.0,0.0,36.0,0.937,0.935,742700000.0,1362300000.0,1203000000.0,1203000000.0,0.0,,,,,11100000.0,212100000.0,1.0,131069790.0,130800000.0,131400000.0,9.197,2548900000.0,202900000.0,56300000.0,32200000.0,19.487,815300000.0
48,LHX,MRQ,2009-06-30,2009-07-03,2009-07-03,2021-08-25,-51400000.0,4465100000.0,,1859400000.0,2605700000.0,,14.118,-24900000.0,281200000.0,281200000.0,889700000.0,-163800000.0,1.676,1.389,1283700000.0,106400000.0,1177300000.0,1283700000.0,121700000.0,50200000.0,0.0,0.028,0.2,-145800000.0,-95600000.0,-0.074,-95600000.0,-145800000.0,-159800000.0,-1.18,-1.17,-1.18,1869100000.0,,1869100000.0,4189021990.0,16.0,9.492,237400000.0,1.793,1.0,404400000.0,0.312,1842700000.0,14000000.0,2515200000.0,,607200000.0,0.0,0.0,0.0,2596000000.0,1109700000.0,1486300000.0,3794321990.0,-170800000.0,-736200000.0,-2100000.0,452400000.0,-26500000.0,323800000.0,-761100000.0,0.0,262300000.0,4200000.0,-156400000.0,-156400000.0,-156400000.0,-356700000.0,-7400000.0,-0.121,221500000.0,182900000.0,368000000.0,-0.169,2.03,100.114,102.357,543200000.0,0.0,28.66,0.758,0.758,770800000.0,1322800000.0,1294100000.0,1294100000.0,0.0,,,,,14400000.0,221500000.0,1.0,132390858.0,132390858.0,,9.775,2622400000.0,223500000.0,-3400000.0,0.0,19.808,749700000.0
49,LHX,MRQ,2009-03-31,2009-04-03,2009-04-03,2021-08-25,-84500000.0,4332000000.0,,2187500000.0,2144500000.0,,16.423,-30200000.0,452000000.0,452000000.0,813300000.0,97500000.0,2.194,0.988,846700000.0,19200000.0,827500000.0,846700000.0,170500000.0,41800000.0,0.0,0.025,0.2,189000000.0,230800000.0,0.192,230800000.0,189000000.0,176400000.0,0.86,0.86,0.86,2179300000.0,,2179300000.0,4568254111.0,8.0,5.854,185000000.0,1.394,1.0,391800000.0,0.325,1514800000.0,12600000.0,2214900000.0,,660700000.0,4000000.0,4000000.0,0.0,2152700000.0,997000000.0,1155700000.0,4074154111.0,99300000.0,-9100000.0,-49800000.0,-1300000.0,-26200000.0,-77300000.0,-38300000.0,1000000.0,215200000.0,-300000.0,114200000.0,114200000.0,114200000.0,38400000.0,-16700000.0,0.095,188400000.0,203400000.0,339700000.0,0.233,1.869,12.893,13.03,467100000.0,0.0,30.49,0.92,0.913,886300000.0,1679200000.0,1205100000.0,1205100000.0,0.0,,,,,9100000.0,188400000.0,1.0,133622634.0,132700000.0,133100000.0,9.081,2817200000.0,111700000.0,62200000.0,37100000.0,21.23,1190500000.0
50,LHX,MRQ,2008-12-31,2009-01-02,2009-01-02,2021-08-25,-77300000.0,4269900000.0,,2157700000.0,2112200000.0,,16.049,-35000000.0,352700000.0,352700000.0,925300000.0,-176400000.0,2.171,0.996,846800000.0,19100000.0,827700000.0,846800000.0,153200000.0,43200000.0,0.0,0.017,0.2,37100000.0,80300000.0,0.06,80300000.0,37100000.0,23300000.0,-0.29,-0.29,-0.29,2139300000.0,,2139300000.0,5998645752.0,10.0,7.978,116800000.0,0.876,1.0,407900000.0,0.306,1524100000.0,13800000.0,2246000000.0,,701100000.0,5200000.0,5200000.0,0.0,2130600000.0,993900000.0,1136700000.0,5424045752.0,10500000.0,0.0,1500000.0,-70000000.0,-27000000.0,-95500000.0,-34100000.0,900000.0,151800000.0,-11700000.0,-38600000.0,-38600000.0,-38600000.0,0.0,-137800000.0,-0.029,191800000.0,216100000.0,386300000.0,-0.69,2.535,17.508,17.675,482000000.0,0.0,40.3,1.191,1.18,914300000.0,1629300000.0,1333200000.0,1333200000.0,0.0,,,,,9400000.0,191800000.0,1.0,134591706.0,133300000.0,133300000.0,10.002,2745800000.0,120100000.0,61900000.0,34700000.0,20.599,1163800000.0
51,LHX,MRQ,2008-09-30,2008-09-26,2008-09-26,2021-08-25,2100000.0,4683500000.0,,2201300000.0,2482200000.0,,16.966,-31700000.0,342200000.0,342200000.0,791900000.0,118100000.0,1.952,1.06,916800000.0,88900000.0,827900000.0,916800000.0,131900000.0,42500000.0,0.0,0.014,0.2,183300000.0,225800000.0,0.193,225800000.0,183300000.0,170900000.0,0.89,0.88,0.89,2273500000.0,,2273500000.0,6877171714.0,9.0,7.647,5800000.0,0.043,1.0,380700000.0,0.325,1890000000.0,12400000.0,2240400000.0,,677200000.0,6300000.0,6300000.0,0.0,2410000000.0,1127700000.0,1282300000.0,6401171714.0,-27800000.0,0.0,-76300000.0,69300000.0,-26900000.0,-33900000.0,-31100000.0,600000.0,37500000.0,-300000.0,118700000.0,118700000.0,118700000.0,1300000.0,-600000.0,0.101,189600000.0,191100000.0,409800000.0,0.225,2.816,13.834,13.988,482900000.0,0.0,47.7,1.411,1.408,981500000.0,1694700000.0,1172600000.0,1172600000.0,0.0,,,,,9000000.0,189600000.0,1.0,134196472.0,134000000.0,134700000.0,8.751,2793500000.0,121000000.0,52200000.0,88100000.0,20.847,1073600000.0
52,LHX,MRQ,2008-06-30,2008-06-27,2008-06-27,2021-08-25,26000000.0,4627500000.0,,2052500000.0,2575000000.0,,16.882,-37300000.0,274500000.0,274500000.0,453900000.0,114500000.0,2.071,1.035,829000000.0,1000000.0,828000000.0,829000000.0,100200000.0,46400000.0,0.0,0.012,0.15,197000000.0,243400000.0,0.339,243400000.0,197000000.0,186700000.0,0.88,0.89,0.88,2274000000.0,,2274000000.0,7495769588.0,11.0,8.484,160200000.0,1.189,1.0,264400000.0,0.368,1499400000.0,10300000.0,2691400000.0,,476000000.0,19300000.0,19300000.0,0.0,2353500000.0,991200000.0,1362300000.0,6893869588.0,78100000.0,-6600000.0,-11700000.0,-47800000.0,-20200000.0,-79700000.0,-37000000.0,6900000.0,197500000.0,-2700000.0,121700000.0,121700000.0,121700000.0,0.0,-7200000.0,0.169,62900000.0,201500000.0,309300000.0,0.17,3.032,15.52,15.556,407200000.0,0.0,51.18,1.5,1.5,679900000.0,1660800000.0,718300000.0,718300000.0,0.0,,,,,8400000.0,62900000.0,1.0,134698507.0,134698507.0,,5.333,3128100000.0,103900000.0,65000000.0,64900000.0,23.223,1061300000.0
53,LHX,MRQ,2008-03-31,2008-03-28,2008-03-28,2021-08-25,30000000.0,4525300000.0,,2009100000.0,2516200000.0,,16.214,-40800000.0,291900000.0,291900000.0,933900000.0,108000000.0,1.95,1.074,893800000.0,60300000.0,833500000.0,893800000.0,142300000.0,41600000.0,0.0,0.012,0.15,160800000.0,202400000.0,0.152,202400000.0,160800000.0,146900000.0,0.8,0.78,0.8,2182400000.0,,2182400000.0,7211709040.0,11.0,8.866,124300000.0,0.923,1.0,395700000.0,0.298,1920100000.0,13900000.0,2176900000.0,,649300000.0,34500000.0,34500000.0,0.0,2342900000.0,1030200000.0,1312700000.0,6590209040.0,-79700000.0,0.0,-97700000.0,-99400000.0,-20200000.0,-217200000.0,-30200000.0,10600000.0,165100000.0,2600000.0,108000000.0,108000000.0,108000000.0,0.0,0.0,0.081,236400000.0,159300000.0,395900000.0,0.188,3.02,16.07,15.675,481300000.0,0.0,48.28,1.439,1.419,848900000.0,1578600000.0,1329600000.0,1329600000.0,0.0,,,,,10500000.0,236400000.0,1.0,136499773.0,134600000.0,136200000.0,9.878,2605200000.0,119700000.0,38900000.0,50800000.0,19.355,978900000.0
54,LHX,MRQ,2007-12-31,2007-12-28,2007-12-28,2021-08-25,55000000.0,4551200000.0,,1960000000.0,2591200000.0,,16.278,-35600000.0,371600000.0,371600000.0,908200000.0,114300000.0,1.919,1.06,993100000.0,160600000.0,832500000.0,993100000.0,139500000.0,42300000.0,0.0,0.008,0.15,185400000.0,227700000.0,0.173,227700000.0,185400000.0,171600000.0,0.84,0.83,0.84,2208900000.0,,2208900000.0,9224308113.0,12.0,9.871,90500000.0,0.667,1.0,409500000.0,0.311,1941100000.0,13800000.0,2210200000.0,,613100000.0,63300000.0,63300000.0,0.0,2342300000.0,1021400000.0,1320900000.0,8591908113.0,28000000.0,-11300000.0,-39100000.0,12000000.0,-20500000.0,-56500000.0,-41800000.0,5100000.0,126100000.0,200000.0,114300000.0,114300000.0,114300000.0,0.0,0.0,0.087,230300000.0,179200000.0,374300000.0,0.179,3.89,16.619,16.074,467400000.0,0.0,62.69,1.987,1.968,808400000.0,1566900000.0,1317700000.0,1317700000.0,0.0,,,,,9100000.0,230300000.0,1.0,137053886.0,135700000.0,137600000.0,9.71,2610100000.0,103600000.0,57300000.0,43700000.0,19.234,938600000.0
55,LHX,MRQ,2007-09-30,2007-09-28,2007-09-28,2021-08-25,45700000.0,4450800000.0,,1870100000.0,2580700000.0,,16.162,-32500000.0,343600000.0,343600000.0,849600000.0,100200000.0,1.327,1.077,976000000.0,567900000.0,408100000.0,976000000.0,123900000.0,41900000.0,0.0,0.008,0.15,168100000.0,210000000.0,0.171,210000000.0,168100000.0,153000000.0,0.76,0.73,0.76,2143100000.0,,2143100000.0,8701308586.0,12.0,9.802,34300000.0,0.259,1.0,380900000.0,0.31,1939700000.0,15100000.0,1733700000.0,,612200000.0,50300000.0,50300000.0,0.0,2307700000.0,1409800000.0,897900000.0,7940908586.0,-24700000.0,-1500000.0,-40900000.0,-3700000.0,-20600000.0,-65200000.0,-25600000.0,8400000.0,66800000.0,-700000.0,100200000.0,100200000.0,100200000.0,0.0,0.0,0.081,216900000.0,164000000.0,329000000.0,0.197,3.705,15.987,15.329,460700000.0,0.0,57.79,1.975,1.905,758100000.0,1511500000.0,1230500000.0,1230500000.0,0.0,,,,,10200000.0,216900000.0,1.0,137409735.0,132600000.0,137900000.0,9.28,2511100000.0,105900000.0,52800000.0,86300000.0,18.937,460300000.0
56,LHX,MRQ,2007-06-30,2007-06-29,2007-06-29,2021-08-25,18600000.0,4406000000.0,,1896100000.0,2509900000.0,,14.178,-30300000.0,368300000.0,368300000.0,476100000.0,87600000.0,1.157,1.314,1128700000.0,719800000.0,408900000.0,1128700000.0,128500000.0,46100000.0,0.0,0.008,0.11,127200000.0,173300000.0,0.247,173300000.0,127200000.0,118400000.0,0.68,0.64,0.68,1903800000.0,,1903800000.0,7573537333.0,11.0,9.176,89400000.0,0.666,1.0,226400000.0,0.322,1943100000.0,8800000.0,1585200000.0,,556800000.0,60900000.0,60900000.0,0.0,2502200000.0,1638100000.0,864100000.0,7325037333.0,-113500000.0,-404700000.0,-196400000.0,398200000.0,-14000000.0,187800000.0,-414500000.0,20500000.0,119700000.0,-6500000.0,87600000.0,87600000.0,87600000.0,-133200000.0,0.0,0.125,64400000.0,162000000.0,350000000.0,0.162,3.848,15.248,15.028,459200000.0,0.0,54.55,1.96,1.96,748500000.0,1472500000.0,702500000.0,702500000.0,0.0,,,,,9600000.0,64400000.0,1.0,134281161.0,134281161.0,,5.232,2462900000.0,94300000.0,30800000.0,126000000.0,18.341,258000000.0
57,LHX,MRQ,2007-03-31,2007-03-30,2007-03-30,2021-08-25,-2300000.0,3940800000.0,,1787900000.0,2152900000.0,,15.003,-36100000.0,481800000.0,481800000.0,719100000.0,214900000.0,1.508,0.975,730300000.0,319300000.0,411000000.0,730300000.0,162100000.0,34300000.0,0.0,0.008,0.11,289200000.0,323500000.0,0.302,323500000.0,289200000.0,278700000.0,1.62,1.52,1.62,1995400000.0,,1995400000.0,7163114985.0,10.0,8.739,104900000.0,0.789,1.0,353300000.0,0.329,1520800000.0,10500000.0,1482500000.0,,523000000.0,40800000.0,40800000.0,0.0,1945400000.0,1186000000.0,759400000.0,6831814985.0,113900000.0,33200000.0,-2200000.0,6400000.0,-14800000.0,-10600000.0,-18300000.0,-15400000.0,141000000.0,1800000.0,214900000.0,214900000.0,214900000.0,0.0,0.0,0.2,241500000.0,111800000.0,279100000.0,0.068,3.424,14.295,14.153,451200000.0,0.0,50.95,1.696,1.682,635400000.0,1563300000.0,1072400000.0,1072400000.0,0.0,,,,,7400000.0,241500000.0,1.0,134088616.0,133000000.0,141700000.0,8.063,2420000000.0,112000000.0,63800000.0,80100000.0,18.195,601900000.0
58,LHX,MRQ,2006-12-31,2006-12-29,2006-12-29,2021-08-25,5600000.0,3233800000.0,,1514200000.0,1719600000.0,,13.527,-27700000.0,367900000.0,367900000.0,683700000.0,94000000.0,1.751,0.799,699200000.0,149200000.0,550000000.0,699200000.0,154300000.0,27500000.0,0.0,0.008,0.11,153400000.0,180900000.0,0.178,180900000.0,153400000.0,143600000.0,0.71,0.67,0.71,1797700000.0,,1797700000.0,6554597407.0,12.0,10.256,100400000.0,0.755,1.0,332500000.0,0.327,1129300000.0,9800000.0,1570900000.0,,501100000.0,0.0,0.0,0.0,1436100000.0,864900000.0,571200000.0,6150797407.0,71800000.0,0.0,-15000000.0,-700000.0,-14700000.0,-30400000.0,-27700000.0,0.0,128100000.0,1800000.0,94000000.0,94000000.0,94000000.0,0.0,0.0,0.093,181400000.0,151100000.0,220600000.0,0.155,3.421,18.333,18.198,404000000.0,0.0,45.86,1.603,1.589,541300000.0,1380000000.0,1016200000.0,1016200000.0,0.0,,,,,11700000.0,181400000.0,1.0,134121182.0,132900000.0,141600000.0,7.646,2104500000.0,111000000.0,49600000.0,52400000.0,15.835,649300000.0
59,LHX,MRQ,2006-09-30,2006-09-29,2006-09-29,2021-08-25,17100000.0,3190400000.0,,1462900000.0,1727500000.0,,13.083,-35000000.0,296100000.0,296100000.0,640900000.0,83900000.0,1.662,0.835,699900000.0,149900000.0,550000000.0,699900000.0,125000000.0,27300000.0,0.0,0.008,0.11,120400000.0,147700000.0,0.156,147700000.0,120400000.0,110600000.0,0.63,0.6,0.63,1738700000.0,,1738700000.0,6475170449.0,14.0,11.696,19200000.0,0.144,1.0,305900000.0,0.323,1140000000.0,9800000.0,1573900000.0,,498900000.0,0.0,0.0,0.0,1451700000.0,880300000.0,571400000.0,5955370449.0,114800000.0,0.0,-2000000.0,-1200000.0,-14700000.0,-17900000.0,77600000.0,112600000.0,54200000.0,900000.0,83900000.0,83900000.0,83900000.0,0.0,0.0,0.089,169400000.0,136500000.0,231300000.0,0.175,3.425,21.935,21.809,403200000.0,0.0,44.49,1.626,1.615,566500000.0,1316400000.0,946800000.0,946800000.0,0.0,,,,,0.0,169400000.0,1.0,133858630.0,132900000.0,141700000.0,7.124,2050400000.0,107500000.0,26700000.0,87100000.0,15.428,582600000.0
60,LHX,MRQ,2006-06-30,2006-06-30,2006-06-30,2021-08-25,11700000.0,3142300000.0,,1438900000.0,1703400000.0,,12.379,-54100000.0,181300000.0,181300000.0,655500000.0,85100000.0,2.004,0.891,701100000.0,1600000.0,699500000.0,701100000.0,129300000.0,28800000.0,0.0,0.008,0.08,138800000.0,167600000.0,0.169,167600000.0,138800000.0,128900000.0,0.64,0.61,0.64,1662100000.0,,1662100000.0,5947322589.0,14.0,11.614,65100000.0,0.485,1.0,336900000.0,0.339,1144500000.0,9900000.0,1799700000.0,,468900000.0,123100000.0,123100000.0,0.0,1480200000.0,717900000.0,762300000.0,5573422589.0,-11500000.0,-66100000.0,-23600000.0,-8400000.0,-10700000.0,-42700000.0,-90100000.0,30100000.0,119200000.0,2100000.0,85100000.0,85100000.0,85100000.0,0.0,0.0,0.086,201000000.0,135900000.0,235600000.0,0.125,3.353,23.428,23.19,393400000.0,0.0,41.51,1.604,1.604,560600000.0,1252800000.0,992400000.0,992400000.0,0.0,,,,,18600000.0,201000000.0,1.0,134266986.0,134266986.0,,7.391,1997800000.0,105000000.0,43800000.0,66700000.0,14.879,721000000.0
61,LHX,MRQ,2006-03-31,2006-03-31,2006-03-31,2021-08-25,-600000.0,3046400000.0,,1448900000.0,1597500000.0,,11.956,-37700000.0,335500000.0,335500000.0,588100000.0,72500000.0,2.02,0.913,709400000.0,9800000.0,699600000.0,709400000.0,160100000.0,21500000.0,0.0,0.006,0.08,121400000.0,142900000.0,0.162,142900000.0,121400000.0,111300000.0,0.54,0.52,0.54,1592500000.0,,1592500000.0,6768845248.0,18.0,14.699,65300000.0,0.49,1.0,293000000.0,0.333,1081100000.0,10100000.0,1621800000.0,,468200000.0,0.0,0.0,0.0,1453900000.0,717400000.0,736500000.0,6338145248.0,-28700000.0,0.0,1200000.0,500000.0,-10700000.0,-9000000.0,-123800000.0,-86100000.0,103000000.0,1100000.0,72500000.0,72500000.0,72500000.0,0.0,0.0,0.082,173900000.0,119100000.0,173800000.0,0.148,3.98,29.618,29.373,343800000.0,0.0,47.29,1.918,1.906,547400000.0,1201400000.0,881100000.0,881100000.0,0.0,,,,,0.0,173900000.0,1.0,134027178.0,133200000.0,142000000.0,6.615,1965300000.0,106500000.0,38800000.0,81500000.0,14.755,731500000.0
62,LHX,MRQ,2005-12-31,2005-12-30,2005-12-30,2021-08-25,-400000.0,2885800000.0,,1293600000.0,1592200000.0,,11.464,-30600000.0,278100000.0,278100000.0,605600000.0,30000000.0,2.086,0.894,708800000.0,9000000.0,699800000.0,708800000.0,155000000.0,24300000.0,0.0,0.007,0.08,71100000.0,95400000.0,0.113,95400000.0,71100000.0,61000000.0,0.23,0.22,0.23,1523600000.0,,1523600000.0,5728317762.0,17.0,13.4,-4100000.0,-0.031,1.0,236000000.0,0.28,1086900000.0,10100000.0,1609600000.0,,411300000.0,0.0,0.0,0.0,1362200000.0,620000000.0,742200000.0,5753617762.0,-374200000.0,-443500000.0,5800000.0,3900000.0,-10700000.0,-1000000.0,-397300000.0,76800000.0,26500000.0,-2400000.0,30000000.0,30000000.0,30000000.0,0.0,0.0,0.036,167700000.0,68300000.0,155600000.0,0.348,3.776,29.162,28.866,331700000.0,0.0,43.01,1.801,1.789,501500000.0,1147800000.0,841600000.0,841600000.0,0.0,,,,,0.0,167700000.0,1.0,133773954.0,132900000.0,141700000.0,6.333,1798900000.0,113600000.0,31000000.0,50000000.0,13.536,673600000.0
63,LHX,MRQ,2005-09-30,2005-09-30,2005-09-30,2021-08-25,2300000.0,2806500000.0,,1665900000.0,1140600000.0,,11.285,-24000000.0,729100000.0,729100000.0,536600000.0,50300000.0,2.852,0.877,703800000.0,3800000.0,700000000.0,703800000.0,141200000.0,20200000.0,0.0,0.006,0.08,86000000.0,106200000.0,0.14,106200000.0,86000000.0,79600000.0,0.38,0.36,0.38,1495200000.0,,1495200000.0,5595243854.0,16.0,13.079,61500000.0,0.464,1.0,223100000.0,0.294,667700000.0,6400000.0,1529300000.0,,240500000.0,0.0,0.0,0.0,1311300000.0,584200000.0,727100000.0,5567243854.0,218100000.0,0.0,5500000.0,294200000.0,-10600000.0,289100000.0,-157400000.0,-133400000.0,85500000.0,900000.0,50300000.0,50300000.0,50300000.0,0.0,0.0,0.066,139700000.0,83400000.0,162100000.0,0.211,3.723,26.211,26.125,306400000.0,0.0,41.8,1.801,1.792,610800000.0,1128500000.0,759700000.0,759700000.0,0.0,,,,,0.0,139700000.0,1.0,133187652.0,132500000.0,141100000.0,5.734,2138800000.0,96900000.0,29300000.0,57900000.0,16.142,1081700000.0
64,LHX,MRQ,2005-06-30,2005-07-01,2005-07-01,2021-08-25,-3300000.0,2457400000.0,,1315400000.0,1142000000.0,,10.774,-32500000.0,377600000.0,377600000.0,589900000.0,61200000.0,2.229,0.708,405600000.0,4200000.0,401400000.0,405600000.0,139000000.0,18700000.0,0.0,0.008,0.06,97300000.0,116000000.0,0.141,116000000.0,97300000.0,91400000.0,0.46,0.44,0.46,1439100000.0,,1439100000.0,4363748537.0,14.0,10.877,127700000.0,0.956,1.0,232000000.0,0.282,669000000.0,5900000.0,1226200000.0,,347800000.0,0.0,0.0,0.0,1018300000.0,590200000.0,428100000.0,4235648537.0,298000000.0,0.0,-18700000.0,1800000.0,-7900000.0,-24800000.0,163400000.0,195900000.0,160200000.0,-800000.0,61200000.0,61200000.0,61200000.0,0.0,0.0,0.074,136600000.0,95400000.0,163700000.0,0.13,2.943,20.948,20.862,307800000.0,0.0,31.71,1.412,1.412,507600000.0,1093700000.0,821900000.0,821900000.0,0.0,,,,,0.0,136600000.0,1.0,133574536.0,133574536.0,,6.153,1788400000.0,96000000.0,30200000.0,31800000.0,13.389,725200000.0
65,LHX,MRQ,2005-03-31,2005-04-01,2005-04-01,2021-08-25,3800000.0,2373700000.0,,1248800000.0,1124900000.0,,10.611,-26000000.0,275600000.0,275600000.0,547400000.0,55800000.0,2.278,0.684,403700000.0,2300000.0,401400000.0,403700000.0,149200000.0,20600000.0,0.0,0.007,0.06,89300000.0,109900000.0,0.142,109900000.0,89300000.0,83200000.0,0.42,0.4,0.42,1409200000.0,,1409200000.0,4509774965.0,16.0,12.366,61900000.0,0.466,1.0,224700000.0,0.291,672700000.0,6100000.0,1281000000.0,,236200000.0,0.0,0.0,0.0,964500000.0,548100000.0,416400000.0,4334674965.0,45200000.0,-900000.0,-4500000.0,-2800000.0,-8000000.0,-15300000.0,-26500000.0,400000.0,87900000.0,-900000.0,55800000.0,55800000.0,55800000.0,0.0,0.0,0.072,136000000.0,88700000.0,132600000.0,0.143,3.076,24.189,24.119,303000000.0,0.0,32.56,1.494,1.49,623700000.0,1056600000.0,772100000.0,772100000.0,0.0,,,,,0.0,136000000.0,1.0,133128838.0,132800000.0,141400000.0,5.814,1701000000.0,118800000.0,27400000.0,15000000.0,12.809,700700000.0
66,LHX,MRQ,2004-12-31,2004-12-31,2004-12-31,2021-08-25,9100000.0,2325500000.0,,1196400000.0,1129100000.0,,10.208,-17900000.0,230400000.0,230400000.0,540200000.0,45100000.0,2.164,0.714,405500000.0,4100000.0,401400000.0,405500000.0,154500000.0,24800000.0,0.0,0.007,0.06,70900000.0,95700000.0,0.13,95700000.0,70900000.0,64900000.0,0.34,0.33,0.34,1356600000.0,,1356600000.0,3993561880.0,16.0,12.246,63600000.0,0.479,1.0,197000000.0,0.267,673600000.0,6000000.0,1274200000.0,,229700000.0,0.0,0.0,0.0,968900000.0,552800000.0,416100000.0,4132961880.0,-317900000.0,-362800000.0,-21900000.0,-3500000.0,-8000000.0,-33400000.0,-368100000.0,12600000.0,81500000.0,2100000.0,45100000.0,45100000.0,45100000.0,0.0,0.0,0.061,124200000.0,72800000.0,149800000.0,0.176,3.047,26.01,25.746,299300000.0,0.0,30.895,1.485,1.475,622800000.0,1008800000.0,737200000.0,737200000.0,0.0,,,,,0.0,124200000.0,1.0,133774458.0,132900000.0,141700000.0,5.547,1651900000.0,126700000.0,19800000.0,14700000.0,12.43,643600000.0
67,LHX,MRQ,2004-09-30,2004-10-01,2004-10-01,2021-08-25,-2600000.0,2224500000.0,,1482600000.0,741900000.0,,10.012,-22400000.0,548300000.0,548300000.0,504100000.0,40100000.0,3.011,0.677,408900000.0,7500000.0,401400000.0,408900000.0,117300000.0,14700000.0,0.0,0.007,0.06,64900000.0,79600000.0,0.119,79600000.0,64900000.0,58900000.0,0.3,0.29,0.3,1326600000.0,,1326600000.0,3505740076.0,15.0,11.945,-13200000.0,-0.1,1.0,165300000.0,0.247,278400000.0,6000000.0,1314300000.0,,231400000.0,14500000.0,14500000.0,0.0,897900000.0,492400000.0,405500000.0,3721940076.0,-79200000.0,-63600000.0,8500000.0,-3900000.0,-8000000.0,-3400000.0,-85500000.0,500000.0,9200000.0,500000.0,40100000.0,40100000.0,40100000.0,0.0,0.0,0.06,101000000.0,64300000.0,114200000.0,0.2,2.806,25.337,25.279,290400000.0,0.0,28.06,1.41,1.408,589200000.0,999700000.0,669400000.0,669400000.0,0.0,,,,,0.0,101000000.0,1.0,132642198.0,132500000.0,140800000.0,5.052,1946100000.0,115500000.0,18800000.0,10400000.0,14.688,990200000.0
68,LHX,MRQ,2004-06-30,2004-07-02,2004-07-02,2021-08-25,-8800000.0,2225800000.0,,1537700000.0,688100000.0,,9.609,-33700000.0,627500000.0,627500000.0,541500000.0,38200000.0,2.833,0.741,411300000.0,9900000.0,401400000.0,411300000.0,129100000.0,19700000.0,0.0,0.008,0.05,59800000.0,79500000.0,0.11,79500000.0,59800000.0,53800000.0,0.29,0.28,0.29,1278800000.0,,1278800000.0,3185572632.0,15.0,11.725,68200000.0,0.512,1.0,181300000.0,0.251,233400000.0,6000000.0,1233400000.0,,220900000.0,0.0,0.0,0.0,947000000.0,542800000.0,404200000.0,3311272632.0,22700000.0,44700000.0,-14200000.0,2200000.0,-6700000.0,-18700000.0,-59900000.0,-70900000.0,101900000.0,-600000.0,38200000.0,38200000.0,38200000.0,-5100000.0,0.0,0.053,124800000.0,56500000.0,128800000.0,0.172,2.589,24.934,24.88,283300000.0,0.0,24.88,1.315,1.315,586700000.0,967600000.0,722800000.0,722800000.0,0.0,,,,,0.0,124800000.0,1.0,133089736.0,133089736.0,,5.431,1992400000.0,120700000.0,15600000.0,2800000.0,14.97,994900000.0
69,LHX,MRQ,2004-03-31,2004-04-02,2004-04-02,2021-08-25,-6600000.0,2195600000.0,,1470300000.0,725300000.0,,9.478,-14500000.0,534900000.0,534900000.0,492700000.0,35500000.0,2.722,0.751,409200000.0,7800000.0,401400000.0,409200000.0,133300000.0,13300000.0,0.0,0.008,0.05,58000000.0,71300000.0,0.109,71300000.0,58000000.0,52100000.0,0.27,0.26,0.27,1254000000.0,,1254000000.0,3269503344.0,20.0,14.714,45400000.0,0.343,1.0,161300000.0,0.247,238200000.0,5900000.0,1291500000.0,,244400000.0,18500000.0,18500000.0,0.0,941600000.0,540200000.0,401400000.0,3353603344.0,41000000.0,0.0,-2400000.0,-600000.0,-6600000.0,-9600000.0,-11500000.0,3000000.0,59900000.0,2200000.0,35500000.0,35500000.0,35500000.0,-100000.0,0.0,0.054,103600000.0,57700000.0,117000000.0,0.185,2.674,35.19,34.896,289300000.0,0.0,25.125,1.431,1.418,587900000.0,946300000.0,654000000.0,654000000.0,0.0,,,,,0.0,103600000.0,1.0,133476750.0,132300000.0,140800000.0,4.943,1957400000.0,130000000.0,16600000.0,8100000.0,14.795,930100000.0
70,LHX,MRQ,2003-12-31,2004-01-02,2004-01-02,2021-08-25,-9000000.0,2122500000.0,,1400900000.0,721600000.0,,9.228,-14600000.0,493900000.0,493900000.0,440400000.0,33100000.0,2.816,0.735,409800000.0,8400000.0,401400000.0,409800000.0,139100000.0,13700000.0,0.0,0.009,0.05,49400000.0,63100000.0,0.106,63100000.0,49400000.0,43100000.0,0.25,0.24,0.25,1223600000.0,,1223600000.0,2476852573.0,17.0,12.012,31300000.0,0.236,1.0,153500000.0,0.258,236800000.0,6300000.0,1304100000.0,,231800000.0,21600000.0,21600000.0,0.0,898900000.0,497500000.0,401400000.0,2551252573.0,-12700000.0,0.0,-14500000.0,-23800000.0,-6700000.0,-45000000.0,-12900000.0,1700000.0,45900000.0,-700000.0,33100000.0,33100000.0,33100000.0,-1400000.0,0.0,0.056,101000000.0,52500000.0,106900000.0,0.2,2.085,30.962,30.895,292100000.0,0.0,19.155,1.145,1.14,570900000.0,936200000.0,593900000.0,593900000.0,0.0,,,,,0.0,101000000.0,1.0,133189902.0,132600000.0,140200000.0,4.479,1885700000.0,122200000.0,10000000.0,0.0,14.221,903400000.0
71,LHX,MRQ,2003-09-30,2003-09-26,2003-09-26,2021-08-25,-14400000.0,2128600000.0,,1406700000.0,721900000.0,,9.087,-14300000.0,506600000.0,506600000.0,413700000.0,26000000.0,2.694,0.767,432200000.0,30600000.0,401600000.0,432200000.0,121200000.0,13400000.0,0.0,0.01,0.05,44400000.0,57800000.0,0.105,57800000.0,44400000.0,38100000.0,0.195,0.195,0.195,1204900000.0,,1204900000.0,2249694192.0,17.0,12.024,67200000.0,0.507,1.0,134200000.0,0.245,227300000.0,6300000.0,1304800000.0,,216100000.0,22100000.0,22100000.0,0.0,923700000.0,522100000.0,401600000.0,2258694192.0,64000000.0,0.0,3400000.0,-1400000.0,-6600000.0,-4600000.0,-12900000.0,1400000.0,81500000.0,0.0,26000000.0,26000000.0,26000000.0,-500000.0,0.0,0.047,91600000.0,42600000.0,126200000.0,0.256,1.875,34.431,34.354,289900000.0,0.0,17.005,1.047,1.045,597100000.0,924700000.0,547900000.0,547900000.0,0.0,,,,,0.0,91600000.0,1.0,132825298.0,132600000.0,139800000.0,4.132,1901300000.0,112200000.0,12100000.0,10500000.0,14.339,884600000.0
72,LHX,MRQ,2003-06-30,2003-06-27,2003-06-27,2021-08-25,-13000000.0,2075300000.0,,1337600000.0,737700000.0,,8.9,-25400000.0,442600000.0,442600000.0,414300000.0,700000.0,2.727,0.754,433600000.0,32000000.0,401600000.0,433600000.0,106200000.0,15600000.0,0.0,0.01,0.04,14400000.0,30000000.0,0.055,30000000.0,14400000.0,8300000.0,0.005,0.005,0.005,1183200000.0,,1183200000.0,2051884440.0,17.0,11.482,26600000.0,0.2,1.0,133300000.0,0.243,214300000.0,6100000.0,1361500000.0,,203100000.0,23100000.0,23100000.0,0.0,892100000.0,490500000.0,401600000.0,2032084440.0,46100000.0,0.0,-2500000.0,17400000.0,-5300000.0,9600000.0,-15600000.0,9800000.0,52000000.0,100000.0,700000.0,700000.0,700000.0,10800000.0,0.0,0.001,110800000.0,22500000.0,112700000.0,8.0,1.717,34.153,33.967,281600000.0,0.0,15.285,0.986,0.986,608500000.0,905300000.0,547600000.0,547600000.0,0.0,,,,,0.0,110800000.0,1.0,132946316.0,132946316.0,,4.119,1861000000.0,109400000.0,7600000.0,0.0,13.998,847100000.0
73,LHX,MRQ,2003-03-31,2003-03-28,2003-03-28,2021-08-25,-18800000.0,2043300000.0,,1325600000.0,717700000.0,,8.938,-18000000.0,396500000.0,396500000.0,404900000.0,22600000.0,2.896,0.727,416300000.0,14200000.0,402100000.0,416300000.0,109300000.0,14600000.0,0.0,0.01,0.04,40700000.0,55300000.0,0.103,55300000.0,40700000.0,34200000.0,0.17,0.17,0.17,1183400000.0,,1183400000.0,1893544268.0,12.0,8.94,19300000.0,0.146,1.0,134000000.0,0.249,224700000.0,6500000.0,1380600000.0,,236900000.0,24900000.0,24900000.0,0.0,859900000.0,457800000.0,402100000.0,1857844268.0,16600000.0,0.0,300000.0,500000.0,-5300000.0,-4500000.0,-13200000.0,4800000.0,37300000.0,-3000000.0,22600000.0,22600000.0,22600000.0,0.0,0.0,0.042,97600000.0,36400000.0,120900000.0,0.235,1.57,21.755,21.705,280000000.0,0.0,14.0,0.943,0.941,605700000.0,912300000.0,538900000.0,538900000.0,0.0,,,,,0.0,97600000.0,1.0,132703162.0,132400000.0,132800000.0,4.07,1818600000.0,112800000.0,11600000.0,2000000.0,13.736,867800000.0
74,LHX,MRQ,2002-12-31,2002-12-27,2002-12-27,2021-08-25,-20700000.0,2008600000.0,,1300900000.0,707700000.0,,8.782,-19800000.0,379900000.0,379900000.0,388700000.0,16300000.0,2.931,0.727,415600000.0,13700000.0,401900000.0,415600000.0,106500000.0,12700000.0,0.0,0.01,0.04,31300000.0,44000000.0,0.084,44000000.0,31300000.0,24700000.0,0.125,0.125,0.125,1162800000.0,,1162800000.0,1753135420.0,11.0,8.328,17900000.0,0.135,1.0,135200000.0,0.258,222600000.0,6600000.0,1377800000.0,,229400000.0,30500000.0,30500000.0,0.0,845800000.0,443900000.0,401900000.0,1699335420.0,16600000.0,0.0,-1900000.0,-1500000.0,-5300000.0,-8700000.0,-12800000.0,7000000.0,37700000.0,400000.0,16300000.0,16300000.0,16300000.0,0.0,0.0,0.031,108900000.0,26300000.0,106100000.0,0.32,1.461,19.922,19.829,274600000.0,0.0,12.79,0.887,0.884,591700000.0,895400000.0,523900000.0,523900000.0,0.0,,,,,0.0,108900000.0,1.0,132864380.0,132400000.0,132600000.0,3.957,1786000000.0,121300000.0,8400000.0,8600000.0,13.489,857000000.0
75,LHX,MRQ,2002-09-30,2002-09-27,2002-09-27,2021-08-25,-22900000.0,1972100000.0,,1264700000.0,707400000.0,,8.696,-9800000.0,363300000.0,363300000.0,335300000.0,19900000.0,3.023,0.713,417100000.0,14800000.0,402300000.0,417100000.0,88800000.0,13500000.0,0.0,0.007,0.04,35900000.0,49400000.0,0.11,49400000.0,35900000.0,30200000.0,0.15,0.15,0.15,1151400000.0,,1151400000.0,2298977975.0,15.0,10.906,16000000.0,0.121,1.0,114900000.0,0.255,221500000.0,5700000.0,1386000000.0,,231900000.0,34500000.0,34500000.0,0.0,820700000.0,418400000.0,402300000.0,2216277975.0,137100000.0,19000000.0,400000.0,103500000.0,-5300000.0,98600000.0,12300000.0,3100000.0,25800000.0,400000.0,19900000.0,19900000.0,19900000.0,0.0,0.0,0.044,96800000.0,18100000.0,99800000.0,0.267,1.925,25.952,25.891,267100000.0,0.0,16.7,1.203,1.2,575200000.0,886200000.0,450200000.0,450200000.0,0.0,,,,,0.0,96800000.0,1.0,132711256.0,132400000.0,133200000.0,3.4,1750600000.0,116400000.0,10300000.0,11300000.0,13.222,846300000.0
76,LHX,MRQ,2002-06-30,2002-06-28,2002-06-28,2021-08-25,-9900000.0,1858500000.0,,1153500000.0,705000000.0,,8.678,-16100000.0,226200000.0,226200000.0,334500000.0,26600000.0,2.71,0.616,308900000.0,25900000.0,283000000.0,308900000.0,82100000.0,14900000.0,0.0,0.006,0.025,48200000.0,63100000.0,0.138,63100000.0,48200000.0,42500000.0,0.2,0.2,0.2,1149900000.0,,1149900000.0,2580718274.0,17.0,12.342,82600000.0,0.623,1.0,123100000.0,0.269,215200000.0,5700000.0,1300400000.0,,233200000.0,52200000.0,52200000.0,0.0,708600000.0,425600000.0,283000000.0,2401118274.0,95300000.0,-800000.0,3800000.0,-1600000.0,-3300000.0,-1100000.0,-2600000.0,14300000.0,98700000.0,300000.0,26600000.0,26600000.0,26600000.0,4400000.0,0.0,0.058,81900000.0,41200000.0,99200000.0,0.125,2.088,29.069,28.992,270600000.0,0.0,18.12,1.308,1.308,589800000.0,871700000.0,457600000.0,457600000.0,0.0,,,,,0.0,81900000.0,1.0,132512046.0,132512046.0,,3.453,1643300000.0,109000000.0,15900000.0,0.0,12.401,727900000.0
77,LHX,MRQ,2002-03-31,2002-03-29,2002-03-29,2021-08-25,2400000.0,1833900000.0,,1153800000.0,680100000.0,,8.592,-10400000.0,130900000.0,130900000.0,354300000.0,22500000.0,2.984,0.617,310500000.0,0.0,310500000.0,310500000.0,92800000.0,13800000.0,0.0,0.006,0.025,40200000.0,54000000.0,0.112,54000000.0,40200000.0,34100000.0,0.17,0.17,0.17,1134200000.0,,1134200000.0,2677268986.0,17.0,12.164,112200000.0,0.85,1.0,129000000.0,0.267,211900000.0,6100000.0,1415000000.0,,250600000.0,78200000.0,78200000.0,0.0,699700000.0,386600000.0,313100000.0,2374768986.0,46500000.0,0.0,1600000.0,-76400000.0,-3300000.0,-78100000.0,1600000.0,12000000.0,122600000.0,400000.0,22500000.0,22500000.0,22500000.0,0.0,0.0,0.047,99300000.0,29700000.0,89700000.0,0.147,2.094,27.906,27.837,269600000.0,0.0,17.955,1.245,1.243,613900000.0,848300000.0,483300000.0,483300000.0,0.0,,,,,0.0,99300000.0,1.0,132262266.0,132000000.0,132600000.0,3.661,1622000000.0,106000000.0,11600000.0,2600000.0,12.288,767200000.0
78,LHX,MRQ,2001-12-31,2001-12-28,2001-12-28,2021-08-25,14300000.0,1865400000.0,,1182200000.0,683200000.0,,8.529,-9900000.0,84400000.0,84400000.0,333800000.0,16400000.0,3.304,0.659,386900000.0,3400000.0,383500000.0,386900000.0,82700000.0,12800000.0,0.0,0.007,0.025,31500000.0,44300000.0,0.098,44300000.0,31500000.0,24800000.0,0.125,0.125,0.125,1124100000.0,,1124100000.0,2283901778.0,16.0,10.718,-30100000.0,-0.228,1.0,117700000.0,0.261,209000000.0,6700000.0,1601100000.0,,257500000.0,100800000.0,100800000.0,0.0,741300000.0,357800000.0,383500000.0,1991101778.0,-8400000.0,0.0,3200000.0,1300000.0,-3300000.0,1200000.0,10000000.0,19900000.0,-20200000.0,600000.0,16400000.0,16400000.0,16400000.0,0.0,0.0,0.036,97500000.0,20200000.0,77200000.0,0.2,1.771,27.016,26.911,273100000.0,0.0,15.07,1.046,1.044,671200000.0,829100000.0,451500000.0,451500000.0,0.0,,,,,0.0,97500000.0,1.0,132123542.0,131800000.0,132600000.0,3.426,1656400000.0,110800000.0,8400000.0,0.0,12.568,824400000.0
79,LHX,MRQ,2001-09-30,2001-09-28,2001-09-28,2021-08-25,6000000.0,1870900000.0,,1151000000.0,719900000.0,,8.362,-9500000.0,92800000.0,92800000.0,330800000.0,17100000.0,2.963,0.703,385600000.0,1900000.0,383700000.0,385600000.0,78300000.0,13600000.0,0.0,0.006,0.025,34100000.0,47700000.0,0.108,47700000.0,34100000.0,25900000.0,0.13,0.13,0.13,1098800000.0,,1098800000.0,2412659248.0,16.0,10.819,-4000000.0,-0.03,1.0,112600000.0,0.254,209400000.0,8200000.0,1565900000.0,,263100000.0,93400000.0,93400000.0,0.0,772100000.0,388400000.0,383700000.0,2096259248.0,-10200000.0,14400000.0,800000.0,-33800000.0,-3300000.0,-36300000.0,20300000.0,15400000.0,5500000.0,300000.0,17100000.0,17100000.0,17100000.0,0.0,0.0,0.039,99600000.0,13000000.0,98200000.0,0.192,1.908,28.598,28.667,276000000.0,0.0,15.91,1.082,1.079,650700000.0,816100000.0,443400000.0,443400000.0,0.0,,,,,0.0,99600000.0,1.0,131757338.0,131400000.0,132000000.0,3.374,1661500000.0,108300000.0,8800000.0,16600000.0,12.645,762600000.0
80,LHX,MRQ,2001-06-30,2001-06-29,2001-06-29,2021-08-25,37600000.0,1959900000.0,,1222000000.0,737900000.0,,8.469,-14400000.0,103000000.0,103000000.0,380400000.0,29100000.0,2.655,0.757,419400000.0,35000000.0,384400000.0,419400000.0,74300000.0,21200000.0,0.0,0.007,0.025,52900000.0,74100000.0,0.14,74100000.0,52900000.0,44700000.0,0.22,0.22,0.22,1115200000.0,,1115200000.0,2150988197.0,20.0,11.509,13000000.0,0.099,1.0,148100000.0,0.28,215100000.0,8200000.0,1600900000.0,,267700000.0,146800000.0,146800000.0,0.0,844700000.0,460300000.0,384400000.0,1791488197.0,-12500000.0,28300000.0,200000.0,-56700000.0,-3300000.0,-59800000.0,22000000.0,8100000.0,27400000.0,-2100000.0,29100000.0,29100000.0,29100000.0,0.0,0.0,0.055,119100000.0,29000000.0,125500000.0,0.114,1.606,83.714,85.031,281900000.0,0.0,13.605,0.916,0.916,671100000.0,802300000.0,528500000.0,528500000.0,0.0,,,,,0.0,113100000.0,1.0,131678662.0,131678662.0,,4.014,1744800000.0,89800000.0,15600000.0,11200000.0,13.25,761700000.0
81,LHX,MRQ,2001-03-31,2001-03-30,2001-03-30,2021-08-25,-400000.0,1925100000.0,,1172800000.0,752300000.0,,7.994,-14400000.0,115500000.0,115500000.0,352600000.0,11100000.0,2.393,0.833,475000000.0,90400000.0,384600000.0,475000000.0,78300000.0,21000000.0,0.0,0.008,0.025,26000000.0,47000000.0,0.098,47000000.0,26000000.0,17000000.0,0.085,0.085,0.085,1050400000.0,,1050400000.0,1986376635.0,23.0,12.053,-26800000.0,-0.204,1.0,126700000.0,0.264,183600000.0,9000000.0,1610900000.0,,247500000.0,107000000.0,107000000.0,0.0,874700000.0,490100000.0,384600000.0,1629276635.0,6500000.0,0.0,-100000.0,8900000.0,-3300000.0,5500000.0,12600000.0,27000000.0,-12400000.0,800000.0,11100000.0,11100000.0,11100000.0,0.0,0.0,0.023,110800000.0,15900000.0,123600000.0,0.294,1.551,187.273,190.385,284500000.0,0.0,12.375,0.84,0.839,647300000.0,776500000.0,479300000.0,479300000.0,0.0,,,,,0.0,104800000.0,1.0,131658718.0,131400000.0,131600000.0,3.648,1741500000.0,115600000.0,5900000.0,13400000.0,13.253,682700000.0
82,LHX,MRQ,2000-12-31,2000-12-29,2000-12-29,2021-08-25,44200000.0,1962200000.0,,1202600000.0,759600000.0,,8.187,-12500000.0,109000000.0,109000000.0,362500000.0,16000000.0,2.039,0.805,466100000.0,181000000.0,285100000.0,466100000.0,74700000.0,20100000.0,0.0,0.007,0.025,34100000.0,54200000.0,0.111,54200000.0,34100000.0,24600000.0,0.12,0.12,0.12,1087200000.0,,1087200000.0,2349279915.0,49.0,19.178,-23500000.0,-0.177,1.0,124400000.0,0.255,189400000.0,9500000.0,1540000000.0,,220500000.0,182000000.0,182000000.0,0.0,875000000.0,589900000.0,285100000.0,2057379915.0,-48500000.0,200000.0,-39900000.0,11700000.0,-3300000.0,-31500000.0,-6900000.0,5400000.0,-11000000.0,900000.0,16000000.0,16000000.0,16000000.0,0.0,0.0,0.033,101400000.0,23000000.0,102100000.0,0.208,1.892,-123.196,-122.52,287500000.0,0.0,15.315,1.074,1.062,648300000.0,768800000.0,486900000.0,486900000.0,0.0,,,,,0.0,95700000.0,1.0,134337572.0,132800000.0,133200000.0,3.666,1772800000.0,103400000.0,8600000.0,33500000.0,13.349,612700000.0
83,LHX,MRQ,2000-09-30,2000-09-29,2000-09-29,2021-08-25,157700000.0,2149900000.0,,1382100000.0,767800000.0,,8.985,-13900000.0,157500000.0,157500000.0,335600000.0,-34800000.0,2.575,0.752,449400000.0,63600000.0,385800000.0,449400000.0,76800000.0,17400000.0,0.0,0.007,0.025,-5800000.0,11600000.0,0.025,11600000.0,-5800000.0,-13900000.0,-0.255,-0.255,-0.255,1227400000.0,,1227400000.0,2075039244.0,48.0,18.363,-45200000.0,-0.331,1.0,124800000.0,0.271,217300000.0,8100000.0,1687800000.0,,215300000.0,340100000.0,340100000.0,0.0,922500000.0,536700000.0,385800000.0,1962239244.0,-220700000.0,-126100000.0,-50500000.0,-47600000.0,-3400000.0,-101500000.0,-87300000.0,52700000.0,-31300000.0,-600000.0,-34800000.0,-34800000.0,-34800000.0,0.0,0.0,-0.076,178800000.0,-54000000.0,115500000.0,-0.098,1.599,-108.411,-94.8,297300000.0,0.0,14.22,1.05,1.039,652400000.0,786600000.0,460400000.0,460400000.0,0.0,,,,,0.0,100800000.0,1.0,137991508.0,136600000.0,136600000.0,3.37,1932600000.0,43200000.0,20900000.0,49400000.0,14.148,845400000.0
84,LHX,MRQ,2000-06-30,2000-06-30,2000-06-30,2021-08-25,216000000.0,2326900000.0,,1629000000.0,697900000.0,,9.935,-10800000.0,378200000.0,378200000.0,381300000.0,16400000.0,2.93,0.693,491000000.0,108400000.0,382600000.0,491000000.0,73700000.0,18100000.0,0.0,0.012,0.025,33900000.0,52000000.0,0.101,52000000.0,33900000.0,25300000.0,0.115,0.115,0.115,1374300000.0,,1374300000.0,2339845908.0,41.0,18.674,-7400000.0,-0.053,1.0,131100000.0,0.256,166200000.0,8600000.0,1717600000.0,,197200000.0,432500000.0,432500000.0,0.0,952600000.0,555900000.0,396700000.0,2265245908.0,-33700000.0,-33700000.0,-5400000.0,4200000.0,-3500000.0,-4700000.0,-35600000.0,8900000.0,3400000.0,3200000.0,16400000.0,16400000.0,16400000.0,0.0,0.0,0.032,155200000.0,-24100000.0,109500000.0,0.217,1.648,125.847,131.0,295400000.0,0.0,16.375,1.253,1.253,629800000.0,864100000.0,512400000.0,512400000.0,0.0,,,,,0.0,109900000.0,1.0,138335628.0,138335628.0,,3.704,2160700000.0,0.0,8900000.0,44100000.0,15.619,1073100000.0
85,LHX,MRQ,2000-03-31,2000-03-31,2000-03-31,2021-08-25,249900000.0,2383300000.0,,1687800000.0,695500000.0,,10.183,-31400000.0,411900000.0,411900000.0,342600000.0,-14300000.0,3.147,0.698,486500000.0,70900000.0,415600000.0,486500000.0,94000000.0,18800000.0,0.0,0.017,0.025,-14100000.0,4700000.0,0.01,4700000.0,-14100000.0,-22100000.0,-0.105,-0.105,-0.105,1403200000.0,,1403200000.0,2508523517.0,-58.0,108.126,116100000.0,0.843,1.0,112600000.0,0.247,148300000.0,8000000.0,1773200000.0,,197800000.0,482000000.0,482000000.0,0.0,980100000.0,536400000.0,443700000.0,2389623517.0,46400000.0,-74300000.0,1400000.0,2100000.0,-3500000.0,0.0,-99900000.0,5800000.0,147500000.0,-1200000.0,-14300000.0,-14300000.0,-14300000.0,0.0,0.0,-0.031,134200000.0,-21600000.0,119500000.0,-0.238,1.703,-35.193,-39.724,298200000.0,0.0,17.28,1.355,1.351,614000000.0,857800000.0,455200000.0,455200000.0,0.0,,,,,0.0,108300000.0,1.0,138288398.0,137800000.0,137800000.0,3.303,2235000000.0,0.0,-7800000.0,64000000.0,16.219,1151400000.0
86,LHX,MRQ,1999-12-31,1999-12-31,1999-12-31,2021-08-25,85300000.0,2178200000.0,,1450500000.0,727700000.0,,8.285,-14300000.0,365500000.0,365500000.0,329200000.0,14600000.0,2.98,0.753,484400000.0,68800000.0,415600000.0,484400000.0,85400000.0,15800000.0,0.0,0.029,0.025,28900000.0,44700000.0,0.101,44700000.0,28900000.0,22000000.0,0.095,0.095,0.095,1242800000.0,,1242800000.0,2521445952.0,83.0,26.881,-71100000.0,-0.474,1.0,111800000.0,0.254,79000000.0,6900000.0,1731400000.0,,194300000.0,216000000.0,216000000.0,0.0,935400000.0,486700000.0,448700000.0,2110345952.0,113800000.0,575500000.0,-212700000.0,-178400000.0,-3800000.0,-394900000.0,566000000.0,4800000.0,-56800000.0,-500000.0,14600000.0,14600000.0,14600000.0,-1000000.0,0.0,0.033,92700000.0,19100000.0,97600000.0,0.263,1.698,-172.979,-190.643,304700000.0,0.0,13.345,1.204,1.142,710100000.0,864400000.0,441000000.0,441000000.0,0.0,,,,,0.0,95400000.0,1.0,158137576.0,150000000.0,150200000.0,2.94,2099200000.0,61600000.0,7400000.0,41800000.0,13.995,963800000.0
87,LHX,MRQ,1999-09-30,1999-10-01,1999-10-01,2021-08-25,-3000000.0,2680800000.0,,1213200000.0,1467600000.0,,9.814,-24800000.0,251700000.0,251700000.0,299500000.0,1300000.0,1.847,0.724,662800000.0,247800000.0,415000000.0,662800000.0,93400000.0,15900000.0,0.0,0.035,0.12,8000000.0,23900000.0,0.06,23900000.0,8000000.0,6300000.0,0.01,0.01,0.01,1554600000.0,,1554600000.0,2964724506.0,47.0,23.18,-74200000.0,-0.468,1.0,99300000.0,0.249,82200000.0,1700000.0,2352800000.0,,210100000.0,31800000.0,31800000.0,0.0,1126200000.0,656900000.0,469300000.0,2211724506.0,166000000.0,446800000.0,-13500000.0,-175800000.0,-19100000.0,-208400000.0,423600000.0,1600000.0,-49400000.0,200000.0,1300000.0,1300000.0,1300000.0,8000000.0,0.0,0.003,84600000.0,14700000.0,120100000.0,12.0,1.423,85.066,84.091,302700000.0,0.0,13.875,1.279,1.271,668100000.0,1217400000.0,398800000.0,398800000.0,0.0,,,,,0.0,90900000.0,1.0,159403568.0,158400000.0,158800000.0,2.518,2598600000.0,144800000.0,5000000.0,67300000.0,16.405,556300000.0
88,LHX,MRQ,1999-06-30,1999-07-02,1999-07-02,2021-08-25,-4400000.0,2958600000.0,,1031400000.0,1927200000.0,,9.968,-18000000.0,85700000.0,85700000.0,351500000.0,-69500000.0,1.278,0.861,838700000.0,324200000.0,514500000.0,838700000.0,84900000.0,15700000.0,0.0,0.024,0.12,-65800000.0,-50100000.0,-0.107,-50100000.0,-65800000.0,-67800000.0,-0.435,-0.435,-0.435,1589500000.0,,1589500000.0,4223191998.0,46.0,27.335,103800000.0,0.651,1.0,116500000.0,0.249,72800000.0,2000000.0,2831500000.0,,205700000.0,15500000.0,15500000.0,0.0,1369100000.0,807300000.0,561800000.0,3139891998.0,32400000.0,147500000.0,-5100000.0,-187600000.0,-19100000.0,-211800000.0,120000000.0,-9500000.0,121800000.0,2400000.0,-69500000.0,-69500000.0,-69500000.0,63400000.0,0.0,-0.149,132100000.0,-15600000.0,154300000.0,-0.276,1.975,59.132,58.776,291600000.0,0.0,19.69,1.801,1.801,596100000.0,1246700000.0,468000000.0,468000000.0,0.0,,,,,0.0,110600000.0,1.0,159466328.0,159466328.0,,2.935,2885800000.0,128400000.0,1700000.0,74100000.0,18.097,224100000.0
89,LHX,MRQ,1999-03-31,1999-04-02,1999-04-02,2021-08-25,-44000000.0,3860300000.0,,2002200000.0,1858100000.0,,10.326,-15200000.0,116100000.0,116100000.0,327300000.0,41400000.0,1.525,1.354,1199400000.0,424600000.0,774800000.0,1199400000.0,187500000.0,16200000.0,0.0,0.034,0.12,59100000.0,75300000.0,0.169,75300000.0,59100000.0,53900000.0,0.26,0.26,0.26,1639700000.0,,1639700000.0,3276504592.0,66.0,744.66,33700000.0,0.212,1.0,118100000.0,0.265,276900000.0,5200000.0,3353600000.0,,579000000.0,237600000.0,17400000.0,220200000.0,2220600000.0,1313100000.0,907500000.0,2208504592.0,-20800000.0,47300000.0,-2300000.0,-79500000.0,-19100000.0,-100900000.0,32100000.0,0.0,48900000.0,-900000.0,41400000.0,41400000.0,41400000.0,-19200000.0,0.0,0.093,83100000.0,35000000.0,197800000.0,0.462,1.347,22.218,22.4,962900000.0,0.0,14.0,8.661,8.718,1093900000.0,1340800000.0,445400000.0,445400000.0,0.0,,,,,0.0,86300000.0,1.0,157750328.0,158800000.0,159400000.0,2.805,3583400000.0,195800000.0,12500000.0,181800000.0,22.565,689100000.0
90,LHX,MRQ,1998-12-31,1999-01-01,1999-01-01,2021-08-25,-24400000.0,3896300000.0,,2024700000.0,1871600000.0,,10.321,-13800000.0,127800000.0,127800000.0,296900000.0,52800000.0,1.499,1.374,1195800000.0,425300000.0,770500000.0,1195800000.0,201400000.0,16400000.0,0.0,0.025,0.12,62400000.0,78800000.0,0.189,78800000.0,62400000.0,62600000.0,0.33,0.33,0.33,1641100000.0,,1641100000.0,4021860804.0,40.0,41.25,120100000.0,0.755,1.0,120600000.0,0.289,283100000.0,-200000.0,3330600000.0,,586000000.0,245400000.0,24900000.0,220500000.0,2255200000.0,1350600000.0,904600000.0,2932060804.0,33400000.0,-127000000.0,-4700000.0,64400000.0,-19100000.0,40600000.0,-140800000.0,0.0,133900000.0,-300000.0,52800000.0,52800000.0,52800000.0,-35400000.0,0.0,0.126,93600000.0,27000000.0,192700000.0,0.364,1.787,24.869,24.584,981200000.0,0.0,18.315,3.731,3.706,1093600000.0,1321300000.0,417500000.0,417500000.0,0.0,,,,,0.0,98700000.0,1.0,160090680.0,159000000.0,159600000.0,2.626,3613200000.0,192400000.0,9800000.0,172600000.0,22.725,674100000.0
91,LHX,MRQ,1998-09-30,1998-10-02,1998-10-02,2021-08-25,-30800000.0,3903500000.0,,2031600000.0,1871900000.0,,10.087,-13400000.0,111200000.0,111200000.0,302600000.0,28400000.0,1.469,1.434,1201000000.0,417600000.0,783400000.0,1201000000.0,216800000.0,15200000.0,0.0,0.03,0.12,35300000.0,50500000.0,0.122,50500000.0,35300000.0,32500000.0,0.18,0.18,0.18,1603800000.0,,1603800000.0,3307845562.0,24.0,20.06,-55900000.0,-0.352,1.0,110000000.0,0.267,289800000.0,2800000.0,3320300000.0,,626900000.0,240500000.0,18000000.0,222500000.0,2299700000.0,1383200000.0,916500000.0,2436045562.0,-60800000.0,-34400000.0,800000.0,46200000.0,-19200000.0,27800000.0,-47800000.0,0.0,-42500000.0,1700000.0,28400000.0,28400000.0,28400000.0,-21200000.0,0.0,0.069,101200000.0,8800000.0,217000000.0,0.667,1.519,20.68,20.293,1005300000.0,0.0,15.22,1.807,1.795,1076500000.0,1292100000.0,412600000.0,412600000.0,0.0,,,,,0.0,86500000.0,1.0,160055556.0,159000000.0,159800000.0,2.595,3613700000.0,199000000.0,4100000.0,160000000.0,22.728,648400000.0
92,LHX,MRQ,1998-06-30,1998-07-03,1998-07-03,2021-08-25,6500000.0,3230400000.0,,1053200000.0,2177200000.0,,10.233,139200000.0,101500000.0,101500000.0,-480800000.0,-23200000.0,1.342,0.973,995200000.0,234200000.0,761000000.0,995200000.0,102900000.0,-93100000.0,0.0,0.02,0.11,-107100000.0,-200200000.0,0.196,-200200000.0,-107100000.0,-66400000.0,-0.145,-0.15,-0.145,1637400000.0,,1637400000.0,4541114303.0,25.0,18.558,389900000.0,2.437,1.0,-539700000.0,0.529,69800000.0,-40700000.0,3269700000.0,,216400000.0,30000000.0,30000000.0,0.0,1593000000.0,784600000.0,808400000.0,3540214303.0,63700000.0,-314300000.0,600000.0,-900000.0,-17600000.0,-17900000.0,-175100000.0,0.0,250700000.0,6000000.0,-23200000.0,-23200000.0,-23200000.0,-66600000.0,0.0,0.023,-363300000.0,-176400000.0,121700000.0,-0.759,2.162,26.618,26.339,314800000.0,0.0,22.125,1.839,1.839,594000000.0,1282800000.0,-1020500000.0,-1020500000.0,0.0,,,,,0.0,-326500000.0,1.0,160009686.0,160009686.0,,-6.378,3160600000.0,111300000.0,-43200000.0,128500000.0,19.753,268600000.0
93,LHX,MRQ,1998-03-31,1998-04-03,1998-04-03,2021-08-25,6600000.0,3708600000.0,,1982800000.0,1725800000.0,,10.571,-85800000.0,41300000.0,41300000.0,627500000.0,59900000.0,1.782,1.209,1042200000.0,205800000.0,836400000.0,1042200000.0,246800000.0,57700000.0,0.0,0.016,0.11,110700000.0,168400000.0,0.173,168400000.0,110700000.0,90800000.0,0.38,0.375,0.38,1678700000.0,,1678700000.0,5110103522.0,17.0,13.391,-11800000.0,-0.074,1.0,348700000.0,0.357,216200000.0,19900000.0,3380800000.0,,664700000.0,316100000.0,84400000.0,231700000.0,2029900000.0,1112500000.0,917400000.0,4139403522.0,10500000.0,0.0,5200000.0,40700000.0,-17500000.0,28400000.0,-85800000.0,0.0,74000000.0,-6100000.0,59900000.0,59900000.0,59900000.0,0.0,0.0,0.061,246000000.0,102700000.0,181100000.0,0.289,2.466,18.447,18.243,947900000.0,0.0,25.905,1.957,1.945,1073400000.0,1323600000.0,976200000.0,976200000.0,0.0,,,,,0.0,246000000.0,1.0,159791682.0,158800000.0,159800000.0,6.147,3492400000.0,119000000.0,30900000.0,178700000.0,21.992,870300000.0
94,LHX,MRQ,1997-12-31,1998-01-02,1998-01-02,2021-08-25,2700000.0,3615900000.0,,1962100000.0,1653800000.0,,10.246,-68100000.0,30800000.0,30800000.0,641000000.0,52700000.0,1.601,1.228,1001500000.0,315100000.0,686400000.0,1001500000.0,258100000.0,50000000.0,0.0,0.018,0.11,96200000.0,146200000.0,0.149,146200000.0,96200000.0,79800000.0,0.335,0.33,0.335,1622900000.0,,1622900000.0,,,,31600000.0,0.199,1.0,338700000.0,0.346,219500000.0,16400000.0,3141400000.0,,630500000.0,287100000.0,73900000.0,213200000.0,1993000000.0,1225700000.0,767300000.0,3595312845.0,-35600000.0,-1000000.0,2300000.0,-52100000.0,-17400000.0,-67200000.0,-69100000.0,0.0,99700000.0,1000000.0,52700000.0,52700000.0,52700000.0,0.0,0.0,0.054,245600000.0,93100000.0,170300000.0,0.328,2.215,16.335,16.129,918400000.0,0.0,22.5,1.737,1.722,1096000000.0,1281200000.0,979700000.0,979700000.0,0.0,,,,,0.0,245600000.0,1.0,159791682.0,158400000.0,160400000.0,6.185,3396400000.0,130900000.0,27100000.0,174500000.0,21.442,736400000.0
95,LHX,MRQ,1997-09-30,1997-10-03,1997-10-03,2021-08-25,,,,,,,,-72600000.0,,,655800000.0,43600000.0,,,,,,,,47300000.0,,0.018,0.11,83000000.0,130300000.0,0.132,130300000.0,83000000.0,66100000.0,0.275,0.275,0.275,,,,,,,-52000000.0,-0.329,1.0,333600000.0,0.337,,16900000.0,,,,,,,,,,,-4300000.0,-8900000.0,4000000.0,70700000.0,-17600000.0,57100000.0,-81500000.0,0.0,20600000.0,-500000.0,43600000.0,43600000.0,43600000.0,0.0,0.0,0.044,250900000.0,82700000.0,,0.4,,,16.469,,0.0,22.315,,1.726,,,989400000.0,989400000.0,0.0,,,,,0.0,250900000.0,1.0,,158200000.0,159400000.0,6.254,,,22500000.0,,,
96,LHX,MRQ,1997-06-30,1997-06-27,1997-06-27,2021-08-25,24200000.0,3637900000.0,,2063500000.0,1574400000.0,,,213300000.0,70700000.0,70700000.0,-369100000.0,68200000.0,1.601,1.305,983000000.0,296300000.0,686700000.0,983000000.0,290900000.0,-71200000.0,0.0,0.017,0.095,7900000.0,-63300000.0,0.076,-63300000.0,7900000.0,31400000.0,0.43,0.43,0.43,1578200000.0,,1578200000.0,,,,433800000.0,,1.0,-460700000.0,0.555,227500000.0,-23500000.0,3034100000.0,,611100000.0,309000000.0,91300000.0,217700000.0,2059700000.0,1288600000.0,771100000.0,,12600000.0,-432700000.0,2100000.0,24400000.0,-15000000.0,11500000.0,-219400000.0,0.0,220500000.0,0.0,68200000.0,68200000.0,68200000.0,-143200000.0,0.0,-0.082,-332300000.0,-128400000.0,196800000.0,0.221,,,16.494,878300000.0,0.0,21.938,,,1145400000.0,1219900000.0,-829800000.0,-829800000.0,0.0,,,,,0.0,-301500000.0,1.0,,,,,3410400000.0,145000000.0,-36800000.0,180400000.0,,774900000.0
97,LHX,MRQ,1997-03-31,1997-03-31,1997-03-31,2021-08-25,,,,,,,,-83400000.0,,,609800000.0,55600000.0,,,,,,,,48500000.0,,0.019,0.095,99800000.0,148300000.0,0.159,148300000.0,99800000.0,83300000.0,0.355,0.35,0.355,,,,,,,27000000.0,0.172,1.0,321100000.0,0.345,,16500000.0,,,,,,,,,,,-1200000.0,-6800000.0,3700000.0,-10700000.0,-15800000.0,-22800000.0,-90200000.0,0.0,110400000.0,1400000.0,55600000.0,55600000.0,55600000.0,0.0,0.0,0.06,231500000.0,89600000.0,,0.268,,,,,0.0,19.22,,,,,930900000.0,930900000.0,0.0,,,,,0.0,231500000.0,1.0,,156600000.0,159600000.0,5.944,,,27700000.0,,,
98,LHX,MRQ,1996-12-31,1996-12-31,1996-12-31,2021-08-25,,,,,,,,,,,634300000.0,45500000.0,,,,,,,,,,0.021,0.095,85500000.0,,,,85500000.0,69500000.0,0.295,0.29,0.295,,,,,,,,,1.0,320700000.0,0.336,,16000000.0,,,,,,,,,,,,,,,,,,,,,45500000.0,45500000.0,45500000.0,0.0,0.0,0.048,239000000.0,81700000.0,,0.322,,,,,0.0,17.155,,,,,955000000.0,955000000.0,0.0,,,,,,239000000.0,1.0,,154200000.0,156400000.0,6.193,,,24000000.0,,,
0,LHX,MRT,2021-06-30,2021-07-02,2021-07-02,2021-08-25,-835000000.0,36064000000.0,36689750000.0,7589000000.0,28475000000.0,0.5,97.559,-293000000.0,2029000000.0,2029000000.0,12877000000.0,1493000000.0,1.7,0.81,7747000000.0,14000000.0,7733000000.0,7747000000.0,1205000000.0,1001000000.0,0.0,0.017,3.74,2147000000.0,3148000000.0,0.171,3148000000.0,2147000000.0,1879000000.0,7.22,7.17,7.22,19863000000.0,20566750000.0,19863000000.0,51822649900.0,24.0,16.462,2543000000.0,12.49,1.0,5481000000.0,0.299,25192000000.0,268000000.0,12126000000.0,12449500000.0,938000000.0,0.0,0.0,0.0,16088000000.0,4464000000.0,11624000000.0,44981649900.0,82000000.0,1507000000.0,-3083000000.0,-29000000.0,-774000000.0,-4007000000.0,1213000000.0,0.0,2836000000.0,40000000.0,1500000000.0,1500000000.0,1500000000.0,0.0,-7000000.0,0.082,3934000000.0,1547000000.0,1406000000.0,0.518,2.265,29.988,30.393,2695000000.0,0.0,219.44,2.45,2.434,1197000000.0,2633000000.0,18358000000.0,18358000000.0,0.0,0.041,0.073,0.172,0.117,332000000.0,3340000000.0,1.0,204983822.0,203600000.0,,90.167,10872000000.0,160000000.0,379000000.0,1229000000.0,53.399,3125000000.0
1,LHX,MRT,2021-03-31,2021-04-02,2021-04-02,2021-08-25,-854000000.0,36590000000.0,37136750000.0,7538000000.0,29052000000.0,0.488,98.534,-293000000.0,976000000.0,976000000.0,12801000000.0,1358000000.0,1.782,0.791,7817000000.0,14000000.0,7803000000.0,7817000000.0,1189000000.0,1053000000.0,0.0,0.018,3.57,1906000000.0,2959000000.0,0.163,2959000000.0,1906000000.0,1638000000.0,6.5,6.46,6.5,20367000000.0,21126500000.0,20367000000.0,48233304531.0,25.0,16.301,2625000000.0,12.7,1.0,5334000000.0,0.294,25517000000.0,268000000.0,13683000000.0,12338250000.0,904000000.0,0.0,0.0,0.0,16108000000.0,4231000000.0,11877000000.0,41857304531.0,313000000.0,1040000000.0,-2257000000.0,-274000000.0,-751000000.0,-3400000000.0,748000000.0,0.0,2918000000.0,47000000.0,1370000000.0,1370000000.0,1370000000.0,0.0,-12000000.0,0.076,3823000000.0,1511000000.0,1373000000.0,0.549,2.055,30.553,31.326,2918000000.0,0.0,203.62,2.308,2.321,1096000000.0,2529000000.0,18135000000.0,18135000000.0,0.0,0.037,0.065,0.154,0.105,313000000.0,3304000000.0,1.0,205565782.0,206700000.0,,87.736,11073000000.0,317000000.0,268000000.0,1269000000.0,53.57,3307000000.0
2,LHX,MRT,2020-12-31,2021-01-01,2021-01-01,2021-08-25,-839000000.0,36960000000.0,37515500000.0,6667000000.0,30293000000.0,0.485,98.633,-277000000.0,1276000000.0,1276000000.0,12886000000.0,1086000000.0,1.572,0.778,7689000000.0,12000000.0,7677000000.0,7689000000.0,1198000000.0,1032000000.0,0.0,0.018,3.4,1623000000.0,2655000000.0,0.146,2655000000.0,1623000000.0,1353000000.0,5.23,5.19,5.23,20724000000.0,21509250000.0,20724000000.0,46040377234.0,28.0,17.341,2513000000.0,11.96,1.0,5308000000.0,0.292,26784000000.0,270000000.0,12349000000.0,12118500000.0,1034000000.0,0.0,0.0,0.0,16119000000.0,4240000000.0,11879000000.0,39715377234.0,452000000.0,1040000000.0,-2234000000.0,-30000000.0,-725000000.0,-3112000000.0,751000000.0,0.0,2790000000.0,23000000.0,1119000000.0,1119000000.0,1119000000.0,0.0,-33000000.0,0.062,4133000000.0,1175000000.0,1406000000.0,0.65,1.916,35.492,36.141,2868000000.0,0.0,189.02,2.183,2.183,1344000000.0,2347000000.0,18194000000.0,18194000000.0,0.0,0.03,0.052,0.134,0.089,310000000.0,3315000000.0,1.0,210112037.0,210112037.0,,86.592,10176000000.0,414000000.0,234000000.0,1286000000.0,48.431,2427000000.0
3,LHX,MRT,2020-09-30,2020-10-02,2020-10-02,2021-08-25,-590000000.0,37145000000.0,37859500000.0,6393000000.0,30752000000.0,0.485,99.873,-283000000.0,1341000000.0,1341000000.0,13109000000.0,1301000000.0,1.37,0.737,7666000000.0,668000000.0,6998000000.0,7666000000.0,1089000000.0,1009000000.0,0.0,0.019,3.3,1825000000.0,2834000000.0,0.154,2834000000.0,1825000000.0,1558000000.0,6.1,6.04,6.1,21313000000.0,21975000000.0,21313000000.0,43183936840.0,24.0,15.238,2667000000.0,12.498,1.0,5257000000.0,0.286,27164000000.0,267000000.0,11640000000.0,12226000000.0,894000000.0,0.0,0.0,0.0,15706000000.0,4666000000.0,11040000000.0,37416936840.0,340000000.0,997000000.0,-2547000000.0,-20000000.0,-711000000.0,-3330000000.0,704000000.0,0.0,2950000000.0,16000000.0,1319000000.0,1319000000.0,1319000000.0,2000000.0,-18000000.0,0.072,3819000000.0,1438000000.0,1207000000.0,0.541,1.756,28.368,28.372,2925000000.0,0.0,173.07,2.037,2.011,1128000000.0,2383000000.0,18366000000.0,18366000000.0,0.0,0.035,0.06,0.149,0.099,323000000.0,3366000000.0,1.0,216195394.0,213400000.0,,86.064,9981000000.0,313000000.0,239000000.0,1439000000.0,46.771,1727000000.0
4,LHX,MRT,2020-06-30,2020-07-03,2020-07-03,2021-08-25,-624000000.0,37852000000.0,38310000000.0,6926000000.0,30926000000.0,0.479,102.371,-281000000.0,1947000000.0,1947000000.0,13199000000.0,1306000000.0,1.51,0.707,7714000000.0,668000000.0,7046000000.0,7714000000.0,1106000000.0,957000000.0,0.0,0.019,3.2,1747000000.0,2704000000.0,0.147,2704000000.0,1747000000.0,1479000000.0,6.03,5.96,6.03,22102000000.0,22340000000.0,22102000000.0,44387698480.0,25.0,16.416,1993000000.0,9.231,1.0,5135000000.0,0.28,27351000000.0,268000000.0,11681000000.0,12506000000.0,859000000.0,0.0,0.0,0.0,15626000000.0,4587000000.0,11039000000.0,37129698480.0,1417000000.0,2456000000.0,-2054000000.0,-115000000.0,-704000000.0,-3013000000.0,2165000000.0,0.0,2274000000.0,-9000000.0,1322000000.0,1322000000.0,1322000000.0,1000000.0,-16000000.0,0.072,3762000000.0,1373000000.0,1094000000.0,0.531,1.68,28.086,28.524,2905000000.0,0.0,172.0,2.025,2.025,1148000000.0,2250000000.0,18334000000.0,18334000000.0,0.0,0.035,0.059,0.14,0.095,389000000.0,3548000000.0,1.0,215870340.0,215900000.0,,84.919,10501000000.0,323000000.0,157000000.0,1523000000.0,48.638,2339000000.0
5,LHX,MRT,2020-03-31,2020-04-03,2020-04-03,2021-08-25,-651000000.0,38105000000.0,31376250000.0,7211000000.0,30894000000.0,0.502,100.773,-278000000.0,663000000.0,663000000.0,11247000000.0,1296000000.0,1.408,0.734,7921000000.0,898000000.0,7023000000.0,7921000000.0,1138000000.0,737000000.0,0.0,0.017,3.035,1681000000.0,2418000000.0,0.153,2418000000.0,1681000000.0,1439000000.0,6.98,6.87,6.98,21898000000.0,17655250000.0,21898000000.0,45626970808.0,27.0,18.87,1505000000.0,6.926,1.0,4507000000.0,0.286,27436000000.0,242000000.0,12804000000.0,10743500000.0,990000000.0,0.0,0.0,0.0,16078000000.0,5123000000.0,10955000000.0,38715970808.0,329000000.0,1493000000.0,-2032000000.0,132000000.0,-601000000.0,-2642000000.0,1207000000.0,0.0,1783000000.0,-19000000.0,1307000000.0,1307000000.0,1307000000.0,-2000000.0,-11000000.0,0.083,3186000000.0,1321000000.0,1422000000.0,0.435,1.768,29.622,25.573,2816000000.0,0.0,178.5,2.458,2.462,1278000000.0,2151000000.0,15754000000.0,15754000000.0,0.0,0.042,0.074,0.156,0.107,348000000.0,3042000000.0,1.0,216896195.0,217300000.0,,72.499,10669000000.0,317000000.0,132000000.0,1439000000.0,49.098,2088000000.0
6,LHX,MRT,2019-12-31,2020-01-03,2020-01-03,2021-08-25,-508000000.0,38336000000.0,24298000000.0,6312000000.0,32024000000.0,0.529,102.174,-267000000.0,824000000.0,824000000.0,9088000000.0,1345000000.0,1.574,0.69,7735000000.0,260000000.0,7475000000.0,7735000000.0,1214000000.0,571000000.0,0.0,0.014,2.87,1696000000.0,2267000000.0,0.176,2267000000.0,1696000000.0,1479000000.0,8.04,7.9,8.04,22587000000.0,13082500000.0,22587000000.0,53323476675.0,31.0,23.522,1388000000.0,6.279,1.0,3768000000.0,0.293,28459000000.0,217000000.0,12779000000.0,8817500000.0,1219000000.0,0.0,0.0,0.0,15592000000.0,4009000000.0,11583000000.0,46527476675.0,481000000.0,1493000000.0,-1359000000.0,-413000000.0,-499000000.0,-2410000000.0,1228000000.0,0.0,1655000000.0,8000000.0,1333000000.0,1333000000.0,1333000000.0,-3000000.0,12000000.0,0.104,2357000000.0,1411000000.0,1261000000.0,0.357,2.06,34.904,26.178,2954000000.0,0.0,210.47,3.619,3.619,1216000000.0,2183000000.0,12856000000.0,12856000000.0,0.0,0.055,0.102,0.192,0.132,298000000.0,2540000000.0,1.0,221064649.0,221064649.0,,58.155,9877000000.0,304000000.0,146000000.0,1505000000.0,44.679,2303000000.0
7,LHX,MRT,2019-09-30,2019-09-27,2019-09-27,2021-08-25,-756000000.0,38947000000.0,17177000000.0,7027000000.0,31920000000.0,0.564,102.305,-214000000.0,1001000000.0,1001000000.0,6699000000.0,1171000000.0,1.489,0.704,7797000000.0,659000000.0,7138000000.0,7797000000.0,1210000000.0,394000000.0,0.0,0.013,2.805,1481000000.0,1875000000.0,0.193,1875000000.0,1481000000.0,1289000000.0,8.16,8.0,8.16,22773000000.0,8288750000.0,22773000000.0,49639834973.0,34.0,26.475,935000000.0,4.2,1.0,2991000000.0,0.309,28265000000.0,192000000.0,12760000000.0,6924250000.0,1339000000.0,0.0,0.0,0.0,16022000000.0,4718000000.0,11304000000.0,46647834973.0,696000000.0,1498000000.0,-620000000.0,-594000000.0,-415000000.0,-1726000000.0,1286000000.0,0.0,1149000000.0,-13000000.0,1165000000.0,1165000000.0,1165000000.0,-3000000.0,6000000.0,0.12,1733000000.0,1258000000.0,1423000000.0,0.344,2.048,40.041,25.603,3007000000.0,0.0,208.92,4.814,4.799,1275000000.0,2019000000.0,9690000000.0,9690000000.0,0.0,0.068,0.141,0.214,0.153,246000000.0,1962000000.0,1.0,223280849.0,222600000.0,225400000.0,43.531,10682000000.0,415000000.0,124000000.0,1216000000.0,47.987,2309000000.0
8,LHX,MRT,2019-06-30,2019-06-28,2019-06-28,2021-08-25,-707000000.0,10117000000.0,9912500000.0,2578000000.0,7539000000.0,0.686,28.428,-161000000.0,530000000.0,530000000.0,4467000000.0,949000000.0,1.137,2.008,3522000000.0,759000000.0,2763000000.0,3522000000.0,496000000.0,258000000.0,0.0,0.014,2.74,1278000000.0,1536000000.0,0.226,1536000000.0,1278000000.0,1109000000.0,8.03,7.86,8.03,3363000000.0,3406500000.0,3363000000.0,25528094161.0,20.0,16.62,1024000000.0,8.656,1.0,2334000000.0,0.343,6210000000.0,169000000.0,4631000000.0,5060250000.0,360000000.0,0.0,0.0,0.0,6754000000.0,2268000000.0,4486000000.0,22341094161.0,242000000.0,0.0,-150000000.0,-281000000.0,-325000000.0,-781000000.0,-159000000.0,0.0,1185000000.0,-3000000.0,949000000.0,949000000.0,949000000.0,0.0,0.0,0.14,1242000000.0,1092000000.0,525000000.0,0.341,6.643,23.542,23.553,894000000.0,0.0,189.13,3.285,3.29,457000000.0,2173000000.0,6801000000.0,6801000000.0,0.0,0.096,0.279,0.253,0.188,141000000.0,1242000000.0,1.0,118125597.0,118300000.0,121100000.0,57.489,3907000000.0,364000000.0,160000000.0,20000000.0,33.026,310000000.0
9,LHX,MRT,2019-03-31,2019-03-29,2019-03-29,2021-08-25,-217000000.0,9792000000.0,9846000000.0,2285000000.0,7507000000.0,0.67,30.594,-161000000.0,334000000.0,334000000.0,4341000000.0,894000000.0,1.423,1.715,3521000000.0,109000000.0,3412000000.0,3521000000.0,466000000.0,260000000.0,0.0,0.016,2.625,1236000000.0,1496000000.0,0.227,1496000000.0,1236000000.0,1060000000.0,7.58,7.42,7.58,3607000000.0,3385250000.0,3607000000.0,22294594324.0,18.0,14.903,1234000000.0,10.466,1.0,2256000000.0,0.342,6273000000.0,176000000.0,5100000000.0,5188000000.0,433000000.0,0.0,0.0,0.0,6185000000.0,1606000000.0,4579000000.0,18818594324.0,-109000000.0,2000000.0,-248000000.0,-734000000.0,-311000000.0,-1331000000.0,-164000000.0,0.0,1395000000.0,-9000000.0,894000000.0,894000000.0,894000000.0,-8000000.0,0.0,0.136,1185000000.0,1071000000.0,523000000.0,0.346,5.217,21.05,21.07,904000000.0,0.0,159.71,2.853,2.854,453000000.0,1986000000.0,6597000000.0,6597000000.0,0.0,0.091,0.264,0.238,0.187,139000000.0,1185000000.0,1.0,117829781.0,117900000.0,,55.954,3519000000.0,168000000.0,166000000.0,75000000.0,29.847,679000000.0
10,LHX,MRT,2018-12-31,2018-12-28,2018-12-28,2021-08-25,-211000000.0,9852000000.0,9915500000.0,2311000000.0,7541000000.0,0.649,28.989,-160000000.0,343000000.0,343000000.0,4230000000.0,847000000.0,1.268,1.887,3819000000.0,408000000.0,3411000000.0,3819000000.0,479000000.0,258000000.0,0.0,0.019,2.51,1157000000.0,1415000000.0,0.22,1415000000.0,1157000000.0,983000000.0,7.17,7.02,7.17,3412000000.0,3267750000.0,3412000000.0,19138495027.0,17.0,13.525,687000000.0,5.837,1.0,2201000000.0,0.342,6300000000.0,174000000.0,5206000000.0,5239000000.0,425000000.0,0.0,0.0,0.0,6440000000.0,1822000000.0,4618000000.0,15434495027.0,-79000000.0,2000000.0,-288000000.0,-133000000.0,-298000000.0,-753000000.0,-163000000.0,0.0,847000000.0,-10000000.0,847000000.0,847000000.0,847000000.0,-6000000.0,0.0,0.132,1206000000.0,995000000.0,521000000.0,0.35,4.524,18.223,18.296,901000000.0,0.0,131.18,2.4,2.401,494000000.0,1824000000.0,6431000000.0,6431000000.0,0.0,0.085,0.259,0.221,0.18,128000000.0,1206000000.0,1.0,117658904.0,117700000.0,,54.639,3552000000.0,201000000.0,136000000.0,71000000.0,30.178,489000000.0
11,LHX,MRT,2018-09-30,2018-09-28,2018-09-28,2021-08-25,-202000000.0,9889000000.0,9916500000.0,2288000000.0,7601000000.0,0.635,27.515,-144000000.0,305000000.0,305000000.0,4157000000.0,753000000.0,1.17,2.048,4009000000.0,599000000.0,3410000000.0,4009000000.0,410000000.0,259000000.0,0.0,0.014,2.395,1110000000.0,1369000000.0,0.217,1369000000.0,1110000000.0,937000000.0,6.36,6.23,6.36,3244000000.0,3163250000.0,3244000000.0,23354214001.0,21.0,17.059,629000000.0,5.335,1.0,2143000000.0,0.34,6333000000.0,173000000.0,5304000000.0,5235000000.0,413000000.0,0.0,0.0,0.0,6645000000.0,1956000000.0,4689000000.0,19852214001.0,-83000000.0,0.0,-362000000.0,-20000000.0,-285000000.0,-700000000.0,-149000000.0,0.0,773000000.0,-7000000.0,753000000.0,753000000.0,753000000.0,-6000000.0,0.0,0.12,1193000000.0,950000000.0,480000000.0,0.377,6.12,26.364,26.605,898000000.0,0.0,169.21,3.151,3.167,432000000.0,1680000000.0,6300000000.0,6300000000.0,0.0,0.076,0.238,0.212,0.176,109000000.0,1193000000.0,1.0,117322936.0,117900000.0,,53.435,3556000000.0,268000000.0,184000000.0,105000000.0,30.161,332000000.0
12,LHX,MRT,2018-06-30,2018-06-29,2018-06-29,2021-08-25,-202000000.0,9851000000.0,9969000000.0,2224000000.0,7627000000.0,0.619,27.609,-136000000.0,288000000.0,288000000.0,4066000000.0,699000000.0,1.202,2.005,3790000000.0,382000000.0,3408000000.0,3790000000.0,372000000.0,259000000.0,0.0,0.016,2.28,1075000000.0,1334000000.0,0.216,1334000000.0,1075000000.0,905000000.0,5.88,5.76,5.88,3278000000.0,3099000000.0,3278000000.0,20937077230.0,19.0,15.695,615000000.0,5.18,1.0,2102000000.0,0.341,6361000000.0,170000000.0,5142000000.0,5243250000.0,411000000.0,0.0,0.0,0.0,6573000000.0,1850000000.0,4723000000.0,17161077230.0,-196000000.0,0.0,-238000000.0,-271000000.0,-272000000.0,-805000000.0,-141000000.0,0.0,751000000.0,-1000000.0,699000000.0,699000000.0,699000000.0,0.0,0.0,0.113,1182000000.0,920000000.0,622000000.0,0.388,5.235,24.551,24.582,900000000.0,0.0,144.54,2.782,2.782,466000000.0,1648000000.0,6168000000.0,6168000000.0,0.0,0.07,0.226,0.205,0.174,82000000.0,1182000000.0,1.0,118728914.0,118728914.0,,51.95,3490000000.0,293000000.0,206000000.0,94000000.0,29.395,374000000.0
13,LHX,MRT,2018-03-31,2018-03-30,2018-03-30,2021-08-25,-249000000.0,10070000000.0,10028750000.0,2414000000.0,7656000000.0,0.603,26.495,-119000000.0,443000000.0,443000000.0,4048000000.0,607000000.0,1.125,2.21,4219000000.0,828000000.0,3391000000.0,4219000000.0,296000000.0,363000000.0,0.0,0.014,2.24,1002000000.0,1365000000.0,0.226,1365000000.0,1002000000.0,836000000.0,5.09,5.0,5.09,3137000000.0,3011500000.0,3137000000.0,22645742628.0,23.0,16.59,191000000.0,1.613,1.0,1998000000.0,0.33,6396000000.0,166000000.0,5304000000.0,5267750000.0,963000000.0,0.0,0.0,0.0,6933000000.0,2146000000.0,4787000000.0,19148742628.0,141000000.0,637000000.0,-412000000.0,-1000000.0,-268000000.0,-692000000.0,518000000.0,0.0,310000000.0,5000000.0,607000000.0,607000000.0,607000000.0,-42000000.0,0.0,0.1,1255000000.0,743000000.0,494000000.0,0.44,6.104,31.547,31.686,879000000.0,0.0,161.28,3.167,3.158,743000000.0,1543000000.0,6046000000.0,6046000000.0,0.0,0.061,0.202,0.19,0.166,59000000.0,1255000000.0,1.0,118729803.0,118400000.0,,51.064,3674000000.0,298000000.0,229000000.0,71000000.0,31.03,268000000.0
14,LHX,MRT,2017-12-31,2017-12-29,2017-12-29,2021-08-25,-254000000.0,9856000000.0,10288000000.0,2132000000.0,7724000000.0,0.581,25.266,-113000000.0,422000000.0,422000000.0,3978000000.0,496000000.0,1.225,2.292,3919000000.0,528000000.0,3391000000.0,3919000000.0,290000000.0,340000000.0,0.0,0.016,2.2,951000000.0,1291000000.0,0.216,1291000000.0,951000000.0,784000000.0,4.14,4.07,4.14,2994000000.0,2955750000.0,2994000000.0,20493757908.0,22.0,15.874,534000000.0,4.506,1.0,1995000000.0,0.334,6422000000.0,167000000.0,5190000000.0,5637500000.0,942000000.0,0.0,0.0,0.0,6862000000.0,1741000000.0,5121000000.0,16884757908.0,61000000.0,1012000000.0,-715000000.0,-499000000.0,-265000000.0,-1491000000.0,899000000.0,0.0,647000000.0,6000000.0,496000000.0,496000000.0,496000000.0,35000000.0,0.0,0.083,1180000000.0,815000000.0,462000000.0,0.531,5.64,34.042,34.215,878000000.0,0.0,141.65,2.827,2.81,642000000.0,1424000000.0,5973000000.0,5973000000.0,0.0,0.048,0.168,0.169,0.159,44000000.0,1180000000.0,1.0,119200550.0,118500000.0,,50.405,3434000000.0,233000000.0,288000000.0,72000000.0,28.979,391000000.0
15,LHX,MRT,2017-09-30,2017-09-29,2017-09-29,2021-08-25,-250000000.0,10099000000.0,10728500000.0,2127000000.0,7972000000.0,0.549,25.08,-121000000.0,388000000.0,388000000.0,3876000000.0,542000000.0,1.109,2.381,3997000000.0,602000000.0,3395000000.0,3997000000.0,264000000.0,323000000.0,0.0,0.016,2.16,977000000.0,1300000000.0,0.221,1300000000.0,977000000.0,808000000.0,4.46,4.39,4.46,2987000000.0,2996500000.0,2987000000.0,19316375907.0,20.0,14.859,500000000.0,4.198,1.0,2011000000.0,0.342,6453000000.0,169000000.0,5337000000.0,6016750000.0,896000000.0,0.0,0.0,0.0,7112000000.0,1918000000.0,5194000000.0,15770375907.0,104000000.0,1014000000.0,-632000000.0,-504000000.0,-263000000.0,-1411000000.0,893000000.0,0.0,621000000.0,1000000.0,542000000.0,542000000.0,542000000.0,21000000.0,0.0,0.092,1141000000.0,870000000.0,452000000.0,0.484,5.28,29.097,29.525,890000000.0,0.0,131.68,2.679,2.664,706000000.0,1387000000.0,5887000000.0,5887000000.0,0.0,0.051,0.181,0.162,0.166,42000000.0,1141000000.0,1.0,119762879.0,119100000.0,,49.429,3646000000.0,433000000.0,266000000.0,163000000.0,30.613,209000000.0
16,LHX,MRT,2017-06-30,2017-06-30,2017-06-30,2021-08-25,-276000000.0,10090000000.0,11148250000.0,2073000000.0,8017000000.0,0.529,24.017,-119000000.0,484000000.0,484000000.0,3854000000.0,543000000.0,1.076,2.446,4030000000.0,634000000.0,3396000000.0,4030000000.0,252000000.0,311000000.0,0.0,0.019,2.12,976000000.0,1287000000.0,0.218,1287000000.0,976000000.0,804000000.0,4.42,4.36,4.42,2928000000.0,3013000000.0,2928000000.0,17209178958.0,18.0,13.372,450000000.0,3.691,1.0,2043000000.0,0.346,6470000000.0,172000000.0,5240000000.0,6339750000.0,841000000.0,0.0,0.0,0.0,7162000000.0,1926000000.0,5236000000.0,13298178958.0,-3000000.0,989000000.0,-656000000.0,-499000000.0,-262000000.0,-1438000000.0,870000000.0,0.0,569000000.0,-4000000.0,543000000.0,543000000.0,543000000.0,0.0,0.0,0.092,1150000000.0,893000000.0,540000000.0,0.48,4.542,24.49,24.679,904000000.0,0.0,109.08,2.255,2.255,623000000.0,1343000000.0,5897000000.0,5897000000.0,0.0,0.049,0.18,0.154,0.166,42000000.0,1150000000.0,1.0,121912165.0,121912165.0,,48.371,3620000000.0,433000000.0,261000000.0,65000000.0,29.694,147000000.0
17,LHX,MRT,2017-03-31,2017-03-31,2017-03-31,2021-08-25,-461000000.0,11107000000.0,11628000000.0,2876000000.0,8231000000.0,0.507,23.768,-149000000.0,302000000.0,302000000.0,3712000000.0,582000000.0,1.661,2.812,4213000000.0,354000000.0,3859000000.0,4213000000.0,231000000.0,206000000.0,0.0,0.019,2.09,1030000000.0,1236000000.0,0.21,1236000000.0,1030000000.0,856000000.0,4.7,4.64,4.7,2914000000.0,3045000000.0,2914000000.0,17887849019.0,17.0,14.472,757000000.0,6.175,1.0,2179000000.0,0.37,6503000000.0,174000000.0,6783000000.0,6898500000.0,894000000.0,0.0,0.0,0.0,8193000000.0,1732000000.0,6461000000.0,13848849019.0,0.0,531000000.0,-402000000.0,-590000000.0,-262000000.0,-1275000000.0,382000000.0,0.0,906000000.0,-13000000.0,582000000.0,582000000.0,582000000.0,32000000.0,0.0,0.099,1131000000.0,1048000000.0,428000000.0,0.445,4.753,23.795,23.674,895000000.0,0.0,111.27,2.351,2.316,714000000.0,1554000000.0,5891000000.0,5891000000.0,0.0,0.05,0.191,0.149,0.175,43000000.0,1131000000.0,1.0,124461661.0,122600000.0,,48.051,4604000000.0,680000000.0,274000000.0,13000000.0,37.553,1144000000.0
18,LHX,MRT,2016-12-31,2016-12-30,2016-12-30,2021-08-25,-523000000.0,11618000000.0,11826250000.0,2612000000.0,9006000000.0,0.503,25.521,-152000000.0,361000000.0,361000000.0,3763000000.0,665000000.0,1.569,2.68,4400000000.0,313000000.0,4087000000.0,4400000000.0,260000000.0,216000000.0,0.0,0.02,2.06,1110000000.0,1326000000.0,0.223,1326000000.0,1110000000.0,932000000.0,5.35,5.29,5.35,3157000000.0,3158000000.0,3157000000.0,16936638265.0,15.0,12.773,680000000.0,5.497,1.0,2189000000.0,0.368,7285000000.0,178000000.0,6707000000.0,6918500000.0,1001000000.0,0.0,0.0,0.0,8460000000.0,1665000000.0,6795000000.0,12734638265.0,-150000000.0,145000000.0,-62000000.0,-598000000.0,-259000000.0,-939000000.0,-26000000.0,-19000000.0,832000000.0,-17000000.0,665000000.0,665000000.0,665000000.0,-56000000.0,0.0,0.112,1148000000.0,1041000000.0,540000000.0,0.385,4.034,19.15,19.153,908000000.0,0.0,102.47,2.14,2.13,762000000.0,1495000000.0,5952000000.0,5952000000.0,0.0,0.056,0.211,0.16,0.186,42000000.0,1148000000.0,1.0,124276747.0,123700000.0,,48.116,4333000000.0,561000000.0,267000000.0,19000000.0,35.028,947000000.0
19,LHX,MRT,2016-09-30,2016-09-30,2016-09-30,2021-08-25,-497000000.0,11778000000.0,11946000000.0,2425000000.0,9353000000.0,0.523,24.641,-149000000.0,284000000.0,284000000.0,4046000000.0,336000000.0,1.307,2.858,4486000000.0,399000000.0,4087000000.0,4486000000.0,289000000.0,221000000.0,0.0,0.022,2.03,796000000.0,1017000000.0,0.163,1017000000.0,796000000.0,616000000.0,2.7,2.67,2.7,3053000000.0,3181500000.0,3053000000.0,15409815820.0,19.0,15.152,754000000.0,6.086,1.0,2205000000.0,0.353,7495000000.0,180000000.0,6629000000.0,6952000000.0,962000000.0,0.0,0.0,0.0,8724000000.0,1856000000.0,6868000000.0,11379815820.0,-36000000.0,145000000.0,-60000000.0,-567000000.0,-256000000.0,-902000000.0,-23000000.0,-19000000.0,903000000.0,-14000000.0,336000000.0,336000000.0,336000000.0,307000000.0,0.0,0.054,1113000000.0,1092000000.0,508000000.0,0.752,3.727,33.868,33.93,988000000.0,0.0,91.61,1.82,1.816,976000000.0,1384000000.0,6251000000.0,6251000000.0,0.0,0.028,0.106,0.114,0.127,40000000.0,1113000000.0,1.0,124220236.0,123900000.0,,50.452,4283000000.0,631000000.0,280000000.0,54000000.0,34.568,569000000.0
20,LHX,MRT,2016-06-30,2016-07-01,2016-07-01,2021-08-25,-495000000.0,12009000000.0,12142500000.0,2624000000.0,9385000000.0,0.493,24.502,-152000000.0,487000000.0,487000000.0,3832000000.0,324000000.0,1.325,2.929,4517000000.0,397000000.0,4120000000.0,4517000000.0,294000000.0,229000000.0,0.0,0.024,2.0,780000000.0,1009000000.0,0.168,1009000000.0,780000000.0,597000000.0,2.61,2.59,2.61,3056000000.0,3283750000.0,3056000000.0,14792109934.0,19.0,14.66,772000000.0,6.19,1.0,2160000000.0,0.36,6583000000.0,183000000.0,7475000000.0,7145750000.0,867000000.0,0.0,0.0,0.0,8952000000.0,1981000000.0,6971000000.0,10301109934.0,6000000.0,170000000.0,44000000.0,-669000000.0,-252000000.0,-893000000.0,-1000000.0,-19000000.0,924000000.0,-24000000.0,324000000.0,324000000.0,324000000.0,287000000.0,0.0,0.054,1105000000.0,1055000000.0,494000000.0,0.766,3.371,31.794,31.644,924000000.0,0.0,82.59,1.719,1.719,674000000.0,1330000000.0,5992000000.0,5992000000.0,0.0,0.027,0.099,0.109,0.13,39000000.0,1105000000.0,1.0,124725874.0,124725874.0,,48.041,5426000000.0,624000000.0,273000000.0,8000000.0,43.503,643000000.0
21,LHX,MRT,2016-03-31,2016-04-01,2016-04-01,2021-08-25,-70000000.0,11900000000.0,12422000000.0,2866000000.0,9034000000.0,0.438,27.145,-128000000.0,302000000.0,302000000.0,3478000000.0,108000000.0,1.424,2.535,4793000000.0,474000000.0,4319000000.0,4793000000.0,328000000.0,232000000.0,0.0,0.025,1.97,469000000.0,701000000.0,0.129,701000000.0,469000000.0,278000000.0,0.74,0.72,0.74,3366000000.0,3369000000.0,3366000000.0,14213094971.0,30.0,20.275,838000000.0,6.758,1.0,1968000000.0,0.361,7516000000.0,191000000.0,6863000000.0,7143250000.0,992000000.0,14000000.0,14000000.0,0.0,8533000000.0,2012000000.0,6521000000.0,9698094971.0,-186000000.0,-3154000000.0,49000000.0,2369000000.0,-238000000.0,2149000000.0,-3301000000.0,-19000000.0,966000000.0,0.0,108000000.0,108000000.0,108000000.0,293000000.0,0.0,0.02,1099000000.0,869000000.0,529000000.0,2.662,2.881,89.797,105.135,1007000000.0,0.0,77.8,1.781,1.771,1054000000.0,1232000000.0,5446000000.0,5446000000.0,0.0,0.009,0.032,0.066,0.086,40000000.0,1099000000.0,1.0,124654177.0,124000000.0,,43.919,4384000000.0,506000000.0,170000000.0,22000000.0,35.355,854000000.0
22,LHX,MRT,2015-12-31,2016-01-01,2016-01-01,2021-08-25,-66000000.0,12097000000.0,10655625000.0,2835000000.0,9262000000.0,0.477,26.26,-118000000.0,511000000.0,511000000.0,3223000000.0,66000000.0,1.325,2.721,5026000000.0,583000000.0,4443000000.0,5026000000.0,353000000.0,243000000.0,0.0,0.022,1.94,406000000.0,649000000.0,0.128,649000000.0,406000000.0,227000000.0,0.6,0.58,0.6,3251000000.0,2987675000.0,3251000000.0,15572498477.0,38.0,23.995,901000000.0,7.278,1.0,1860000000.0,0.366,7632000000.0,179000000.0,6841000000.0,6185025000.0,1070000000.0,41000000.0,41000000.0,0.0,8845000000.0,2139000000.0,6706000000.0,10811498477.0,41000000.0,-3143000000.0,52000000.0,2527000000.0,-226000000.0,2297000000.0,-3261000000.0,0.0,1019000000.0,-14000000.0,66000000.0,66000000.0,66000000.0,302000000.0,0.0,0.013,1046000000.0,814000000.0,558000000.0,3.233,3.326,163.811,144.833,1102000000.0,0.0,86.9,2.127,2.117,935000000.0,1127000000.0,5083000000.0,5083000000.0,0.0,0.006,0.022,0.066,0.08,39000000.0,1046000000.0,1.0,124413101.0,123800000.0,,41.058,4465000000.0,532000000.0,161000000.0,19000000.0,36.066,696000000.0
23,LHX,MRT,2015-09-30,2015-10-02,2015-10-02,2021-08-25,-48000000.0,12564000000.0,8830925000.0,3053000000.0,9511000000.0,0.514,28.032,-131000000.0,320000000.0,320000000.0,2828000000.0,357000000.0,1.632,2.629,5081000000.0,180000000.0,4901000000.0,5081000000.0,421000000.0,243000000.0,0.0,0.026,1.91,638000000.0,881000000.0,0.194,881000000.0,638000000.0,483000000.0,3.17,3.12,3.17,3462000000.0,2627825000.0,3462000000.0,13911291086.0,22.0,15.79,707000000.0,5.725,1.0,1713000000.0,0.377,8050000000.0,155000000.0,7404000000.0,5237650000.0,1107000000.0,40000000.0,40000000.0,0.0,9101000000.0,1871000000.0,7230000000.0,9176291086.0,-129000000.0,-3143000000.0,-2000000.0,2603000000.0,-212000000.0,2331000000.0,-3274000000.0,0.0,838000000.0,-24000000.0,357000000.0,357000000.0,357000000.0,-47000000.0,0.0,0.079,1017000000.0,696000000.0,455000000.0,0.603,2.651,25.704,23.331,1150000000.0,0.0,73.96,2.021,2.011,1078000000.0,1342000000.0,4541000000.0,4541000000.0,0.0,0.04,0.136,0.122,0.14,39000000.0,1017000000.0,1.0,124070999.0,123500000.0,,36.769,4514000000.0,541000000.0,126000000.0,85000000.0,36.551,1182000000.0
24,LHX,MRT,2015-06-30,2015-07-03,2015-07-03,2021-08-25,-16000000.0,13127000000.0,6899075000.0,3183000000.0,9944000000.0,0.563,32.564,-148000000.0,481000000.0,481000000.0,2370000000.0,334000000.0,1.4,2.863,5216000000.0,163000000.0,5053000000.0,5216000000.0,433000000.0,233000000.0,0.0,0.024,1.88,573000000.0,806000000.0,0.207,806000000.0,573000000.0,443000000.0,3.15,3.11,3.15,3397000000.0,2211350000.0,3397000000.0,9224981657.0,16.0,11.445,706000000.0,6.768,1.0,1515000000.0,0.39,8123000000.0,130000000.0,7465000000.0,4135500000.0,1015000000.0,267000000.0,267000000.0,0.0,9725000000.0,2274000000.0,7451000000.0,8109581657.0,-80000000.0,-3136000000.0,-103000000.0,2729000000.0,-198000000.0,2373000000.0,-3284000000.0,0.0,854000000.0,-23000000.0,334000000.0,334000000.0,334000000.0,-47000000.0,0.0,0.086,883000000.0,632000000.0,581000000.0,0.597,2.387,24.28,24.679,1165000000.0,0.0,77.74,2.087,2.087,1168000000.0,1258000000.0,3885000000.0,3885000000.0,0.0,0.048,0.151,0.139,0.147,37000000.0,883000000.0,1.0,104316718.0,104316718.0,,37.242,5004000000.0,589000000.0,109000000.0,69000000.0,47.969,909000000.0
25,LHX,MRT,2015-03-31,2015-04-03,2015-04-03,2021-08-25,-139100000.0,4834500000.0,4847075000.0,2022100000.0,2812400000.0,1.006,17.75,-163000000.0,487700000.0,487700000.0,3223100000.0,521000000.0,1.93,1.627,1603100000.0,27300000.0,1575800000.0,1603100000.0,241000000.0,219400000.0,0.0,0.023,1.83,843500000.0,1062900000.0,0.218,1062900000.0,843500000.0,741100000.0,4.97,4.92,4.97,1840700000.0,1818600000.0,1840700000.0,9375748616.0,11.0,8.821,627000000.0,6.046,1.0,1654300000.0,0.339,1872200000.0,102400000.0,3030100000.0,2993750000.0,635700000.0,0.0,0.0,0.0,2994100000.0,1047600000.0,1946500000.0,8194148616.0,138400000.0,22000000.0,-186800000.0,-55200000.0,-193500000.0,-483500000.0,-141000000.0,0.0,790000000.0,-27100000.0,521600000.0,521600000.0,521600000.0,1400000.0,-600000.0,0.107,807300000.0,847000000.0,279600000.0,0.368,4.452,15.71,15.835,705500000.0,0.0,78.7,1.68,1.673,652700000.0,1363100000.0,4877400000.0,4877400000.0,0.0,0.108,0.287,0.282,0.173,32500000.0,807300000.0,1.0,104118788.0,103700000.0,,47.034,2962300000.0,203400000.0,219500000.0,19500000.0,28.566,974500000.0
26,LHX,MRT,2014-12-31,2015-01-02,2015-01-02,2021-08-25,-77900000.0,4798200000.0,4878100000.0,1946000000.0,2852200000.0,1.016,17.436,-198000000.0,469500000.0,469500000.0,3310100000.0,536200000.0,1.893,1.649,1651100000.0,75300000.0,1575800000.0,1651100000.0,253300000.0,207600000.0,0.0,0.025,1.78,859000000.0,1066600000.0,0.215,1066600000.0,859000000.0,767400000.0,5.08,5.03,5.08,1811600000.0,1807275000.0,1811600000.0,8671159130.0,10.0,8.13,593500000.0,5.712,1.0,1647800000.0,0.332,1900400000.0,91600000.0,3051500000.0,3015525000.0,649600000.0,0.0,0.0,0.0,2986800000.0,1027900000.0,1958900000.0,7490859130.0,135600000.0,22000000.0,-224000000.0,-24500000.0,-188600000.0,-460100000.0,-176000000.0,0.0,791500000.0,-19800000.0,537000000.0,537000000.0,537000000.0,-2700000.0,-800000.0,0.108,790500000.0,857300000.0,292100000.0,0.35,4.135,13.949,14.098,724500000.0,0.0,71.62,1.511,1.501,582000000.0,1286500000.0,4957900000.0,4957900000.0,0.0,0.11,0.297,0.285,0.173,33500000.0,790500000.0,1.0,104591722.0,103900000.0,,47.718,2897800000.0,206800000.0,230400000.0,0.0,27.89,918100000.0
27,LHX,MRT,2014-09-30,2014-09-26,2014-09-26,2021-08-25,-35600000.0,4836600000.0,4899575000.0,1924600000.0,2912000000.0,1.015,17.171,-211600000.0,449100000.0,449100000.0,3297500000.0,533300000.0,1.778,1.693,1629400000.0,53600000.0,1575800000.0,1629400000.0,278100000.0,205000000.0,0.0,0.026,1.73,874100000.0,1079100000.0,0.217,1079100000.0,874100000.0,780800000.0,5.01,4.97,5.01,1796100000.0,1782775000.0,1796100000.0,8169472933.0,9.0,7.571,544800000.0,5.208,1.0,1677600000.0,0.337,1939300000.0,93300000.0,2995400000.0,3024275000.0,648300000.0,0.0,0.0,0.0,3040600000.0,1082200000.0,1958400000.0,7094972933.0,111800000.0,22000000.0,-196900000.0,-41500000.0,-184700000.0,-444100000.0,-189600000.0,0.0,756400000.0,-10900000.0,534200000.0,534200000.0,534200000.0,-1700000.0,-900000.0,0.107,807200000.0,870400000.0,302900000.0,0.345,3.95,13.281,13.517,730500000.0,0.0,67.72,1.426,1.424,603700000.0,1231400000.0,4975100000.0,4975100000.0,0.0,0.109,0.3,0.289,0.176,34600000.0,807200000.0,1.0,104769240.0,104600000.0,,47.563,2897300000.0,210600000.0,246600000.0,33400000.0,27.699,842400000.0
28,LHX,MRT,2014-06-30,2014-06-27,2014-06-27,2021-08-25,-15000000.0,4919000000.0,4885600000.0,1991000000.0,2928000000.0,1.026,17.146,-204000000.0,561000000.0,561000000.0,3310000000.0,534000000.0,1.786,1.694,1624000000.0,60000000.0,1564000000.0,1624000000.0,266000000.0,204000000.0,0.0,0.022,1.68,885000000.0,1089000000.0,0.217,1089000000.0,885000000.0,791000000.0,5.0,4.95,5.0,1826000000.0,1741325000.0,1826000000.0,9400721221.0,11.0,8.632,645000000.0,6.056,1.0,1702000000.0,0.34,1969000000.0,94000000.0,2898000000.0,3019725000.0,619000000.0,9000000.0,9000000.0,0.0,3094000000.0,1115000000.0,1979000000.0,8091821221.0,240000000.0,42000000.0,-159000000.0,-100000000.0,-180000000.0,-448000000.0,-162000000.0,0.0,849000000.0,1000000.0,535000000.0,535000000.0,535000000.0,0.0,-1000000.0,0.107,820000000.0,882000000.0,324000000.0,0.336,4.431,15.125,15.196,728000000.0,0.0,75.98,1.614,1.614,566000000.0,1226000000.0,5012000000.0,5012000000.0,0.0,0.11,0.307,0.293,0.177,35000000.0,820000000.0,1.0,106499358.0,106499358.0,,47.061,2950000000.0,227000000.0,256000000.0,2000000.0,27.7,876000000.0
29,LHX,MRT,2014-03-31,2014-03-28,2014-03-28,2021-08-25,-32100000.0,4958600000.0,4870450000.0,2053300000.0,2905300000.0,1.035,16.906,-189500000.0,349600000.0,349600000.0,3298700000.0,458900000.0,1.746,1.762,1658500000.0,82700000.0,1575800000.0,1658500000.0,298200000.0,205300000.0,0.0,0.023,1.63,782100000.0,987400000.0,0.196,987400000.0,782100000.0,685600000.0,4.26,4.23,4.26,1795400000.0,1675150000.0,1795400000.0,9017773520.0,12.0,9.133,584300000.0,5.502,1.0,1743800000.0,0.346,1974400000.0,96500000.0,3117200000.0,3038975000.0,674000000.0,0.0,0.0,0.0,3163600000.0,1175900000.0,1987700000.0,7676673520.0,-109400000.0,26600000.0,-215300000.0,-299000000.0,-175900000.0,-702200000.0,-163000000.0,-100000.0,773800000.0,-18000000.0,458900000.0,458900000.0,458900000.0,-339700000.0,0.0,0.091,915900000.0,827900000.0,355500000.0,0.383,4.276,16.728,16.873,685500000.0,0.0,71.88,1.522,1.514,772700000.0,1199000000.0,5042500000.0,5042500000.0,0.0,0.094,0.274,0.257,0.155,35900000.0,915900000.0,1.0,106798463.0,106200000.0,,47.481,2984200000.0,255100000.0,226700000.0,900000.0,28.1,877400000.0
30,LHX,MRT,2013-12-31,2013-12-27,2013-12-27,2021-08-25,-38900000.0,4884100000.0,4899875000.0,1972400000.0,2911700000.0,1.016,16.12,-180300000.0,334400000.0,334400000.0,3261200000.0,412000000.0,1.714,1.85,1675500000.0,98400000.0,1577100000.0,1675500000.0,298500000.0,211200000.0,0.0,0.023,1.58,721800000.0,933000000.0,0.187,933000000.0,721800000.0,620900000.0,3.79,3.77,3.79,1713600000.0,1644650000.0,1713600000.0,8831700397.0,12.0,9.466,652700000.0,6.14,1.0,1717500000.0,0.345,1987900000.0,100900000.0,3086500000.0,3022125000.0,688800000.0,0.0,0.0,0.0,3170900000.0,1150800000.0,2020100000.0,7498300397.0,6300000.0,174000000.0,-338200000.0,-286500000.0,-171400000.0,-808100000.0,-6400000.0,-100000.0,833000000.0,-12200000.0,412300000.0,412300000.0,412300000.0,-305300000.0,-300000.0,0.083,915200000.0,802300000.0,341500000.0,0.417,4.376,18.187,18.512,668900000.0,0.0,70.16,1.506,1.498,699500000.0,1146900000.0,4978700000.0,4978700000.0,0.0,0.084,0.251,0.239,0.145,36500000.0,915200000.0,1.0,106874293.0,106300000.0,,46.836,2896200000.0,257000000.0,208600000.0,1000000.0,27.246,821600000.0
31,LHX,MRT,2013-09-30,2013-09-27,2013-09-27,2021-08-25,-34200000.0,4780700000.0,4989175000.0,1889500000.0,2891200000.0,1.011,15.322,-167700000.0,337200000.0,337200000.0,3311200000.0,320700000.0,1.663,1.933,1670600000.0,93500000.0,1577100000.0,1670600000.0,308700000.0,216200000.0,0.0,0.026,1.53,633500000.0,849700000.0,0.169,849700000.0,633500000.0,528700000.0,2.95,2.94,2.95,1630300000.0,1671950000.0,1630300000.0,7747896476.0,12.0,9.118,717400000.0,6.742,1.0,1731200000.0,0.343,2000400000.0,104800000.0,2977200000.0,3148100000.0,656300000.0,0.0,0.0,0.0,3150600000.0,1136500000.0,2014100000.0,6333796476.0,10400000.0,174000000.0,-357700000.0,-339700000.0,-168400000.0,-877800000.0,10200000.0,3900000.0,885100000.0,-7100000.0,324600000.0,324600000.0,324600000.0,-306300000.0,-3900000.0,0.064,923600000.0,807600000.0,315100000.0,0.519,3.885,19.513,20.078,651900000.0,0.0,59.23,1.256,1.25,676100000.0,1090200000.0,5042400000.0,5042400000.0,0.0,0.065,0.194,0.201,0.126,35400000.0,923600000.0,1.0,106935615.0,106400000.0,,47.391,2780300000.0,236500000.0,204100000.0,900000.0,26.131,753000000.0
32,LHX,MRT,2013-06-30,2013-06-28,2013-06-28,2021-08-25,-58600000.0,4858400000.0,5132575000.0,1948100000.0,2910300000.0,0.996,14.248,-178000000.0,321000000.0,321000000.0,3385000000.0,109000000.0,1.502,2.112,1735100000.0,158000000.0,1577100000.0,1735100000.0,308000000.0,221000000.0,0.0,0.03,1.48,425000000.0,646000000.0,0.126,646000000.0,425000000.0,316000000.0,1.01,1.01,1.01,1561300000.0,1725975000.0,1561300000.0,6862985750.0,16.0,10.624,655000000.0,5.977,1.0,1727000000.0,0.338,2000100000.0,109000000.0,2975000000.0,3312525000.0,668700000.0,0.0,0.0,0.0,3297200000.0,1297400000.0,1999800000.0,5396985750.0,-35000000.0,147000000.0,-317000000.0,-346000000.0,-165000000.0,-840000000.0,-20000000.0,11000000.0,833000000.0,-8000000.0,113000000.0,113000000.0,113000000.0,0.0,-4000000.0,0.022,914000000.0,813000000.0,339500000.0,1.465,3.457,47.761,48.762,653200000.0,0.0,49.25,1.056,1.056,696800000.0,1079900000.0,5112000000.0,5112000000.0,0.0,0.022,0.065,0.128,0.083,33000000.0,914000000.0,1.0,109583467.0,109583467.0,,46.649,2858300000.0,282200000.0,203000000.0,1800000.0,26.083,650700000.0
33,LHX,MRT,2013-03-31,2013-03-29,2013-03-29,2021-08-25,-43300000.0,5076300000.0,5316175000.0,2125300000.0,2951000000.0,0.976,15.13,-190000000.0,459000000.0,459000000.0,3436800000.0,181600000.0,1.474,2.032,1925000000.0,348900000.0,1576100000.0,1925000000.0,304000000.0,230600000.0,0.0,0.031,1.44,543800000.0,774400000.0,0.149,774400000.0,543800000.0,433400000.0,1.63,1.63,1.63,1673400000.0,1820375000.0,1673400000.0,6831260520.0,13.0,8.821,692900000.0,6.265,1.0,1751500000.0,0.338,2050900000.0,110400000.0,3049800000.0,3506925000.0,646300000.0,0.0,0.0,0.0,3400100000.0,1441600000.0,1958500000.0,5229460520.0,160000000.0,147300000.0,-209500000.0,-313900000.0,-162000000.0,-685400000.0,-31600000.0,11100000.0,882900000.0,-5900000.0,186600000.0,186600000.0,186600000.0,-490200000.0,-5000000.0,0.036,867000000.0,884500000.0,298400000.0,0.883,3.125,28.025,28.429,666900000.0,0.0,46.34,1.008,0.988,672000000.0,1163700000.0,5188300000.0,5188300000.0,0.0,0.035,0.103,0.155,0.105,33900000.0,867000000.0,1.0,112849817.0,110600000.0,,46.91,3025400000.0,290700000.0,246800000.0,1900000.0,27.354,683700000.0
34,LHX,MRT,2012-12-31,2012-12-28,2012-12-28,2021-08-25,10100000.0,5241300000.0,5459325000.0,2259200000.0,2982100000.0,0.981,16.232,-194000000.0,328100000.0,328100000.0,3513100000.0,-266800000.0,1.942,1.874,1929900000.0,50700000.0,1879200000.0,1929900000.0,265200000.0,241200000.0,0.0,0.029,1.4,124300000.0,365500000.0,0.068,365500000.0,124300000.0,12800000.0,-2.37,-2.35,-2.37,1822800000.0,1875375000.0,1822800000.0,7137413649.0,57.0,19.528,660400000.0,5.881,1.0,1840300000.0,0.344,2089500000.0,111500000.0,3590400000.0,3654400000.0,624500000.0,0.0,0.0,0.0,3415200000.0,1163200000.0,2252000000.0,5486113649.0,-58900000.0,-100000.0,-64100000.0,-505100000.0,-159100000.0,-728300000.0,-184000000.0,10100000.0,854400000.0,-1000000.0,-261400000.0,-261400000.0,-261400000.0,-12000000.0,-5400000.0,-0.049,906500000.0,933800000.0,299000000.0,-0.591,3.01,-20.987,-20.384,666600000.0,0.0,48.31,1.025,1.013,702500000.0,1222200000.0,5353400000.0,5353400000.0,0.0,-0.048,-0.139,0.034,0.023,33100000.0,906500000.0,1.0,113560622.0,112300000.0,,47.671,3151800000.0,291600000.0,274200000.0,2000000.0,28.066,1096000000.0
35,LHX,MRT,2012-09-30,2012-09-28,2012-09-28,2021-08-25,14800000.0,5354300000.0,5692050000.0,2358400000.0,2995900000.0,0.945,16.5,-195600000.0,326800000.0,326800000.0,3523700000.0,-179300000.0,1.879,1.896,1978100000.0,95200000.0,1882900000.0,1978100000.0,218900000.0,251800000.0,0.0,0.026,1.31,219800000.0,471600000.0,0.088,471600000.0,219800000.0,106800000.0,-1.63,-1.62,-1.63,1846400000.0,1980625000.0,1846400000.0,7491336871.0,34.0,15.885,699100000.0,6.248,1.0,1853000000.0,0.345,2115400000.0,113000000.0,3634900000.0,3688425000.0,646800000.0,0.0,0.0,0.0,3501000000.0,1255300000.0,2245700000.0,5800136871.0,21400000.0,-14100000.0,-45400000.0,-475800000.0,-148900000.0,-670100000.0,-203600000.0,6100000.0,894700000.0,400000.0,-176800000.0,-176800000.0,-176800000.0,-12000000.0,-2500000.0,-0.033,915700000.0,937300000.0,298100000.0,-0.804,3.141,-32.806,-31.423,668600000.0,0.0,51.22,1.079,1.066,661500000.0,1251300000.0,5376700000.0,5376700000.0,0.0,-0.031,-0.089,0.06,0.041,31400000.0,915700000.0,1.0,113239689.0,111900000.0,,48.049,3238900000.0,266700000.0,283600000.0,48100000.0,28.945,1103100000.0
36,LHX,MRT,2012-06-30,2012-06-29,2012-06-29,2021-08-25,-22600000.0,5592800000.0,5886225000.0,2600400000.0,2992400000.0,0.926,17.041,-233800000.0,356000000.0,356000000.0,3569300000.0,27800000.0,1.839,1.881,2047200000.0,164200000.0,1883000000.0,2047200000.0,221500000.0,260300000.0,0.0,0.029,1.22,429800000.0,690100000.0,0.127,690100000.0,429800000.0,316600000.0,0.26,0.26,0.26,1938900000.0,2058900000.0,1938900000.0,6699904529.0,16.0,9.709,619100000.0,5.441,1.0,1882000000.0,0.345,2117000000.0,113200000.0,3752600000.0,3707475000.0,617800000.0,0.0,0.0,0.0,3646700000.0,1414400000.0,2232300000.0,4761604529.0,-10900000.0,-14100000.0,-445300000.0,-24900000.0,-139600000.0,-609800000.0,-248900000.0,-1000000.0,852900000.0,-5100000.0,30600000.0,30600000.0,30600000.0,0.0,-2800000.0,0.006,940900000.0,941100000.0,381000000.0,4.692,2.456,155.608,160.962,659400000.0,0.0,41.85,0.873,0.873,750200000.0,1416600000.0,5451300000.0,5451300000.0,0.0,0.005,0.015,0.116,0.079,34700000.0,940900000.0,1.0,113777886.0,113777886.0,,47.912,3475800000.0,252800000.0,286000000.0,12800000.0,30.549,1186000000.0
37,LHX,MRT,2012-03-31,2012-03-30,2012-03-30,2021-08-25,11500000.0,5648900000.0,6031225000.0,2208600000.0,3440300000.0,0.859,16.86,-304000000.0,299000000.0,299000000.0,3446100000.0,32200000.0,1.469,1.979,2237300000.0,354100000.0,1883200000.0,2237300000.0,245200000.0,257500000.0,0.0,0.025,1.14,429600000.0,687100000.0,0.133,687100000.0,429600000.0,319700000.0,0.09,0.1,0.09,1893400000.0,2199675000.0,1893400000.0,7179776583.0,17.0,10.449,455500000.0,4.056,1.0,1732000000.0,0.334,2443600000.0,109900000.0,3639700000.0,3660250000.0,743000000.0,0.0,0.0,0.0,3747600000.0,1503900000.0,2243700000.0,5133376583.0,-586100000.0,-548200000.0,-520500000.0,161500000.0,-133500000.0,-492500000.0,-853200000.0,-1000000.0,759500000.0,100000.0,35000000.0,35000000.0,35000000.0,501300000.0,-2800000.0,0.007,794500000.0,937500000.0,346900000.0,12.667,2.711,146.668,500.889,701700000.0,0.0,45.08,0.991,0.978,915400000.0,1343600000.0,5178100000.0,5178100000.0,0.0,0.006,0.016,0.117,0.083,36000000.0,794500000.0,1.0,113872595.0,112300000.0,,46.11,3205300000.0,259500000.0,284700000.0,2000000.0,28.542,704700000.0
38,LHX,MRT,2011-12-31,2011-12-30,2011-12-30,2021-08-25,-28900000.0,6172200000.0,6126325000.0,2227800000.0,3944400000.0,0.852,19.963,-339200000.0,387000000.0,387000000.0,3462900000.0,525500000.0,1.341,1.747,2433400000.0,550200000.0,1883200000.0,2433400000.0,275800000.0,245100000.0,0.0,0.029,1.06,915000000.0,1160100000.0,0.222,1160100000.0,915000000.0,806700000.0,4.34,4.32,4.34,2243800000.0,2347450000.0,2243800000.0,6320378683.0,7.0,5.448,382600000.0,3.404,1.0,1759200000.0,0.337,2831000000.0,108300000.0,3726500000.0,3632350000.0,701300000.0,0.0,0.0,0.0,3919600000.0,1661100000.0,2258500000.0,4173578683.0,-353800000.0,-578600000.0,-553400000.0,523900000.0,-127500000.0,-157000000.0,-917800000.0,0.0,721800000.0,-800000.0,527700000.0,527700000.0,527700000.0,-4800000.0,-2200000.0,0.101,833500000.0,925700000.0,348100000.0,0.244,1.86,7.909,8.304,894400000.0,0.0,36.04,0.799,0.776,858100000.0,1754200000.0,5222100000.0,5222100000.0,0.0,0.086,0.225,0.252,0.175,36600000.0,833500000.0,1.0,115804070.0,112400000.0,,46.46,3341200000.0,244200000.0,279000000.0,21800000.0,29.726,566700000.0
39,LHX,MRT,2011-09-30,2011-09-30,2011-09-30,2021-08-25,-18600000.0,6131000000.0,6000125000.0,2182200000.0,3948800000.0,0.892,18.178,-365400000.0,305400000.0,305400000.0,3547400000.0,544300000.0,1.265,1.835,2452200000.0,565400000.0,1886800000.0,2452200000.0,228900000.0,228500000.0,0.0,0.03,1.03,924000000.0,1152500000.0,0.215,1152500000.0,924000000.0,824400000.0,4.36,4.34,4.36,2159500000.0,2383475000.0,2159500000.0,5812723249.0,6.0,5.044,251500000.0,2.117,1.0,1803000000.0,0.337,2841000000.0,99600000.0,3711100000.0,3558900000.0,690500000.0,0.0,0.0,0.0,3962000000.0,1725700000.0,2236300000.0,4107523249.0,-36000000.0,-564600000.0,-582000000.0,987400000.0,-127400000.0,278000000.0,-930000000.0,0.0,616900000.0,-900000.0,545700000.0,545700000.0,545700000.0,-4800000.0,-1400000.0,0.102,866400000.0,936600000.0,409100000.0,0.236,1.902,7.527,7.837,906000000.0,0.0,34.17,0.768,0.759,920700000.0,1666400000.0,5350400000.0,5350400000.0,0.0,0.091,0.229,0.26,0.173,39400000.0,866400000.0,1.0,120208465.0,118800000.0,,45.037,3290000000.0,210100000.0,278700000.0,42800000.0,27.694,456500000.0
40,LHX,MRT,2011-06-30,2011-07-01,2011-07-01,2021-08-25,18700000.0,6172800000.0,5769050000.0,2216800000.0,3956000000.0,0.939,19.67,-324900000.0,366900000.0,366900000.0,3532500000.0,587100000.0,1.55,1.463,2072100000.0,184900000.0,1887200000.0,2072100000.0,232800000.0,212000000.0,0.0,0.022,1.0,985200000.0,1197200000.0,0.221,1197200000.0,985200000.0,894800000.0,4.63,4.6,4.63,2502000000.0,2417025000.0,2502000000.0,6982222421.0,7.0,5.832,508200000.0,3.995,1.0,1885900000.0,0.348,2883800000.0,90400000.0,3563700000.0,3268625000.0,720800000.0,0.0,0.0,0.0,3660800000.0,1430500000.0,2230300000.0,5793922421.0,-88300000.0,-1082600000.0,-231600000.0,851400000.0,-127000000.0,492800000.0,-1417500000.0,-10000000.0,833100000.0,3300000.0,588000000.0,588000000.0,588000000.0,0.0,-900000.0,0.109,890900000.0,995000000.0,450800000.0,0.216,2.316,9.854,9.838,872800000.0,0.0,45.55,1.069,1.069,836500000.0,1889000000.0,5418400000.0,5418400000.0,0.0,0.102,0.243,0.301,0.182,46100000.0,890900000.0,1.0,127199175.0,127199175.0,,42.598,3289000000.0,234000000.0,306800000.0,0.0,25.857,786300000.0
41,LHX,MRT,2011-03-31,2011-04-01,2011-04-01,2021-08-25,17600000.0,6029300000.0,5411750000.0,2633000000.0,3396300000.0,0.967,19.876,-258000000.0,885100000.0,885100000.0,3360400000.0,605600000.0,2.01,1.422,2073400000.0,186600000.0,1886800000.0,2073400000.0,223500000.0,193200000.0,0.0,0.019,0.97,1008000000.0,1201200000.0,0.23,1201200000.0,1008000000.0,925100000.0,4.75,4.71,4.75,2484500000.0,2338925000.0,2484500000.0,7569291995.0,8.0,6.301,466200000.0,3.73,1.0,1871100000.0,0.358,2379400000.0,82900000.0,3528100000.0,3020175000.0,693900000.0,0.0,0.0,0.0,3533200000.0,1310100000.0,2223100000.0,6403091995.0,479400000.0,-560300000.0,-182300000.0,884900000.0,-124300000.0,578300000.0,-828300000.0,-10000000.0,724200000.0,5200000.0,605900000.0,605900000.0,605900000.0,21800000.0,-300000.0,0.116,841800000.0,1029300000.0,382600000.0,0.204,2.577,10.568,10.537,758800000.0,0.0,50.05,1.224,1.196,796900000.0,1864800000.0,5231500000.0,5231500000.0,0.0,0.112,0.259,0.334,0.193,43000000.0,841800000.0,1.0,127933906.0,125000000.0,,41.852,3649900000.0,229900000.0,319200000.0,0.0,29.199,1322900000.0
42,LHX,MRT,2010-12-31,2010-12-31,2010-12-31,2021-08-25,-3100000.0,5667400000.0,5061350000.0,2370400000.0,3297000000.0,1.017,18.967,-263800000.0,740800000.0,740800000.0,3283800000.0,632600000.0,2.217,1.373,1907000000.0,30700000.0,1876300000.0,1907000000.0,190900000.0,181100000.0,0.0,0.021,0.94,1038300000.0,1219400000.0,0.237,1219400000.0,1038300000.0,964400000.0,4.92,4.88,4.92,2387900000.0,2247025000.0,2387900000.0,6921751248.0,7.0,5.676,606800000.0,4.82,1.0,1864400000.0,0.362,2331600000.0,73900000.0,3432700000.0,2763950000.0,651900000.0,0.0,0.0,0.0,3278900000.0,1069300000.0,2209600000.0,5811051248.0,430600000.0,-536400000.0,-184800000.0,673300000.0,-121200000.0,367300000.0,-810200000.0,-10000000.0,870600000.0,2900000.0,632600000.0,632600000.0,632600000.0,19400000.0,0.0,0.123,805800000.0,1058600000.0,362700000.0,0.191,2.434,9.186,9.207,706900000.0,0.0,45.3,1.129,1.108,711600000.0,1795900000.0,5148200000.0,5148200000.0,0.0,0.125,0.282,0.376,0.202,40200000.0,805800000.0,1.0,128279277.0,125900000.0,,40.891,3335800000.0,261300000.0,331800000.0,0.0,26.496,1301100000.0
43,LHX,MRT,2010-09-30,2010-10-01,2010-10-01,2021-08-25,-10900000.0,5206700000.0,4776925000.0,1933300000.0,3273400000.0,1.032,18.089,-218800000.0,341400000.0,341400000.0,3121900000.0,621000000.0,1.363,1.27,1452100000.0,275700000.0,1176400000.0,1452100000.0,189800000.0,170400000.0,0.0,0.02,0.91,1019400000.0,1189800000.0,0.241,1189800000.0,1019400000.0,947700000.0,4.8,4.76,4.8,2293700000.0,2153425000.0,2293700000.0,6520320938.0,6.0,5.48,744300000.0,5.87,1.0,1805500000.0,0.366,2349100000.0,71700000.0,2550000000.0,2540575000.0,670800000.0,0.0,0.0,0.0,2912400000.0,1418300000.0,1494100000.0,5768220938.0,110300000.0,-571100000.0,-186800000.0,248400000.0,-118200000.0,-56600000.0,-799900000.0,-10000000.0,963100000.0,3700000.0,621000000.0,621000000.0,621000000.0,19400000.0,0.0,0.126,766300000.0,1039200000.0,390700000.0,0.19,2.515,9.289,9.312,672200000.0,0.0,44.7,1.171,1.15,705600000.0,1715100000.0,4927400000.0,4927400000.0,0.0,0.13,0.288,0.401,0.207,40200000.0,766300000.0,1.0,129042974.0,126800000.0,,38.86,2857600000.0,216400000.0,326700000.0,73600000.0,22.536,515000000.0
44,LHX,MRT,2010-06-30,2010-07-02,2010-07-02,2021-08-25,-20400000.0,4743600000.0,4573000000.0,2004600000.0,2739000000.0,1.033,16.865,-198000000.0,455200000.0,455200000.0,3052900000.0,561600000.0,1.906,1.166,1207300000.0,30700000.0,1176600000.0,1207300000.0,175600000.0,165700000.0,0.0,0.021,0.88,929100000.0,1094800000.0,0.232,1094800000.0,929100000.0,857000000.0,4.31,4.28,4.31,2189600000.0,2060200000.0,2189600000.0,6118391175.0,7.0,5.589,604700000.0,4.657,1.0,1672100000.0,0.354,1874000000.0,72100000.0,2569900000.0,2537625000.0,615300000.0,0.0,0.0,0.0,2553500000.0,1051800000.0,1501700000.0,5346591175.0,174000000.0,-52100000.0,-189100000.0,-76800000.0,-115000000.0,-380900000.0,-250100000.0,0.0,802700000.0,2300000.0,561600000.0,561600000.0,561600000.0,19400000.0,0.0,0.119,723200000.0,948900000.0,329400000.0,0.204,2.442,9.52,9.555,609700000.0,0.0,41.18,1.132,1.132,736000000.0,1621400000.0,4725000000.0,4725000000.0,0.0,0.123,0.273,0.366,0.197,35300000.0,723200000.0,1.0,129834657.0,129834657.0,,36.392,2869600000.0,268300000.0,295400000.0,8900000.0,22.102,952800000.0
45,LHX,MRT,2010-03-31,2010-04-02,2010-04-02,2021-08-25,-12000000.0,4627700000.0,4503375000.0,1911900000.0,2715800000.0,1.12,16.436,-161100000.0,405700000.0,405700000.0,3300400000.0,246400000.0,1.887,1.186,1177500000.0,800000.0,1176700000.0,1177500000.0,160600000.0,171200000.0,0.0,0.018,0.86,521000000.0,692200000.0,0.137,692200000.0,521000000.0,452500000.0,1.95,1.94,1.95,2116900000.0,1980075000.0,2116900000.0,7170151146.0,14.0,10.358,736500000.0,5.718,1.0,1743900000.0,0.346,1883200000.0,68500000.0,2503200000.0,2523950000.0,647200000.0,0.0,0.0,0.0,2510800000.0,1013100000.0,1497700000.0,6257751146.0,-46300000.0,-776400000.0,-145700000.0,345800000.0,-112900000.0,-12800000.0,-937500000.0,0.0,897600000.0,6400000.0,253800000.0,253800000.0,253800000.0,-356700000.0,-7400000.0,0.05,894300000.0,849600000.0,341500000.0,0.441,2.956,24.656,24.533,584300000.0,0.0,47.84,1.241,1.222,656600000.0,1537300000.0,5044300000.0,5044300000.0,0.0,0.056,0.128,0.206,0.103,43200000.0,894300000.0,1.0,130805835.0,128800000.0,,39.164,2744500000.0,238000000.0,198700000.0,16000000.0,21.308,898800000.0
46,LHX,MRT,2009-12-31,2010-01-01,2010-01-01,2021-08-25,-14700000.0,4529700000.0,4429450000.0,1874600000.0,2655100000.0,1.111,15.512,-97500000.0,310200000.0,310200000.0,3293700000.0,177700000.0,1.855,1.25,1222600000.0,45700000.0,1176900000.0,1222600000.0,195500000.0,172800000.0,0.0,0.018,0.84,445600000.0,618400000.0,0.126,618400000.0,445600000.0,382600000.0,1.54,1.54,1.54,2013500000.0,1995675000.0,2013500000.0,7234948628.0,16.0,11.699,701400000.0,5.404,1.0,1626200000.0,0.331,1892200000.0,63000000.0,2539200000.0,2451875000.0,672200000.0,0.0,0.0,0.0,2516200000.0,1010700000.0,1505500000.0,6263148628.0,-42500000.0,-779000000.0,-151400000.0,389700000.0,-110500000.0,27800000.0,-875500000.0,1000000.0,798900000.0,6300000.0,201800000.0,201800000.0,201800000.0,-318300000.0,-24100000.0,0.041,837700000.0,788500000.0,284400000.0,0.545,3.111,31.036,30.877,521500000.0,0.0,47.55,1.273,1.254,679500000.0,1436600000.0,4919900000.0,4919900000.0,0.0,0.046,0.101,0.182,0.091,44700000.0,837700000.0,1.0,131717111.0,129800000.0,,37.904,2637500000.0,239300000.0,180800000.0,0.0,20.32,863900000.0
47,LHX,MRT,2009-09-30,2009-10-02,2009-10-02,2021-08-25,-31000000.0,4391000000.0,4364500000.0,1797800000.0,2593200000.0,1.154,14.685,-110700000.0,231100000.0,231100000.0,3440400000.0,-138200000.0,1.83,1.286,1202900000.0,25800000.0,1177100000.0,1202900000.0,155800000.0,177300000.0,0.0,0.023,0.82,259300000.0,436600000.0,0.087,436600000.0,259300000.0,200700000.0,0.18,0.19,0.18,1920800000.0,2027125000.0,1920800000.0,5721012440.0,22.0,13.104,653100000.0,4.993,1.0,1595000000.0,0.317,1842100000.0,58600000.0,2538200000.0,2378575000.0,633500000.0,0.0,0.0,0.0,2470200000.0,982500000.0,1487700000.0,4718512440.0,-111100000.0,-744300000.0,-105600000.0,300000000.0,-108700000.0,-14300000.0,-853100000.0,1900000.0,763800000.0,-7500000.0,23700000.0,23700000.0,23700000.0,-318300000.0,-161900000.0,0.005,813800000.0,781200000.0,305500000.0,4.556,2.457,199.093,200.0,532200000.0,0.0,36.0,0.937,0.935,742700000.0,1362300000.0,5035400000.0,5035400000.0,0.0,0.005,0.012,0.109,0.051,44000000.0,813800000.0,1.0,131069790.0,130800000.0,,38.497,2548900000.0,202900000.0,177000000.0,32200000.0,19.487,815300000.0
48,LHX,MRT,2009-06-30,2009-07-03,2009-07-03,2021-08-25,-51400000.0,4465100000.0,4437625000.0,1859400000.0,2605700000.0,1.128,14.118,-121800000.0,281200000.0,281200000.0,3420200000.0,-124600000.0,1.676,1.389,1283700000.0,106400000.0,1177300000.0,1283700000.0,121700000.0,177700000.0,0.0,0.028,0.8,263600000.0,441300000.0,0.088,441300000.0,263600000.0,210800000.0,0.28,0.28,0.28,1869100000.0,2115300000.0,1869100000.0,4189021990.0,16.0,9.492,545000000.0,4.117,1.0,1584800000.0,0.317,1842700000.0,52800000.0,2515200000.0,2304125000.0,607200000.0,0.0,0.0,0.0,2596000000.0,1109700000.0,1486300000.0,3794321990.0,-88800000.0,-745300000.0,-126700000.0,450400000.0,-106600000.0,117100000.0,-864600000.0,2500000.0,666800000.0,-8100000.0,37900000.0,37900000.0,37900000.0,0.0,-162500000.0,0.008,791300000.0,793500000.0,368000000.0,2.857,2.03,100.114,102.357,543200000.0,0.0,28.66,0.758,0.758,770800000.0,1322800000.0,5005000000.0,5005000000.0,0.0,0.009,0.018,0.114,0.053,41900000.0,791300000.0,1.0,132390858.0,132390858.0,,37.805,2622400000.0,223500000.0,172900000.0,0.0,19.808,749700000.0
49,LHX,MRT,2009-03-31,2009-04-03,2009-04-03,2021-08-25,-84500000.0,4332000000.0,4478225000.0,2187500000.0,2144500000.0,0.989,16.423,-134200000.0,452000000.0,452000000.0,2984400000.0,153700000.0,2.194,0.988,846700000.0,19200000.0,827500000.0,846700000.0,170500000.0,173900000.0,0.0,0.025,0.75,606400000.0,780300000.0,0.176,780300000.0,606400000.0,557300000.0,2.34,2.34,2.34,2179300000.0,2216525000.0,2179300000.0,4568254111.0,8.0,5.854,467800000.0,3.525,1.0,1444800000.0,0.326,1514800000.0,49100000.0,2214900000.0,2348175000.0,660700000.0,4000000.0,4000000.0,0.0,2152700000.0,997000000.0,1155700000.0,4074154111.0,160100000.0,-15700000.0,-136300000.0,-49800000.0,-100300000.0,-286400000.0,-140500000.0,9400000.0,602000000.0,-15000000.0,316000000.0,316000000.0,316000000.0,39700000.0,-162300000.0,0.071,632700000.0,812100000.0,339700000.0,0.321,1.869,12.893,13.03,467100000.0,0.0,30.49,0.92,0.913,886300000.0,1679200000.0,4429200000.0,4429200000.0,0.0,0.071,0.143,0.258,0.137,35900000.0,632700000.0,1.0,133622634.0,132700000.0,,33.378,2817200000.0,111700000.0,241300000.0,37100000.0,21.23,1190500000.0
50,LHX,MRT,2008-12-31,2009-01-02,2009-01-02,2021-08-25,-77300000.0,4269900000.0,4526550000.0,2157700000.0,2112200000.0,1.006,16.049,-144800000.0,352700000.0,352700000.0,3105000000.0,164200000.0,2.171,0.996,846800000.0,19100000.0,827700000.0,846800000.0,153200000.0,173700000.0,0.0,0.017,0.7,578200000.0,751900000.0,0.165,751900000.0,578200000.0,527800000.0,2.28,2.26,2.28,2139300000.0,2217300000.0,2139300000.0,5998645752.0,10.0,7.978,407100000.0,3.054,1.0,1448700000.0,0.318,1524100000.0,50400000.0,2246000000.0,2338675000.0,701100000.0,5200000.0,5200000.0,0.0,2130600000.0,993900000.0,1136700000.0,5424045752.0,-18900000.0,-6600000.0,-184200000.0,-147900000.0,-94300000.0,-426300000.0,-132400000.0,19000000.0,551900000.0,-12100000.0,309800000.0,309800000.0,309800000.0,1300000.0,-145600000.0,0.068,680700000.0,768000000.0,386300000.0,0.307,2.535,17.508,17.675,482000000.0,0.0,40.3,1.191,1.18,914300000.0,1629300000.0,4553700000.0,4553700000.0,0.0,0.068,0.14,0.247,0.127,37300000.0,680700000.0,1.0,134591706.0,133300000.0,,34.161,2745800000.0,120100000.0,218000000.0,34700000.0,20.599,1163800000.0
51,LHX,MRT,2008-09-30,2008-09-26,2008-09-26,2021-08-25,2100000.0,4683500000.0,4596875000.0,2201300000.0,2482200000.0,0.987,16.966,-145400000.0,342200000.0,342200000.0,3087900000.0,454900000.0,1.952,1.06,916800000.0,88900000.0,827900000.0,916800000.0,131900000.0,172800000.0,0.0,0.014,0.65,726500000.0,899300000.0,0.198,899300000.0,726500000.0,676100000.0,3.41,3.38,3.41,2273500000.0,2234700000.0,2273500000.0,6877171714.0,9.0,7.647,380800000.0,2.842,1.0,1450300000.0,0.32,1890000000.0,50400000.0,2240400000.0,2329725000.0,677200000.0,6300000.0,6300000.0,0.0,2410000000.0,1127700000.0,1282300000.0,6401171714.0,-1400000.0,-17900000.0,-224800000.0,-65900000.0,-87800000.0,-387300000.0,-140100000.0,23200000.0,526200000.0,-200000.0,462700000.0,462700000.0,462700000.0,1300000.0,-7800000.0,0.102,719200000.0,731100000.0,409800000.0,0.191,2.816,13.834,13.988,482900000.0,0.0,47.7,1.411,1.408,981500000.0,1694700000.0,4538200000.0,4538200000.0,0.0,0.101,0.207,0.312,0.16,37000000.0,719200000.0,1.0,134196472.0,134000000.0,,33.867,2793500000.0,121000000.0,213400000.0,88100000.0,20.847,1073600000.0
52,LHX,MRT,2008-06-30,2008-06-27,2008-06-27,2021-08-25,26000000.0,4627500000.0,4538700000.0,2052500000.0,2575000000.0,1.013,16.882,-146200000.0,274500000.0,274500000.0,3145600000.0,437000000.0,2.071,1.035,829000000.0,1000000.0,828000000.0,829000000.0,100200000.0,172200000.0,0.0,0.012,0.6,711300000.0,883500000.0,0.192,883500000.0,711300000.0,658200000.0,3.29,3.24,3.29,2274000000.0,2202100000.0,2274000000.0,7495769588.0,11.0,8.484,409300000.0,3.039,1.0,1450500000.0,0.316,1499400000.0,53100000.0,2691400000.0,2203050000.0,476000000.0,19300000.0,19300000.0,0.0,2353500000.0,991200000.0,1362300000.0,6893869588.0,1700000.0,-19400000.0,-189400000.0,-138900000.0,-81500000.0,-418600000.0,-134600000.0,31000000.0,555500000.0,-600000.0,444200000.0,444200000.0,444200000.0,0.0,-7200000.0,0.097,746500000.0,704000000.0,309300000.0,0.182,3.032,15.52,15.556,407200000.0,0.0,51.18,1.5,1.5,679900000.0,1660800000.0,4596100000.0,4596100000.0,0.0,0.098,0.202,0.323,0.155,38200000.0,746500000.0,1.0,134698507.0,134698507.0,,34.121,3128100000.0,103900000.0,214000000.0,64900000.0,23.223,1061300000.0
53,LHX,MRT,2008-03-31,2008-03-28,2008-03-28,2021-08-25,30000000.0,4525300000.0,4483325000.0,2009100000.0,2516200000.0,1.022,16.214,-139200000.0,291900000.0,291900000.0,3167800000.0,410100000.0,1.95,1.074,893800000.0,60300000.0,833500000.0,893800000.0,142300000.0,171900000.0,0.0,0.012,0.56,641500000.0,813400000.0,0.178,813400000.0,641500000.0,589900000.0,3.08,2.98,3.08,2182400000.0,2109550000.0,2182400000.0,7211709040.0,11.0,8.866,338500000.0,2.515,1.0,1412500000.0,0.308,1920100000.0,51600000.0,2176900000.0,1926500000.0,649300000.0,34500000.0,34500000.0,0.0,2342900000.0,1030200000.0,1312700000.0,6590209040.0,-189900000.0,-417500000.0,-374100000.0,307100000.0,-75300000.0,-151100000.0,-512100000.0,44600000.0,477700000.0,-4400000.0,410100000.0,410100000.0,410100000.0,-133200000.0,0.0,0.09,748000000.0,664500000.0,395900000.0,0.182,3.02,16.07,15.675,481300000.0,0.0,48.28,1.439,1.419,848900000.0,1578600000.0,4580300000.0,4580300000.0,0.0,0.091,0.194,0.333,0.14,39400000.0,748000000.0,1.0,136499773.0,134600000.0,,34.029,2605200000.0,119700000.0,179800000.0,50800000.0,19.355,978900000.0
54,LHX,MRT,2007-12-31,2007-12-28,2007-12-28,2021-08-25,55000000.0,4551200000.0,4337200000.0,1960000000.0,2591200000.0,0.997,16.278,-134500000.0,371600000.0,371600000.0,2953000000.0,517000000.0,1.919,1.06,993100000.0,160600000.0,832500000.0,993100000.0,139500000.0,164600000.0,0.0,0.008,0.52,769900000.0,934500000.0,0.216,934500000.0,769900000.0,721700000.0,3.9,3.72,3.9,2208900000.0,2062800000.0,2208900000.0,9224308113.0,12.0,9.871,319100000.0,2.352,1.0,1370100000.0,0.317,1941100000.0,48200000.0,2210200000.0,1752900000.0,613100000.0,63300000.0,63300000.0,0.0,2342300000.0,1021400000.0,1320900000.0,8591908113.0,3700000.0,-384300000.0,-278600000.0,412900000.0,-69900000.0,55500000.0,-500200000.0,18600000.0,453600000.0,-5200000.0,517000000.0,517000000.0,517000000.0,-133200000.0,0.0,0.12,753100000.0,617000000.0,374300000.0,0.133,3.89,16.619,16.074,467400000.0,0.0,62.69,1.987,1.968,808400000.0,1566900000.0,4323100000.0,4323100000.0,0.0,0.119,0.251,0.439,0.178,36300000.0,753100000.0,1.0,137053886.0,135700000.0,,31.858,2610100000.0,103600000.0,204700000.0,43700000.0,19.234,938600000.0
55,LHX,MRT,2007-09-30,2007-09-28,2007-09-28,2021-08-25,45700000.0,4450800000.0,4007850000.0,1870100000.0,2580700000.0,1.003,16.162,-126600000.0,343600000.0,343600000.0,2728500000.0,496700000.0,1.327,1.077,976000000.0,567900000.0,408100000.0,976000000.0,123900000.0,149800000.0,0.0,0.008,0.48,737900000.0,887700000.0,0.221,887700000.0,737900000.0,693700000.0,3.77,3.56,3.77,2143100000.0,1960000000.0,2143100000.0,8701308586.0,12.0,9.802,329000000.0,2.481,1.0,1293100000.0,0.322,1939700000.0,44200000.0,1733700000.0,1593075000.0,612200000.0,50300000.0,50300000.0,0.0,2307700000.0,1409800000.0,897900000.0,7940908586.0,47500000.0,-373000000.0,-254500000.0,400200000.0,-64100000.0,81600000.0,-486100000.0,13500000.0,455600000.0,-3600000.0,496700000.0,496700000.0,496700000.0,-133200000.0,0.0,0.124,704200000.0,588900000.0,329000000.0,0.127,3.705,15.987,15.329,460700000.0,0.0,57.79,1.975,1.905,758100000.0,1511500000.0,4021600000.0,4021600000.0,0.0,0.124,0.253,0.463,0.183,38900000.0,704200000.0,1.0,137409735.0,132600000.0,,30.329,2511100000.0,105900000.0,197000000.0,86300000.0,18.937,460300000.0
56,LHX,MRT,2007-06-30,2007-06-29,2007-06-29,2021-08-25,18600000.0,4406000000.0,3692750000.0,1896100000.0,2509900000.0,1.012,14.178,-129100000.0,368300000.0,368300000.0,2519800000.0,480400000.0,1.157,1.314,1128700000.0,719800000.0,408900000.0,1128700000.0,128500000.0,135200000.0,0.0,0.008,0.44,690200000.0,825400000.0,0.221,825400000.0,690200000.0,651300000.0,3.63,3.43,3.63,1903800000.0,1858900000.0,1903800000.0,7573537333.0,11.0,9.176,313900000.0,2.338,1.0,1218100000.0,0.326,1943100000.0,38900000.0,1585200000.0,1553125000.0,556800000.0,60900000.0,60900000.0,0.0,2502200000.0,1638100000.0,864100000.0,7325037333.0,187000000.0,-371500000.0,-215600000.0,402700000.0,-58200000.0,128900000.0,-382900000.0,117700000.0,443000000.0,-2000000.0,480400000.0,480400000.0,480400000.0,-133200000.0,0.0,0.129,656700000.0,561400000.0,350000000.0,0.121,3.848,15.248,15.028,459200000.0,0.0,54.55,1.96,1.96,748500000.0,1472500000.0,3737900000.0,3737900000.0,0.0,0.13,0.258,0.444,0.185,28700000.0,656700000.0,1.0,134281161.0,134281161.0,,27.836,2462900000.0,94300000.0,170900000.0,126000000.0,18.341,258000000.0
57,LHX,MRT,2007-03-31,2007-03-30,2007-03-30,2021-08-25,-2300000.0,3940800000.0,3376825000.0,1787900000.0,2152900000.0,1.193,15.003,-152900000.0,481800000.0,481800000.0,2699200000.0,477900000.0,1.508,0.975,730300000.0,319300000.0,411000000.0,730300000.0,162100000.0,117900000.0,0.0,0.008,0.41,701800000.0,819700000.0,0.204,819700000.0,701800000.0,661800000.0,3.6,3.4,3.6,1995400000.0,1798475000.0,1995400000.0,7163114985.0,10.0,8.739,289600000.0,2.177,1.0,1328600000.0,0.33,1520800000.0,40000000.0,1482500000.0,1606750000.0,523000000.0,40800000.0,40800000.0,0.0,1945400000.0,1186000000.0,759400000.0,6831814985.0,289000000.0,-32900000.0,-42800000.0,-3900000.0,-54900000.0,-101600000.0,-58500000.0,127300000.0,442500000.0,6600000.0,477900000.0,477900000.0,477900000.0,0.0,0.0,0.119,793300000.0,535300000.0,279100000.0,0.114,3.424,14.295,14.153,451200000.0,0.0,50.95,1.696,1.682,635400000.0,1563300000.0,4027800000.0,4027800000.0,0.0,0.142,0.266,0.437,0.174,37700000.0,793300000.0,1.0,134088616.0,133000000.0,,30.284,2420000000.0,112000000.0,183900000.0,80100000.0,18.195,601900000.0
58,LHX,MRT,2006-12-31,2006-12-29,2006-12-29,2021-08-25,5600000.0,3233800000.0,3153225000.0,1514200000.0,1719600000.0,1.217,13.527,-154500000.0,367900000.0,367900000.0,2568200000.0,335500000.0,1.751,0.799,699200000.0,149200000.0,550000000.0,699200000.0,154300000.0,105100000.0,0.0,0.008,0.38,534000000.0,639100000.0,0.167,639100000.0,534000000.0,494400000.0,2.52,2.4,2.52,1797700000.0,1697750000.0,1797700000.0,6554597407.0,12.0,10.256,250000000.0,1.881,1.0,1268300000.0,0.331,1129300000.0,39600000.0,1570900000.0,1641575000.0,501100000.0,0.0,0.0,0.0,1436100000.0,864900000.0,571200000.0,6150797407.0,146400000.0,-66100000.0,-39400000.0,-9800000.0,-50800000.0,-100000000.0,-164000000.0,56600000.0,404500000.0,5900000.0,335500000.0,335500000.0,335500000.0,0.0,0.0,0.087,725700000.0,542600000.0,220600000.0,0.151,3.421,18.333,18.198,404000000.0,0.0,45.86,1.603,1.589,541300000.0,1380000000.0,3836500000.0,3836500000.0,0.0,0.106,0.198,0.325,0.139,30300000.0,725700000.0,1.0,134121182.0,132900000.0,,28.868,2104500000.0,111000000.0,158900000.0,52400000.0,15.835,649300000.0
59,LHX,MRT,2006-09-30,2006-09-29,2006-09-29,2021-08-25,17100000.0,3190400000.0,3066225000.0,1462900000.0,1727500000.0,1.194,13.083,-157400000.0,296100000.0,296100000.0,2490100000.0,271500000.0,1.662,0.835,699900000.0,149900000.0,550000000.0,699900000.0,125000000.0,101900000.0,0.0,0.008,0.35,451700000.0,553600000.0,0.151,553600000.0,451700000.0,411800000.0,2.04,1.95,2.04,1738700000.0,1629225000.0,1738700000.0,6475170449.0,14.0,11.696,145500000.0,1.095,1.0,1171800000.0,0.32,1140000000.0,39900000.0,1573900000.0,1651250000.0,498900000.0,0.0,0.0,0.0,1451700000.0,880300000.0,571400000.0,5955370449.0,-299600000.0,-509600000.0,-18600000.0,-5200000.0,-46800000.0,-70600000.0,-533600000.0,133400000.0,302900000.0,1700000.0,271500000.0,271500000.0,271500000.0,0.0,0.0,0.074,712000000.0,459800000.0,231300000.0,0.172,3.425,21.935,21.809,403200000.0,0.0,44.49,1.626,1.615,566500000.0,1316400000.0,3661900000.0,3661900000.0,0.0,0.089,0.167,0.274,0.123,18600000.0,712000000.0,1.0,133858630.0,132900000.0,,27.554,2050400000.0,107500000.0,140300000.0,87100000.0,15.428,582600000.0
60,LHX,MRT,2006-06-30,2006-06-30,2006-06-30,2021-08-25,11700000.0,3142300000.0,2970250000.0,1438900000.0,1703400000.0,1.17,12.379,-146400000.0,181300000.0,181300000.0,2385800000.0,237900000.0,2.004,0.891,701100000.0,1600000.0,699500000.0,701100000.0,129300000.0,94800000.0,0.0,0.008,0.32,417300000.0,512100000.0,0.147,512100000.0,417300000.0,380800000.0,1.79,1.71,1.79,1662100000.0,1568350000.0,1662100000.0,5947322589.0,14.0,11.614,187800000.0,1.399,1.0,1089000000.0,0.313,1144500000.0,36500000.0,1799700000.0,1640100000.0,468900000.0,123100000.0,123100000.0,0.0,1480200000.0,717900000.0,762300000.0,5573422589.0,-196300000.0,-509600000.0,-11100000.0,290200000.0,-42700000.0,236400000.0,-768600000.0,-112600000.0,334200000.0,1700000.0,237900000.0,237900000.0,237900000.0,0.0,0.0,0.068,682300000.0,406700000.0,235600000.0,0.179,3.353,23.428,23.19,393400000.0,0.0,41.51,1.604,1.604,560600000.0,1252800000.0,3474800000.0,3474800000.0,0.0,0.08,0.152,0.254,0.12,18600000.0,682300000.0,1.0,134266986.0,134266986.0,,25.88,1997800000.0,105000000.0,142900000.0,66700000.0,14.879,721000000.0
61,LHX,MRT,2006-03-31,2006-03-31,2006-03-31,2021-08-25,-600000.0,3046400000.0,2799025000.0,1448900000.0,1597500000.0,1.181,11.956,-124800000.0,335500000.0,335500000.0,2320200000.0,214000000.0,2.02,0.913,709400000.0,9800000.0,699600000.0,709400000.0,160100000.0,84700000.0,0.0,0.006,0.3,375800000.0,460500000.0,0.139,460500000.0,375800000.0,343300000.0,1.61,1.54,1.61,1592500000.0,1512600000.0,1592500000.0,6768845248.0,18.0,14.699,250400000.0,1.88,1.0,984100000.0,0.298,1081100000.0,32500000.0,1621800000.0,1496725000.0,468200000.0,0.0,0.0,0.0,1453900000.0,717400000.0,736500000.0,6338145248.0,113200000.0,-443500000.0,-6200000.0,300400000.0,-39900000.0,254300000.0,-515100000.0,53200000.0,375200000.0,-1200000.0,214000000.0,214000000.0,214000000.0,0.0,0.0,0.065,617900000.0,366200000.0,173800000.0,0.186,3.98,29.618,29.373,343800000.0,0.0,47.29,1.918,1.906,547400000.0,1201400000.0,3304300000.0,3304300000.0,0.0,0.076,0.141,0.251,0.114,0.0,617900000.0,1.0,134027178.0,133200000.0,,24.807,1965300000.0,106500000.0,129300000.0,81500000.0,14.755,731500000.0
62,LHX,MRT,2005-12-31,2005-12-30,2005-12-30,2021-08-25,-400000.0,2885800000.0,2630850000.0,1293600000.0,1592200000.0,1.215,11.464,-113100000.0,278100000.0,278100000.0,2279500000.0,197300000.0,2.086,0.894,708800000.0,9000000.0,699800000.0,708800000.0,155000000.0,83800000.0,0.0,0.007,0.28,343700000.0,427500000.0,0.134,427500000.0,343700000.0,315200000.0,1.49,1.42,1.49,1523600000.0,1466775000.0,1523600000.0,5728317762.0,17.0,13.4,247000000.0,1.859,1.0,915800000.0,0.287,1086900000.0,28500000.0,1609600000.0,1411525000.0,411300000.0,0.0,0.0,0.0,1362200000.0,620000000.0,742200000.0,5753617762.0,187100000.0,-444400000.0,-11900000.0,297100000.0,-37200000.0,248000000.0,-417800000.0,139700000.0,360100000.0,-3200000.0,197300000.0,197300000.0,197300000.0,0.0,0.0,0.062,580000000.0,335800000.0,155600000.0,0.188,3.776,29.162,28.866,331700000.0,0.0,43.01,1.801,1.789,501500000.0,1147800000.0,3195300000.0,3195300000.0,0.0,0.075,0.135,0.243,0.108,0.0,580000000.0,1.0,133773954.0,132900000.0,,24.043,1798900000.0,113600000.0,117900000.0,50000000.0,13.536,673600000.0
63,LHX,MRT,2005-09-30,2005-09-30,2005-09-30,2021-08-25,2300000.0,2806500000.0,2490775000.0,1665900000.0,1140600000.0,1.241,11.285,-100400000.0,729100000.0,729100000.0,2214100000.0,212400000.0,2.852,0.877,703800000.0,3800000.0,700000000.0,703800000.0,141200000.0,84300000.0,0.0,0.006,0.26,343500000.0,427800000.0,0.138,427800000.0,343500000.0,319100000.0,1.6,1.53,1.6,1495200000.0,1425025000.0,1495200000.0,5595243854.0,16.0,13.079,314700000.0,2.375,1.0,876800000.0,0.284,667700000.0,24400000.0,1529300000.0,1327675000.0,240500000.0,0.0,0.0,0.0,1311300000.0,584200000.0,727100000.0,5567243854.0,243400000.0,-363700000.0,-39600000.0,289700000.0,-34500000.0,215600000.0,-388600000.0,75500000.0,415100000.0,1300000.0,212400000.0,212400000.0,212400000.0,0.0,0.0,0.069,536500000.0,340300000.0,162100000.0,0.163,3.723,26.211,26.125,306400000.0,0.0,41.8,1.801,1.792,610800000.0,1128500000.0,3090900000.0,3090900000.0,0.0,0.085,0.149,0.259,0.111,0.0,536500000.0,1.0,133187652.0,132500000.0,,23.328,2138800000.0,96900000.0,106700000.0,57900000.0,16.142,1081700000.0
64,LHX,MRT,2005-06-30,2005-07-01,2005-07-01,2021-08-25,-3300000.0,2457400000.0,2345275000.0,1315400000.0,1142000000.0,1.279,10.774,-98800000.0,377600000.0,377600000.0,2181600000.0,202200000.0,2.229,0.708,405600000.0,4200000.0,401400000.0,405600000.0,139000000.0,78800000.0,0.0,0.008,0.24,322400000.0,401200000.0,0.134,401200000.0,322400000.0,298400000.0,1.52,1.46,1.52,1439100000.0,1382875000.0,1439100000.0,4363748537.0,14.0,10.877,240000000.0,1.797,1.0,819000000.0,0.273,669000000.0,24000000.0,1226200000.0,1273925000.0,347800000.0,0.0,0.0,0.0,1018300000.0,590200000.0,428100000.0,4235648537.0,-53900000.0,-427300000.0,-36600000.0,-8400000.0,-31900000.0,-76900000.0,-316700000.0,209400000.0,338800000.0,900000.0,202200000.0,202200000.0,202200000.0,0.0,0.0,0.067,497800000.0,321200000.0,163700000.0,0.158,2.943,20.948,20.862,307800000.0,0.0,31.71,1.412,1.412,507600000.0,1093700000.0,3000600000.0,3000600000.0,0.0,0.086,0.146,0.253,0.107,0.0,497800000.0,1.0,133574536.0,133574536.0,,22.464,1788400000.0,96000000.0,96200000.0,31800000.0,13.389,725200000.0
65,LHX,MRT,2005-03-31,2005-04-01,2005-04-01,2021-08-25,3800000.0,2373700000.0,2287375000.0,1248800000.0,1124900000.0,1.268,10.611,-100000000.0,275600000.0,275600000.0,2133200000.0,179200000.0,2.278,0.684,403700000.0,2300000.0,401400000.0,403700000.0,149200000.0,79800000.0,0.0,0.007,0.23,284900000.0,364700000.0,0.126,364700000.0,284900000.0,260800000.0,1.35,1.3,1.35,1409200000.0,1342800000.0,1409200000.0,4509774965.0,16.0,12.366,180500000.0,1.359,1.0,768300000.0,0.265,672700000.0,24100000.0,1281000000.0,1275725000.0,236200000.0,0.0,0.0,0.0,964500000.0,548100000.0,416400000.0,4334674965.0,-329200000.0,-382600000.0,-32100000.0,-8000000.0,-30700000.0,-70800000.0,-540000000.0,-57400000.0,280500000.0,1100000.0,179200000.0,179200000.0,179200000.0,-5100000.0,0.0,0.062,486000000.0,282300000.0,132600000.0,0.17,3.076,24.189,24.119,303000000.0,0.0,32.56,1.494,1.49,623700000.0,1056600000.0,2901500000.0,2901500000.0,0.0,0.078,0.133,0.223,0.098,0.0,486000000.0,1.0,133128838.0,132800000.0,,21.849,1701000000.0,118800000.0,81600000.0,15000000.0,12.809,700700000.0
66,LHX,MRT,2004-12-31,2004-12-31,2004-12-31,2021-08-25,9100000.0,2325500000.0,2242850000.0,1196400000.0,1129100000.0,1.241,10.208,-88500000.0,230400000.0,230400000.0,2078500000.0,158900000.0,2.164,0.714,405500000.0,4100000.0,401400000.0,405500000.0,154500000.0,72500000.0,0.0,0.007,0.22,253600000.0,326100000.0,0.117,326100000.0,253600000.0,229700000.0,1.2,1.16,1.2,1356600000.0,1304000000.0,1356600000.0,3993561880.0,16.0,12.246,164000000.0,1.234,1.0,704900000.0,0.253,673600000.0,23900000.0,1274200000.0,1278350000.0,229700000.0,0.0,0.0,0.0,968900000.0,552800000.0,416100000.0,4132961880.0,-333400000.0,-381700000.0,-30000000.0,-5800000.0,-29300000.0,-65100000.0,-525000000.0,-54800000.0,252500000.0,4200000.0,158900000.0,158900000.0,158900000.0,-5200000.0,0.0,0.057,453600000.0,251300000.0,149800000.0,0.183,3.047,26.01,25.746,299300000.0,0.0,30.895,1.485,1.475,622800000.0,1008800000.0,2783400000.0,2783400000.0,0.0,0.071,0.122,0.198,0.091,0.0,453600000.0,1.0,133774458.0,132900000.0,,20.944,1651900000.0,126700000.0,70800000.0,14700000.0,12.43,643600000.0
67,LHX,MRT,2004-09-30,2004-10-01,2004-10-01,2021-08-25,-2600000.0,2224500000.0,2192100000.0,1482600000.0,741900000.0,1.204,10.012,-85200000.0,548300000.0,548300000.0,1978700000.0,146900000.0,3.011,0.677,408900000.0,7500000.0,401400000.0,408900000.0,117300000.0,61400000.0,0.0,0.007,0.21,232100000.0,293500000.0,0.111,293500000.0,232100000.0,207900000.0,1.11,1.07,1.11,1326600000.0,1270750000.0,1326600000.0,3505740076.0,15.0,11.945,131700000.0,0.994,1.0,661400000.0,0.251,278400000.0,24200000.0,1314300000.0,1285825000.0,231400000.0,14500000.0,14500000.0,0.0,897900000.0,492400000.0,405500000.0,3721940076.0,-28200000.0,-18900000.0,-22600000.0,-26100000.0,-28000000.0,-76700000.0,-169800000.0,-65700000.0,216900000.0,1400000.0,146900000.0,146900000.0,146900000.0,-6600000.0,0.0,0.056,430400000.0,231000000.0,114200000.0,0.189,2.806,25.337,25.279,290400000.0,0.0,28.06,1.41,1.408,589200000.0,999700000.0,2640100000.0,2640100000.0,0.0,0.067,0.116,0.181,0.088,0.0,430400000.0,1.0,132642198.0,132500000.0,,19.925,1946100000.0,115500000.0,61000000.0,10400000.0,14.688,990200000.0
68,LHX,MRT,2004-06-30,2004-07-02,2004-07-02,2021-08-25,-8800000.0,2225800000.0,2168125000.0,1537700000.0,688100000.0,1.162,9.609,-77100000.0,627500000.0,627500000.0,1888300000.0,132800000.0,2.833,0.741,411300000.0,9900000.0,401400000.0,411300000.0,129100000.0,60100000.0,0.0,0.008,0.2,211600000.0,271700000.0,0.108,271700000.0,211600000.0,187100000.0,1.0,0.97,1.0,1278800000.0,1240325000.0,1278800000.0,3185572632.0,15.0,11.725,212100000.0,1.594,1.0,630300000.0,0.25,233400000.0,24500000.0,1233400000.0,1283450000.0,220900000.0,0.0,0.0,0.0,947000000.0,542800000.0,404200000.0,3311272632.0,115000000.0,44700000.0,-27700000.0,-23600000.0,-26600000.0,-77900000.0,-97200000.0,-64800000.0,289200000.0,900000.0,132800000.0,132800000.0,132800000.0,-7100000.0,0.0,0.053,421000000.0,209300000.0,128800000.0,0.2,2.589,24.934,24.88,283300000.0,0.0,24.88,1.315,1.315,586700000.0,967600000.0,2518600000.0,2518600000.0,0.0,0.061,0.107,0.165,0.084,0.0,421000000.0,1.0,133089736.0,133089736.0,,18.924,1992400000.0,120700000.0,54300000.0,2800000.0,14.97,994900000.0
69,LHX,MRT,2004-03-31,2004-04-02,2004-04-02,2021-08-25,-6600000.0,2195600000.0,2130500000.0,1470300000.0,725300000.0,1.1,9.478,-68800000.0,534900000.0,534900000.0,1761100000.0,95300000.0,2.722,0.751,409200000.0,7800000.0,401400000.0,409200000.0,133300000.0,56000000.0,0.0,0.008,0.19,166200000.0,222200000.0,0.095,222200000.0,166200000.0,141600000.0,0.72,0.7,0.72,1254000000.0,1216425000.0,1254000000.0,3269503344.0,20.0,14.714,170500000.0,1.289,1.0,582300000.0,0.248,238200000.0,24600000.0,1291500000.0,1315475000.0,244400000.0,18500000.0,18500000.0,0.0,941600000.0,540200000.0,401400000.0,3353603344.0,138400000.0,0.0,-16000000.0,-8400000.0,-25200000.0,-49600000.0,-52900000.0,15900000.0,239300000.0,1600000.0,95300000.0,95300000.0,95300000.0,8800000.0,0.0,0.041,407000000.0,175300000.0,117000000.0,0.264,2.674,35.19,34.896,289300000.0,0.0,25.125,1.431,1.418,587900000.0,946300000.0,2343400000.0,2343400000.0,0.0,0.045,0.078,0.126,0.071,0.0,407000000.0,1.0,133476750.0,132300000.0,,17.713,1957400000.0,130000000.0,46300000.0,8100000.0,14.795,930100000.0
70,LHX,MRT,2003-12-31,2004-01-02,2004-01-02,2021-08-25,-9000000.0,2122500000.0,2092425000.0,1400900000.0,721600000.0,1.065,9.228,-72300000.0,493900000.0,493900000.0,1673300000.0,82400000.0,2.816,0.735,409800000.0,8400000.0,401400000.0,409800000.0,139100000.0,57300000.0,0.0,0.009,0.18,148900000.0,206200000.0,0.093,206200000.0,148900000.0,123700000.0,0.62,0.61,0.62,1223600000.0,1198775000.0,1223600000.0,2476852573.0,17.0,12.012,144400000.0,1.089,1.0,555000000.0,0.249,236800000.0,25200000.0,1304100000.0,1337750000.0,231800000.0,21600000.0,21600000.0,0.0,898900000.0,497500000.0,401400000.0,2551252573.0,114000000.0,0.0,-13300000.0,-7300000.0,-23900000.0,-44500000.0,-54600000.0,17700000.0,216700000.0,-3600000.0,82400000.0,82400000.0,82400000.0,8900000.0,0.0,0.037,401000000.0,154000000.0,106900000.0,0.29,2.085,30.962,30.895,292100000.0,0.0,19.155,1.145,1.14,570900000.0,936200000.0,2228300000.0,2228300000.0,0.0,0.039,0.069,0.111,0.067,0.0,401000000.0,1.0,133189902.0,132600000.0,,16.805,1885700000.0,122200000.0,41300000.0,0.0,14.221,903400000.0
71,LHX,MRT,2003-09-30,2003-09-26,2003-09-26,2021-08-25,-14400000.0,2128600000.0,2063950000.0,1406700000.0,721900000.0,1.046,9.087,-77500000.0,506600000.0,506600000.0,1621600000.0,65600000.0,2.694,0.767,432200000.0,30600000.0,401600000.0,432200000.0,121200000.0,56300000.0,0.0,0.01,0.17,130800000.0,187100000.0,0.087,187100000.0,130800000.0,105300000.0,0.495,0.495,0.495,1204900000.0,1183575000.0,1204900000.0,2249694192.0,17.0,12.024,131000000.0,0.988,1.0,536700000.0,0.249,227300000.0,25500000.0,1304800000.0,1356175000.0,216100000.0,22100000.0,22100000.0,0.0,923700000.0,522100000.0,401600000.0,2258694192.0,143300000.0,0.0,-700000.0,15000000.0,-22500000.0,-8200000.0,-54500000.0,23000000.0,208500000.0,-2500000.0,65600000.0,65600000.0,65600000.0,10300000.0,0.0,0.03,408900000.0,127800000.0,126200000.0,0.343,1.875,34.431,34.354,289900000.0,0.0,17.005,1.047,1.045,597100000.0,924700000.0,2158300000.0,2158300000.0,0.0,0.032,0.055,0.096,0.061,0.0,408900000.0,1.0,132825298.0,132600000.0,,16.277,1901300000.0,112200000.0,39700000.0,10500000.0,14.339,884600000.0
72,LHX,MRT,2003-06-30,2003-06-27,2003-06-27,2021-08-25,-13000000.0,2075300000.0,2024825000.0,1337600000.0,737700000.0,1.018,8.9,-73000000.0,442600000.0,442600000.0,1543200000.0,59500000.0,2.727,0.754,433600000.0,32000000.0,401600000.0,433600000.0,106200000.0,56400000.0,0.0,0.01,0.16,122300000.0,178700000.0,0.087,178700000.0,122300000.0,97400000.0,0.45,0.45,0.45,1183200000.0,1170200000.0,1183200000.0,2051884440.0,17.0,11.482,79800000.0,0.6,1.0,517400000.0,0.251,214300000.0,24900000.0,1361500000.0,1376475000.0,203100000.0,23100000.0,23100000.0,0.0,892100000.0,490500000.0,401600000.0,2032084440.0,216400000.0,19000000.0,-3700000.0,119900000.0,-21200000.0,95000000.0,-29300000.0,24700000.0,152800000.0,-2100000.0,59500000.0,59500000.0,59500000.0,10800000.0,0.0,0.029,414100000.0,103300000.0,112700000.0,0.356,1.717,34.153,33.967,281600000.0,0.0,15.285,0.986,0.986,608500000.0,905300000.0,2060600000.0,2060600000.0,0.0,0.029,0.051,0.089,0.059,0.0,414100000.0,1.0,132946316.0,132946316.0,,15.499,1861000000.0,109400000.0,37900000.0,0.0,13.998,847100000.0
73,LHX,MRT,2003-03-31,2003-03-28,2003-03-28,2021-08-25,-18800000.0,2043300000.0,1970625000.0,1325600000.0,717700000.0,1.0,8.938,-63700000.0,396500000.0,396500000.0,1463400000.0,85400000.0,2.896,0.727,416300000.0,14200000.0,402100000.0,416300000.0,109300000.0,55700000.0,0.0,0.01,0.145,156100000.0,211800000.0,0.107,211800000.0,156100000.0,131600000.0,0.645,0.645,0.645,1183400000.0,1161875000.0,1183400000.0,1893544268.0,12.0,8.94,135800000.0,1.026,1.0,507200000.0,0.257,224700000.0,24500000.0,1380600000.0,1361200000.0,236900000.0,24900000.0,24900000.0,0.0,859900000.0,457800000.0,402100000.0,1857844268.0,265600000.0,18200000.0,2600000.0,100900000.0,-19200000.0,84300000.0,-16300000.0,29200000.0,199500000.0,-1900000.0,85400000.0,85400000.0,85400000.0,4400000.0,0.0,0.043,385200000.0,122000000.0,120900000.0,0.225,1.57,21.755,21.705,280000000.0,0.0,14.0,0.943,0.941,605700000.0,912300000.0,1970600000.0,1970600000.0,0.0,0.043,0.074,0.115,0.079,0.0,385200000.0,1.0,132703162.0,132400000.0,,14.884,1818600000.0,112800000.0,46200000.0,2000000.0,13.736,867800000.0
74,LHX,MRT,2002-12-31,2002-12-27,2002-12-27,2021-08-25,-20700000.0,2008600000.0,1918275000.0,1300900000.0,707700000.0,0.998,8.782,-56100000.0,379900000.0,379900000.0,1412800000.0,85300000.0,2.931,0.727,415600000.0,13700000.0,401900000.0,415600000.0,106500000.0,54900000.0,0.0,0.01,0.13,155600000.0,210500000.0,0.11,210500000.0,155600000.0,131500000.0,0.645,0.645,0.645,1162800000.0,1149575000.0,1162800000.0,1753135420.0,11.0,8.328,228700000.0,1.727,1.0,502200000.0,0.262,222600000.0,24100000.0,1377800000.0,1369800000.0,229400000.0,30500000.0,30500000.0,0.0,845800000.0,443900000.0,401900000.0,1699335420.0,295500000.0,18200000.0,3900000.0,24000000.0,-17200000.0,10700000.0,-1500000.0,36400000.0,284800000.0,1500000.0,85300000.0,85300000.0,85300000.0,4400000.0,0.0,0.045,386900000.0,115300000.0,106100000.0,0.202,1.461,19.922,19.829,274600000.0,0.0,12.79,0.887,0.884,591700000.0,895400000.0,1915000000.0,1915000000.0,0.0,0.044,0.074,0.114,0.081,0.0,386900000.0,1.0,132864380.0,132400000.0,,14.464,1786000000.0,121300000.0,46200000.0,8600000.0,13.489,857000000.0
75,LHX,MRT,2002-09-30,2002-09-27,2002-09-27,2021-08-25,-22900000.0,1972100000.0,1882475000.0,1264700000.0,707400000.0,0.979,8.696,-46200000.0,363300000.0,363300000.0,1357900000.0,85400000.0,3.023,0.713,417100000.0,14800000.0,402300000.0,417100000.0,88800000.0,55000000.0,0.0,0.007,0.115,155800000.0,210800000.0,0.114,210800000.0,155800000.0,131600000.0,0.645,0.645,0.645,1151400000.0,1139900000.0,1151400000.0,2298977975.0,15.0,10.906,180700000.0,1.365,1.0,484700000.0,0.263,221500000.0,24200000.0,1386000000.0,1425625000.0,231900000.0,34500000.0,34500000.0,0.0,820700000.0,418400000.0,402300000.0,2216277975.0,270500000.0,18200000.0,9000000.0,26800000.0,-15200000.0,20600000.0,21300000.0,49300000.0,226900000.0,1700000.0,85400000.0,85400000.0,85400000.0,4400000.0,0.0,0.046,375500000.0,109200000.0,99800000.0,0.178,1.925,25.952,25.891,267100000.0,0.0,16.7,1.203,1.2,575200000.0,886200000.0,1842600000.0,1842600000.0,0.0,0.045,0.075,0.109,0.085,0.0,375500000.0,1.0,132711256.0,132400000.0,,13.917,1750600000.0,116400000.0,46200000.0,11300000.0,13.222,846300000.0
76,LHX,MRT,2002-06-30,2002-06-28,2002-06-28,2021-08-25,-9900000.0,1858500000.0,1857175000.0,1153500000.0,705000000.0,0.988,8.678,-45900000.0,226200000.0,226200000.0,1353400000.0,82600000.0,2.71,0.616,308900000.0,25900000.0,283000000.0,308900000.0,82100000.0,55100000.0,0.0,0.006,0.1,154000000.0,209100000.0,0.114,209100000.0,154000000.0,127300000.0,0.625,0.625,0.625,1149900000.0,1126750000.0,1149900000.0,2580718274.0,17.0,12.342,160700000.0,1.213,1.0,482400000.0,0.263,215200000.0,26700000.0,1300400000.0,1470600000.0,233200000.0,52200000.0,52200000.0,0.0,708600000.0,425600000.0,283000000.0,2401118274.0,123200000.0,13600000.0,9400000.0,-110500000.0,-13200000.0,-114300000.0,29300000.0,61600000.0,206600000.0,1600000.0,82600000.0,82600000.0,82600000.0,4400000.0,0.0,0.045,378300000.0,104100000.0,99200000.0,0.16,2.088,29.069,28.992,270600000.0,0.0,18.12,1.308,1.308,589800000.0,871700000.0,1835800000.0,1835800000.0,0.0,0.044,0.073,0.105,0.084,0.0,378300000.0,1.0,132512046.0,132512046.0,,13.854,1643300000.0,109000000.0,44700000.0,0.0,12.401,727900000.0
77,LHX,MRT,2002-03-31,2002-03-29,2002-03-29,2021-08-25,2400000.0,1833900000.0,1882525000.0,1153800000.0,680100000.0,1.013,8.592,-44200000.0,130900000.0,130900000.0,1399300000.0,85100000.0,2.984,0.617,310500000.0,0.0,310500000.0,310500000.0,92800000.0,61400000.0,0.0,0.006,0.1,158700000.0,220100000.0,0.115,220100000.0,158700000.0,129500000.0,0.645,0.645,0.645,1134200000.0,1118075000.0,1134200000.0,2677268986.0,17.0,12.164,91100000.0,0.69,1.0,507400000.0,0.266,211900000.0,29200000.0,1415000000.0,1545725000.0,250600000.0,78200000.0,78200000.0,0.0,699700000.0,386600000.0,313100000.0,2374768986.0,15400000.0,42700000.0,5800000.0,-165600000.0,-13200000.0,-173000000.0,53900000.0,55400000.0,135300000.0,-800000.0,85100000.0,85100000.0,85100000.0,0.0,0.0,0.045,415500000.0,91900000.0,89700000.0,0.155,2.094,27.906,27.837,269600000.0,0.0,17.955,1.245,1.243,613900000.0,848300000.0,1906700000.0,1906700000.0,0.0,0.045,0.076,0.103,0.083,0.0,409500000.0,1.0,132262266.0,132000000.0,,14.445,1622000000.0,106000000.0,44400000.0,2600000.0,12.288,767200000.0
78,LHX,MRT,2001-12-31,2001-12-28,2001-12-28,2021-08-25,14300000.0,1865400000.0,1905325000.0,1182200000.0,683200000.0,0.999,8.529,-48200000.0,84400000.0,84400000.0,1397600000.0,73700000.0,3.304,0.659,386900000.0,3400000.0,383500000.0,386900000.0,82700000.0,68600000.0,0.0,0.007,0.1,144500000.0,213100000.0,0.112,213100000.0,144500000.0,112400000.0,0.56,0.56,0.56,1124100000.0,1097125000.0,1124100000.0,2283901778.0,16.0,10.718,-47900000.0,-0.363,1.0,505100000.0,0.265,209000000.0,32100000.0,1601100000.0,1594700000.0,257500000.0,100800000.0,100800000.0,0.0,741300000.0,357800000.0,383500000.0,1991101778.0,-24600000.0,42700000.0,4100000.0,-80300000.0,-13200000.0,-89400000.0,64900000.0,70400000.0,300000.0,-400000.0,73700000.0,73700000.0,73700000.0,0.0,0.0,0.039,427000000.0,78100000.0,77200000.0,0.179,1.771,27.016,26.911,273100000.0,0.0,15.07,1.046,1.044,671200000.0,829100000.0,1902700000.0,1902700000.0,0.0,0.039,0.067,0.091,0.076,0.0,415000000.0,1.0,132123542.0,131800000.0,,14.436,1656400000.0,110800000.0,38700000.0,0.0,12.568,824400000.0
79,LHX,MRT,2001-09-30,2001-09-28,2001-09-28,2021-08-25,6000000.0,1870900000.0,1929525000.0,1151000000.0,719900000.0,1.004,8.362,-50800000.0,92800000.0,92800000.0,1426300000.0,73300000.0,2.963,0.703,385600000.0,1900000.0,383700000.0,385600000.0,78300000.0,75900000.0,0.0,0.006,0.1,147100000.0,223000000.0,0.115,223000000.0,147100000.0,112200000.0,0.555,0.555,0.555,1098800000.0,1087900000.0,1098800000.0,2412659248.0,16.0,10.819,-41300000.0,-0.314,1.0,511800000.0,0.264,209400000.0,34900000.0,1565900000.0,1579425000.0,263100000.0,93400000.0,93400000.0,0.0,772100000.0,388400000.0,383700000.0,2096259248.0,-64700000.0,42900000.0,-39000000.0,-69900000.0,-13200000.0,-122100000.0,48000000.0,55900000.0,9500000.0,-100000.0,73300000.0,73300000.0,73300000.0,0.0,0.0,0.038,430900000.0,80900000.0,98200000.0,0.18,1.908,28.598,28.667,276000000.0,0.0,15.91,1.082,1.079,650700000.0,816100000.0,1938100000.0,1938100000.0,0.0,0.038,0.067,0.093,0.076,0.0,413200000.0,1.0,131757338.0,131400000.0,,14.75,1661500000.0,108300000.0,38900000.0,16600000.0,12.645,762600000.0
80,LHX,MRT,2001-06-30,2001-06-29,2001-06-29,2021-08-25,37600000.0,1959900000.0,1999275000.0,1222000000.0,737900000.0,0.978,8.469,-55200000.0,103000000.0,103000000.0,1431100000.0,21400000.0,2.655,0.757,419400000.0,35000000.0,384400000.0,419400000.0,74300000.0,79700000.0,0.0,0.007,0.1,107200000.0,186900000.0,0.096,186900000.0,107200000.0,72400000.0,0.16,0.16,0.16,1115200000.0,1120050000.0,1115200000.0,2150988197.0,20.0,11.509,-82500000.0,-0.627,1.0,524000000.0,0.268,215100000.0,34800000.0,1600900000.0,1609900000.0,267700000.0,146800000.0,146800000.0,0.0,844700000.0,460300000.0,384400000.0,1791488197.0,-275200000.0,-97600000.0,-90300000.0,-83700000.0,-13300000.0,-187300000.0,-59600000.0,93200000.0,-27300000.0,-1000000.0,21400000.0,21400000.0,21400000.0,0.0,0.0,0.011,510100000.0,13900000.0,125500000.0,0.625,1.606,83.714,85.031,281900000.0,0.0,13.605,0.916,0.916,671100000.0,802300000.0,1955100000.0,1955100000.0,0.0,0.011,0.019,0.067,0.055,0.0,414400000.0,1.0,131678662.0,131678662.0,,14.848,1744800000.0,89800000.0,51000000.0,11200000.0,13.25,761700000.0
81,LHX,MRT,2001-03-31,2001-03-30,2001-03-30,2021-08-25,-400000.0,1925100000.0,2091025000.0,1172800000.0,752300000.0,0.927,7.994,-51600000.0,115500000.0,115500000.0,1432000000.0,8700000.0,2.393,0.833,475000000.0,90400000.0,384600000.0,475000000.0,78300000.0,76600000.0,0.0,0.008,0.1,88200000.0,164800000.0,0.085,164800000.0,88200000.0,53000000.0,0.065,0.065,0.065,1050400000.0,1184825000.0,1050400000.0,1986376635.0,23.0,12.053,-102900000.0,-0.783,1.0,507000000.0,0.261,183600000.0,35200000.0,1610900000.0,1639075000.0,247500000.0,107000000.0,107000000.0,0.0,874700000.0,490100000.0,384600000.0,1629276635.0,-296400000.0,-159600000.0,-95900000.0,-22800000.0,-13500000.0,-132200000.0,-117200000.0,94000000.0,-51300000.0,4300000.0,8700000.0,8700000.0,8700000.0,0.0,0.0,0.004,546200000.0,-39200000.0,123600000.0,1.538,1.551,187.273,190.385,284500000.0,0.0,12.375,0.84,0.839,647300000.0,776500000.0,1939000000.0,1939000000.0,0.0,0.004,0.007,0.054,0.045,0.0,411200000.0,1.0,131658718.0,131400000.0,,14.756,1741500000.0,115600000.0,44300000.0,13400000.0,13.253,682700000.0
82,LHX,MRT,2000-12-31,2000-12-29,2000-12-29,2021-08-25,44200000.0,1962200000.0,2205575000.0,1202600000.0,759600000.0,0.868,8.187,-68600000.0,109000000.0,109000000.0,1422000000.0,-16700000.0,2.039,0.805,466100000.0,181000000.0,285100000.0,466100000.0,74700000.0,74400000.0,0.0,0.007,0.1,48100000.0,122500000.0,0.064,122500000.0,48100000.0,13900000.0,-0.125,-0.125,-0.125,1087200000.0,1273025000.0,1087200000.0,2349279915.0,49.0,19.178,40000000.0,0.301,1.0,492900000.0,0.257,189400000.0,34200000.0,1540000000.0,1679650000.0,220500000.0,182000000.0,182000000.0,0.0,875000000.0,589900000.0,285100000.0,2057379915.0,-256500000.0,-233900000.0,-94400000.0,-29600000.0,-13700000.0,-137700000.0,-229700000.0,72800000.0,108600000.0,2300000.0,-16700000.0,-16700000.0,-16700000.0,0.0,0.0,-0.009,569600000.0,-76700000.0,102100000.0,-0.8,1.892,-123.196,-122.52,287500000.0,0.0,15.315,1.074,1.062,648300000.0,768800000.0,1914900000.0,1914900000.0,0.0,-0.008,-0.013,0.029,0.025,0.0,414700000.0,1.0,134337572.0,132800000.0,,14.419,1772800000.0,103400000.0,30600000.0,33500000.0,13.349,612700000.0
83,LHX,MRT,2000-09-30,2000-09-29,2000-09-29,2021-08-25,157700000.0,2149900000.0,2259575000.0,1382100000.0,767800000.0,0.827,8.985,-70400000.0,157500000.0,157500000.0,1388700000.0,-18100000.0,2.575,0.752,449400000.0,63600000.0,385800000.0,449400000.0,76800000.0,70100000.0,0.0,0.007,0.1,42900000.0,113000000.0,0.06,113000000.0,42900000.0,11300000.0,-0.15,-0.15,-0.15,1227400000.0,1311925000.0,1227400000.0,2075039244.0,48.0,18.363,-7600000.0,-0.056,1.0,480300000.0,0.257,217300000.0,31600000.0,1687800000.0,1727500000.0,215300000.0,340100000.0,340100000.0,0.0,922500000.0,536700000.0,385800000.0,1962239244.0,-94200000.0,341400000.0,-267200000.0,-219700000.0,-14200000.0,-501100000.0,343200000.0,72200000.0,62800000.0,900000.0,-18100000.0,-18100000.0,-18100000.0,-1000000.0,0.0,-0.01,560900000.0,-80600000.0,115500000.0,-0.667,1.599,-108.411,-94.8,297300000.0,0.0,14.22,1.05,1.039,652400000.0,786600000.0,1869000000.0,1869000000.0,0.0,-0.008,-0.014,0.025,0.023,0.0,414400000.0,1.0,137991508.0,136600000.0,,13.682,1932600000.0,43200000.0,29400000.0,49400000.0,14.148,845400000.0
84,LHX,MRT,2000-06-30,2000-06-30,2000-06-30,2021-08-25,216000000.0,2326900000.0,2392300000.0,1629000000.0,697900000.0,0.756,9.935,-81300000.0,378200000.0,378200000.0,1352600000.0,18000000.0,2.93,0.693,491000000.0,108400000.0,382600000.0,491000000.0,73700000.0,68600000.0,0.0,0.012,0.195,56700000.0,125300000.0,0.069,125300000.0,56700000.0,31500000.0,0.125,0.125,0.125,1374300000.0,1393725000.0,1374300000.0,2339845908.0,41.0,18.674,-36600000.0,-0.265,1.0,454800000.0,0.252,166200000.0,25200000.0,1717600000.0,1893750000.0,197200000.0,432500000.0,432500000.0,0.0,952600000.0,555900000.0,396700000.0,2265245908.0,292500000.0,914300000.0,-230200000.0,-347900000.0,-29900000.0,-608000000.0,854100000.0,21100000.0,44700000.0,1700000.0,18000000.0,18000000.0,18000000.0,7000000.0,0.0,0.01,466700000.0,-11900000.0,109500000.0,1.56,1.648,125.847,131.0,295400000.0,0.0,16.375,1.253,1.253,629800000.0,864100000.0,1807400000.0,1807400000.0,0.0,0.008,0.013,0.03,0.031,0.0,404500000.0,1.0,138335628.0,138335628.0,,13.065,2160700000.0,0.0,13500000.0,44100000.0,15.619,1073100000.0
85,LHX,MRT,2000-03-31,2000-03-31,2000-03-31,2021-08-25,249900000.0,2383300000.0,2550225000.0,1687800000.0,695500000.0,0.691,10.183,-88500000.0,411900000.0,411900000.0,1322800000.0,-67900000.0,3.147,0.698,486500000.0,70900000.0,415600000.0,486500000.0,94000000.0,66200000.0,0.0,0.017,0.29,-43000000.0,23200000.0,0.013,23200000.0,-43000000.0,-61600000.0,-0.435,-0.435,-0.435,1403200000.0,1447525000.0,1403200000.0,2508523517.0,-58.0,108.126,74600000.0,0.541,1.0,440200000.0,0.25,148300000.0,18600000.0,1773200000.0,2172225000.0,197800000.0,482000000.0,482000000.0,0.0,980100000.0,536400000.0,443700000.0,2389623517.0,358600000.0,1095500000.0,-229900000.0,-539700000.0,-45500000.0,-815100000.0,1009700000.0,2700000.0,163100000.0,900000.0,-67900000.0,-67900000.0,-67900000.0,70400000.0,0.0,-0.039,443600000.0,-3400000.0,119500000.0,-0.667,1.703,-35.193,-39.724,298200000.0,0.0,17.28,1.355,1.351,614000000.0,857800000.0,1763000000.0,1763000000.0,0.0,-0.027,-0.047,-0.02,-0.024,0.0,405200000.0,1.0,138288398.0,137800000.0,,12.794,2235000000.0,0.0,6300000.0,64000000.0,16.219,1151400000.0
86,LHX,MRT,1999-12-31,1999-12-31,1999-12-31,2021-08-25,85300000.0,2178200000.0,2919475000.0,1450500000.0,727700000.0,0.601,8.285,-72300000.0,365500000.0,365500000.0,1307500000.0,-12200000.0,2.98,0.753,484400000.0,68800000.0,415600000.0,484400000.0,85400000.0,63600000.0,0.0,0.029,0.385,30200000.0,93800000.0,0.054,93800000.0,30200000.0,14400000.0,-0.07,-0.07,-0.07,1242800000.0,1506650000.0,1242800000.0,2521445952.0,83.0,26.881,-7800000.0,-0.052,1.0,445700000.0,0.254,79000000.0,15800000.0,1731400000.0,2567325000.0,194300000.0,216000000.0,216000000.0,0.0,935400000.0,486700000.0,448700000.0,2110345952.0,291400000.0,1217100000.0,-233600000.0,-621300000.0,-61100000.0,-916000000.0,1141700000.0,-3100000.0,64500000.0,1200000.0,-12200000.0,-12200000.0,-12200000.0,51200000.0,0.0,-0.007,392500000.0,53200000.0,97600000.0,-5.5,1.698,-172.979,-190.643,304700000.0,0.0,13.345,1.204,1.142,710100000.0,864400000.0,1753200000.0,1753200000.0,0.0,-0.004,-0.008,0.012,0.017,0.0,383200000.0,1.0,158137576.0,150000000.0,,11.688,2099200000.0,61600000.0,26600000.0,41800000.0,13.995,963800000.0
87,LHX,MRT,1999-09-30,1999-10-01,1999-10-01,2021-08-25,-3000000.0,2680800000.0,3349000000.0,1213200000.0,1467600000.0,0.516,9.814,-71800000.0,251700000.0,251700000.0,1275200000.0,26000000.0,1.847,0.724,662800000.0,247800000.0,415000000.0,662800000.0,93400000.0,64200000.0,0.0,0.035,0.48,63700000.0,127900000.0,0.074,127900000.0,63700000.0,55000000.0,0.165,0.165,0.165,1554600000.0,1606225000.0,1554600000.0,2964724506.0,47.0,23.18,183400000.0,1.158,1.0,454500000.0,0.263,82200000.0,8700000.0,2352800000.0,2967125000.0,210100000.0,31800000.0,31800000.0,0.0,1126200000.0,656900000.0,469300000.0,2211724506.0,211000000.0,514600000.0,-25600000.0,-378500000.0,-76400000.0,-480500000.0,434900000.0,-7900000.0,255200000.0,1400000.0,26000000.0,26000000.0,26000000.0,16800000.0,0.0,0.015,393400000.0,61100000.0,120100000.0,2.909,1.423,85.066,84.091,302700000.0,0.0,13.875,1.279,1.271,668100000.0,1217400000.0,1729700000.0,1729700000.0,0.0,0.008,0.016,0.021,0.037,0.0,386500000.0,1.0,159403568.0,158400000.0,,10.92,2598600000.0,144800000.0,29000000.0,67300000.0,16.405,556300000.0
88,LHX,MRT,1999-06-30,1999-07-02,1999-07-02,2021-08-25,-4400000.0,2958600000.0,3654675000.0,1031400000.0,1927200000.0,0.477,9.968,-60400000.0,85700000.0,85700000.0,1278300000.0,53100000.0,1.278,0.861,838700000.0,324200000.0,514500000.0,838700000.0,84900000.0,63500000.0,0.0,0.024,0.48,91000000.0,154500000.0,0.089,154500000.0,91000000.0,81200000.0,0.335,0.335,0.335,1589500000.0,1618525000.0,1589500000.0,4223191998.0,46.0,27.335,201700000.0,1.265,1.0,465200000.0,0.267,72800000.0,9800000.0,2831500000.0,3209000000.0,205700000.0,15500000.0,15500000.0,0.0,1369100000.0,807300000.0,561800000.0,3139891998.0,-15800000.0,33400000.0,-11300000.0,-156500000.0,-76500000.0,-244300000.0,-36500000.0,-9500000.0,262100000.0,2900000.0,53100000.0,53100000.0,53100000.0,-12400000.0,0.0,0.03,410000000.0,55200000.0,154300000.0,1.433,1.975,59.132,58.776,291600000.0,0.0,19.69,1.801,1.801,596100000.0,1246700000.0,1743500000.0,1743500000.0,0.0,0.015,0.033,0.028,0.052,0.0,380000000.0,1.0,159466328.0,159466328.0,,10.933,2885800000.0,128400000.0,28100000.0,74100000.0,18.097,224100000.0
89,LHX,MRT,1999-03-31,1999-04-02,1999-04-02,2021-08-25,-44000000.0,3860300000.0,3722625000.0,2002200000.0,1858100000.0,0.069,10.326,96800000.0,116100000.0,116100000.0,446000000.0,99400000.0,1.525,1.354,1199400000.0,424600000.0,774800000.0,1199400000.0,187500000.0,-45300000.0,0.0,0.034,0.47,49700000.0,4400000.0,0.017,4400000.0,49700000.0,82600000.0,0.625,0.62,0.625,1639700000.0,1630500000.0,1639700000.0,3276504592.0,66.0,744.66,487800000.0,3.072,1.0,-191000000.0,-0.749,276900000.0,-32900000.0,3353600000.0,3318550000.0,579000000.0,237600000.0,17400000.0,220200000.0,2220600000.0,1313100000.0,907500000.0,2208504592.0,15500000.0,-428400000.0,-5600000.0,30200000.0,-75000000.0,-50400000.0,-331600000.0,0.0,391000000.0,6500000.0,99400000.0,99400000.0,99400000.0,-142400000.0,0.0,0.39,-85400000.0,-105600000.0,197800000.0,0.752,1.347,22.218,22.4,962900000.0,0.0,14.0,8.661,8.718,1093900000.0,1340800000.0,255000000.0,255000000.0,0.0,0.027,0.061,0.015,0.195,0.0,-55000000.0,1.0,157750328.0,158800000.0,,1.606,3583400000.0,195800000.0,-16800000.0,181800000.0,22.565,689100000.0
90,LHX,MRT,1998-12-31,1999-01-01,1999-01-01,2021-08-25,-24400000.0,3896300000.0,3684700000.0,2024700000.0,1871600000.0,0.213,10.321,26200000.0,127800000.0,127800000.0,746200000.0,117900000.0,1.499,1.374,1195800000.0,425300000.0,770500000.0,1195800000.0,201400000.0,-3800000.0,0.0,0.025,0.46,101300000.0,97500000.0,0.124,97500000.0,101300000.0,119500000.0,0.745,0.735,0.745,1641100000.0,1640250000.0,1641100000.0,4021860804.0,40.0,41.25,442300000.0,2.782,1.0,39600000.0,0.05,283100000.0,-18200000.0,3330600000.0,3325350000.0,586000000.0,245400000.0,24900000.0,220500000.0,2255200000.0,1350600000.0,904600000.0,2932060804.0,46800000.0,-475700000.0,1900000.0,150400000.0,-73400000.0,78900000.0,-449500000.0,0.0,416100000.0,1300000.0,117900000.0,117900000.0,117900000.0,-123200000.0,0.0,0.15,77500000.0,-37900000.0,192700000.0,0.617,1.787,24.869,24.584,981200000.0,0.0,18.315,3.731,3.706,1093600000.0,1321300000.0,785800000.0,785800000.0,0.0,0.032,0.072,0.03,0.129,0.0,104700000.0,1.0,160090680.0,159000000.0,,4.942,3613200000.0,192400000.0,1600000.0,172600000.0,22.725,674100000.0
91,LHX,MRT,1998-09-30,1998-10-02,1998-10-02,2021-08-25,-30800000.0,3903500000.0,3614600000.0,2031600000.0,1871900000.0,0.373,10.087,-28100000.0,111200000.0,111200000.0,1090300000.0,117800000.0,1.469,1.434,1201000000.0,417600000.0,783400000.0,1201000000.0,216800000.0,29800000.0,0.0,0.03,0.45,135100000.0,164900000.0,0.122,164900000.0,135100000.0,136700000.0,0.75,0.735,0.75,1603800000.0,1635700000.0,1603800000.0,3307845562.0,24.0,20.06,353800000.0,2.225,1.0,257700000.0,0.191,289800000.0,-1600000.0,3320300000.0,3278050000.0,626900000.0,240500000.0,18000000.0,222500000.0,2299700000.0,1383200000.0,916500000.0,2436045562.0,-22200000.0,-349700000.0,8900000.0,33900000.0,-71700000.0,-28900000.0,-377800000.0,0.0,381900000.0,2600000.0,117800000.0,117800000.0,117800000.0,-87800000.0,0.0,0.087,229500000.0,28200000.0,217000000.0,0.6,1.519,20.68,20.293,1005300000.0,0.0,15.22,1.807,1.795,1076500000.0,1292100000.0,1348000000.0,1348000000.0,0.0,0.033,0.072,0.041,0.1,0.0,251600000.0,1.0,160055556.0,159000000.0,,8.478,3613700000.0,199000000.0,18900000.0,160000000.0,22.728,648400000.0
92,LHX,MRT,1998-06-30,1998-07-03,1998-07-03,2021-08-25,6500000.0,3230400000.0,3434150000.0,1053200000.0,2177200000.0,0.56,10.233,-87300000.0,101500000.0,101500000.0,1443500000.0,133000000.0,1.342,0.973,995200000.0,234200000.0,761000000.0,995200000.0,102900000.0,61900000.0,0.0,0.02,0.44,182800000.0,244700000.0,0.127,244700000.0,182800000.0,170300000.0,0.84,0.83,0.84,1637400000.0,1607800000.0,1637400000.0,4541114303.0,25.0,18.558,357700000.0,2.235,1.0,481300000.0,0.25,69800000.0,12500000.0,3269700000.0,3151900000.0,216400000.0,30000000.0,30000000.0,0.0,1593000000.0,784600000.0,808400000.0,3540214303.0,34300000.0,-324200000.0,12100000.0,58400000.0,-70100000.0,400000.0,-411500000.0,0.0,445000000.0,400000.0,133000000.0,133000000.0,133000000.0,-66600000.0,0.0,0.069,379200000.0,102100000.0,121700000.0,0.524,2.162,26.618,26.339,314800000.0,0.0,22.125,1.839,1.839,594000000.0,1282800000.0,1924800000.0,1924800000.0,0.0,0.039,0.083,0.058,0.095,0.0,416000000.0,1.0,160009686.0,160009686.0,,12.029,3160600000.0,111300000.0,37300000.0,128500000.0,19.753,268600000.0
93,LHX,MRT,1998-03-31,1998-04-03,1998-04-03,2021-08-25,6600000.0,3708600000.0,,1982800000.0,1725800000.0,,10.571,-13200000.0,41300000.0,41300000.0,1555200000.0,224400000.0,1.782,1.209,1042200000.0,205800000.0,836400000.0,1042200000.0,246800000.0,83800000.0,0.0,0.016,0.425,297800000.0,381600000.0,0.18,381600000.0,297800000.0,268100000.0,1.42,1.41,1.42,1678700000.0,,1678700000.0,5110103522.0,17.0,13.391,401600000.0,2.529,1.0,560300000.0,0.265,216200000.0,29700000.0,3380800000.0,,664700000.0,316100000.0,84400000.0,231700000.0,2029900000.0,1112500000.0,917400000.0,4139403522.0,-16800000.0,-442600000.0,13600000.0,83700000.0,-67500000.0,29800000.0,-455800000.0,0.0,414800000.0,-5600000.0,224400000.0,224400000.0,224400000.0,-143200000.0,0.0,0.106,410200000.0,150100000.0,181100000.0,0.299,2.466,18.447,18.243,947900000.0,0.0,25.905,1.957,1.945,1073400000.0,1323600000.0,2115500000.0,2115500000.0,0.0,,,,0.141,0.0,441000000.0,1.0,159791682.0,158800000.0,,13.322,3492400000.0,119000000.0,43700000.0,178700000.0,21.992,870300000.0
94,LHX,MRT,1997-12-31,1998-01-02,1998-01-02,2021-08-25,2700000.0,3615900000.0,,1962100000.0,1653800000.0,,10.246,-10800000.0,30800000.0,30800000.0,1537500000.0,220100000.0,1.601,1.228,1001500000.0,315100000.0,686400000.0,1001500000.0,258100000.0,74600000.0,0.0,0.018,0.41,286900000.0,361500000.0,0.175,361500000.0,286900000.0,260600000.0,1.395,1.385,1.395,1622900000.0,,1622900000.0,,,,440400000.0,2.78,1.0,532700000.0,0.257,219500000.0,26300000.0,3141400000.0,,630500000.0,287100000.0,73900000.0,213200000.0,1993000000.0,1225700000.0,767300000.0,3595312845.0,-28500000.0,-449400000.0,12100000.0,32300000.0,-65800000.0,-21400000.0,-460200000.0,0.0,451200000.0,1900000.0,220100000.0,220100000.0,220100000.0,-143200000.0,0.0,0.106,395700000.0,137000000.0,170300000.0,0.294,2.215,16.335,16.129,918400000.0,0.0,22.5,1.737,1.722,1096000000.0,1281200000.0,2070200000.0,2070200000.0,0.0,,,,0.139,0.0,426500000.0,1.0,159791682.0,158400000.0,,13.069,3396400000.0,130900000.0,40500000.0,174500000.0,21.442,736400000.0
95,LHX,MRT,1997-09-30,1997-10-03,1997-10-03,2021-08-25,,,,,,,,,,,1530800000.0,212900000.0,,,,,,,,,,0.018,0.395,276200000.0,,,,276200000.0,250300000.0,1.355,1.345,1.355,,,,,,,,,1.0,514700000.0,0.252,,25900000.0,,,,,,,,,,,,,,,,,,,,,212900000.0,212900000.0,212900000.0,-143200000.0,0.0,0.104,389100000.0,125600000.0,,0.292,,,16.469,,0.0,22.315,,1.726,,,2045500000.0,2045500000.0,0.0,,,,0.135,,419900000.0,1.0,,158200000.0,,12.93,,,37400000.0,,,
96,LHX,MRT,1997-06-30,1997-06-27,1997-06-27,2021-08-25,24200000.0,3637900000.0,,2063500000.0,1574400000.0,,,-67600000.0,70700000.0,70700000.0,1460700000.0,207500000.0,1.601,1.305,983000000.0,296300000.0,686700000.0,983000000.0,290900000.0,62800000.0,0.0,0.017,0.38,266200000.0,329000000.0,0.169,329000000.0,266200000.0,242400000.0,1.33,1.315,1.33,1578200000.0,,1578200000.0,,,,288600000.0,,1.0,487900000.0,0.25,227500000.0,23800000.0,3034100000.0,,611100000.0,309000000.0,91300000.0,217700000.0,2059700000.0,1288600000.0,771100000.0,,-1800000.0,-445100000.0,10800000.0,202900000.0,-60300000.0,153400000.0,-512700000.0,0.0,356200000.0,1300000.0,207500000.0,207500000.0,207500000.0,-143200000.0,0.0,0.106,369100000.0,118800000.0,196800000.0,0.286,,,16.494,878300000.0,0.0,21.938,,,1145400000.0,1219900000.0,1948600000.0,1948600000.0,0.0,,,,0.137,0.0,399900000.0,1.0,,,,,3410400000.0,145000000.0,34900000.0,180400000.0,,774900000.0
97,LHX,MRT,1997-03-31,1997-03-31,1997-03-31,2021-08-25,,,,,,,,,,,,,,,,,,,,,,0.019,0.37,,,,,,,,,,,,,,,,,,1.0,,,,,,,,,,,,,,,,,,,,,,,,,,,,,,,,,,,,,,,,19.22,,,,,,,,,,,,,,1.0,,156600000.0,,,,,,,,
98,LHX,MRT,1996-12-31,1996-12-31,1996-12-31,2021-08-25,,,,,,,,,,,,,,,,,,,,,,0.021,0.36,,,,,,,,,,,,,,,,,,1.0,,,,,,,,,,,,,,,,,,,,,,,,,,,,,,,,,,,,,,,,17.155,,,,,,,,,,,,,,1.0,,154200000.0,,,,,,,,
99,LHX,MRT,1996-06-30,1996-07-03,1996-07-03,2021-08-25,,,,,,,,-292900000.0,,,2404600000.0,178400000.0,,,,,,,,170700000.0,,0.022,0.34,336900000.0,507600000.0,0.139,507600000.0,336900000.0,274400000.0,1.16,1.145,1.16,,,,,,,-31100000.0,,1.0,1254700000.0,0.343,,62500000.0,,,,,,,,,,,-44700000.0,-69900000.0,-16800000.0,126900000.0,-52800000.0,57300000.0,-362800000.0,0.0,261800000.0,-1000000.0,178400000.0,178400000.0,178400000.0,0.0,0.0,0.049,911900000.0,342800000.0,,0.293,,,13.12,,0.0,15.219,,,,,3659300000.0,3659300000.0,0.0,,,,0.092,0.0,911900000.0,1.0,,,,,,,96000000.0,,,
