None,ticker,dimension,calendardate,datekey,reportperiod,lastupdated,accoci,assets,assetsavg,assetsc,assetsnc,assetturnover,bvps,capex,cashneq,cashnequsd,cor,consolinc,currentratio,de,debt,debtc,debtnc,debtusd,deferredrev,depamor,deposits,divyield,dps,ebit,ebitda,ebitdamargin,ebitdausd,ebitusd,ebt,eps,epsdil,epsusd,equity,equityavg,equityusd,ev,evebit,evebitda,fcf,fcfps,fxusd,gp,grossmargin,intangibles,intexp,invcap,invcapavg,inventory,investments,investmentsc,investmentsnc,liabilities,liabilitiesc,liabilitiesnc,marketcap,ncf,ncfbus,ncfcommon,ncfdebt,ncfdiv,ncff,ncfi,ncfinv,ncfo,ncfx,netinc,netinccmn,netinccmnusd,netincdis,netincnci,netmargin,opex,opinc,payables,payoutratio,pb,pe,pe1,ppnenet,prefdivis,price,ps,ps1,receivables,retearn,revenue,revenueusd,rnd,roa,roe,roic,ros,sbcomp,sgna,sharefactor,sharesbas,shareswa,shareswadil,sps,tangibles,taxassets,taxexp,taxliabilities,tbvps,workingcapital
0,VRTX,MRY,2020-12-31,2020-12-31,2020-12-31,2021-08-02,-68480000.0,11751808000.0,10540752250.0,8133379000.0,3618429000.0,0.589,33.431,-259798000.0,5988187000.0,5988187000.0,736300000.0,2711647000.0,4.332,0.353,889505000.0,0.0,889505000.0,889505000.0,0.0,109515000.0,0.0,0.0,0.0,3174949000.0,3284464000.0,0.529,3284464000.0,3174949000.0,3116798000.0,10.44,10.29,10.44,8686815000.0,7700296000.0,8686815000.0,56645782868.0,18.0,17.247,2993707000.0,11.521,1.0,5469383000.0,0.881,1402158000.0,58151000.0,3373435000.0,3013862000.0,280777000.0,670710000.0,670710000.0,0.0,3064993000.0,1877533000.0,1187460000.0,61457355868.0,2868164000.0,0.0,-474461000.0,-29024000.0,0.0,-505281000.0,99388000.0,359186000.0,3253505000.0,20552000.0,2711647000.0,2711647000.0,2711647000.0,0.0,0.0,0.437,2599993000.0,2869390000.0,155139000.0,0.0,7.075,22.664,22.638,1284098000.0,0.0,236.34,9.903,9.896,885352000.0,858669000.0,6205683000.0,6205683000.0,1829537000.0,0.257,0.352,1.053,0.512,429461000.0,770456000.0,1.0,260037894.0,259841000,263396000.0,23.883,10349650000.0,882779000.0,405151000.0,0.0,39.831,6255846000.0
1,VRTX,MRY,2019-12-31,2019-12-31,2019-12-31,2021-08-02,-1973000.0,8318465000.0,7352400750.0,4822829000.0,3495636000.0,0.566,23.703,-75451000.0,3109322000.0,3109322000.0,547758000.0,1176810000.0,3.613,0.367,622868000.0,0.0,622868000.0,622868000.0,0.0,106941000.0,0.0,0.0,0.0,1453421000.0,1560362000.0,0.375,1560362000.0,1453421000.0,1394919000.0,4.58,4.51,4.58,6085244000.0,5282979000.0,6085244000.0,53509500293.0,37.0,34.293,1493879000.0,5.819,1.0,3615063000.0,0.868,1402158000.0,58502000.0,3095026000.0,3034286500.0,167502000.0,698972000.0,698972000.0,0.0,2233221000.0,1334827000.0,898394000.0,56302902293.0,462428000.0,-1154212000.0,151229000.0,-29139000.0,0.0,126773000.0,-1235318000.0,-5655000.0,1569330000.0,1643000.0,1176810000.0,1176810000.0,1176810000.0,0.0,0.0,0.283,2413038000.0,1202025000.0,87610000.0,0.0,9.252,47.844,47.806,833282000.0,0.0,218.95,13.525,13.503,633518000.0,-1852978000.0,4162821000.0,4162821000.0,1754540000.0,0.16,0.223,0.479,0.349,360489000.0,658498000.0,1.0,257149588.0,256728000,260673000.0,16.215,6916307000.0,1190815000.0,218109000.0,0.0,26.94,3488002000.0
2,VRTX,MRY,2018-12-31,2018-12-31,2018-12-31,2021-08-02,659000.0,6245898000.0,4788774500.0,3843109000.0,2402789000.0,0.636,17.441,-95449000.0,2650134000.0,2650134000.0,409539000.0,2087103000.0,3.43,0.408,581550000.0,0.0,581550000.0,581550000.0,0.0,72420000.0,0.0,0.0,0.0,682505000.0,754925000.0,0.248,754925000.0,682505000.0,610034000.0,8.24,8.09,8.24,4435203000.0,3107150750.0,4435203000.0,40450117980.0,59.0,53.582,1174837000.0,4.62,1.0,2638058000.0,0.866,50384000.0,72471000.0,3006638000.0,2015171750.0,124360000.0,518108000.0,518108000.0,0.0,1810695000.0,1120292000.0,690403000.0,42348521980.0,990727000.0,-7896000.0,-60750000.0,-12548000.0,0.0,-71219000.0,-202158000.0,-98813000.0,1270286000.0,-6182000.0,2096896000.0,2096896000.0,2096896000.0,0.0,-9793000.0,0.688,2002908000.0,635150000.0,110987000.0,0.0,9.548,20.196,20.11,812005000.0,0.0,165.71,13.896,13.827,409688000.0,-2989478000.0,3047597000.0,3047597000.0,1416476000.0,0.438,0.675,0.339,0.224,325047000.0,557616000.0,1.0,255558035.0,254292000,259185000.0,11.985,6195514000.0,1499672000.0,-1486862000.0,0.0,24.364,2722817000.0
3,VRTX,MRY,2017-12-31,2017-12-31,2017-12-31,2021-08-02,-11572000.0,3546014000.0,3244159000.0,2648963000.0,897051000.0,0.767,8.152,-99421000.0,1665412000.0,1665412000.0,275119000.0,91635000.0,3.281,0.741,606433000.0,22531000.0,583902000.0,606433000.0,78431000.0,61397000.0,0.0,0.0,0.0,225458000.0,286855000.0,0.115,286855000.0,225458000.0,156160000.0,1.06,1.04,1.06,2028579000.0,1747734250.0,2028579000.0,37100442801.0,165.0,129.335,745521000.0,2.996,1.0,2213533000.0,0.889,79384000.0,69298000.0,1600391000.0,1609401250.0,111830000.0,423254000.0,423254000.0,0.0,1503708000.0,807260000.0,696448000.0,37900020801.0,435819000.0,-61602000.0,344840000.0,-288936000.0,0.0,68404000.0,-483329000.0,-163367000.0,844942000.0,5802000.0,263484000.0,263484000.0,263484000.0,0.0,-171849000.0,0.106,2090290000.0,123243000.0,73994000.0,0.0,18.683,143.842,141.377,789437000.0,0.0,149.86,15.229,14.986,281343000.0,-5119723000.0,2488652000.0,2488652000.0,1324625000.0,0.081,0.151,0.14,0.091,293236000.0,496079000.0,1.0,252902848.0,248858000,253225000.0,10.0,3466630000.0,834000.0,-107324000.0,6341000.0,13.93,1841703000.0
4,VRTX,MRY,2016-12-31,2016-12-31,2016-12-31,2021-08-02,21173000.0,2896787000.0,2635829000.0,1831540000.0,1065247000.0,0.646,4.727,-56563000.0,1231707000.0,1231707000.0,210460000.0,-84031000.0,2.311,1.348,840761000.0,319426000.0,521335000.0,840761000.0,86060000.0,61398000.0,73416000.0,0.0,0.0,-13955000.0,47443000.0,0.028,47443000.0,-13955000.0,-95387000.0,-0.46,-0.46,-0.46,1156582000.0,1029140250.0,1156582000.0,18292735768.0,-1311.0,385.573,179540000.0,0.734,1.0,1491717000.0,0.876,334724000.0,81432000.0,1378580000.0,1596843500.0,77604000.0,270888000.0,250612000.0,20276000.0,1558596000.0,792537000.0,766059000.0,18272619768.0,415946000.0,0.0,68230000.0,-9959000.0,0.0,133271000.0,51238000.0,107862000.0,236103000.0,-4666000.0,-112052000.0,-112052000.0,-112052000.0,0.0,28021000.0,-0.066,1481781000.0,9936000.0,61451000.0,0.0,15.799,-163.073,-160.152,698362000.0,0.0,73.67,10.735,10.59,200364000.0,-5373836000.0,1702177000.0,1702177000.0,1047690000.0,-0.043,-0.109,-0.009,-0.008,240623000.0,432829000.0,1.0,248033389.0,244685000,244685000.0,6.957,2562063000.0,0.0,16665000.0,0.0,10.471,1039003000.0
5,VRTX,MRY,2015-12-31,2015-12-31,2015-12-31,2021-08-02,1824000.0,2498587000.0,2368120000.0,1407153000.0,1091434000.0,0.436,3.895,-45302000.0,815761000.0,815761000.0,124512000.0,-588181000.0,2.78,1.495,826238000.0,86841000.0,739397000.0,826238000.0,26010000.0,62343000.0,0.0,0.0,0.0,-441747000.0,-379404000.0,-0.368,-379404000.0,-441747000.0,-525953000.0,-2.31,-2.31,-2.31,939967000.0,933384000.0,939967000.0,30885487097.0,-70.0,-81.405,-410734000.0,-1.702,1.0,907824000.0,0.879,334724000.0,84206000.0,1668173000.0,1702427750.0,57207000.0,357694000.0,327694000.0,30000000.0,1404959000.0,506167000.0,898792000.0,30918606097.0,89509000.0,-80000000.0,185592000.0,3327000.0,0.0,188919000.0,268856000.0,416087000.0,-365432000.0,-2834000.0,-556334000.0,-556334000.0,-556334000.0,0.0,-31847000.0,-0.539,1374703000.0,-466879000.0,74942000.0,0.0,32.893,-55.576,-54.472,697715000.0,0.0,125.83,29.95,29.413,173838000.0,-5261784000.0,1032336000.0,1032336000.0,995922000.0,-0.235,-0.596,-0.259,-0.428,231025000.0,376575000.0,1.0,245717286.0,241312000,241312000.0,4.278,2163863000.0,0.0,30381000.0,0.0,8.967,900986000.0
6,VRTX,MRY,2014-12-31,2014-12-31,2014-12-31,2021-08-02,917000.0,2334679000.0,2263923250.0,1546511000.0,788168000.0,0.256,4.569,-51201000.0,633853000.0,633853000.0,60987000.0,-742745000.0,4.2,1.152,824947000.0,32012000.0,792935000.0,824947000.0,45276000.0,63257000.0,0.0,0.0,0.0,-658734000.0,-595477000.0,-1.026,-595477000.0,-658734000.0,-731597000.0,-3.14,-3.14,-3.14,1075006000.0,1158514500.0,1075006000.0,28683542909.0,-44.0,-48.169,-624313000.0,-2.653,1.0,519428000.0,0.895,68915000.0,72863000.0,2088604000.0,1987971750.0,30848000.0,761847000.0,761847000.0,0.0,1238496000.0,368254000.0,870242000.0,28573990909.0,55960000.0,-10000000.0,274615000.0,272464000.0,0.0,549239000.0,82009000.0,143454000.0,-573112000.0,-2176000.0,-738555000.0,-738555000.0,-738555000.0,912000.0,-4190000.0,-1.272,1211840000.0,-692412000.0,71194000.0,0.0,26.58,-38.689,-37.834,715812000.0,0.0,118.8,49.23,48.163,75964000.0,-4705450000.0,580415000.0,580415000.0,855506000.0,-0.326,-0.638,-0.331,-1.135,175382000.0,305409000.0,1.0,240521809.0,235307000,235307000.0,2.467,2265764000.0,0.0,6958000.0,0.0,9.629,1178257000.0
7,VRTX,MRY,2013-12-31,2013-12-31,2013-12-31,2021-08-02,-306000.0,2319041000.0,2469588000.0,1588576000.0,730465000.0,0.491,6.031,-51393000.0,569299000.0,569299000.0,130277000.0,-687550000.0,3.993,0.71,506584000.0,16893000.0,489691000.0,506584000.0,70969000.0,48365000.0,0.0,0.0,0.0,-544524000.0,-496159000.0,-0.409,-496159000.0,-544524000.0,-567450000.0,-1.98,-1.98,-1.98,1356405000.0,1172465250.0,1356405000.0,17180147515.0,-32.0,-34.626,-112059000.0,-0.498,1.0,1081698000.0,0.893,30992000.0,22926000.0,1827505000.0,1807323500.0,14147000.0,895777000.0,895777000.0,0.0,962636000.0,397829000.0,564807000.0,17368135515.0,79892000.0,0.0,265878000.0,-16215000.0,0.0,248411000.0,-112561000.0,-4435000.0,-60666000.0,4708000.0,-445028000.0,-445028000.0,-445028000.0,0.0,-242522000.0,-0.367,1691706000.0,-610008000.0,49327000.0,0.0,12.805,-39.027,-37.525,696911000.0,0.0,74.3,14.33,13.788,85517000.0,-3966895000.0,1211975000.0,1211975000.0,882097000.0,-0.18,-0.38,-0.301,-0.449,134415000.0,356188000.0,1.0,233756871.0,224906000,224906000.0,5.389,2288049000.0,0.0,-122422000.0,0.0,10.173,1190747000.0
8,VRTX,MRY,2012-12-31,2012-12-31,2012-12-31,2021-08-02,-550000.0,2759288000.0,2607202500.0,1589585000.0,1169703000.0,0.586,4.714,-71140000.0,591324000.0,591324000.0,279885000.0,-51135000.0,3.674,1.526,696908000.0,13707000.0,683201000.0,696908000.0,123808000.0,38191000.0,0.0,0.0,0.0,-92267000.0,-54076000.0,-0.035,-54076000.0,-92267000.0,-107307000.0,-0.5,-0.5,-0.5,999180000.0,998796000.0,999180000.0,9157004065.0,-99.0,-169.336,196701000.0,0.928,1.0,1247157000.0,0.817,694492000.0,15040000.0,1737756000.0,1600690250.0,30464000.0,831808000.0,831808000.0,0.0,1524906000.0,432624000.0,1092282000.0,9085054065.0,14087000.0,0.0,191721000.0,-21488000.0,0.0,172204000.0,-425817000.0,-353851000.0,267841000.0,-141000.0,-107032000.0,-107032000.0,-107032000.0,0.0,55897000.0,-0.07,1200430000.0,46727000.0,101292000.0,0.0,9.093,-84.882,-83.8,433609000.0,0.0,41.9,5.949,5.816,143250000.0,-3521867000.0,1527042000.0,1527042000.0,765905000.0,-0.041,-0.107,-0.058,-0.06,122575000.0,432681000.0,1.0,216827066.0,211946000,215262000.0,7.205,2064796000.0,0.0,-275000.0,715000.0,9.742,1156961000.0
9,VRTX,MRY,2011-12-31,2011-12-31,2011-12-31,2021-08-02,-1053000.0,2204280000.0,1899466250.0,1331254000.0,873026000.0,0.743,3.84,-34595000.0,561288000.0,561288000.0,80505000.0,41179000.0,3.393,1.574,455950000.0,0.0,455950000.0,455950000.0,163132000.0,35041000.0,0.0,0.0,0.0,86521000.0,121562000.0,0.086,121562000.0,86521000.0,48840000.0,0.14,0.14,0.14,786843000.0,516456500.0,786843000.0,6823129303.0,79.0,56.129,109140000.0,0.533,1.0,1330121000.0,0.943,694492000.0,37681000.0,1012102000.0,693877000.0,112430000.0,493602000.0,493602000.0,0.0,1238768000.0,392348000.0,846420000.0,6926483303.0,232123000.0,-60000000.0,124862000.0,-155000000.0,0.0,-124238000.0,212412000.0,307190000.0,143735000.0,214000.0,29574000.0,29574000.0,29574000.0,0.0,11605000.0,0.021,1216301000.0,113820000.0,74642000.0,0.0,8.803,234.209,237.214,133176000.0,0.0,33.21,4.91,4.824,183135000.0,-3414835000.0,1410626000.0,1410626000.0,707706000.0,0.016,0.057,0.125,0.061,125851000.0,400721000.0,1.0,208566194.0,204891000,208807000.0,6.885,1509788000.0,0.0,19266000.0,12075000.0,7.369,938906000.0
10,VRTX,MRY,2010-12-31,2010-12-31,2010-12-31,2021-08-02,-1067000.0,1725446000.0,1759694750.0,1057039000.0,668407000.0,0.081,2.515,-38054000.0,277287000.0,277287000.0,12730000.0,-754626000.0,2.226,2.424,536991000.0,136991000.0,400000000.0,536991000.0,234668000.0,30459000.0,0.0,0.0,0.0,-735351000.0,-704892000.0,-4.917,-704892000.0,-735351000.0,-754626000.0,-3.77,-3.77,-3.77,503973000.0,742954000.0,503973000.0,7046407597.0,-10.0,-9.996,-673496000.0,-3.361,1.0,130640000.0,0.911,544802000.0,19275000.0,965565000.0,804116000.0,0.0,788214000.0,788214000.0,0.0,1221473000.0,474783000.0,746690000.0,7117893597.0,-203461000.0,0.0,33434000.0,391645000.0,0.0,425057000.0,7301000.0,46310000.0,-635442000.0,-377000.0,-754626000.0,-754626000.0,-754626000.0,0.0,0.0,-5.263,826717000.0,-696077000.0,35851000.0,0.0,14.124,-9.432,-9.292,72333000.0,0.0,35.03,49.647,48.965,12529000.0,-3444409000.0,143370000.0,143370000.0,637416000.0,-0.429,-1.016,-0.914,-5.129,97676000.0,187800000.0,1.0,203194222.0,200402000,200402000.0,0.715,1180644000.0,0.0,0.0,0.0,5.891,582256000.0
11,VRTX,MRY,2009-12-31,2009-12-31,2009-12-31,2021-08-02,-640000.0,1955488000.0,1633684500.0,1307026000.0,648462000.0,0.062,6.328,-23496000.0,476971000.0,476971000.0,14202000.0,-642178000.0,4.588,0.784,153836000.0,32071000.0,121765000.0,153836000.0,300531000.0,30107000.0,0.0,0.0,0.0,-628986000.0,-598879000.0,-5.878,-598879000.0,-628986000.0,-642178000.0,-3.71,-3.71,-3.71,1096346000.0,785249500.0,1096346000.0,7437380615.0,-12.0,-12.419,-451082000.0,-2.604,1.0,87687000.0,0.861,544802000.0,13192000.0,802668000.0,540808750.0,0.0,838255000.0,838255000.0,0.0,859142000.0,284883000.0,574259000.0,7763986615.0,57543000.0,-87422000.0,849235000.0,149902000.0,0.0,999006000.0,-508732000.0,-398493000.0,-427586000.0,-5145000.0,-642178000.0,-642178000.0,-642178000.0,0.0,0.0,-6.303,701699000.0,-614012000.0,36989000.0,0.0,7.082,-12.09,-11.55,62279000.0,0.0,42.85,76.2,72.865,9601000.0,-2689783000.0,101889000.0,101889000.0,550274000.0,-0.393,-0.818,-1.163,-6.173,92766000.0,130192000.0,1.0,181189886.0,173259000,173259000.0,0.588,1410686000.0,0.0,0.0,0.0,8.142,1022143000.0
12,VRTX,MRY,2008-12-31,2008-12-31,2008-12-31,2021-08-02,3168000.0,980479000.0,977085750.0,867581000.0,112898000.0,0.18,1.699,-32180000.0,419373000.0,419373000.0,15686000.0,-459851000.0,4.006,3.105,287500000.0,0.0,287500000.0,287500000.0,247474000.0,32196000.0,0.0,0.0,0.0,-446380000.0,-414184000.0,-2.36,-414184000.0,-446380000.0,-459851000.0,-3.27,-3.27,-3.27,238874000.0,283236750.0,238874000.0,4285528943.0,-10.0,-10.347,-258662000.0,-1.84,1.0,159818000.0,0.911,0.0,13471000.0,632042000.0,557936250.0,0.0,442986000.0,442986000.0,0.0,741605000.0,216564000.0,525041000.0,4571162943.0,33452000.0,0.0,362128000.0,258610000.0,0.0,620738000.0,-360650000.0,-327774000.0,-226482000.0,-154000.0,-459851000.0,-459851000.0,-459851000.0,0.0,0.0,-2.62,622526000.0,-462708000.0,51760000.0,0.0,19.136,-9.941,-9.291,68331000.0,0.0,30.38,26.046,24.33,23489000.0,-2047605000.0,175504000.0,175504000.0,516912000.0,-0.471,-1.624,-0.8,-2.543,63012000.0,101290000.0,1.0,150466193.0,140556000,140556000.0,1.249,980479000.0,0.0,0.0,0.0,6.976,651017000.0
13,VRTX,MRY,2007-12-31,2007-12-31,2007-12-31,2021-08-02,881000.0,601477000.0,713197500.0,496851000.0,104626000.0,0.279,2.103,-32415000.0,385921000.0,385921000.0,13904000.0,-391279000.0,2.493,1.217,19997000.0,19997000.0,0.0,19997000.0,126745000.0,27459000.0,0.0,0.0,0.0,-388994000.0,-361535000.0,-1.817,-361535000.0,-388994000.0,-391279000.0,-3.03,-3.03,-3.03,271295000.0,379803500.0,271295000.0,2809037360.0,-7.0,-7.77,-284891000.0,-2.209,1.0,185108000.0,0.93,0.0,2285000.0,36274000.0,250196250.0,0.0,112133000.0,105208000.0,6925000.0,330182000.0,199279000.0,130903000.0,3073277360.0,142492000.0,0.0,31965000.0,-42102000.0,0.0,-10190000.0,405166000.0,438150000.0,-252476000.0,-8000.0,-391279000.0,-391279000.0,-391279000.0,0.0,0.0,-1.966,604900000.0,-419792000.0,32750000.0,0.0,11.328,-7.854,-7.667,66509000.0,0.0,23.23,15.443,15.056,31320000.0,-1587754000.0,199012000.0,199012000.0,519227000.0,-0.549,-1.03,-1.555,-1.955,63747000.0,78554000.0,1.0,132297777.0,128986000,128986000.0,1.543,601477000.0,0.0,0.0,0.0,4.663,297572000.0
14,VRTX,MRY,2006-12-31,2006-12-31,2006-12-31,2021-08-02,-962000.0,921579000.0,743456500.0,771406000.0,150173000.0,0.291,4.469,-32417000.0,243429000.0,243429000.0,12170000.0,-206891000.0,3.073,0.822,121747000.0,101750000.0,19997000.0,121747000.0,150184000.0,25868000.0,0.0,0.0,0.0,-198936000.0,-173068000.0,-0.8,-173068000.0,-198936000.0,-206891000.0,-1.83,-1.83,-1.83,505935000.0,355403000.0,505935000.0,4300531549.0,-22.0,-24.849,-54892000.0,-0.485,1.0,204186000.0,0.944,0.0,7955000.0,548883000.0,500897250.0,0.0,548581000.0,491455000.0,57126000.0,415644000.0,251014000.0,164630000.0,4699607549.0,135126000.0,0.0,366035000.0,0.0,0.0,365865000.0,-208471000.0,-187451000.0,-22475000.0,207000.0,-206891000.0,-206891000.0,-206891000.0,0.0,0.0,-0.956,433224000.0,-229038000.0,15368000.0,0.0,9.289,-22.715,-20.448,61535000.0,0.0,37.42,21.722,19.582,62923000.0,-1196475000.0,216356000.0,216356000.0,379228000.0,-0.278,-0.582,-0.397,-0.919,42478000.0,50345000.0,1.0,125590795.0,113221000,113221000.0,1.911,921579000.0,0.0,0.0,0.0,8.14,520392000.0
15,VRTX,MRY,2005-12-31,2005-12-31,2005-12-31,2021-08-02,-2873000.0,548998000.0,545176250.0,385055000.0,163943000.0,0.295,2.68,-16959000.0,119527000.0,119527000.0,10098000.0,-203417000.0,3.841,1.295,180097000.0,0.0,180097000.0,180097000.0,32300000.0,27289000.0,0.0,0.0,0.0,-186091000.0,-158802000.0,-0.987,-158802000.0,-186091000.0,-203417000.0,-2.28,-2.28,-2.28,239176000.0,121738750.0,239176000.0,2889154603.0,-16.0,-18.193,-189013000.0,-2.118,1.0,150792000.0,0.937,0.0,17326000.0,509325000.0,555569750.0,0.0,348328000.0,283112000.0,65216000.0,309822000.0,100243000.0,209579000.0,2742833603.0,23039000.0,0.0,197591000.0,0.0,0.0,197456000.0,-1732000.0,6921000.0,-172054000.0,-631000.0,-203417000.0,-203417000.0,-203417000.0,0.0,0.0,-1.264,300664000.0,-149872000.0,6210000.0,0.0,11.468,-13.484,-12.136,54533000.0,0.0,27.67,17.048,15.348,20595000.0,-989584000.0,160890000.0,160890000.0,248540000.0,-0.373,-1.671,-0.335,-1.157,7530000.0,43990000.0,1.0,99126621.0,89241000,89241000.0,1.803,548998000.0,0.0,0.0,0.0,6.152,284812000.0
16,VRTX,MRY,2004-12-31,2004-12-31,2004-12-31,2021-08-02,-1374000.0,545453000.0,603263500.0,400638000.0,144815000.0,0.17,0.451,-12538000.0,104853000.0,104853000.0,5649000.0,-166247000.0,2.606,14.39,334997000.0,0.0,334997000.0,334997000.0,66086000.0,29640000.0,0.0,0.0,0.0,-147930000.0,-118290000.0,-1.152,-118290000.0,-147930000.0,-166247000.0,-2.12,-2.12,-2.12,35441000.0,94287500.0,35441000.0,1098420594.0,-7.0,-9.286,-154655000.0,-1.968,1.0,97068000.0,0.945,0.0,18317000.0,621852000.0,706267000.0,0.0,356177000.0,331240000.0,24937000.0,510012000.0,153745000.0,356267000.0,848876594.0,-43153000.0,0.0,8742000.0,-12563000.0,0.0,-8626000.0,107385000.0,143845000.0,-142117000.0,205000.0,-166247000.0,-166247000.0,-166247000.0,0.0,0.0,-1.618,251875000.0,-154807000.0,6660000.0,0.0,23.952,-5.106,-4.986,64225000.0,0.0,10.57,8.264,8.085,11891000.0,-786167000.0,102717000.0,102717000.0,192162000.0,-0.276,-1.763,-0.209,-1.44,4165000.0,42139000.0,1.0,80309990.0,78571000,78571000.0,1.307,545453000.0,0.0,0.0,0.0,6.942,246893000.0
17,VRTX,MRY,2003-12-31,2003-12-31,2003-12-31,2021-08-02,2690000.0,724411000.0,773712250.0,593806000.0,130605000.0,0.089,2.504,-17351000.0,124220000.0,124220000.0,3126000.0,-196767000.0,4.27,2.756,347460000.0,14000000.0,333460000.0,347460000.0,59517000.0,23438000.0,0.0,0.0,0.0,-179469000.0,-156031000.0,-2.257,-156031000.0,-179469000.0,-196767000.0,-2.56,-2.56,-2.56,192845000.0,284478250.0,192845000.0,1041634429.0,-6.0,-6.676,-184974000.0,-2.402,1.0,66015000.0,0.955,0.0,17298000.0,808584000.0,866066250.0,0.0,503868000.0,485005000.0,18863000.0,531566000.0,139067000.0,392499000.0,804204429.0,-9939000.0,0.0,11959000.0,25509000.0,0.0,37468000.0,119585000.0,38156000.0,-167623000.0,631000.0,-196767000.0,-196767000.0,-196767000.0,-69646000.0,0.0,-2.846,330542000.0,-264527000.0,12306000.0,0.0,4.17,-4.087,-4.043,80083000.0,0.0,10.35,11.631,11.527,7324000.0,-619920000.0,69141000.0,69141000.0,199636000.0,-0.254,-0.692,-0.207,-2.596,3146000.0,39082000.0,1.0,77700911.0,77004000,77004000.0,0.898,724411000.0,0.0,0.0,0.0,9.407,454739000.0
18,VRTX,MRY,2002-12-31,2002-12-31,2002-12-31,2021-08-02,6764000.0,815720000.0,845693250.0,656572000.0,159148000.0,0.112,4.998,-38875000.0,134189000.0,134189000.0,3334000.0,-108621000.0,10.164,1.155,322064000.0,1965000.0,320099000.0,322064000.0,58486000.0,24905000.0,0.0,0.0,0.0,-90937000.0,-66032000.0,-0.697,-66032000.0,-90937000.0,-108621000.0,-1.43,-1.43,-1.43,378581000.0,418395750.0,378581000.0,1405032748.0,-15.0,-21.278,-118414000.0,-1.563,1.0,91436000.0,0.965,0.0,17684000.0,938998000.0,952944750.0,0.0,553319000.0,526886000.0,26433000.0,437139000.0,64597000.0,372542000.0,1210435748.0,-81107000.0,0.0,13327000.0,1014000.0,0.0,13842000.0,-15962000.0,24596000.0,-79539000.0,552000.0,-108621000.0,-108621000.0,-108621000.0,-28337000.0,0.0,-1.146,239432000.0,-147996000.0,16745000.0,0.0,3.197,-11.144,-11.084,95991000.0,0.0,15.85,12.772,12.669,13200000.0,-423153000.0,94770000.0,94770000.0,198338000.0,-0.128,-0.26,-0.095,-0.96,2894000.0,41056000.0,1.0,76368186.0,75749000,75749000.0,1.251,815720000.0,0.0,0.0,0.0,10.769,591975000.0
19,VRTX,MRY,2001-12-31,2001-12-31,2001-12-31,2021-08-02,11134000.0,925131000.0,845969750.0,776092000.0,149039000.0,0.101,6.384,-49391000.0,215395000.0,215395000.0,3594000.0,-66233000.0,8.477,0.946,327605000.0,4579000.0,323026000.0,327605000.0,74699000.0,17802000.0,0.0,0.0,0.0,-46915000.0,-29113000.0,-0.341,-29113000.0,-46915000.0,-66233000.0,-0.89,-0.89,-0.89,475351000.0,430923250.0,475351000.0,1979791351.0,-42.0,-68.004,-56438000.0,-0.758,1.0,81703000.0,0.958,0.0,19318000.0,945788000.0,908319250.0,0.0,580430000.0,553997000.0,26433000.0,449780000.0,91553000.0,358227000.0,1843224351.0,-157454000.0,0.0,18626000.0,-23317000.0,0.0,-5009000.0,-145087000.0,-76638000.0,-7047000.0,-311000.0,-66233000.0,-66233000.0,-66233000.0,-22148000.0,0.0,-0.776,198087000.0,-116384000.0,11628000.0,0.0,3.878,-27.829,-27.629,80377000.0,0.0,24.59,21.609,21.467,20265000.0,-314532000.0,85297000.0,85297000.0,141988000.0,-0.078,-0.154,-0.052,-0.55,1501000.0,31856000.0,1.0,74958290.0,74464000,74464000.0,1.145,925131000.0,0.0,0.0,0.0,12.424,684539000.0
20,VRTX,MRY,2000-12-31,2000-12-31,2000-12-31,2021-08-02,4227000.0,941136000.0,630508750.0,857431000.0,83705000.0,0.243,7.595,-18033000.0,361372000.0,361372000.0,46930000.0,-34740000.0,12.274,0.831,362340000.0,5071000.0,357269000.0,362340000.0,28329000.0,12792000.0,0.0,0.0,0.0,-23087000.0,-10295000.0,-0.067,-10295000.0,-23087000.0,-34740000.0,-0.51,-0.51,-0.51,514011000.0,331148000.0,514011000.0,4103616920.0,-178.0,-398.603,-30741000.0,-0.454,1.0,106352000.0,0.694,0.0,11653000.0,872248000.0,559962500.0,0.0,474828000.0,467402000.0,7426000.0,427125000.0,69856000.0,357269000.0,4220206920.0,298642000.0,0.0,119787000.0,499538000.0,0.0,619325000.0,-307459000.0,-286541000.0,-12708000.0,-516000.0,-34740000.0,-34740000.0,-34740000.0,0.0,0.0,-0.227,145215000.0,-38863000.0,8438000.0,0.0,8.21,-121.48,-140.196,43961000.0,0.0,71.5,27.532,31.571,33906000.0,-248299000.0,153282000.0,153282000.0,102441000.0,-0.055,-0.105,-0.041,-0.151,2113000.0,41354000.0,1.0,59023873.0,67682000,67682000.0,2.265,941136000.0,0.0,0.0,0.0,13.905,787575000.0
21,VRTX,MRY,1999-12-31,1999-12-31,1999-12-31,2021-08-02,-970000.0,232445000.0,236406750.0,123023000.0,109422000.0,0.461,3.342,-18038000.0,41336000.0,41336000.0,34581000.0,-41154000.0,6.643,0.111,7059000.0,2366000.0,4693000.0,7059000.0,2000000.0,9671000.0,0.0,0.0,0.0,-39450000.0,-29779000.0,-0.273,-29779000.0,-39450000.0,-41154000.0,-0.66,-0.66,-0.66,209234000.0,215962250.0,209234000.0,878682070.0,-22.0,-29.507,-38299000.0,-0.612,1.0,74306000.0,0.682,0.0,1704000.0,179650000.0,202852250.0,0.0,158530000.0,84080000.0,74450000.0,23211000.0,18518000.0,4693000.0,897540070.0,13410000.0,0.0,7646000.0,1743000.0,0.0,9389000.0,24234000.0,60718000.0,-20261000.0,48000.0,-41154000.0,-41154000.0,-41154000.0,0.0,0.0,-0.378,125947000.0,-51641000.0,2979000.0,0.0,4.29,-21.809,-26.515,24480000.0,0.0,17.5,8.243,10.061,5956000.0,-190827000.0,108887000.0,108887000.0,85029000.0,-0.174,-0.191,-0.194,-0.362,1007000.0,40918000.0,1.0,51288004.0,62602000,62602000.0,1.739,232445000.0,0.0,0.0,0.0,3.713,104505000.0
22,VRTX,MRY,1998-12-31,1998-12-31,1998-12-31,2021-08-02,654000.0,266346000.0,275615750.0,248708000.0,17638000.0,0.105,4.866,-7901000.0,26485000.0,26485000.0,0.0,-33086000.0,18.982,0.082,9784000.0,2752000.0,7032000.0,9784000.0,0.0,4520000.0,0.0,0.0,0.0,-32405000.0,-27885000.0,-0.96,-27885000.0,-32405000.0,-33086000.0,-0.65,-0.65,-0.65,246212000.0,258264750.0,246212000.0,712400778.0,-22.0,-25.548,-38865000.0,-0.768,1.0,29055000.0,1.0,0.0,681000.0,236543000.0,230392750.0,0.0,221483000.0,221483000.0,0.0,20134000.0,13102000.0,7032000.0,753899778.0,-47285000.0,0.0,2704000.0,1369000.0,0.0,4073000.0,-20394000.0,-12217000.0,-30964000.0,0.0,-33086000.0,-33086000.0,-33086000.0,0.0,0.0,-1.139,76803000.0,-47748000.0,2808000.0,0.0,3.062,-22.786,-22.885,14476000.0,0.0,14.875,25.947,25.904,1462000.0,-149861000.0,29055000.0,29055000.0,58668000.0,-0.12,-0.128,-0.141,-1.115,32000.0,18135000.0,1.0,50682338.0,50598000,50598000.0,0.574,266346000.0,0.0,0.0,0.0,5.264,235606000.0
23,VRTX,MRY,1997-12-31,1997-12-31,1997-12-31,2021-08-02,152000.0,295604000.0,219551500.0,281623000.0,13981000.0,0.199,5.687,-6020000.0,73770000.0,73770000.0,0.0,-19831000.0,20.559,0.071,8415000.0,2510000.0,5905000.0,8415000.0,556000.0,3588000.0,0.0,0.0,0.0,-19255000.0,-15667000.0,-0.358,-15667000.0,-19255000.0,-19831000.0,-0.41,-0.41,-0.41,276001000.0,203413500.0,276001000.0,,,,-15326000.0,-0.316,1.0,43799000.0,1.0,0.0,576000.0,216551000.0,162177000.0,0.0,208217000.0,208217000.0,0.0,19603000.0,13698000.0,5905000.0,833840865.0,36603000.0,0.0,164847000.0,-112000.0,0.0,164735000.0,-118814000.0,-112594000.0,-9306000.0,-12000.0,-19831000.0,-19831000.0,-19831000.0,0.0,0.0,-0.453,63054000.0,-19255000.0,4247000.0,0.0,3.021,-42.047,-40.244,11095000.0,0.0,16.5,19.038,18.282,0.0,-116775000.0,43799000.0,43799000.0,51624000.0,-0.09,-0.097,-0.119,-0.44,12000.0,11430000.0,1.0,50535810.0,48528000,48528000.0,0.903,295604000.0,0.0,0.0,0.0,6.091,267925000.0
24,VRTX,MRY,1996-12-31,1996-12-31,1996-12-31,2021-08-02,49000.0,143499000.0,,132150000.0,11349000.0,,3.48,-3983000.0,37167000.0,37167000.0,0.0,-40005000.0,18.729,0.097,8527000.0,2910000.0,5617000.0,8527000.0,0.0,3160000.0,0.0,0.0,0.0,-39543000.0,-36383000.0,-1.956,-36383000.0,-39543000.0,-40005000.0,-1.065,-1.065,-1.065,130826000.0,,130826000.0,,,,-44236000.0,-1.177,1.0,18598000.0,1.0,0.0,462000.0,107803000.0,,0.0,95508000.0,95508000.0,0.0,12673000.0,7056000.0,5617000.0,,6461000.0,0.0,85510000.0,1540000.0,0.0,87050000.0,-40350000.0,-36885000.0,-40253000.0,14000.0,-40005000.0,-40005000.0,-40005000.0,0.0,0.0,-2.151,58141000.0,-39543000.0,1391000.0,0.0,,,-18.897,8663000.0,0.0,20.125,,40.683,0.0,-96944000.0,18598000.0,18598000.0,35212000.0,,,,-2.126,0.0,7929000.0,1.0,,37596000,37596000.0,0.495,143499000.0,0.0,0.0,0.0,3.817,125094000.0
25,VRTX,MRY,1995-12-31,1995-12-31,1995-12-31,2021-08-02,,,,,,,,-3078000.0,,,0.0,-21528000.0,,,,,,,,3710000.0,,0.0,0.0,-21047000.0,-17337000.0,-0.63,-17337000.0,-21047000.0,-21528000.0,-0.625,-0.625,-0.625,,,,,,,-19028000.0,-0.552,1.0,27534000.0,1.0,,481000.0,,,,,,,,,,,-43253000.0,0.0,1119000.0,595000.0,0.0,1714000.0,-29017000.0,-23558000.0,-15950000.0,0.0,-21528000.0,-21528000.0,-21528000.0,0.0,0.0,-0.782,48581000.0,-21047000.0,,0.0,,,-21.2,,0.0,13.25,,16.584,,,27534000.0,27534000.0,41512000.0,,,,-0.764,0.0,7069000.0,1.0,,34462000,34462000.0,0.799,,,0.0,,,
0,VRTX,MRQ,2021-06-30,2021-06-30,2021-06-30,2021-08-02,-25159000.0,12221686000.0,,8457514000.0,3764172000.0,,35.509,-49837000.0,6063678000.0,6063678000.0,227972000.0,66924000.0,4.605,0.329,893849000.0,0.0,893849000.0,893849000.0,0.0,31238000.0,0.0,0.0,0.0,-28777000.0,2461000.0,0.001,2461000.0,-28777000.0,-44255000.0,0.26,0.26,0.26,9196396000.0,,9196396000.0,46789552244.0,19.0,18.075,-249604000.0,-0.964,1.0,1565398000.0,0.873,1402158000.0,15478000.0,3813251000.0,,321620000.0,644315000.0,644315000.0,0.0,3025290000.0,1836448000.0,1188842000.0,52195085244.0,-241839000.0,0.0,34411000.0,-2309000.0,0.0,33550000.0,-79641000.0,-29804000.0,-199767000.0,4019000.0,66924000.0,66924000.0,66924000.0,0.0,0.0,0.037,1601759000.0,-36361000.0,127534000.0,0.0,5.676,26.206,26.254,1338107000.0,0.0,201.63,7.809,7.813,929142000.0,1578731000.0,1793370000.0,1793370000.0,1407090000.0,,,,,104622000.0,194669000.0,1.0,258865671.0,258988000,261020000.0,6.925,10819528000.0,952808000.0,-111179000.0,0.0,41.776,6621066000.0
1,VRTX,MRQ,2021-03-31,2021-03-31,2021-03-31,2021-08-02,-33302000.0,12115059000.0,,8539307000.0,3575752000.0,,34.623,-70926000.0,6304330000.0,6304330000.0,192329000.0,653138000.0,4.393,0.349,898797000.0,0.0,898797000.0,898797000.0,0.0,28834000.0,0.0,0.0,0.0,836638000.0,865472000.0,0.502,865472000.0,836638000.0,820960000.0,2.52,2.49,2.52,8980254000.0,,8980254000.0,50764135723.0,15.0,14.708,850129000.0,3.278,1.0,1531976000.0,0.888,1402158000.0,15678000.0,3363318000.0,,298863000.0,619638000.0,619638000.0,0.0,3134805000.0,1944050000.0,1190755000.0,55862817723.0,324062000.0,0.0,-511533000.0,-8601000.0,0.0,-518654000.0,-74309000.0,-3383000.0,921055000.0,-4030000.0,653138000.0,653138000.0,653138000.0,0.0,0.0,0.379,648050000.0,883926000.0,127839000.0,0.0,6.221,20.225,20.196,1308442000.0,0.0,214.89,8.708,8.689,977551000.0,1511807000.0,1724305000.0,1724305000.0,455973000.0,,,,,115174000.0,192077000.0,1.0,259960062.0,259369000,261916000.0,6.648,10712901000.0,815890000.0,167822000.0,0.0,41.304,6595257000.0
2,VRTX,MRQ,2020-12-31,2020-12-31,2020-12-31,2021-08-02,-68480000.0,11751808000.0,,8133379000.0,3618429000.0,,33.614,-47689000.0,5988187000.0,5988187000.0,203101000.0,604190000.0,4.332,0.353,889505000.0,0.0,889505000.0,889505000.0,0.0,29355000.0,0.0,0.0,0.0,904911000.0,934266000.0,0.574,934266000.0,904911000.0,888623000.0,2.34,2.31,2.34,8686815000.0,,8686815000.0,56645782868.0,18.0,17.247,443843000.0,1.717,1.0,1424719000.0,0.875,1402158000.0,16288000.0,3373435000.0,,280777000.0,670710000.0,670710000.0,0.0,3064993000.0,1877533000.0,1187460000.0,61457355868.0,627860000.0,0.0,-121507000.0,-3547000.0,0.0,-125192000.0,243747000.0,291436000.0,491532000.0,17773000.0,604190000.0,604190000.0,604190000.0,0.0,0.0,0.371,678427000.0,746292000.0,155139000.0,0.0,7.075,22.664,22.638,1284098000.0,0.0,236.34,9.903,9.896,885352000.0,858669000.0,1627820000.0,1627820000.0,466584000.0,,,,,97027000.0,211843000.0,1.0,260037894.0,258425000,261491000.0,6.299,10349650000.0,882779000.0,284433000.0,0.0,40.049,6255846000.0
3,VRTX,MRQ,2020-09-30,2020-09-30,2020-09-30,2021-08-02,-40982000.0,11301633000.0,,7458456000.0,3843177000.0,,31.235,-174795000.0,5358087000.0,5358087000.0,186182000.0,667434000.0,3.722,0.39,546514000.0,0.0,546514000.0,546514000.0,0.0,26642000.0,0.0,0.0,0.0,759727000.0,786369000.0,0.511,786369000.0,759727000.0,745871000.0,2.56,2.53,2.56,8133473000.0,,8133473000.0,66569105928.0,22.0,21.7,732953000.0,2.815,1.0,1352089000.0,0.879,1402158000.0,13856000.0,3083876000.0,,245460000.0,792971000.0,792971000.0,0.0,3168160000.0,2004026000.0,1164134000.0,70878370928.0,525285000.0,0.0,-126739000.0,-8787000.0,0.0,-140684000.0,-247937000.0,-73142000.0,907748000.0,6158000.0,667434000.0,667434000.0,667434000.0,0.0,0.0,0.434,678048000.0,674041000.0,107786000.0,0.0,8.714,26.342,26.266,920913000.0,0.0,272.12,11.831,11.827,791917000.0,254479000.0,1538271000.0,1538271000.0,493497000.0,,,,,99539000.0,184551000.0,1.0,260467334.0,260392000,264079000.0,5.908,9899475000.0,1147816000.0,78437000.0,0.0,38.018,5454430000.0
4,VRTX,MRQ,2020-06-30,2020-06-30,2020-06-30,2021-08-02,-14121000.0,10216367000.0,,6694320000.0,3522047000.0,,28.961,-17864000.0,4831332000.0,4831332000.0,184520000.0,837270000.0,3.722,0.359,522067000.0,0.0,522067000.0,522067000.0,0.0,26697000.0,0.0,0.0,0.0,838641000.0,865338000.0,0.568,865338000.0,838641000.0,824770000.0,3.22,3.18,3.22,7519242000.0,,7519242000.0,72210161390.0,32.0,30.184,1020663000.0,3.931,1.0,1339965000.0,0.879,1402158000.0,13871000.0,2706304000.0,,219218000.0,619437000.0,619437000.0,0.0,2697125000.0,1798640000.0,898485000.0,75270621390.0,1233736000.0,0.0,130381000.0,-10443000.0,0.0,120025000.0,71912000.0,89776000.0,1038527000.0,3272000.0,837270000.0,837270000.0,837270000.0,0.0,0.0,0.549,612732000.0,727233000.0,101451000.0,0.0,10.01,36.174,36.198,728357000.0,0.0,290.31,13.932,13.951,791768000.0,-412955000.0,1524485000.0,1524485000.0,420928000.0,,,,,117189000.0,191804000.0,1.0,259276709.0,259637000,263403000.0,5.872,8814209000.0,1214968000.0,-12500000.0,0.0,33.948,4895680000.0
5,VRTX,MRQ,2020-03-31,2020-03-31,2020-03-31,2021-08-02,13383000.0,8893201000.0,,5446400000.0,3446801000.0,,24.87,-19450000.0,3593412000.0,3593412000.0,162497000.0,602753000.0,3.539,0.376,532952000.0,0.0,532952000.0,532952000.0,0.0,26821000.0,0.0,0.0,0.0,671670000.0,698491000.0,0.461,698491000.0,671670000.0,657534000.0,2.32,2.29,2.32,6461654000.0,,6461654000.0,59122215704.0,33.0,31.171,796248000.0,3.065,1.0,1352610000.0,0.893,1402158000.0,14136000.0,2891833000.0,,187087000.0,596984000.0,596984000.0,0.0,2431547000.0,1538750000.0,892797000.0,61692961704.0,481283000.0,0.0,-356596000.0,-4454000.0,0.0,-359430000.0,31666000.0,51116000.0,815698000.0,-6651000.0,602753000.0,602753000.0,602753000.0,0.0,0.0,0.398,630786000.0,721824000.0,100703000.0,0.0,9.548,40.831,40.745,736303000.0,0.0,237.95,12.801,12.828,845269000.0,-1250225000.0,1515107000.0,1515107000.0,448528000.0,,,,,115706000.0,182258000.0,1.0,259268593.0,259815000,263515000.0,5.831,7491043000.0,1147705000.0,54781000.0,0.0,28.832,3907650000.0
6,VRTX,MRQ,2019-12-31,2019-12-31,2019-12-31,2021-08-02,-1973000.0,8318465000.0,,4822829000.0,3495636000.0,,23.582,-16761000.0,3109322000.0,3109322000.0,185012000.0,583234000.0,3.613,0.367,622868000.0,0.0,622868000.0,622868000.0,0.0,26256000.0,0.0,0.0,0.0,691199000.0,717455000.0,0.508,717455000.0,691199000.0,676950000.0,2.26,2.23,2.26,6085244000.0,,6085244000.0,53509500293.0,37.0,34.293,429247000.0,1.663,1.0,1228253000.0,0.869,1402158000.0,14249000.0,3095026000.0,,167502000.0,698972000.0,698972000.0,0.0,2233221000.0,1334827000.0,898394000.0,56302902293.0,-283910000.0,-908388000.0,162552000.0,3054000.0,0.0,161421000.0,-896991000.0,28158000.0,446008000.0,5652000.0,583234000.0,583234000.0,583234000.0,0.0,0.0,0.413,675288000.0,552965000.0,87610000.0,0.0,9.252,47.844,47.806,833282000.0,0.0,218.95,13.525,13.503,633518000.0,-1852978000.0,1413265000.0,1413265000.0,480011000.0,,,,,91591000.0,195277000.0,1.0,257149588.0,258045000,262146000.0,5.477,6916307000.0,1190815000.0,93716000.0,0.0,26.803,3488002000.0
7,VRTX,MRQ,2019-09-30,2019-09-30,2019-09-30,2021-08-02,18847000.0,7514553000.0,,4777094000.0,2737459000.0,,20.446,-24291000.0,3397941000.0,3397941000.0,131914000.0,57518000.0,3.439,0.43,604539000.0,0.0,604539000.0,604539000.0,0.0,25847000.0,0.0,0.0,0.0,85214000.0,111061000.0,0.117,111061000.0,85214000.0,70666000.0,0.22,0.22,0.22,5253394000.0,,5253394000.0,40864223753.0,49.0,43.546,310498000.0,1.208,1.0,817914000.0,0.861,447525000.0,14548000.0,2884732000.0,,162306000.0,598390000.0,598390000.0,0.0,2261159000.0,1388894000.0,872265000.0,43546944753.0,102945000.0,-245824000.0,30434000.0,-11446000.0,0.0,20356000.0,-248999000.0,21116000.0,334789000.0,-3201000.0,57518000.0,57518000.0,57518000.0,0.0,0.0,0.061,715622000.0,102292000.0,92528000.0,0.0,8.289,20.31,20.169,794438000.0,0.0,169.42,12.031,12.026,443315000.0,-2436212000.0,949828000.0,949828000.0,555948000.0,,,,,85420000.0,159674000.0,1.0,257035443.0,256946000,260473000.0,3.697,7067028000.0,1415511000.0,13148000.0,0.0,27.504,3388200000.0
8,VRTX,MRQ,2019-06-30,2019-06-30,2019-06-30,2021-08-02,-3201000.0,7033471000.0,,4710968000.0,2322503000.0,,19.793,-16358000.0,3294684000.0,3294684000.0,135740000.0,267427000.0,3.741,0.387,611963000.0,0.0,611963000.0,611963000.0,0.0,27698000.0,0.0,0.0,0.0,341975000.0,369673000.0,0.393,369673000.0,341975000.0,327138000.0,1.04,1.03,1.04,5069965000.0,,5069965000.0,44697514997.0,49.0,44.607,447391000.0,1.747,1.0,805553000.0,0.856,50384000.0,14837000.0,3041146000.0,,143017000.0,656538000.0,656538000.0,0.0,1963506000.0,1259220000.0,704286000.0,46967534997.0,400114000.0,0.0,-5538000.0,-9977000.0,0.0,-13015000.0,-50190000.0,-33832000.0,463749000.0,-430000.0,267427000.0,267427000.0,267427000.0,0.0,0.0,0.284,535593000.0,269960000.0,77045000.0,0.0,9.264,21.201,21.102,789162000.0,0.0,183.38,13.597,13.598,464900000.0,-2493730000.0,941293000.0,941293000.0,379091000.0,,,,,89687000.0,156502000.0,1.0,256121360.0,256154000,259822000.0,3.675,6983087000.0,1425191000.0,59711000.0,0.0,27.261,3451748000.0
9,VRTX,MRQ,2019-03-31,2019-03-31,2019-03-31,2021-08-02,6000000.0,6543114000.0,,4183039000.0,2360075000.0,,18.472,-18041000.0,2893885000.0,2893885000.0,95092000.0,268631000.0,3.781,0.385,623865000.0,0.0,623865000.0,623865000.0,0.0,27140000.0,0.0,0.0,0.0,335033000.0,362173000.0,0.422,362173000.0,335033000.0,320165000.0,1.05,1.03,1.05,4723313000.0,,4723313000.0,44969317732.0,56.0,50.74,306743000.0,1.2,1.0,763343000.0,0.889,50384000.0,14868000.0,3116242000.0,,136698000.0,584150000.0,584150000.0,0.0,1819801000.0,1106468000.0,713333000.0,47028084732.0,243279000.0,0.0,-36219000.0,-10770000.0,0.0,-41989000.0,-39138000.0,-21097000.0,324784000.0,-378000.0,268631000.0,268631000.0,268631000.0,0.0,0.0,0.313,486535000.0,276808000.0,82262000.0,0.0,9.957,21.82,21.718,803132000.0,0.0,183.95,14.403,14.405,438297000.0,-2761157000.0,858435000.0,858435000.0,339490000.0,,,,,93791000.0,147045000.0,1.0,255656889.0,255695000,260175000.0,3.357,6492730000.0,1467518000.0,51534000.0,0.0,25.392,3076571000.0
10,VRTX,MRQ,2018-12-31,2018-12-31,2018-12-31,2021-08-02,659000.0,6245898000.0,,3843109000.0,2402789000.0,,17.401,-15646000.0,2650134000.0,2650134000.0,122289000.0,1525096000.0,3.43,0.408,581550000.0,0.0,581550000.0,581550000.0,0.0,18826000.0,0.0,0.0,0.0,76672000.0,95498000.0,0.11,95498000.0,76672000.0,57928000.0,6.09,5.98,6.09,4435203000.0,,4435203000.0,40450117980.0,59.0,53.582,298932000.0,1.173,1.0,747817000.0,0.859,50384000.0,18744000.0,3006638000.0,,124360000.0,518108000.0,518108000.0,0.0,1810695000.0,1120292000.0,690403000.0,42348521980.0,171202000.0,-7896000.0,-99466000.0,2841000.0,0.0,-101046000.0,-40904000.0,-17362000.0,314578000.0,-1426000.0,1550527000.0,1550527000.0,1550527000.0,0.0,-25431000.0,1.782,620095000.0,127722000.0,110987000.0,0.0,9.548,20.196,20.11,812005000.0,0.0,165.71,13.896,13.827,409688000.0,-2989478000.0,870106000.0,870106000.0,437881000.0,,,,,78943000.0,153210000.0,1.0,255558035.0,254880000,259824000.0,3.414,6195514000.0,1499672000.0,-1492599000.0,0.0,24.308,2722817000.0
11,VRTX,MRQ,2018-09-30,2018-09-30,2018-09-30,2021-08-02,307000.0,4620840000.0,,3686611000.0,934229000.0,,11.401,-20912000.0,2486445000.0,2486445000.0,111255000.0,128456000.0,3.714,0.58,588041000.0,11511000.0,576530000.0,588041000.0,81610000.0,19192000.0,0.0,0.0,0.0,155487000.0,174679000.0,0.223,174679000.0,155487000.0,136801000.0,0.51,0.5,0.51,2906116000.0,,2906116000.0,47695488643.0,64.0,58.804,360436000.0,1.414,1.0,673280000.0,0.858,79384000.0,18686000.0,1650544000.0,,124150000.0,577583000.0,577583000.0,0.0,1686359000.0,992508000.0,693851000.0,49256622643.0,332983000.0,0.0,8912000.0,-8482000.0,0.0,2079000.0,-49889000.0,-28977000.0,381348000.0,-555000.0,128746000.0,128746000.0,128746000.0,0.0,-290000.0,0.164,467631000.0,205649000.0,92149000.0,0.0,16.949,76.125,75.289,808352000.0,0.0,192.74,17.411,17.366,379755000.0,-4540005000.0,784535000.0,784535000.0,330510000.0,,,,,85532000.0,137295000.0,1.0,255559939.0,254905000,259788000.0,3.078,4541456000.0,0.0,8055000.0,0.0,17.816,2694103000.0
12,VRTX,MRQ,2018-06-30,2018-06-30,2018-06-30,2021-08-02,-4605000.0,4335386000.0,,3407423000.0,927963000.0,,10.57,-29612000.0,2153869000.0,2153869000.0,104382000.0,206250000.0,3.675,0.603,592735000.0,15060000.0,577675000.0,592735000.0,80602000.0,18059000.0,0.0,0.0,0.0,235856000.0,253915000.0,0.338,253915000.0,235856000.0,217701000.0,0.82,0.8,0.82,2686228000.0,,2686228000.0,41900605231.0,113.0,96.023,292091000.0,1.149,1.0,647775000.0,0.861,79384000.0,18155000.0,1767568000.0,,115025000.0,622396000.0,622396000.0,0.0,1620503000.0,927300000.0,693203000.0,43310946231.0,148340000.0,0.0,-48599000.0,3606000.0,0.0,-51208000.0,-116298000.0,-86686000.0,321703000.0,-5857000.0,207360000.0,207360000.0,207360000.0,0.0,-1110000.0,0.276,474897000.0,172878000.0,83034000.0,0.0,16.123,104.275,103.634,815928000.0,0.0,169.96,16.514,16.468,393439000.0,-4668751000.0,752157000.0,752157000.0,337532000.0,,,,,82436000.0,137303000.0,1.0,254830232.0,254135000,258584000.0,2.96,4256002000.0,0.0,10341000.0,0.0,16.747,2480123000.0
13,VRTX,MRQ,2018-03-31,2018-03-31,2018-03-31,2021-08-02,-39743000.0,3952974000.0,,3041116000.0,911858000.0,,9.482,-29279000.0,2005466000.0,2005466000.0,71613000.0,227301000.0,3.676,0.634,595125000.0,16919000.0,578206000.0,595125000.0,79537000.0,16343000.0,0.0,0.0,0.0,214490000.0,230833000.0,0.36,230833000.0,214490000.0,197604000.0,0.83,0.81,0.83,2401056000.0,,2401056000.0,40318847552.0,235.0,172.059,223378000.0,0.882,1.0,569186000.0,0.888,79384000.0,16886000.0,1635937000.0,,117346000.0,481124000.0,481124000.0,0.0,1522153000.0,827312000.0,694841000.0,41379315552.0,338202000.0,0.0,78403000.0,-10513000.0,0.0,78956000.0,4933000.0,34212000.0,252657000.0,1656000.0,210263000.0,210263000.0,210263000.0,0.0,17038000.0,0.328,440285000.0,128901000.0,74062000.0,0.0,17.234,183.102,183.124,800670000.0,0.0,162.98,17.136,17.092,327294000.0,-4876111000.0,640799000.0,640799000.0,310553000.0,,,,,78136000.0,129808000.0,1.0,253891984.0,253231000,258526000.0,2.53,3873590000.0,0.0,-12659000.0,0.0,15.297,2213804000.0
14,VRTX,MRQ,2017-12-31,2017-12-31,2017-12-31,2021-08-02,-11572000.0,3546014000.0,,2648963000.0,897051000.0,,8.065,-42984000.0,1665412000.0,1665412000.0,84052000.0,102185000.0,3.281,0.741,606433000.0,22531000.0,583902000.0,606433000.0,78431000.0,16432000.0,0.0,0.0,0.0,135236000.0,151668000.0,0.233,151668000.0,135236000.0,110941000.0,0.4,0.4,0.4,2028579000.0,,2028579000.0,37100442801.0,165.0,129.335,184527000.0,0.734,1.0,567582000.0,0.871,79384000.0,24295000.0,1600391000.0,,111830000.0,423254000.0,423254000.0,0.0,1503708000.0,807260000.0,696448000.0,37900020801.0,280757000.0,-61602000.0,46635000.0,28796000.0,0.0,73231000.0,-20786000.0,21137000.0,227511000.0,801000.0,100684000.0,100684000.0,100684000.0,0.0,1501000.0,0.155,441845000.0,125737000.0,73994000.0,0.0,18.683,143.842,141.377,789437000.0,0.0,149.86,15.229,14.986,281343000.0,-5119723000.0,651634000.0,651634000.0,306664000.0,,,,,76246000.0,134794000.0,1.0,252902848.0,251543000,256615000.0,2.591,3466630000.0,834000.0,10257000.0,6341000.0,13.781,1841703000.0
15,VRTX,MRQ,2017-09-30,2017-09-30,2017-09-30,2021-08-02,-25129000.0,3198325000.0,,2327974000.0,870351000.0,,7.157,-27960000.0,1386769000.0,1386769000.0,72874000.0,-291267000.0,3.275,0.779,587191000.0,19881000.0,567310000.0,587191000.0,15920000.0,15225000.0,190272000.0,0.0,0.0,-215281000.0,-200056000.0,-0.346,-200056000.0,-215281000.0,-228855000.0,-0.41,-0.41,-0.41,1791077000.0,,1791077000.0,37612938843.0,276.0,191.347,142126000.0,0.568,1.0,505291000.0,0.874,79384000.0,13574000.0,1608624000.0,,98192000.0,447729000.0,427282000.0,20447000.0,1395081000.0,710739000.0,684342000.0,38332152843.0,99011000.0,0.0,150318000.0,-5051000.0,0.0,152705000.0,-225281000.0,24281000.0,170086000.0,1501000.0,-102952000.0,-102952000.0,-102952000.0,0.0,-188315000.0,-0.178,831334000.0,-326043000.0,77138000.0,0.0,21.402,195.827,190.05,759978000.0,0.0,152.04,16.697,16.575,263493000.0,-5220407000.0,578165000.0,578165000.0,454947000.0,,,,,74456000.0,120710000.0,1.0,252118869.0,250268000,250268000.0,2.31,3118941000.0,0.0,-125903000.0,0.0,12.462,1617235000.0
16,VRTX,MRQ,2017-06-30,2017-06-30,2017-06-30,2021-08-02,-21753000.0,3285594000.0,,2180572000.0,1105022000.0,,6.752,-17378000.0,1287758000.0,1287758000.0,71205000.0,31169000.0,3.487,0.849,568544000.0,18179000.0,550365000.0,568544000.0,11438000.0,14890000.0,147686000.0,0.0,0.0,36997000.0,51887000.0,0.095,51887000.0,36997000.0,22333000.0,0.07,0.07,0.07,1671273000.0,,1671273000.0,31597650936.0,95.0,80.402,164275000.0,0.664,1.0,472930000.0,0.869,334724000.0,14664000.0,1606250000.0,,92263000.0,465772000.0,445520000.0,20252000.0,1418363000.0,625406000.0,792957000.0,32097493936.0,239515000.0,0.0,136638000.0,-6984000.0,0.0,132033000.0,-76283000.0,-58905000.0,181653000.0,2112000.0,17996000.0,17996000.0,17996000.0,0.0,13173000.0,0.033,420223000.0,52707000.0,75941000.0,0.0,19.205,123.52,122.733,740103000.0,0.0,128.87,15.06,14.966,247949000.0,-5117455000.0,544135000.0,544135000.0,289451000.0,,,,,73095000.0,127249000.0,1.0,249068782.0,247521000,251635000.0,2.198,2950870000.0,0.0,4337000.0,0.0,11.922,1555166000.0
17,VRTX,MRQ,2017-03-31,2017-03-31,2017-03-31,2021-08-02,16025000.0,2946703000.0,,1871814000.0,1074889000.0,,6.097,-11099000.0,1048243000.0,1048243000.0,46988000.0,249548000.0,3.822,0.843,548400000.0,19270000.0,529130000.0,548400000.0,11799000.0,14850000.0,104774000.0,0.0,0.0,268506000.0,283356000.0,0.396,283356000.0,268506000.0,251741000.0,1.01,0.99,1.01,1500008000.0,,1500008000.0,26775711187.0,99.0,81.18,254593000.0,1.035,1.0,667730000.0,0.934,334724000.0,16765000.0,1622340000.0,,82020000.0,425379000.0,405103000.0,20276000.0,1263910000.0,489796000.0,774114000.0,27166709187.0,-183464000.0,0.0,11249000.0,-305697000.0,0.0,-289565000.0,-160979000.0,-149880000.0,265692000.0,1388000.0,247756000.0,247756000.0,247756000.0,0.0,1792000.0,0.347,396888000.0,270842000.0,63145000.0,0.0,18.111,153.194,151.875,708395000.0,0.0,109.35,13.457,13.326,207955000.0,-5135451000.0,714718000.0,714718000.0,273563000.0,,,,,69439000.0,113326000.0,1.0,248438127.0,246024000,248700000.0,2.905,2611979000.0,0.0,3985000.0,0.0,10.617,1382018000.0
18,VRTX,MRQ,2016-12-31,2016-12-31,2016-12-31,2021-08-02,21173000.0,2896787000.0,,1831540000.0,1065247000.0,,4.718,-14788000.0,1231707000.0,1231707000.0,60482000.0,27759000.0,2.311,1.348,840761000.0,319426000.0,521335000.0,840761000.0,86060000.0,15451000.0,73416000.0,0.0,0.0,45931000.0,61382000.0,0.134,61382000.0,45931000.0,25492000.0,0.13,0.13,0.13,1156582000.0,,1156582000.0,18292735768.0,-1311.0,385.573,129936000.0,0.53,1.0,398224000.0,0.868,334724000.0,20439000.0,1378580000.0,,77604000.0,270888000.0,250612000.0,20276000.0,1558596000.0,792537000.0,766059000.0,18272619768.0,411022000.0,0.0,17065000.0,1697000.0,0.0,93762000.0,176937000.0,191693000.0,144724000.0,-4401000.0,32945000.0,32945000.0,32945000.0,0.0,-5186000.0,0.072,358584000.0,39640000.0,61451000.0,0.0,15.799,-163.073,-160.152,698362000.0,0.0,73.67,10.735,10.59,200364000.0,-5373836000.0,458706000.0,458706000.0,248452000.0,,,,,62000000.0,109908000.0,1.0,248033389.0,245153000,245153000.0,1.871,2562063000.0,0.0,-7453000.0,0.0,10.451,1039003000.0
19,VRTX,MRQ,2016-09-30,2016-09-30,2016-09-30,2021-08-02,-3845000.0,2609641000.0,,1501901000.0,1107740000.0,,4.171,-13883000.0,800199000.0,800199000.0,54077000.0,-39537000.0,2.078,1.372,820315000.0,315523000.0,504792000.0,820315000.0,15806000.0,14569000.0,0.0,0.0,0.0,-18198000.0,-3629000.0,-0.009,-3629000.0,-18198000.0,-38338000.0,-0.16,-0.16,-0.16,1021546000.0,,1021546000.0,21730950253.0,-190.0,-412.759,51773000.0,0.211,1.0,359706000.0,0.869,334724000.0,20140000.0,1572192000.0,,71799000.0,462063000.0,408749000.0,53314000.0,1401300000.0,722841000.0,678459000.0,21608780253.0,113826000.0,0.0,17463000.0,-3909000.0,0.0,13554000.0,34791000.0,53930000.0,65656000.0,-175000.0,-38841000.0,-38841000.0,-38841000.0,0.0,-696000.0,-0.094,378433000.0,-18727000.0,50914000.0,0.0,21.153,-98.793,-96.9,687613000.0,0.0,87.21,13.006,12.856,182229000.0,-5406781000.0,413783000.0,413783000.0,272370000.0,,,,,61209000.0,106055000.0,1.0,247778698.0,244920000,244920000.0,1.689,2274917000.0,0.0,503000.0,0.0,9.288,779060000.0
20,VRTX,MRQ,2016-06-30,2016-06-30,2016-06-30,2021-08-02,-3390000.0,2548982000.0,,1454150000.0,1094832000.0,,4.014,-15918000.0,698464000.0,698464000.0,45252000.0,-36151000.0,2.335,1.406,820634000.0,239022000.0,581612000.0,820634000.0,18879000.0,14963000.0,0.0,0.0,0.0,-26240000.0,-11277000.0,-0.026,-11277000.0,-26240000.0,-46395000.0,-0.26,-0.26,-0.26,981354000.0,,981354000.0,21398923301.0,-127.0,-202.764,24942000.0,0.102,1.0,386356000.0,0.895,334724000.0,20155000.0,1713573000.0,,66589000.0,498783000.0,465570000.0,33213000.0,1380137000.0,622855000.0,757282000.0,21277035301.0,1621000.0,0.0,24856000.0,-3603000.0,0.0,21253000.0,-57782000.0,-46947000.0,40860000.0,-2710000.0,-64525000.0,-64525000.0,-64525000.0,0.0,28374000.0,-0.149,383003000.0,3353000.0,51302000.0,0.0,21.681,-77.361,-76.124,690607000.0,0.0,86.02,13.662,13.503,189356000.0,-5367940000.0,431608000.0,431608000.0,271008000.0,,,,,61942000.0,111652000.0,1.0,247349864.0,244482000,244482000.0,1.765,2214258000.0,0.0,18130000.0,0.0,9.057,831295000.0
21,VRTX,MRQ,2016-03-31,2016-03-31,2016-03-31,2021-08-02,-4899000.0,2487906000.0,,1402835000.0,1085071000.0,,3.925,-11974000.0,702606000.0,702606000.0,50649000.0,-36102000.0,2.541,1.433,824494000.0,163543000.0,660951000.0,824494000.0,23195000.0,16415000.0,0.0,0.0,0.0,-15448000.0,967000.0,0.002,967000.0,-15448000.0,-36146000.0,-0.17,-0.17,-0.17,957079000.0,,957079000.0,19596461503.0,-70.0,-89.975,-27111000.0,-0.111,1.0,347431000.0,0.873,334724000.0,20698000.0,1723029000.0,,63200000.0,451511000.0,421373000.0,30138000.0,1371708000.0,552041000.0,819667000.0,19585696503.0,-110523000.0,0.0,8846000.0,-4144000.0,0.0,4702000.0,-102708000.0,-90814000.0,-15137000.0,2620000.0,-41631000.0,-41631000.0,-41631000.0,0.0,5529000.0,-0.105,361761000.0,-14330000.0,75221000.0,0.0,20.464,-49.043,-48.176,690521000.0,0.0,79.49,15.16,15.003,181878000.0,-5303415000.0,398080000.0,398080000.0,255860000.0,,,,,55472000.0,105214000.0,1.0,246391955.0,243831000,243831000.0,1.633,2153182000.0,0.0,5485000.0,0.0,8.831,850794000.0
22,VRTX,MRQ,2015-12-31,2015-12-31,2015-12-31,2021-08-02,1824000.0,2498587000.0,,1407153000.0,1091434000.0,,3.868,-12527000.0,815761000.0,815761000.0,63385000.0,-74669000.0,2.78,1.495,826238000.0,86841000.0,739397000.0,826238000.0,26010000.0,15747000.0,0.0,0.0,0.0,-54456000.0,-38709000.0,-0.093,-38709000.0,-54456000.0,-75110000.0,-0.31,-0.31,-0.31,939967000.0,,939967000.0,30885487097.0,-70.0,-81.405,16616000.0,0.068,1.0,354550000.0,0.848,334724000.0,20654000.0,1668173000.0,,57207000.0,357694000.0,327694000.0,30000000.0,1404959000.0,506167000.0,898792000.0,30918606097.0,-41482000.0,0.0,45903000.0,6737000.0,0.0,52640000.0,-122690000.0,-89216000.0,29143000.0,-575000.0,-73731000.0,-73731000.0,-73731000.0,0.0,-938000.0,-0.176,408254000.0,-53704000.0,74942000.0,0.0,32.893,-55.576,-54.472,697715000.0,0.0,125.83,29.95,29.413,173838000.0,-5261784000.0,417935000.0,417935000.0,310181000.0,,,,,44646000.0,96549000.0,1.0,245717286.0,243001000,243001000.0,1.72,2163863000.0,0.0,-1379000.0,0.0,8.905,900986000.0
23,VRTX,MRQ,2015-09-30,2015-09-30,2015-09-30,2021-08-02,1511000.0,2433993000.0,,1359452000.0,1074541000.0,,3.811,-8797000.0,854101000.0,854101000.0,31960000.0,-93816000.0,3.626,1.472,820982000.0,14153000.0,806829000.0,820982000.0,31501000.0,16168000.0,0.0,0.0,0.0,-72685000.0,-56517000.0,-0.182,-56517000.0,-72685000.0,-93819000.0,-0.39,-0.39,-0.39,922147000.0,,922147000.0,25321886582.0,-47.0,-52.997,-70870000.0,-0.293,1.0,277856000.0,0.897,334724000.0,21134000.0,1691191000.0,,49197000.0,249580000.0,249580000.0,0.0,1357261000.0,374959000.0,982302000.0,25478426582.0,-114293000.0,0.0,51839000.0,-2171000.0,0.0,49668000.0,-100935000.0,-91069000.0,-62073000.0,-953000.0,-95149000.0,-95149000.0,-95149000.0,0.0,1333000.0,-0.307,347882000.0,-70026000.0,78899000.0,0.0,27.629,-38.647,-38.007,706670000.0,0.0,104.14,33.57,33.202,165272000.0,-5188053000.0,309816000.0,309816000.0,246284000.0,,,,,65734000.0,99772000.0,1.0,244655527.0,241969000,241969000.0,1.28,2099269000.0,0.0,1330000.0,0.0,8.676,984493000.0
24,VRTX,MRQ,2015-06-30,2015-06-30,2015-06-30,2021-08-02,-1707000.0,2374073000.0,,1294689000.0,1079384000.0,,3.717,-13420000.0,981007000.0,981007000.0,16860000.0,-220992000.0,3.463,1.481,824467000.0,56794000.0,767673000.0,824467000.0,35949000.0,14065000.0,0.0,0.0,0.0,-137606000.0,-123541000.0,-0.744,-123541000.0,-137606000.0,-158717000.0,-0.78,-0.78,-0.78,894964000.0,,894964000.0,30245414460.0,-49.0,-54.934,-123686000.0,-0.514,1.0,149216000.0,0.898,334724000.0,21111000.0,1508986000.0,,42113000.0,145907000.0,145907000.0,0.0,1325857000.0,373823000.0,952034000.0,30098527460.0,205664000.0,-80000000.0,46234000.0,-10037000.0,0.0,36197000.0,278443000.0,372575000.0,-110266000.0,1290000.0,-188848000.0,-188848000.0,-188848000.0,0.0,-32144000.0,-1.137,320380000.0,-171164000.0,72703000.0,0.0,33.631,-40.997,-40.221,713378000.0,0.0,123.48,47.918,47.329,94519000.0,-5092904000.0,166076000.0,166076000.0,223858000.0,,,,,63261000.0,94394000.0,1.0,243752247.0,240757000,240757000.0,0.69,2039349000.0,0.0,30131000.0,0.0,8.471,920866000.0
25,VRTX,MRQ,2015-03-31,2015-03-31,2015-03-31,2021-08-02,791000.0,2165827000.0,,1358203000.0,807624000.0,,4.077,-10558000.0,687020000.0,687020000.0,12307000.0,-198704000.0,4.491,1.196,833907000.0,48199000.0,785708000.0,833907000.0,39918000.0,16363000.0,0.0,0.0,0.0,-177000000.0,-160637000.0,-1.16,-160637000.0,-177000000.0,-198307000.0,-0.83,-0.83,-0.83,976458000.0,,976458000.0,28758913645.0,-46.0,-51.728,-232794000.0,-0.972,1.0,126202000.0,0.911,68915000.0,21307000.0,1941361000.0,,34089000.0,516255000.0,516255000.0,0.0,1168290000.0,302438000.0,865852000.0,28559225645.0,39620000.0,0.0,41616000.0,8798000.0,0.0,50414000.0,214038000.0,223797000.0,-222236000.0,-2596000.0,-198606000.0,-198606000.0,-198606000.0,0.0,-98000.0,-1.434,298187000.0,-171985000.0,43524000.0,0.0,29.248,-40.527,-39.721,708616000.0,0.0,117.97,47.561,47.051,80332000.0,-4904056000.0,138509000.0,138509000.0,215599000.0,,,,,57384000.0,85860000.0,1.0,242088884.0,239493000,239493000.0,0.578,2096912000.0,0.0,299000.0,0.0,8.756,1055765000.0
26,VRTX,MRQ,2014-12-31,2014-12-31,2014-12-31,2021-08-02,917000.0,2334679000.0,,1546511000.0,788168000.0,,4.505,-14676000.0,633853000.0,633853000.0,14027000.0,-180846000.0,4.2,1.152,824947000.0,32012000.0,792935000.0,824947000.0,45276000.0,16336000.0,0.0,0.0,0.0,-153436000.0,-137100000.0,-0.948,-137100000.0,-153436000.0,-174613000.0,-0.74,-0.74,-0.74,1075006000.0,,1075006000.0,28683542909.0,-44.0,-48.169,-196459000.0,-0.823,1.0,130529000.0,0.903,68915000.0,21177000.0,2088604000.0,,30848000.0,761847000.0,761847000.0,0.0,1238496000.0,368254000.0,870242000.0,28573990909.0,-93304000.0,-10000000.0,73341000.0,40734000.0,0.0,108185000.0,-18011000.0,6817000.0,-181783000.0,-1695000.0,-176656000.0,-176656000.0,-176656000.0,209000.0,-4190000.0,-1.222,284154000.0,-153625000.0,71194000.0,0.0,26.58,-38.689,-37.834,715812000.0,0.0,118.8,49.23,48.163,75964000.0,-4705450000.0,144556000.0,144556000.0,201463000.0,,,,,40222000.0,78527000.0,1.0,240521809.0,238607000,238607000.0,0.606,2265764000.0,0.0,2043000.0,0.0,9.496,1178257000.0
27,VRTX,MRQ,2014-09-30,2014-09-30,2014-09-30,2021-08-02,1161000.0,2406086000.0,,1650096000.0,755990000.0,,4.895,-9298000.0,718684000.0,718684000.0,14184000.0,-170060000.0,4.434,1.082,828236000.0,18124000.0,810112000.0,828236000.0,55933000.0,16961000.0,0.0,0.0,0.0,-146257000.0,-129296000.0,-0.722,-129296000.0,-146257000.0,-166641000.0,-0.72,-0.72,-0.72,1155905000.0,,1155905000.0,26856277971.0,-60.0,-70.251,-96945000.0,-0.411,1.0,164803000.0,0.921,30992000.0,20384000.0,2112468000.0,,16753000.0,759174000.0,759174000.0,0.0,1250181000.0,372178000.0,878003000.0,26738936971.0,298005000.0,0.0,83327000.0,273906000.0,0.0,357233000.0,30545000.0,39407000.0,-87647000.0,-2126000.0,-170060000.0,-170060000.0,-170060000.0,64000.0,0.0,-0.95,307006000.0,-142203000.0,38472000.0,0.0,23.132,-51.658,-51.518,720878000.0,0.0,112.31,33.975,33.698,114308000.0,-4528794000.0,178987000.0,178987000.0,190939000.0,,,,,46136000.0,75224000.0,1.0,238081533.0,236137000,236137000.0,0.758,2375094000.0,0.0,3419000.0,0.0,10.058,1277918000.0
28,VRTX,MRQ,2014-06-30,2014-06-30,2014-06-30,2021-08-02,-23000.0,2117820000.0,,1347384000.0,770436000.0,,5.014,-11701000.0,420687000.0,420687000.0,17300000.0,-159382000.0,3.712,0.807,538028000.0,19707000.0,518321000.0,538028000.0,65279000.0,14172000.0,0.0,0.0,0.0,-143104000.0,-128932000.0,-0.931,-128932000.0,-143104000.0,-158689000.0,-0.68,-0.68,-0.68,1172269000.0,,1172269000.0,22479882827.0,-53.0,-61.591,-139621000.0,-0.597,1.0,121121000.0,0.875,30992000.0,15585000.0,1841196000.0,,11982000.0,798603000.0,798603000.0,0.0,945551000.0,362973000.0,582578000.0,22362879827.0,-3487000.0,0.0,57813000.0,-24408000.0,0.0,33405000.0,89882000.0,101635000.0,-127920000.0,1146000.0,-159382000.0,-159382000.0,-159382000.0,293000.0,0.0,-1.151,301663000.0,-180542000.0,55363000.0,0.0,19.077,-47.411,-47.34,730000000.0,0.0,94.68,26.952,26.68,81842000.0,-4358734000.0,138421000.0,138421000.0,224487000.0,,,,,42444000.0,77446000.0,1.0,236194337.0,233808000,233808000.0,0.592,2086828000.0,0.0,693000.0,0.0,8.925,984411000.0
29,VRTX,MRQ,2014-03-31,2014-03-31,2014-03-31,2021-08-02,-297000.0,2197108000.0,,1430330000.0,766778000.0,,5.285,-15526000.0,424175000.0,424175000.0,15476000.0,-232457000.0,3.83,0.785,541178000.0,18323000.0,522855000.0,541178000.0,72725000.0,15788000.0,0.0,0.0,0.0,-215937000.0,-200149000.0,-1.69,-200149000.0,-215937000.0,-231654000.0,-1.0,-1.0,-1.0,1230878000.0,,1230878000.0,16610946738.0,-50.0,-59.77,-191288000.0,-0.821,1.0,102975000.0,0.869,30992000.0,15717000.0,1909619000.0,,11261000.0,900155000.0,900155000.0,0.0,966230000.0,373500000.0,592730000.0,16673791738.0,-145254000.0,0.0,60134000.0,-17768000.0,0.0,50416000.0,-20407000.0,-4405000.0,-175762000.0,499000.0,-232457000.0,-232457000.0,-232457000.0,0.0,0.0,-1.962,319017000.0,-216042000.0,49571000.0,0.0,13.546,-45.129,-44.759,726204000.0,0.0,70.72,16.64,16.436,59858000.0,-4199352000.0,118451000.0,118451000.0,238617000.0,,,,,46580000.0,74212000.0,1.0,235771942.0,232887000,232887000.0,0.509,2166116000.0,0.0,803000.0,0.0,9.301,1056830000.0
30,VRTX,MRQ,2013-12-31,2013-12-31,2013-12-31,2021-08-02,-306000.0,2319041000.0,,1588576000.0,730465000.0,,5.863,-14471000.0,569299000.0,569299000.0,22264000.0,-198237000.0,3.993,0.71,506584000.0,16893000.0,489691000.0,506584000.0,70969000.0,17631000.0,0.0,0.0,0.0,58454000.0,76085000.0,0.217,76085000.0,58454000.0,45637000.0,0.22,0.22,0.22,1356405000.0,,1356405000.0,17180147515.0,-32.0,-34.626,5288000.0,0.023,1.0,328893000.0,0.937,30992000.0,12817000.0,1827505000.0,,14147000.0,895777000.0,895777000.0,0.0,962636000.0,397829000.0,564807000.0,17368135515.0,-13882000.0,0.0,23518000.0,61786000.0,0.0,84052000.0,-119810000.0,-48606000.0,19759000.0,2117000.0,44285000.0,44285000.0,44285000.0,-6611000.0,-242522000.0,0.126,339174000.0,-10281000.0,49327000.0,0.0,12.805,-39.027,-37.525,696911000.0,0.0,74.3,14.33,13.788,85517000.0,-3966895000.0,351157000.0,351157000.0,238461000.0,,,,,24626000.0,73055000.0,1.0,233756871.0,231332000,231332000.0,1.518,2288049000.0,0.0,1352000.0,0.0,9.891,1190747000.0
31,VRTX,MRQ,2013-09-30,2013-09-30,2013-09-30,2021-08-02,-550000.0,2582748000.0,,1648631000.0,934117000.0,,5.487,-18514000.0,634367000.0,634367000.0,27339000.0,-124132000.0,4.026,0.867,446379000.0,14429000.0,431950000.0,446379000.0,108361000.0,9489000.0,0.0,0.0,0.0,-121482000.0,-111993000.0,-0.505,-111993000.0,-121482000.0,-121577000.0,-0.54,-0.54,-0.54,1264888000.0,,1264888000.0,17460023662.0,-25.0,-26.119,-32234000.0,-0.14,1.0,194361000.0,0.877,281592000.0,95000.0,1703669000.0,,13537000.0,839469000.0,839469000.0,0.0,1096068000.0,409499000.0,686569000.0,17651828662.0,51934000.0,0.0,34488000.0,-21482000.0,0.0,13006000.0,49536000.0,68050000.0,-13720000.0,3112000.0,-124132000.0,-124132000.0,-124132000.0,2677000.0,0.0,-0.56,317917000.0,-123556000.0,51533000.0,0.0,13.955,-31.217,-29.388,648924000.0,0.0,75.82,14.774,14.627,120281000.0,-4011180000.0,221700000.0,221700000.0,219442000.0,,,,,31307000.0,86427000.0,1.0,232812301.0,230505000,230505000.0,0.962,2301156000.0,0.0,2555000.0,0.0,9.983,1239132000.0
32,VRTX,MRQ,2013-06-30,2013-06-30,2013-06-30,2021-08-02,-1230000.0,2584329000.0,,1716590000.0,867739000.0,,5.956,-1801000.0,589657000.0,589657000.0,37931000.0,-61712000.0,4.498,0.783,397852000.0,10664000.0,387188000.0,397852000.0,116966000.0,10554000.0,0.0,0.0,0.0,-52413000.0,-41859000.0,-0.135,-41859000.0,-52413000.0,-58964000.0,-0.26,-0.26,-0.26,1322453000.0,,1322453000.0,17991190172.0,-29.0,-30.802,-2728000.0,-0.012,1.0,272819000.0,0.878,281592000.0,6551000.0,1729280000.0,,19509000.0,899449000.0,899449000.0,0.0,1035666000.0,381652000.0,654014000.0,17725353172.0,152148000.0,0.0,186202000.0,-28714000.0,0.0,157488000.0,-4691000.0,-2890000.0,-927000.0,278000.0,-57165000.0,-57165000.0,-57165000.0,0.0,-4547000.0,-0.184,329752000.0,-56933000.0,48570000.0,0.0,13.403,-35.531,-34.658,581738000.0,0.0,80.06,13.54,13.58,164866000.0,-3887048000.0,310750000.0,310750000.0,222455000.0,,,,,44775000.0,106521000.0,1.0,221400864.0,222053000,222053000.0,1.399,2302737000.0,0.0,-1799000.0,0.0,10.37,1334938000.0
33,VRTX,MRQ,2013-03-31,2013-03-31,2013-03-31,2021-08-02,-1149000.0,2392234000.0,,1565783000.0,826451000.0,,3.464,-16607000.0,474041000.0,474041000.0,42743000.0,-312627000.0,3.841,1.897,739878000.0,8302000.0,731576000.0,739878000.0,125830000.0,10691000.0,0.0,0.0,0.0,-434864000.0,-424173000.0,-1.292,-424173000.0,-434864000.0,-438329000.0,-1.43,-1.43,-1.43,746115000.0,,746115000.0,12099412881.0,-20.0,-20.918,-82385000.0,-0.382,1.0,285625000.0,0.87,281592000.0,3465000.0,1968840000.0,,21532000.0,860255000.0,860255000.0,0.0,1415402000.0,407639000.0,1007763000.0,11993828881.0,-110308000.0,0.0,21670000.0,-27805000.0,0.0,-6135000.0,-37596000.0,-20989000.0,-65778000.0,-799000.0,-308016000.0,-308016000.0,-308016000.0,0.0,-4611000.0,-0.938,723913000.0,-438288000.0,59627000.0,0.0,16.075,-23.673,-23.292,504232000.0,0.0,54.97,8.466,8.359,194054000.0,-3829883000.0,328368000.0,328368000.0,218095000.0,,,,,33707000.0,92879000.0,1.0,218188628.0,215421000,215421000.0,1.524,2110642000.0,0.0,-130313000.0,0.0,9.798,1158144000.0
34,VRTX,MRQ,2012-12-31,2012-12-31,2012-12-31,2021-08-02,-550000.0,2759288000.0,,1589585000.0,1169703000.0,,4.655,-28046000.0,591324000.0,591324000.0,87715000.0,-78076000.0,3.674,1.526,696908000.0,13707000.0,683201000.0,696908000.0,123808000.0,12373000.0,0.0,0.0,0.0,-102833000.0,-90460000.0,-0.271,-90460000.0,-102833000.0,-117873000.0,-0.35,-0.35,-0.35,999180000.0,,999180000.0,9157004065.0,-99.0,-169.336,12513000.0,0.058,1.0,246279000.0,0.737,694492000.0,15040000.0,1737756000.0,,30464000.0,831808000.0,831808000.0,0.0,1524906000.0,432624000.0,1092282000.0,9085054065.0,52521000.0,0.0,16771000.0,-12808000.0,0.0,4837000.0,7156000.0,35031000.0,40559000.0,-31000.0,-76148000.0,-76148000.0,-76148000.0,0.0,-1928000.0,-0.228,279360000.0,-33081000.0,101292000.0,0.0,9.093,-84.882,-83.8,433609000.0,0.0,41.9,5.949,5.816,143250000.0,-3521867000.0,333994000.0,333994000.0,172829000.0,,,,,28953000.0,106337000.0,1.0,216827066.0,214625000,227889000.0,1.556,2064796000.0,0.0,-41725000.0,715000.0,9.62,1156961000.0
35,VRTX,MRQ,2012-09-30,2012-09-30,2012-09-30,2021-08-02,-416000.0,2718823000.0,,1634523000.0,1084300000.0,,4.808,-21396000.0,544006000.0,544006000.0,38536000.0,-26467000.0,4.019,1.415,615956000.0,0.0,615956000.0,615956000.0,130929000.0,8593000.0,0.0,0.0,0.0,-36188000.0,-27595000.0,-0.082,-27595000.0,-36188000.0,-36188000.0,-0.27,-0.27,-0.27,1027733000.0,,1027733000.0,12077596169.0,59.0,50.522,84565000.0,0.396,1.0,297470000.0,0.885,694492000.0,0.0,1689550000.0,,86275000.0,861656000.0,861656000.0,0.0,1454077000.0,406731000.0,1047346000.0,12061480169.0,-17175000.0,0.0,16947000.0,-8680000.0,0.0,8150000.0,-131228000.0,-109320000.0,105961000.0,-58000.0,-57543000.0,-57543000.0,-57543000.0,0.0,31076000.0,-0.171,298541000.0,-1071000.0,83732000.0,0.0,11.736,94.418,88.714,347249000.0,0.0,55.89,6.867,6.802,139629000.0,-3445719000.0,336006000.0,336006000.0,200161000.0,,,,,30300000.0,97684000.0,1.0,215807482.0,213767000,213767000.0,1.572,2024331000.0,0.0,21355000.0,3871000.0,9.47,1227792000.0
36,VRTX,MRQ,2012-06-30,2012-06-30,2012-06-30,2021-08-02,-673000.0,2604856000.0,,1593305000.0,1011551000.0,,4.91,-15543000.0,544175000.0,544175000.0,114423000.0,-34468000.0,4.196,1.312,560291000.0,0.0,560291000.0,560291000.0,137368000.0,8665000.0,0.0,0.0,0.0,-44868000.0,-36203000.0,-0.087,-36203000.0,-44868000.0,-44868000.0,-0.31,-0.31,-0.31,1037773000.0,,1037773000.0,11936688396.0,27.0,25.144,102862000.0,0.487,1.0,303882000.0,0.726,694492000.0,0.0,1546770000.0,,87805000.0,769273000.0,769273000.0,0.0,1361249000.0,379710000.0,981539000.0,11802539396.0,186138000.0,0.0,136705000.0,0.0,0.0,137692000.0,-70043000.0,-54231000.0,118405000.0,84000.0,-64931000.0,-64931000.0,-64931000.0,0.0,30463000.0,-0.155,314652000.0,-10770000.0,59352000.0,0.0,11.373,29.042,28.531,272561000.0,0.0,55.92,5.675,5.683,185618000.0,-3388176000.0,418305000.0,418305000.0,196544000.0,,,,,33569000.0,117514000.0,1.0,211061148.0,211344000,211344000.0,1.979,1910364000.0,0.0,20063000.0,201000.0,9.039,1213595000.0
37,VRTX,MRQ,2012-03-31,2012-03-31,2012-03-31,2021-08-02,-628000.0,2345843000.0,,1436114000.0,909729000.0,,4.473,-6155000.0,360030000.0,360030000.0,39211000.0,87876000.0,4.025,1.333,494179000.0,0.0,494179000.0,494179000.0,146680000.0,8560000.0,0.0,0.0,0.0,91622000.0,100182000.0,0.228,100182000.0,91622000.0,91622000.0,0.44,0.43,0.44,930498000.0,,930498000.0,8520541073.0,25.0,22.602,-3239000.0,-0.016,1.0,399526000.0,0.911,694492000.0,0.0,1428685000.0,,129595000.0,712944000.0,712944000.0,0.0,1240266000.0,356815000.0,883451000.0,8625879073.0,-207397000.0,0.0,21298000.0,0.0,0.0,21525000.0,-231702000.0,-225331000.0,2916000.0,-136000.0,91590000.0,91590000.0,91590000.0,0.0,-3714000.0,0.209,307877000.0,91649000.0,73226000.0,0.0,9.27,29.018,28.88,170331000.0,0.0,41.01,4.858,4.804,232228000.0,-3323245000.0,438737000.0,438737000.0,196371000.0,,,,,29753000.0,111146000.0,1.0,210335993.0,208018000,219264000.0,2.109,1651351000.0,0.0,32000.0,201000.0,7.939,1079299000.0
38,VRTX,MRQ,2011-12-31,2011-12-31,2011-12-31,2021-08-02,-1053000.0,2204280000.0,,1331254000.0,873026000.0,,3.805,-9329000.0,561288000.0,561288000.0,30127000.0,188141000.0,3.393,1.574,455950000.0,0.0,455950000.0,455950000.0,163132000.0,9724000.0,0.0,0.0,0.0,192948000.0,202672000.0,0.36,202672000.0,192948000.0,181289000.0,0.77,0.77,0.77,786843000.0,,786843000.0,6823129303.0,79.0,56.129,494334000.0,2.391,1.0,533213000.0,0.947,694492000.0,11659000.0,1012102000.0,,112430000.0,493602000.0,493602000.0,0.0,1238768000.0,392348000.0,846420000.0,6926483303.0,-67225000.0,0.0,16120000.0,-105000000.0,0.0,-182980000.0,-387776000.0,-378838000.0,503663000.0,-132000.0,158629000.0,158629000.0,158629000.0,0.0,29512000.0,0.282,309311000.0,223902000.0,74642000.0,0.0,8.803,234.209,237.214,133176000.0,0.0,33.21,4.91,4.824,183135000.0,-3414835000.0,563340000.0,563340000.0,186438000.0,,,,,30283000.0,121881000.0,1.0,208566194.0,206778000,222442000.0,2.724,1509788000.0,0.0,22660000.0,12075000.0,7.301,938906000.0
39,VRTX,MRQ,2011-09-30,2011-09-30,2011-09-30,2021-08-02,-945000.0,2091998000.0,,1245825000.0,846173000.0,,2.814,-9985000.0,627244000.0,627244000.0,38406000.0,228452000.0,2.269,2.348,523890000.0,98416000.0,425474000.0,523890000.0,181916000.0,7750000.0,0.0,0.0,0.0,200327000.0,208077000.0,0.316,208077000.0,200327000.0,193268000.0,1.06,1.02,1.06,579762000.0,,579762000.0,9202025990.0,-33.0,-37.466,32910000.0,0.16,1.0,620794000.0,0.942,697001000.0,7059000.0,742694000.0,,67654000.0,116140000.0,116140000.0,0.0,1361152000.0,548949000.0,812203000.0,9251587990.0,84350000.0,0.0,20069000.0,0.0,0.0,20069000.0,21446000.0,31631000.0,42895000.0,-60000.0,221110000.0,221110000.0,221110000.0,0.0,7342000.0,0.335,405087000.0,215707000.0,49248000.0,0.0,15.958,-29.897,-28.5,101268000.0,0.0,44.46,10.135,10.034,445661000.0,-3573464000.0,659200000.0,659200000.0,189052000.0,,,,,31402000.0,110654000.0,1.0,208087899.0,206002000,219349000.0,3.2,1394997000.0,0.0,-27842000.0,9755000.0,6.772,696876000.0
40,VRTX,MRQ,2011-06-30,2011-06-30,2011-06-30,2021-08-02,-707000.0,1763100000.0,,827124000.0,935976000.0,,1.505,-10431000.0,555407000.0,555407000.0,9306000.0,-199318000.0,1.727,4.272,505845000.0,94664000.0,411181000.0,505845000.0,199054000.0,8709000.0,0.0,0.0,0.0,-142659000.0,-133950000.0,-1.171,-133950000.0,-142659000.0,-149621000.0,-0.85,-0.85,-0.85,307549000.0,,307549000.0,10721280910.0,-16.0,-16.445,-226626000.0,-1.109,1.0,105118000.0,0.919,802801000.0,6962000.0,431769000.0,,52622000.0,135296000.0,135296000.0,0.0,1313920000.0,478968000.0,834952000.0,10709827910.0,11659000.0,-60000000.0,55030000.0,0.0,0.0,55030000.0,172790000.0,243031000.0,-216195000.0,34000.0,-174069000.0,-174069000.0,-174069000.0,0.0,-25249000.0,-1.521,271008000.0,-165890000.0,67275000.0,0.0,34.823,-14.482,-14.205,84203000.0,0.0,51.99,38.607,38.31,96016000.0,-3794574000.0,114424000.0,114424000.0,173604000.0,,,,,34602000.0,96663000.0,1.0,205997844.0,204413000,204413000.0,0.56,960299000.0,0.0,24448000.0,275660000.0,4.698,348156000.0
41,VRTX,MRQ,2011-03-31,2011-03-31,2011-03-31,2021-08-02,-633000.0,1538487000.0,,872974000.0,665513000.0,,1.936,-4850000.0,480647000.0,480647000.0,2666000.0,-176096000.0,2.098,2.928,492100000.0,92100000.0,400000000.0,492100000.0,218609000.0,8858000.0,0.0,0.0,0.0,-164095000.0,-155237000.0,-2.107,-155237000.0,-164095000.0,-176096000.0,-0.87,-0.87,-0.87,391672000.0,,391672000.0,10057205286.0,-14.0,-14.237,-191478000.0,-0.946,1.0,70996000.0,0.964,544802000.0,12001000.0,588943000.0,,17816000.0,376916000.0,376916000.0,0.0,1146815000.0,416195000.0,730620000.0,9797501286.0,203339000.0,0.0,33643000.0,-50000000.0,0.0,-16357000.0,405952000.0,411366000.0,-186628000.0,372000.0,-176096000.0,-176096000.0,-176096000.0,0.0,0.0,-2.391,230895000.0,-159899000.0,34881000.0,0.0,25.015,-12.8,-12.58,70877000.0,0.0,47.93,50.346,49.833,5594000.0,-3620505000.0,73662000.0,73662000.0,158612000.0,,,,,29564000.0,71523000.0,1.0,204412712.0,202329000,202329000.0,0.364,993685000.0,0.0,0.0,0.0,4.911,456779000.0
42,VRTX,MRQ,2010-12-31,2010-12-31,2010-12-31,2021-08-02,-1067000.0,1725446000.0,,1057039000.0,668407000.0,,2.503,-14428000.0,277287000.0,277287000.0,3049000.0,-180392000.0,2.226,2.424,536991000.0,136991000.0,400000000.0,536991000.0,234668000.0,8205000.0,0.0,0.0,0.0,-172706000.0,-164501000.0,-2.511,-164501000.0,-172706000.0,-180392000.0,-0.9,-0.9,-0.9,503973000.0,,503973000.0,7046407597.0,-10.0,-9.996,-180531000.0,-0.897,1.0,62475000.0,0.953,544802000.0,7686000.0,965565000.0,,0.0,788214000.0,788214000.0,0.0,1221473000.0,474783000.0,746690000.0,7117893597.0,-326704000.0,0.0,9447000.0,0.0,0.0,9447000.0,-169695000.0,-155174000.0,-166103000.0,-353000.0,-180392000.0,-180392000.0,-180392000.0,0.0,0.0,-2.753,229109000.0,-166634000.0,35851000.0,0.0,14.124,-9.432,-9.292,72333000.0,0.0,35.03,49.647,48.965,12529000.0,-3444409000.0,65524000.0,65524000.0,168888000.0,,,,,25212000.0,62478000.0,1.0,203194222.0,201368000,201368000.0,0.325,1180644000.0,0.0,0.0,0.0,5.863,582256000.0
43,VRTX,MRQ,2010-09-30,2010-09-30,2010-09-30,2021-08-02,-677000.0,1888829000.0,,1226439000.0,662390000.0,,3.236,-10830000.0,603991000.0,603991000.0,3228000.0,-208957000.0,3.936,1.905,532505000.0,45280000.0,487225000.0,532505000.0,276939000.0,6758000.0,0.0,0.0,0.0,-205006000.0,-198248000.0,-8.331,-198248000.0,-205006000.0,-208957000.0,-1.04,-1.04,-1.04,650096000.0,,650096000.0,6772373827.0,-9.0,-9.871,-174820000.0,-0.87,1.0,20567000.0,0.864,544802000.0,3951000.0,960974000.0,,0.0,633110000.0,633110000.0,0.0,1238733000.0,311567000.0,927166000.0,7011888827.0,232293000.0,0.0,6850000.0,391645000.0,0.0,398495000.0,-2414000.0,8372000.0,-163990000.0,202000.0,-208957000.0,-208957000.0,-208957000.0,0.0,0.0,-8.782,220155000.0,-199588000.0,24644000.0,0.0,10.786,-9.568,-9.293,65439000.0,0.0,34.57,62.755,62.153,4964000.0,-3264017000.0,23795000.0,23795000.0,170434000.0,,,,,25185000.0,48855000.0,1.0,202831612.0,200887000,200887000.0,0.118,1344027000.0,0.0,0.0,0.0,6.69,914872000.0
44,VRTX,MRQ,2010-06-30,2010-06-30,2010-06-30,2021-08-02,-558000.0,1654202000.0,,1004555000.0,649647000.0,,4.127,-9686000.0,371698000.0,371698000.0,3086000.0,-200006000.0,3.436,1.0,132183000.0,45776000.0,86407000.0,132183000.0,273496000.0,7912000.0,0.0,0.0,0.0,-196323000.0,-188411000.0,-5.958,-188411000.0,-196323000.0,-200006000.0,-1.0,-1.0,-1.0,827135000.0,,827135000.0,6350931805.0,-10.0,-10.102,-118573000.0,-0.592,1.0,28536000.0,0.902,544802000.0,3683000.0,577509000.0,,0.0,641537000.0,641537000.0,0.0,827067000.0,292376000.0,534691000.0,6652475805.0,-58939000.0,0.0,9473000.0,0.0,0.0,9473000.0,40648000.0,50860000.0,-108887000.0,-173000.0,-200006000.0,-200006000.0,-200006000.0,0.0,0.0,-6.325,198109000.0,-169573000.0,46495000.0,0.0,8.043,-9.878,-9.347,60438000.0,0.0,32.9,58.925,58.399,3548000.0,-3055060000.0,31622000.0,31622000.0,155082000.0,,,,,26534000.0,40915000.0,1.0,202202912.0,200397000,200397000.0,0.158,1109400000.0,0.0,0.0,0.0,5.536,712179000.0
45,VRTX,MRQ,2010-03-31,2010-03-31,2010-03-31,2021-08-02,-1080000.0,1770302000.0,,1126768000.0,643534000.0,,4.98,-3110000.0,426860000.0,426860000.0,3367000.0,-165271000.0,5.327,0.787,125316000.0,0.0,125316000.0,125316000.0,285063000.0,7584000.0,0.0,0.0,0.0,-161316000.0,-153732000.0,-6.854,-153732000.0,-161316000.0,-165271000.0,-0.83,-0.83,-0.83,990612000.0,,990612000.0,7874422795.0,-12.0,-13.114,-199572000.0,-1.003,1.0,19062000.0,0.85,544802000.0,3955000.0,712416000.0,,0.0,696136000.0,696136000.0,0.0,779690000.0,211540000.0,568150000.0,8197557795.0,-50111000.0,0.0,7664000.0,0.0,0.0,7642000.0,138762000.0,142252000.0,-196462000.0,-53000.0,-165271000.0,-165271000.0,-165271000.0,0.0,0.0,-7.369,179344000.0,-160282000.0,29121000.0,0.0,8.275,-12.714,-11.644,58109000.0,0.0,40.87,81.699,81.03,7876000.0,-2855054000.0,22429000.0,22429000.0,143012000.0,,,,,20745000.0,35552000.0,1.0,200576408.0,198935000,198935000.0,0.113,1225500000.0,0.0,0.0,0.0,6.16,915228000.0
46,VRTX,MRQ,2009-12-31,2009-12-31,2009-12-31,2021-08-02,-640000.0,1955488000.0,,1307026000.0,648462000.0,,5.906,-7578000.0,476971000.0,476971000.0,3647000.0,-158644000.0,4.588,0.784,153836000.0,32071000.0,121765000.0,153836000.0,300531000.0,8383000.0,0.0,0.0,0.0,-154082000.0,-145699000.0,-4.299,-145699000.0,-154082000.0,-158644000.0,-0.85,-0.85,-0.85,1096346000.0,,1096346000.0,7437380615.0,-12.0,-12.419,-109905000.0,-0.592,1.0,30242000.0,0.892,544802000.0,4562000.0,802668000.0,,0.0,838255000.0,838255000.0,0.0,859142000.0,284883000.0,574259000.0,7763986615.0,-112475000.0,0.0,511025000.0,27685000.0,0.0,538664000.0,-547777000.0,-540966000.0,-102327000.0,-1035000.0,-158644000.0,-158644000.0,-158644000.0,0.0,0.0,-4.681,176961000.0,-146719000.0,36989000.0,0.0,7.082,-12.09,-11.55,62279000.0,0.0,42.85,76.2,72.865,9601000.0,-2689783000.0,33889000.0,33889000.0,135230000.0,,,,,19185000.0,32574000.0,1.0,181189886.0,185625000,185625000.0,0.183,1410686000.0,0.0,0.0,0.0,7.6,1022143000.0
47,VRTX,MRQ,2009-09-30,2009-09-30,2009-09-30,2021-08-02,-115000.0,1573491000.0,,914066000.0,659425000.0,,3.406,-4753000.0,589446000.0,589446000.0,3712000.0,-149565000.0,3.951,1.585,262840000.0,0.0,262840000.0,262840000.0,319536000.0,6815000.0,0.0,0.0,0.0,-147638000.0,-140823000.0,-5.643,-140823000.0,-147638000.0,-149565000.0,-0.84,-0.84,-0.84,608744000.0,,608744000.0,6551775354.0,-11.0,-11.238,-26388000.0,-0.148,1.0,21245000.0,0.851,552002000.0,1927000.0,463517000.0,,0.0,297477000.0,297477000.0,0.0,964747000.0,231366000.0,733381000.0,6846982354.0,150184000.0,0.0,8376000.0,122217000.0,0.0,130593000.0,42525000.0,47731000.0,-21635000.0,-1299000.0,-149565000.0,-149565000.0,-149565000.0,0.0,0.0,-5.993,169478000.0,-148233000.0,19962000.0,0.0,11.248,-10.94,-9.87,62444000.0,0.0,37.9,67.919,67.196,42956000.0,-2531139000.0,24957000.0,24957000.0,132132000.0,,,,,21408000.0,36572000.0,1.0,180659165.0,178735000,178735000.0,0.14,1021489000.0,0.0,0.0,0.0,5.715,682700000.0
48,VRTX,MRQ,2009-06-30,2009-06-30,2009-06-30,2021-08-02,418000.0,1439876000.0,,782756000.0,657120000.0,,4.225,-4586000.0,439207000.0,439207000.0,3267000.0,-171297000.0,4.262,0.975,144000000.0,0.0,144000000.0,144000000.0,230762000.0,7745000.0,0.0,0.0,0.0,-167972000.0,-160227000.0,-8.405,-160227000.0,-167972000.0,-171297000.0,-0.99,-0.99,-0.99,729057000.0,,729057000.0,5882354034.0,-10.0,-10.495,-122651000.0,-0.711,1.0,15797000.0,0.829,552783000.0,3325000.0,408206000.0,,0.0,345415000.0,345415000.0,0.0,710819000.0,183680000.0,527139000.0,6227311034.0,-193250000.0,0.0,11166000.0,0.0,0.0,11081000.0,-83657000.0,-79264000.0,-118065000.0,-2609000.0,-171297000.0,-171297000.0,-171297000.0,0.0,0.0,-8.985,172964000.0,-157167000.0,27494000.0,0.0,8.542,-10.27,-9.153,64358000.0,0.0,35.97,57.948,57.76,14762000.0,-2381574000.0,19064000.0,19064000.0,139331000.0,,,,,28726000.0,32526000.0,1.0,173125133.0,172563000,172563000.0,0.11,887093000.0,0.0,0.0,0.0,5.141,599076000.0
49,VRTX,MRQ,2009-03-31,2009-03-31,2009-03-31,2021-08-02,1143000.0,1565883000.0,,902173000.0,663710000.0,,4.535,-6579000.0,632457000.0,632457000.0,3576000.0,-162672000.0,5.032,1.215,287500000.0,0.0,287500000.0,287500000.0,239162000.0,7164000.0,0.0,0.0,0.0,-159294000.0,-152130000.0,-6.344,-152130000.0,-159294000.0,-162672000.0,-1.04,-1.04,-1.04,706851000.0,,706851000.0,4240539437.0,-8.0,-8.842,-192138000.0,-1.233,1.0,20403000.0,0.851,552783000.0,3378000.0,488844000.0,,0.0,266987000.0,266987000.0,0.0,859032000.0,179299000.0,679733000.0,4372412437.0,213084000.0,-87422000.0,318668000.0,0.0,0.0,318668000.0,80177000.0,174006000.0,-185559000.0,-202000.0,-162672000.0,-162672000.0,-162672000.0,0.0,0.0,-6.784,182296000.0,-161893000.0,22700000.0,0.0,6.186,-8.307,-7.981,66601000.0,0.0,28.73,27.707,28.375,16702000.0,-2210277000.0,23979000.0,23979000.0,143581000.0,,,,,23447000.0,28520000.0,1.0,152189782.0,155860000,155860000.0,0.154,1013100000.0,0.0,0.0,0.0,6.5,722874000.0
50,VRTX,MRQ,2008-12-31,2008-12-31,2008-12-31,2021-08-02,3168000.0,980479000.0,,867581000.0,112898000.0,,1.605,-6612000.0,419373000.0,419373000.0,4215000.0,-142332000.0,4.006,3.105,287500000.0,0.0,287500000.0,287500000.0,247474000.0,8575000.0,0.0,0.0,0.0,-138420000.0,-129845000.0,-3.957,-129845000.0,-138420000.0,-142332000.0,-0.97,-0.97,-0.97,238874000.0,,238874000.0,4285528943.0,-10.0,-10.347,-103837000.0,-0.698,1.0,28596000.0,0.872,0.0,3912000.0,632042000.0,,0.0,442986000.0,442986000.0,0.0,741605000.0,216564000.0,525041000.0,4571162943.0,-153761000.0,0.0,13715000.0,0.0,0.0,13715000.0,-70515000.0,-63568000.0,-97225000.0,264000.0,-142332000.0,-142332000.0,-142332000.0,0.0,0.0,-4.338,170459000.0,-141863000.0,51760000.0,0.0,19.136,-9.941,-9.291,68331000.0,0.0,30.38,26.046,24.33,23489000.0,-2047605000.0,32811000.0,32811000.0,139338000.0,,,,,15105000.0,29480000.0,1.0,150466193.0,148860000,148860000.0,0.22,980479000.0,0.0,0.0,0.0,6.587,651017000.0
51,VRTX,MRQ,2008-09-30,2008-09-30,2008-09-30,2021-08-02,675000.0,1067554000.0,,953018000.0,114536000.0,,2.497,-10506000.0,573134000.0,573134000.0,4194000.0,-130044000.0,5.281,2.051,287500000.0,0.0,287500000.0,287500000.0,258228000.0,7953000.0,0.0,0.0,0.0,-126232000.0,-118279000.0,-3.742,-118279000.0,-126232000.0,-130044000.0,-0.93,-0.93,-0.93,349893000.0,,349893000.0,4412050680.0,-11.0,-12.167,-137986000.0,-0.985,1.0,27415000.0,0.867,0.0,3812000.0,601457000.0,,0.0,377191000.0,377191000.0,0.0,717661000.0,180463000.0,537198000.0,4704440680.0,-6756000.0,0.0,224355000.0,607000.0,0.0,224962000.0,-103857000.0,-93936000.0,-127480000.0,-381000.0,-130044000.0,-130044000.0,-130044000.0,0.0,0.0,-4.114,158043000.0,-130628000.0,31465000.0,0.0,13.445,-11.666,-11.23,69713000.0,0.0,33.24,24.289,24.045,21966000.0,-1905273000.0,31609000.0,31609000.0,131728000.0,,,,,15629000.0,25430000.0,1.0,141529503.0,140109000,140109000.0,0.226,1067554000.0,0.0,0.0,0.0,7.619,772555000.0
52,VRTX,MRQ,2008-06-30,2008-06-30,2008-06-30,2021-08-02,647000.0,970805000.0,,857628000.0,113177000.0,,1.73,-9568000.0,579890000.0,579890000.0,3701000.0,-91321000.0,4.689,3.046,287500000.0,0.0,287500000.0,287500000.0,267581000.0,8170000.0,0.0,0.0,0.0,-87488000.0,-79318000.0,-1.143,-79318000.0,-87488000.0,-91321000.0,-0.66,-0.66,-0.66,239925000.0,,239925000.0,4491392149.0,-12.0,-13.054,94190000.0,0.679,1.0,65708000.0,0.947,0.0,3833000.0,495521000.0,,0.0,282430000.0,282430000.0,0.0,730880000.0,182894000.0,547986000.0,4704849149.0,58936000.0,0.0,10079000.0,-19997000.0,0.0,-9918000.0,-34874000.0,-24730000.0,103758000.0,-30000.0,-91321000.0,-91321000.0,-91321000.0,0.0,0.0,-1.316,157189000.0,-91481000.0,36345000.0,0.0,19.61,-12.373,-11.744,66630000.0,0.0,33.47,23.166,22.862,15365000.0,-1775229000.0,69409000.0,69409000.0,129573000.0,,,,,18261000.0,26448000.0,1.0,140569141.0,138725000,138725000.0,0.5,970805000.0,0.0,0.0,0.0,6.998,674734000.0
53,VRTX,MRQ,2008-03-31,2008-03-31,2008-03-31,2021-08-02,1993000.0,889505000.0,,783938000.0,105567000.0,,2.263,-5494000.0,520954000.0,520954000.0,3576000.0,-96154000.0,4.523,1.924,307497000.0,19997000.0,287500000.0,307497000.0,119248000.0,7498000.0,0.0,0.0,0.0,-94240000.0,-86742000.0,-2.081,-86742000.0,-94240000.0,-96154000.0,-0.72,-0.72,-0.72,304255000.0,,304255000.0,2810598693.0,-7.0,-7.493,-111029000.0,-0.826,1.0,38099000.0,0.914,0.0,1914000.0,502725000.0,,0.0,258947000.0,258947000.0,0.0,585250000.0,173323000.0,411927000.0,3176522693.0,135033000.0,0.0,113979000.0,278000000.0,0.0,391979000.0,-151404000.0,-145540000.0,-105535000.0,-7000.0,-96154000.0,-96154000.0,-96154000.0,0.0,0.0,-2.307,136835000.0,-98736000.0,31281000.0,0.0,10.44,-7.81,-7.706,64712000.0,0.0,23.89,18.481,18.691,24825000.0,-1683908000.0,41675000.0,41675000.0,116273000.0,,,,,14017000.0,19932000.0,1.0,132964533.0,134471000,134471000.0,0.31,889505000.0,0.0,0.0,0.0,6.615,610615000.0
54,VRTX,MRQ,2007-12-31,2007-12-31,2007-12-31,2021-08-02,881000.0,601477000.0,,496851000.0,104626000.0,,2.074,-5199000.0,385921000.0,385921000.0,3672000.0,-85751000.0,2.493,1.217,19997000.0,19997000.0,0.0,19997000.0,126745000.0,7451000.0,0.0,0.0,0.0,-85751000.0,-78300000.0,-1.536,-78300000.0,-85751000.0,-85751000.0,-0.65,-0.65,-0.65,271295000.0,,271295000.0,2809037360.0,-7.0,-7.77,-57891000.0,-0.443,1.0,47320000.0,0.928,0.0,0.0,36274000.0,,0.0,112133000.0,105208000.0,6925000.0,330182000.0,199279000.0,130903000.0,3073277360.0,101684000.0,0.0,10727000.0,0.0,0.0,10727000.0,143735000.0,149059000.0,-52692000.0,-86000.0,-85751000.0,-85751000.0,-85751000.0,0.0,0.0,-1.682,139068000.0,-91748000.0,32750000.0,0.0,11.328,-7.854,-7.667,66509000.0,0.0,23.23,15.443,15.056,31320000.0,-1587754000.0,50992000.0,50992000.0,121513000.0,,,,,13711000.0,17279000.0,1.0,132297777.0,130810000,130810000.0,0.39,601477000.0,0.0,0.0,0.0,4.598,297572000.0
55,VRTX,MRQ,2007-09-30,2007-09-30,2007-09-30,2021-08-02,309000.0,655148000.0,,543279000.0,111869000.0,,2.554,-7929000.0,284237000.0,284237000.0,3562000.0,-107033000.0,2.925,0.973,19997000.0,19997000.0,0.0,19997000.0,130885000.0,6835000.0,0.0,0.0,0.0,-106539000.0,-99704000.0,-2.431,-99704000.0,-106539000.0,-107033000.0,-0.82,-0.82,-0.82,332035000.0,,332035000.0,4924166064.0,-15.0,-16.293,-71570000.0,-0.551,1.0,37452000.0,0.913,0.0,494000.0,205200000.0,,0.0,260473000.0,248571000.0,11902000.0,323113000.0,185708000.0,137405000.0,5061043064.0,85261000.0,0.0,9705000.0,-42102000.0,0.0,-32397000.0,181261000.0,188917000.0,-63641000.0,38000.0,-107033000.0,-107033000.0,-107033000.0,0.0,0.0,-2.61,151247000.0,-113795000.0,25757000.0,0.0,15.242,-15.204,-15.004,68900000.0,0.0,38.41,20.89,20.611,34658000.0,-1502003000.0,41014000.0,41014000.0,128949000.0,,,,,13868000.0,21416000.0,1.0,131763683.0,130006000,130006000.0,0.315,655148000.0,0.0,0.0,0.0,5.039,357571000.0
56,VRTX,MRQ,2007-06-30,2007-06-30,2007-06-30,2021-08-02,-595000.0,761070000.0,,637657000.0,123413000.0,,3.207,-13154000.0,198976000.0,198976000.0,3401000.0,-117767000.0,3.143,0.836,62099000.0,62099000.0,0.0,62099000.0,136956000.0,6852000.0,0.0,0.0,0.0,-117197000.0,-110345000.0,-2.889,-110345000.0,-117197000.0,-117767000.0,-0.91,-0.91,-0.91,414585000.0,,414585000.0,3418570121.0,-13.0,-13.861,-81489000.0,-0.63,1.0,34795000.0,0.911,0.0,570000.0,421291000.0,,0.0,448513000.0,424249000.0,24264000.0,346485000.0,202902000.0,143583000.0,3741057121.0,-185610000.0,0.0,8140000.0,0.0,0.0,8136000.0,-125495000.0,-112725000.0,-68335000.0,84000.0,-117767000.0,-117767000.0,-117767000.0,0.0,0.0,-3.083,160415000.0,-125620000.0,17754000.0,0.0,9.024,-13.474,-12.982,67771000.0,0.0,28.56,14.697,14.504,37189000.0,-1394970000.0,38196000.0,38196000.0,136187000.0,,,,,23002000.0,23322000.0,1.0,130989395.0,129269000,129269000.0,0.295,761070000.0,0.0,0.0,0.0,5.887,434755000.0
57,VRTX,MRQ,2007-03-31,2007-03-31,2007-03-31,2021-08-02,-506000.0,835095000.0,,706540000.0,128555000.0,,3.986,-6133000.0,384586000.0,384586000.0,3269000.0,-80728000.0,4.047,0.666,62099000.0,42102000.0,19997000.0,62099000.0,141712000.0,6321000.0,0.0,0.0,0.0,-79507000.0,-73186000.0,-1.064,-73186000.0,-79507000.0,-80728000.0,-0.64,-0.64,-0.64,501299000.0,,501299000.0,3429596786.0,-15.0,-16.748,-73941000.0,-0.588,1.0,65541000.0,0.952,0.0,1221000.0,338020000.0,,0.0,336138000.0,300812000.0,35326000.0,333796000.0,174588000.0,159208000.0,3551278786.0,141157000.0,0.0,3393000.0,0.0,0.0,3344000.0,205665000.0,212899000.0,-67808000.0,-44000.0,-80728000.0,-80728000.0,-80728000.0,0.0,0.0,-1.173,154170000.0,-88629000.0,9141000.0,0.0,7.084,-14.951,-13.95,61423000.0,0.0,28.04,14.431,14.33,44099000.0,-1277203000.0,68810000.0,68810000.0,132578000.0,,,,,13166000.0,16537000.0,1.0,126650456.0,125756000,125756000.0,0.547,835095000.0,0.0,0.0,0.0,6.641,531952000.0
58,VRTX,MRQ,2006-12-31,2006-12-31,2006-12-31,2021-08-02,-962000.0,921579000.0,,771406000.0,150173000.0,,4.078,-7188000.0,243429000.0,243429000.0,3177000.0,-27344000.0,3.073,0.822,121747000.0,101750000.0,19997000.0,121747000.0,150184000.0,6875000.0,0.0,0.0,0.0,-25870000.0,-18995000.0,-0.202,-18995000.0,-25870000.0,-27344000.0,-0.19,-0.19,-0.19,505935000.0,,505935000.0,4300531549.0,-22.0,-24.849,-11475000.0,-0.092,1.0,91077000.0,0.966,0.0,1474000.0,548883000.0,,0.0,548581000.0,491455000.0,57126000.0,415644000.0,251014000.0,164630000.0,4699607549.0,-270260000.0,0.0,14302000.0,0.0,0.0,14302000.0,-280301000.0,-280199000.0,-4287000.0,26000.0,-27344000.0,-27344000.0,-27344000.0,0.0,0.0,-0.29,126010000.0,-34933000.0,15368000.0,0.0,9.289,-22.715,-20.448,61535000.0,0.0,37.42,21.722,19.582,62923000.0,-1196475000.0,94254000.0,94254000.0,116661000.0,,,,,10925000.0,8323000.0,1.0,125590795.0,124060000,124060000.0,0.76,921579000.0,0.0,0.0,0.0,7.428,520392000.0
59,VRTX,MRQ,2006-09-30,2006-09-30,2006-09-30,2021-08-02,-1245000.0,902111000.0,,742700000.0,159411000.0,,4.501,-6997000.0,520823000.0,520823000.0,3113000.0,-51802000.0,4.6,0.777,121747000.0,42102000.0,79645000.0,121747000.0,161959000.0,5934000.0,0.0,0.0,0.0,-50035000.0,-44101000.0,-0.828,-44101000.0,-50035000.0,-51802000.0,-0.46,-0.46,-0.46,507769000.0,,507769000.0,3859299836.0,-19.0,-21.232,94505000.0,0.838,1.0,50176000.0,0.942,0.0,1767000.0,341580000.0,,0.0,268917000.0,211324000.0,57593000.0,394342000.0,161455000.0,232887000.0,3762119836.0,442001000.0,0.0,319806000.0,0.0,0.0,319854000.0,20712000.0,22826000.0,101502000.0,-67000.0,-51802000.0,-51802000.0,-51802000.0,0.0,0.0,-0.972,112303000.0,-62127000.0,7144000.0,0.0,7.409,-17.283,-16.825,61135000.0,0.0,33.65,20.242,20.423,42614000.0,-1169131000.0,53289000.0,53289000.0,96115000.0,,,,,9988000.0,14773000.0,1.0,111801481.0,112803000,112803000.0,0.472,902111000.0,0.0,0.0,0.0,7.997,581245000.0
60,VRTX,MRQ,2006-06-30,2006-06-30,2006-06-30,2021-08-02,8252000.0,625478000.0,,452589000.0,172889000.0,,1.613,-10779000.0,82912000.0,82912000.0,2885000.0,-77658000.0,4.162,2.574,180092000.0,0.0,180092000.0,180092000.0,176170000.0,6809000.0,0.0,0.0,0.0,-75301000.0,-68492000.0,-2.304,-68492000.0,-75301000.0,-77658000.0,-0.72,-0.72,-0.72,174996000.0,,174996000.0,4101012146.0,-18.0,-19.935,-69761000.0,-0.643,1.0,26841000.0,0.903,0.0,2357000.0,613923000.0,,0.0,289283000.0,220911000.0,68372000.0,450482000.0,108735000.0,341747000.0,4044224146.0,-40397000.0,0.0,9606000.0,0.0,0.0,9549000.0,8830000.0,19663000.0,-58982000.0,206000.0,-77658000.0,-77658000.0,-77658000.0,0.0,0.0,-2.612,106063000.0,-79222000.0,8277000.0,0.0,23.11,-16.477,-15.424,59971000.0,0.0,36.71,23.962,23.605,183668000.0,-1117329000.0,29726000.0,29726000.0,91250000.0,,,,,12774000.0,14370000.0,1.0,110166825.0,108523000,108523000.0,0.274,625478000.0,0.0,0.0,0.0,5.764,343854000.0
61,VRTX,MRQ,2006-03-31,2006-03-31,2006-03-31,2021-08-02,10895000.0,524658000.0,,370048000.0,154610000.0,,2.168,-7453000.0,123309000.0,123309000.0,2995000.0,-50087000.0,4.499,1.253,180097000.0,0.0,180097000.0,180097000.0,24451000.0,6250000.0,0.0,0.0,0.0,-47730000.0,-41480000.0,-1.061,-41480000.0,-47730000.0,-50087000.0,-0.47,-0.47,-0.47,232912000.0,,232912000.0,4075768235.0,-21.0,-24.4,-68161000.0,-0.634,1.0,36092000.0,0.923,0.0,2357000.0,499203000.0,,0.0,311795000.0,257632000.0,54163000.0,291746000.0,82243000.0,209503000.0,4015198235.0,3782000.0,0.0,22321000.0,0.0,0.0,22160000.0,42288000.0,50259000.0,-60708000.0,42000.0,-50087000.0,-50087000.0,-50087000.0,0.0,0.0,-1.281,88848000.0,-52756000.0,6259000.0,0.0,17.239,-19.231,-16.94,55869000.0,0.0,36.59,23.43,22.94,23779000.0,-1039671000.0,39087000.0,39087000.0,75202000.0,,,,,8791000.0,12879000.0,1.0,109734852.0,107440000,107440000.0,0.364,524658000.0,0.0,0.0,0.0,4.883,287805000.0
62,VRTX,MRQ,2005-12-31,2005-12-31,2005-12-31,2021-08-02,-2873000.0,548998000.0,,385055000.0,163943000.0,,2.378,-5142000.0,119527000.0,119527000.0,2783000.0,-38131000.0,3.841,1.295,180097000.0,0.0,180097000.0,180097000.0,32300000.0,6889000.0,0.0,0.0,0.0,-34588000.0,-27699000.0,-0.434,-27699000.0,-34588000.0,-38131000.0,-0.35,-0.35,-0.35,239176000.0,,239176000.0,2889154603.0,-16.0,-18.193,-12145000.0,-0.121,1.0,60973000.0,0.956,0.0,3543000.0,509325000.0,,0.0,348328000.0,283112000.0,65216000.0,309822000.0,100243000.0,209579000.0,2742833603.0,-23574000.0,0.0,15731000.0,0.0,0.0,15641000.0,-32064000.0,-31937000.0,-7003000.0,-148000.0,-38131000.0,-38131000.0,-38131000.0,0.0,0.0,-0.598,87367000.0,-26394000.0,6210000.0,0.0,11.468,-13.484,-12.136,54533000.0,0.0,27.67,17.048,15.348,20595000.0,-989584000.0,63756000.0,63756000.0,68158000.0,,,,,2253000.0,12811000.0,1.0,99126621.0,100578000,100578000.0,0.634,548998000.0,0.0,0.0,0.0,5.458,284812000.0
63,VRTX,MRQ,2005-09-30,2005-09-30,2005-09-30,2021-08-02,-2714000.0,550575000.0,,424334000.0,126241000.0,,1.409,-4434000.0,148226000.0,148226000.0,2796000.0,-79578000.0,3.484,3.13,294547000.0,0.0,294547000.0,294547000.0,33417000.0,7029000.0,0.0,0.0,0.0,-75073000.0,-68044000.0,-1.879,-68044000.0,-75073000.0,-79578000.0,-0.84,-0.84,-0.84,133312000.0,,133312000.0,2229648214.0,-12.0,-13.834,-60745000.0,-0.642,1.0,33411000.0,0.923,0.0,4505000.0,575086000.0,,0.0,316409000.0,297546000.0,18863000.0,417263000.0,121810000.0,295453000.0,2138353214.0,-93076000.0,0.0,11814000.0,0.0,0.0,11769000.0,-48385000.0,-46354000.0,-56311000.0,-149000.0,-79578000.0,-79578000.0,-79578000.0,0.0,0.0,-2.198,75893000.0,-42482000.0,6460000.0,0.0,16.04,-10.278,-9.122,56127000.0,0.0,22.35,15.612,15.435,20764000.0,-951453000.0,36207000.0,36207000.0,63590000.0,,,,,1626000.0,10738000.0,1.0,95675759.0,94590000,94590000.0,0.383,550575000.0,0.0,0.0,0.0,5.821,302524000.0
64,VRTX,MRQ,2005-06-30,2005-06-30,2005-06-30,2021-08-02,-1846000.0,596903000.0,,465310000.0,131593000.0,,1.494,-4144000.0,243702000.0,243702000.0,2489000.0,-40988000.0,3.372,3.855,334997000.0,0.0,334997000.0,334997000.0,45445000.0,6531000.0,0.0,0.0,0.0,-36349000.0,-29818000.0,-0.923,-29818000.0,-36349000.0,-40988000.0,-0.5,-0.5,-0.5,122958000.0,,122958000.0,1621335016.0,-11.0,-13.504,-58054000.0,-0.706,1.0,29832000.0,0.923,0.0,4639000.0,550212000.0,,0.0,270774000.0,251911000.0,18863000.0,473945000.0,137986000.0,335959000.0,1369741016.0,157324000.0,0.0,169474000.0,0.0,0.0,169474000.0,42012000.0,46018000.0,-53910000.0,-252000.0,-40988000.0,-40988000.0,-40988000.0,0.0,0.0,-1.268,68428000.0,-38596000.0,9429000.0,0.0,11.14,-8.19,-8.024,58496000.0,0.0,16.85,10.735,10.865,13941000.0,-871875000.0,32321000.0,32321000.0,59357000.0,,,,,2216000.0,10814000.0,1.0,81290268.0,82274000,82274000.0,0.393,596903000.0,0.0,0.0,0.0,7.255,327324000.0
65,VRTX,MRQ,2005-03-31,2005-03-31,2005-03-31,2021-08-02,-2593000.0,484229000.0,,350029000.0,134200000.0,,-0.107,-3239000.0,86378000.0,86378000.0,2030000.0,-44720000.0,2.362,-58.029,337972000.0,0.0,337972000.0,337972000.0,57470000.0,6840000.0,0.0,0.0,0.0,-40081000.0,-33241000.0,-1.162,-33241000.0,-40081000.0,-44720000.0,-0.56,-0.56,-0.56,-8491000.0,,-8491000.0,990238927.0,-7.0,-8.074,-58069000.0,-0.731,1.0,26576000.0,0.929,0.0,4639000.0,587656000.0,,0.0,315824000.0,296961000.0,18863000.0,492720000.0,148167000.0,344553000.0,760094927.0,-17635000.0,0.0,572000.0,0.0,0.0,572000.0,36705000.0,39194000.0,-54830000.0,-82000.0,-44720000.0,-44720000.0,-44720000.0,0.0,0.0,-1.563,68976000.0,-42400000.0,8474000.0,0.0,-89.518,-4.457,-4.333,60700000.0,0.0,9.36,6.679,6.532,10866000.0,-830887000.0,28606000.0,28606000.0,57435000.0,,,,,1435000.0,9627000.0,1.0,81206723.0,79428000,79428000.0,0.36,484229000.0,0.0,0.0,0.0,6.096,201862000.0
66,VRTX,MRQ,2004-12-31,2004-12-31,2004-12-31,2021-08-02,-1374000.0,545453000.0,,400638000.0,144815000.0,,0.448,-3847000.0,104853000.0,104853000.0,2009000.0,-42769000.0,2.606,14.39,334997000.0,0.0,334997000.0,334997000.0,66086000.0,8023000.0,0.0,0.0,0.0,-38094000.0,-30071000.0,-0.755,-30071000.0,-38094000.0,-42769000.0,-0.55,-0.55,-0.55,35441000.0,,35441000.0,1098420594.0,-7.0,-9.286,-27446000.0,-0.347,1.0,37826000.0,0.95,0.0,4675000.0,621852000.0,,0.0,356177000.0,331240000.0,24937000.0,510012000.0,153745000.0,356267000.0,848876594.0,17969000.0,0.0,3561000.0,0.0,0.0,3478000.0,37848000.0,43043000.0,-23599000.0,242000.0,-42769000.0,-42769000.0,-42769000.0,0.0,0.0,-1.074,78262000.0,-40436000.0,6660000.0,0.0,23.952,-5.106,-4.986,64225000.0,0.0,10.57,8.264,8.085,11891000.0,-786167000.0,39835000.0,39835000.0,54247000.0,,,,,1165000.0,11657000.0,1.0,80309990.0,79075000,79075000.0,0.504,545453000.0,0.0,0.0,0.0,6.898,246893000.0
67,VRTX,MRQ,2004-09-30,2004-09-30,2004-09-30,2021-08-02,-538000.0,574362000.0,,432832000.0,141530000.0,,0.944,-1831000.0,85453000.0,85453000.0,1466000.0,-38771000.0,3.219,6.728,334997000.0,0.0,334997000.0,334997000.0,68692000.0,7208000.0,0.0,0.0,0.0,-34137000.0,-26929000.0,-1.004,-26929000.0,-34137000.0,-38771000.0,-0.49,-0.49,-0.49,74320000.0,,74320000.0,1058755052.0,-7.0,-8.907,-45506000.0,-0.578,1.0,25362000.0,0.945,0.0,4634000.0,689460000.0,,0.0,400253000.0,381390000.0,18863000.0,500042000.0,134446000.0,365596000.0,839866052.0,-26655000.0,0.0,707000.0,0.0,0.0,-1094000.0,18142000.0,16235000.0,-43675000.0,-28000.0,-38771000.0,-38771000.0,-38771000.0,0.0,0.0,-1.445,60951000.0,-35589000.0,9504000.0,0.0,11.301,-5.105,-5.0,68179000.0,0.0,10.5,9.968,9.812,8480000.0,-743398000.0,26828000.0,26828000.0,48790000.0,,,,,1284000.0,10600000.0,1.0,79987243.0,78742000,78742000.0,0.341,574362000.0,0.0,0.0,0.0,7.294,298386000.0
68,VRTX,MRQ,2004-06-30,2004-06-30,2004-06-30,2021-08-02,-1345000.0,624051000.0,,474215000.0,149836000.0,,1.4,-3984000.0,116108000.0,116108000.0,1328000.0,-44269000.0,3.45,4.658,334997000.0,0.0,334997000.0,334997000.0,78127000.0,7284000.0,0.0,0.0,0.0,-39688000.0,-32404000.0,-1.748,-32404000.0,-39688000.0,-44269000.0,-0.56,-0.56,-0.56,110293000.0,,110293000.0,1113970546.0,-6.0,-6.508,-26955000.0,-0.342,1.0,17213000.0,0.928,0.0,4581000.0,705489000.0,,0.0,415539000.0,396676000.0,18863000.0,513758000.0,137451000.0,376307000.0,854051546.0,10685000.0,0.0,1561000.0,-12486000.0,0.0,-10949000.0,44757000.0,66103000.0,-22971000.0,-152000.0,-44269000.0,-44269000.0,-44269000.0,0.0,0.0,-2.388,59447000.0,-42234000.0,7815000.0,0.0,7.743,-4.026,-3.971,73226000.0,0.0,10.84,11.659,11.662,9939000.0,-704627000.0,18541000.0,18541000.0,47450000.0,,,,,938000.0,10160000.0,1.0,78787043.0,78807000,78807000.0,0.235,624051000.0,0.0,0.0,0.0,7.919,336764000.0
69,VRTX,MRQ,2004-03-31,2004-03-31,2004-03-31,2021-08-02,3687000.0,669188000.0,,533438000.0,135750000.0,,2.012,-2876000.0,87577000.0,87577000.0,846000.0,-40438000.0,4.414,3.26,347496000.0,14036000.0,333460000.0,347496000.0,59875000.0,7125000.0,0.0,0.0,0.0,-36011000.0,-28886000.0,-1.649,-28886000.0,-36011000.0,-40438000.0,-0.52,-0.52,-0.52,157096000.0,,157096000.0,959845526.0,-4.0,-4.424,-54748000.0,-0.701,1.0,16667000.0,0.952,0.0,4427000.0,808267000.0,,0.0,486430000.0,467567000.0,18863000.0,512092000.0,120840000.0,391252000.0,736492526.0,-45152000.0,0.0,2913000.0,-77000.0,0.0,-61000.0,6638000.0,18464000.0,-51872000.0,143000.0,-40438000.0,-40438000.0,-40438000.0,0.0,0.0,-2.309,53215000.0,-36548000.0,7741000.0,0.0,4.688,-2.857,-2.82,76170000.0,0.0,9.42,10.422,10.41,7937000.0,-660358000.0,17513000.0,17513000.0,41675000.0,,,,,778000.0,9722000.0,1.0,78183920.0,78094000,78094000.0,0.224,669188000.0,0.0,0.0,0.0,8.569,412598000.0
70,VRTX,MRQ,2003-12-31,2003-12-31,2003-12-31,2021-08-02,2690000.0,724411000.0,,593806000.0,130605000.0,,2.48,-3277000.0,124220000.0,124220000.0,1009000.0,-41029000.0,4.27,2.756,347460000.0,14000000.0,333460000.0,347460000.0,59517000.0,6124000.0,0.0,0.0,0.0,-36770000.0,-30646000.0,-1.434,-30646000.0,-36770000.0,-41029000.0,-0.53,-0.53,-0.53,192845000.0,,192845000.0,1041634429.0,-6.0,-6.676,-31978000.0,-0.411,1.0,20368000.0,0.953,0.0,4259000.0,808584000.0,,0.0,503868000.0,485005000.0,18863000.0,531566000.0,139067000.0,392499000.0,804204429.0,20710000.0,0.0,3010000.0,13670000.0,0.0,16680000.0,32284000.0,31843000.0,-28701000.0,447000.0,-41029000.0,-41029000.0,-41029000.0,23000.0,0.0,-1.919,60174000.0,-39806000.0,12306000.0,0.0,4.17,-4.087,-4.043,80083000.0,0.0,10.35,11.631,11.527,7324000.0,-619920000.0,21377000.0,21377000.0,48300000.0,,,,,576000.0,10474000.0,1.0,77700911.0,77766000,77766000.0,0.275,724411000.0,0.0,0.0,0.0,9.315,454739000.0
71,VRTX,MRQ,2003-09-30,2003-09-30,2003-09-30,2021-08-02,3683000.0,742676000.0,,610275000.0,132401000.0,,3.001,1396000.0,103510000.0,103510000.0,797000.0,-86421000.0,5.093,2.211,340940000.0,443000.0,340497000.0,340940000.0,59846000.0,2844000.0,0.0,0.0,0.0,-82087000.0,-79243000.0,-5.008,-79243000.0,-82087000.0,-86421000.0,-1.12,-1.12,-1.12,231282000.0,,231282000.0,1125558160.0,-7.0,-7.693,-47136000.0,-0.612,1.0,15026000.0,0.95,0.0,4334000.0,860281000.0,,0.0,537018000.0,518155000.0,18863000.0,511394000.0,119825000.0,391569000.0,946927160.0,-55961000.0,0.0,4417000.0,4557000.0,0.0,8974000.0,-16359000.0,-18985000.0,-48532000.0,-44000.0,-86421000.0,-86421000.0,-86421000.0,-1180000.0,0.0,-5.462,101457000.0,-86431000.0,8069000.0,0.0,4.094,-5.042,-5.041,82029000.0,0.0,12.3,37.527,37.567,7850000.0,-578891000.0,15823000.0,15823000.0,49627000.0,,,,,769000.0,9436000.0,1.0,76985948.0,77067000,77067000.0,0.205,742676000.0,0.0,0.0,0.0,9.637,490450000.0
72,VRTX,MRQ,2003-06-30,2003-06-30,2003-06-30,2021-08-02,4684000.0,787456000.0,,649242000.0,138214000.0,,4.084,-8742000.0,159502000.0,159502000.0,668000.0,-89928000.0,7.504,1.512,338133000.0,846000.0,337287000.0,338133000.0,60051000.0,7406000.0,0.0,0.0,0.0,-85586000.0,-78180000.0,-4.901,-78180000.0,-85586000.0,-89928000.0,-1.17,-1.17,-1.17,313517000.0,,313517000.0,1254045438.0,-11.0,-14.007,-49060000.0,-0.639,1.0,15284000.0,0.958,0.0,4342000.0,879566000.0,,0.0,518849000.0,499986000.0,18863000.0,473939000.0,86521000.0,387418000.0,1122226438.0,-47363000.0,0.0,1355000.0,-551000.0,0.0,804000.0,-8176000.0,-689000.0,-40318000.0,327000.0,-89928000.0,-89928000.0,-89928000.0,393000.0,0.0,-5.637,103898000.0,-88614000.0,9267000.0,0.0,3.579,-8.322,-8.312,86081000.0,0.0,14.63,25.688,25.707,9720000.0,-492470000.0,15952000.0,15952000.0,50080000.0,,,,,1002000.0,9687000.0,1.0,76707207.0,76764000,76764000.0,0.208,787456000.0,0.0,0.0,0.0,10.258,562721000.0
73,VRTX,MRQ,2003-03-31,2003-03-31,2003-03-31,2021-08-02,4435000.0,840306000.0,,697975000.0,142331000.0,,5.238,-6728000.0,206865000.0,206865000.0,652000.0,20611000.0,12.399,1.099,338684000.0,1374000.0,337310000.0,338684000.0,60544000.0,7064000.0,0.0,0.0,0.0,24974000.0,32038000.0,2.004,32038000.0,24974000.0,20611000.0,0.27,0.27,0.27,400269000.0,,400269000.0,1046184074.0,-22.0,-48.367,-56800000.0,-0.743,1.0,15337000.0,0.959,0.0,4363000.0,915834000.0,,0.0,518179000.0,499316000.0,18863000.0,440037000.0,56291000.0,383746000.0,852234074.0,72675000.0,0.0,3177000.0,7833000.0,0.0,11010000.0,111836000.0,25987000.0,-50072000.0,-99000.0,20611000.0,20611000.0,20611000.0,-68882000.0,0.0,1.289,65013000.0,-49676000.0,10000000.0,0.0,2.129,-12.924,-12.805,87346000.0,0.0,11.14,12.164,12.149,11925000.0,-402542000.0,15989000.0,15989000.0,51629000.0,,,,,799000.0,9485000.0,1.0,76502161.0,76411000,76411000.0,0.209,840306000.0,0.0,0.0,0.0,10.997,641684000.0
74,VRTX,MRQ,2002-12-31,2002-12-31,2002-12-31,2021-08-02,6764000.0,815720000.0,,656572000.0,159148000.0,,4.969,-8218000.0,134189000.0,134189000.0,-18346000.0,-32083000.0,10.164,1.155,322064000.0,1965000.0,320099000.0,322064000.0,58486000.0,6770000.0,0.0,0.0,0.0,-27692000.0,-20922000.0,0.929,-20922000.0,-27692000.0,-32083000.0,-0.42,-0.42,-0.42,378581000.0,,378581000.0,1405032748.0,-15.0,-21.278,-21694000.0,-0.285,1.0,-4185000.0,0.186,0.0,4391000.0,938998000.0,,0.0,553319000.0,526886000.0,26433000.0,437139000.0,64597000.0,372542000.0,1210435748.0,4504000.0,0.0,2793000.0,4354000.0,0.0,6648000.0,11202000.0,20725000.0,-13476000.0,130000.0,-32083000.0,-32083000.0,-32083000.0,-28337000.0,0.0,1.424,57830000.0,-62015000.0,16745000.0,0.0,3.197,-11.144,-11.084,95991000.0,0.0,15.85,12.772,12.669,13200000.0,-423153000.0,-22531000.0,-22531000.0,54148000.0,,,,,787000.0,3685000.0,1.0,76368186.0,76196000,76196000.0,-0.296,815720000.0,0.0,0.0,0.0,10.706,591975000.0
75,VRTX,MRQ,2002-09-30,2002-09-30,2002-09-30,2021-08-02,7894000.0,831069000.0,,673653000.0,157416000.0,,5.373,-12399000.0,129685000.0,129685000.0,6577000.0,-33452000.0,11.459,1.036,324282000.0,2969000.0,321313000.0,324282000.0,61787000.0,6572000.0,0.0,0.0,0.0,-29040000.0,-22468000.0,-0.656,-22468000.0,-29040000.0,-33452000.0,-0.44,-0.44,-0.44,408213000.0,,408213000.0,1579518071.0,-25.0,-41.286,-32013000.0,-0.421,1.0,27699000.0,0.808,0.0,4412000.0,966878000.0,,0.0,574193000.0,547760000.0,26433000.0,422856000.0,58788000.0,364068000.0,1405662071.0,-21674000.0,0.0,3145000.0,-984000.0,0.0,2161000.0,-4381000.0,8177000.0,-19614000.0,160000.0,-33452000.0,-33452000.0,-33452000.0,0.0,0.0,-0.976,63550000.0,-35851000.0,12170000.0,0.0,3.443,-17.615,-17.61,92391000.0,0.0,18.49,16.225,16.216,13100000.0,-391070000.0,34276000.0,34276000.0,50622000.0,,,,,779000.0,12928000.0,1.0,76022827.0,75979000,75979000.0,0.451,831069000.0,0.0,0.0,0.0,10.938,614865000.0
76,VRTX,MRQ,2002-06-30,2002-06-30,2002-06-30,2021-08-02,6654000.0,860474000.0,,707608000.0,152866000.0,,5.772,-8446000.0,151393000.0,151393000.0,6462000.0,-21019000.0,11.361,0.97,325249000.0,3519000.0,321730000.0,325249000.0,61553000.0,6281000.0,0.0,0.0,0.0,-16559000.0,-10278000.0,-0.243,-10278000.0,-16559000.0,-21019000.0,-0.28,-0.28,-0.28,436680000.0,,436680000.0,1356926366.0,-34.0,-77.138,-25365000.0,-0.335,1.0,35868000.0,0.847,0.0,4460000.0,972044000.0,,0.0,581010000.0,554577000.0,26433000.0,423794000.0,62286000.0,361508000.0,1233030366.0,-50961000.0,0.0,5211000.0,-1010000.0,0.0,4201000.0,-38656000.0,-30296000.0,-16919000.0,413000.0,-21019000.0,-21019000.0,-21019000.0,0.0,0.0,-0.497,59894000.0,-24026000.0,9764000.0,0.0,2.824,-21.323,-21.421,86222000.0,0.0,16.28,13.298,13.284,18056000.0,-357618000.0,42330000.0,42330000.0,46546000.0,,,,,487000.0,13348000.0,1.0,75738966.0,75660000,75660000.0,0.559,860474000.0,0.0,0.0,0.0,11.373,645322000.0
77,VRTX,MRQ,2002-03-31,2002-03-31,2002-03-31,2021-08-02,4942000.0,875510000.0,,723783000.0,151727000.0,,5.989,-9812000.0,202363000.0,202363000.0,8641000.0,-22067000.0,11.042,0.945,326259000.0,3928000.0,322331000.0,326259000.0,65402000.0,5282000.0,0.0,0.0,0.0,-17605000.0,-12323000.0,-0.303,-12323000.0,-17605000.0,-22067000.0,-0.29,-0.29,-0.29,450109000.0,,450109000.0,2224904959.0,-72.0,-195.682,-39342000.0,-0.523,1.0,32054000.0,0.788,0.0,4462000.0,933859000.0,,0.0,549234000.0,522801000.0,26433000.0,425401000.0,65547000.0,359854000.0,2088337959.0,-12976000.0,0.0,2178000.0,-1346000.0,0.0,832000.0,15873000.0,25990000.0,-29530000.0,-151000.0,-22067000.0,-22067000.0,-22067000.0,0.0,0.0,-0.542,58117000.0,-26063000.0,10913000.0,0.0,4.64,-41.613,-42.212,84628000.0,0.0,27.86,22.94,23.002,14342000.0,-336599000.0,40695000.0,40695000.0,47022000.0,,,,,841000.0,11095000.0,1.0,74958290.0,75161000,75161000.0,0.541,875510000.0,0.0,0.0,0.0,11.648,658236000.0
78,VRTX,MRQ,2001-12-31,2001-12-31,2001-12-31,2021-08-02,11134000.0,925131000.0,,776092000.0,149039000.0,,6.347,-7220000.0,215395000.0,215395000.0,-28574000.0,-3260000.0,8.477,0.946,327605000.0,4579000.0,323026000.0,327605000.0,74699000.0,5562000.0,0.0,0.0,0.0,1249000.0,6811000.0,-0.222,6811000.0,1249000.0,-3260000.0,-0.04,-0.04,-0.04,475351000.0,,475351000.0,1979791351.0,-42.0,-68.004,35037000.0,0.468,1.0,-2094000.0,0.068,0.0,4509000.0,945788000.0,,0.0,580430000.0,553997000.0,26433000.0,449780000.0,91553000.0,358227000.0,1843224351.0,-6746000.0,0.0,3424000.0,-19724000.0,0.0,-16618000.0,-32228000.0,-20835000.0,42257000.0,-157000.0,-3260000.0,-3260000.0,-3260000.0,-22148000.0,0.0,0.106,37217000.0,-39311000.0,11628000.0,0.0,3.878,-27.829,-27.629,80377000.0,0.0,24.59,21.609,21.467,20265000.0,-314532000.0,-30668000.0,-30668000.0,36275000.0,,,,,91000.0,-1214000.0,1.0,74958290.0,74896000,74896000.0,-0.409,925131000.0,0.0,0.0,0.0,12.352,684539000.0
79,VRTX,MRQ,2001-09-30,2001-09-30,2001-09-30,2021-08-02,12324000.0,922370000.0,,428418000.0,493952000.0,,6.378,-13173000.0,222180000.0,222180000.0,11433000.0,-11480000.0,4.662,0.937,358747000.0,4562000.0,354185000.0,358747000.0,53747000.0,4752000.0,0.0,0.0,0.0,-6553000.0,-1801000.0,-0.045,-1801000.0,-6553000.0,-11480000.0,-0.15,-0.15,-0.15,476287000.0,,476287000.0,1501888971.0,-33.0,-50.611,-46821000.0,-0.627,1.0,28935000.0,0.717,0.0,4927000.0,967039000.0,,0.0,553239000.0,185915000.0,367324000.0,446083000.0,91898000.0,354185000.0,1347674971.0,20129000.0,0.0,1409000.0,-1231000.0,0.0,178000.0,53317000.0,65747000.0,-33648000.0,282000.0,-11480000.0,-11480000.0,-11480000.0,0.0,0.0,-0.284,65460000.0,-36525000.0,6377000.0,0.0,2.83,-20.432,-20.5,75064000.0,0.0,18.04,8.358,8.355,35925000.0,-311272000.0,40368000.0,40368000.0,38596000.0,,,,,1410000.0,10741000.0,1.0,74704821.0,74682000,74682000.0,0.541,922370000.0,0.0,0.0,0.0,12.351,336520000.0
80,VRTX,MRQ,2001-06-30,2001-06-30,2001-06-30,2021-08-02,7757000.0,766834000.0,,330474000.0,436360000.0,,5.127,-12943000.0,194435000.0,194435000.0,10196000.0,-13378000.0,8.506,1.011,348649000.0,2016000.0,346633000.0,348649000.0,11162000.0,4050000.0,0.0,0.0,0.0,-8107000.0,-4057000.0,-0.1,-4057000.0,-8107000.0,-13378000.0,-0.18,-0.18,-0.18,381349000.0,,381349000.0,3085272214.0,-60.0,-87.303,-18512000.0,-0.249,1.0,30445000.0,0.749,0.0,5271000.0,882196000.0,,0.0,508328000.0,151501000.0,356827000.0,385485000.0,38852000.0,346633000.0,2984690214.0,-57207000.0,0.0,4853000.0,-1171000.0,0.0,3682000.0,-55281000.0,-40280000.0,-5569000.0,-39000.0,-13378000.0,-13378000.0,-13378000.0,0.0,0.0,-0.329,50320000.0,-19875000.0,6362000.0,0.0,7.827,-42.563,-55.0,43534000.0,0.0,49.5,15.407,19.006,8414000.0,-251462000.0,40641000.0,40641000.0,34577000.0,,,,,0.0,11380000.0,1.0,60296772.0,74381000,74381000.0,0.546,766834000.0,0.0,0.0,0.0,10.31,291622000.0
81,VRTX,MRQ,2001-03-31,2001-03-31,2001-03-31,2021-08-02,8211000.0,769544000.0,,333278000.0,436266000.0,,5.285,-16055000.0,248570000.0,248570000.0,10540000.0,-38115000.0,10.457,0.97,349152000.0,2186000.0,346966000.0,349152000.0,11174000.0,3438000.0,0.0,0.0,0.0,-33082000.0,-29644000.0,-0.848,-29644000.0,-33082000.0,-38115000.0,-0.52,-0.52,-0.52,390706000.0,,390706000.0,2221123753.0,-58.0,-92.381,-26142000.0,-0.354,1.0,24416000.0,0.698,0.0,5033000.0,838254000.0,,0.0,463935000.0,100674000.0,363261000.0,378838000.0,31872000.0,346966000.0,2203311753.0,-113630000.0,0.0,8940000.0,-1191000.0,0.0,7749000.0,-110895000.0,-81270000.0,-10087000.0,-397000.0,-38115000.0,-38115000.0,-38115000.0,0.0,0.0,-1.09,44667000.0,-20251000.0,2596000.0,0.0,5.639,-40.694,-54.672,36063000.0,0.0,36.63,12.233,15.034,7615000.0,-239355000.0,34956000.0,34956000.0,32540000.0,,,,,0.0,10948000.0,1.0,60150471.0,73922000,73922000.0,0.473,769544000.0,0.0,0.0,0.0,10.41,301406000.0
82,VRTX,MRQ,2000-12-31,2000-12-31,2000-12-31,2021-08-02,4227000.0,941136000.0,,857431000.0,83705000.0,,7.067,-9484000.0,361372000.0,361372000.0,13958000.0,-2986000.0,12.274,0.831,362340000.0,5071000.0,357269000.0,362340000.0,28329000.0,3757000.0,0.0,0.0,0.0,2070000.0,5827000.0,0.129,5827000.0,2070000.0,-2986000.0,-0.03,-0.03,-0.03,514011000.0,,514011000.0,4103616920.0,-178.0,-398.603,-17055000.0,-0.234,1.0,31328000.0,0.692,0.0,5056000.0,872248000.0,,0.0,474828000.0,467402000.0,7426000.0,427125000.0,69856000.0,357269000.0,4220206920.0,-150452000.0,0.0,11533000.0,-17436000.0,0.0,10135000.0,-153262000.0,-142150000.0,-7571000.0,246000.0,-2986000.0,-2986000.0,-2986000.0,0.0,0.0,-0.066,40224000.0,-8896000.0,8438000.0,0.0,8.21,-121.48,-140.196,43961000.0,0.0,71.5,27.532,31.571,33906000.0,-248299000.0,45286000.0,45286000.0,30972000.0,,,,,1286000.0,8496000.0,1.0,59023873.0,72737000,72737000.0,0.623,941136000.0,0.0,0.0,0.0,12.939,787575000.0
83,VRTX,MRQ,2000-09-30,2000-09-30,2000-09-30,2021-08-02,451000.0,755646000.0,,707810000.0,47836000.0,,5.814,-4117000.0,466842000.0,466842000.0,32972000.0,-15645000.0,29.749,0.969,350252000.0,2131000.0,348121000.0,350252000.0,4650000.0,4976000.0,0.0,0.0,0.0,-12442000.0,-7466000.0,-0.102,-7466000.0,-12442000.0,-15645000.0,-0.17,-0.17,-0.17,383732000.0,,383732000.0,4525009208.0,-205.0,-586.293,-16682000.0,-0.253,1.0,39869000.0,0.547,0.0,3203000.0,615263000.0,,0.0,243800000.0,241918000.0,1882000.0,371914000.0,23793000.0,348121000.0,4537182208.0,297434000.0,0.0,88735000.0,343210000.0,0.0,421247000.0,-111006000.0,-105450000.0,-12565000.0,-242000.0,-15645000.0,-15645000.0,-15645000.0,0.0,0.0,-0.215,51552000.0,-11683000.0,17012000.0,0.0,11.824,-150.104,-277.049,24691000.0,0.0,84.5,23.487,28.868,7087000.0,-219231000.0,72841000.0,72841000.0,33041000.0,,,,,735000.0,19819000.0,1.0,53694464.0,65997000,65997000.0,1.104,755646000.0,0.0,0.0,0.0,11.45,684017000.0
84,VRTX,MRQ,2000-06-30,2000-06-30,2000-06-30,2021-08-02,-1157000.0,428322000.0,,385519000.0,42803000.0,,4.277,-1778000.0,192996000.0,192996000.0,0.0,2602000.0,15.677,0.903,180823000.0,2204000.0,178619000.0,180823000.0,4742000.0,2135000.0,0.0,0.0,0.0,5105000.0,7240000.0,0.268,7240000.0,5105000.0,2602000.0,0.05,0.05,0.05,225112000.0,,225112000.0,2743086704.0,-115.0,-216.178,21199000.0,0.403,1.0,27023000.0,1.0,0.0,2503000.0,391558000.0,,0.0,197477000.0,195177000.0,2300000.0,203210000.0,24591000.0,178619000.0,2763197704.0,-8542000.0,0.0,10519000.0,-604000.0,0.0,9884000.0,-41031000.0,-39309000.0,22977000.0,-372000.0,2602000.0,2602000.0,2602000.0,0.0,0.0,0.096,27386000.0,-363000.0,17645000.0,0.0,12.275,-95.718,-126.988,25080000.0,0.0,52.7,21.661,21.746,5434000.0,-194373000.0,27023000.0,27023000.0,19824000.0,,,,,41000.0,6462000.0,1.0,52432594.0,52638000,52638000.0,0.513,428322000.0,0.0,0.0,0.0,8.137,360928000.0
85,VRTX,MRQ,2000-03-31,2000-03-31,2000-03-31,2021-08-02,-1372000.0,396931000.0,,353751000.0,43180000.0,,3.885,-2654000.0,201538000.0,201538000.0,0.0,-18711000.0,22.056,0.968,181427000.0,2272000.0,179155000.0,181427000.0,0.0,1924000.0,0.0,0.0,0.0,-17820000.0,-15896000.0,-1.955,-15896000.0,-17820000.0,-18711000.0,-0.36,-0.36,-0.36,201737000.0,,201737000.0,1183226806.0,-30.0,-40.294,-18203000.0,-0.351,1.0,8132000.0,1.0,0.0,891000.0,360781000.0,,0.0,157793000.0,155498000.0,2295000.0,195194000.0,16039000.0,179155000.0,1217503806.0,160202000.0,0.0,9000000.0,174368000.0,0.0,178059000.0,-2160000.0,368000.0,-15549000.0,-148000.0,-18711000.0,-18711000.0,-18711000.0,0.0,0.0,-2.301,26053000.0,-17921000.0,13767000.0,0.0,6.035,-28.775,-34.674,25210000.0,0.0,23.405,10.769,10.75,4506000.0,-206986000.0,8132000.0,8132000.0,18604000.0,,,,,51000.0,6577000.0,1.0,52018962.0,51928000,51928000.0,0.157,396931000.0,0.0,0.0,0.0,7.644,337712000.0
86,VRTX,MRQ,1999-12-31,1999-12-31,1999-12-31,2021-08-02,-970000.0,232445000.0,,123023000.0,109422000.0,,3.342,-4568000.0,41336000.0,41336000.0,34581000.0,1527000.0,6.643,0.111,7059000.0,2366000.0,4693000.0,7059000.0,2000000.0,5328000.0,0.0,0.0,0.0,3076000.0,8404000.0,0.099,8404000.0,3076000.0,1527000.0,0.175,0.175,0.175,209234000.0,,209234000.0,878682070.0,-22.0,-29.507,16181000.0,0.258,1.0,50602000.0,0.594,0.0,1549000.0,179650000.0,,0.0,158530000.0,84080000.0,74450000.0,23211000.0,18518000.0,4693000.0,897540070.0,15210000.0,3000000.0,3673000.0,3818000.0,0.0,7491000.0,-12879000.0,5624000.0,20749000.0,-151000.0,1527000.0,1527000.0,1527000.0,0.0,0.0,0.018,52313000.0,-1711000.0,2979000.0,0.0,4.29,-21.809,-26.515,24480000.0,0.0,17.5,8.243,10.061,5956000.0,-190827000.0,85183000.0,85183000.0,30974000.0,,,,,1007000.0,23265000.0,1.0,51288004.0,62602000,62602000.0,1.361,232445000.0,0.0,0.0,0.0,3.713,104505000.0
87,VRTX,MRQ,1999-09-30,1999-09-30,1999-09-30,2021-08-02,-330000.0,224848000.0,,194126000.0,30722000.0,,4.041,-5639000.0,26567000.0,26567000.0,0.0,-14286000.0,14.852,0.089,7709000.0,2452000.0,5257000.0,7709000.0,0.0,1694000.0,0.0,0.0,0.0,-14131000.0,-12437000.0,-1.721,-12437000.0,-14131000.0,-14286000.0,-0.28,-0.28,-0.28,206520000.0,,206520000.0,786132367.0,-14.0,-15.985,-19214000.0,-0.376,1.0,7225000.0,1.0,0.0,155000.0,192919000.0,,0.0,168191000.0,165745000.0,2446000.0,18328000.0,13071000.0,5257000.0,793114367.0,11196000.0,0.0,1675000.0,-680000.0,0.0,995000.0,23470000.0,28717000.0,-13575000.0,306000.0,-14286000.0,-14286000.0,-14286000.0,0.0,0.0,-1.977,23563000.0,-16338000.0,10619000.0,0.0,3.84,-14.348,-14.38,23603000.0,0.0,15.53,39.614,39.641,4790000.0,-192542000.0,7225000.0,7225000.0,16421000.0,,,,,-26000.0,6415000.0,1.0,51069824.0,51104000,51104000.0,0.141,224848000.0,0.0,0.0,0.0,4.4,181055000.0
88,VRTX,MRQ,1999-06-30,1999-06-30,1999-06-30,2021-08-02,-933000.0,238632000.0,,211334000.0,27298000.0,,4.289,-5371000.0,15371000.0,15371000.0,0.0,-10841000.0,14.862,0.092,8389000.0,2561000.0,5828000.0,8389000.0,0.0,1405000.0,0.0,0.0,0.0,-10841000.0,-9436000.0,-0.754,-9436000.0,-10841000.0,-10841000.0,-0.21,-0.21,-0.21,218584000.0,,218584000.0,600172030.0,-14.0,-15.921,-17965000.0,-0.353,1.0,12516000.0,1.0,0.0,0.0,217430000.0,,0.0,196394000.0,193819000.0,2575000.0,20048000.0,14220000.0,5828000.0,614679030.0,-8637000.0,0.0,1030000.0,-690000.0,0.0,340000.0,3710000.0,9743000.0,-12594000.0,-93000.0,-10841000.0,-10841000.0,-10841000.0,0.0,0.0,-0.866,25694000.0,-13178000.0,11659000.0,0.0,2.812,-14.207,-14.278,19658000.0,0.0,12.065,19.693,19.698,0.0,-178256000.0,12516000.0,12516000.0,19029000.0,,,,,11000.0,5466000.0,1.0,50947288.0,50960000,50960000.0,0.246,238632000.0,0.0,0.0,0.0,4.683,197114000.0
89,VRTX,MRQ,1999-03-31,1999-03-31,1999-03-31,2021-08-02,211000.0,249702000.0,,226729000.0,22973000.0,,4.52,-2460000.0,23586000.0,23586000.0,0.0,-17554000.0,16.448,0.088,9079000.0,2673000.0,6406000.0,9079000.0,0.0,1244000.0,0.0,0.0,0.0,-17554000.0,-16310000.0,-4.116,-16310000.0,-17554000.0,-17554000.0,-0.345,-0.345,-0.345,229511000.0,,229511000.0,624655085.0,-15.0,-16.946,-17301000.0,-0.341,1.0,3963000.0,1.0,0.0,0.0,221410000.0,,0.0,207368000.0,204490000.0,2878000.0,20191000.0,13785000.0,6406000.0,641356085.0,-4359000.0,-3000000.0,1268000.0,-705000.0,0.0,563000.0,9933000.0,16634000.0,-14841000.0,-14000.0,-17554000.0,-17554000.0,-17554000.0,0.0,0.0,-4.429,24377000.0,-20414000.0,11112000.0,0.0,2.794,-15.189,-15.211,15692000.0,0.0,12.625,24.812,24.801,0.0,-167415000.0,3963000.0,3963000.0,18605000.0,,,,,15000.0,5772000.0,1.0,50800482.0,50778000,50778000.0,0.078,249702000.0,0.0,0.0,0.0,4.918,212944000.0
90,VRTX,MRQ,1998-12-31,1998-12-31,1998-12-31,2021-08-02,654000.0,266346000.0,,248708000.0,17638000.0,,4.866,-2171000.0,26485000.0,26485000.0,0.0,-12597000.0,18.982,0.082,9784000.0,2752000.0,7032000.0,9784000.0,0.0,1404000.0,0.0,0.0,0.0,-12400000.0,-10996000.0,2.986,-10996000.0,-12400000.0,-12597000.0,-0.245,-0.245,-0.245,246212000.0,,246212000.0,712400778.0,-22.0,-25.548,-13201000.0,-0.261,1.0,-3683000.0,1.0,0.0,197000.0,236543000.0,,0.0,221483000.0,221483000.0,0.0,20134000.0,13102000.0,7032000.0,753899778.0,-25483000.0,0.0,702000.0,-685000.0,0.0,17000.0,-14460000.0,-12404000.0,-11030000.0,-10000.0,-12597000.0,-12597000.0,-12597000.0,0.0,0.0,3.42,24060000.0,-27743000.0,2808000.0,0.0,3.062,-22.786,-22.885,14476000.0,0.0,14.875,25.947,25.904,1462000.0,-149861000.0,-3683000.0,-3683000.0,18114000.0,,,,,32000.0,5946000.0,1.0,50682338.0,50598000,50598000.0,-0.073,266346000.0,0.0,0.0,0.0,5.264,235606000.0
91,VRTX,MRQ,1998-09-30,1998-09-30,1998-09-30,2021-08-02,1720000.0,277871000.0,,260885000.0,16986000.0,,5.119,-1233000.0,51968000.0,51968000.0,0.0,-2273000.0,23.377,0.073,10469000.0,2840000.0,7629000.0,10469000.0,0.0,1141000.0,0.0,0.0,0.0,-2096000.0,-955000.0,-0.052,-955000.0,-2096000.0,-2273000.0,-0.045,-0.045,-0.045,259082000.0,,259082000.0,553184604.0,-21.0,-24.559,4000.0,0.0,1.0,18417000.0,1.0,0.0,177000.0,225212000.0,,0.0,209261000.0,209261000.0,0.0,18789000.0,11160000.0,7629000.0,582211604.0,13378000.0,0.0,536000.0,906000.0,0.0,1442000.0,10689000.0,11842000.0,1237000.0,10000.0,-2273000.0,-2273000.0,-2273000.0,0.0,0.0,-0.123,20513000.0,-2096000.0,8320000.0,0.0,2.247,-21.337,-21.296,13709000.0,0.0,11.5,13.257,13.254,0.0,-137264000.0,18417000.0,18417000.0,15741000.0,,,,,0.0,4772000.0,1.0,50627096.0,50616000,50616000.0,0.364,277871000.0,0.0,0.0,0.0,5.49,249725000.0
92,VRTX,MRQ,1998-06-30,1998-06-30,1998-06-30,2021-08-02,240000.0,274900000.0,,257926000.0,16974000.0,,5.128,-2279000.0,38590000.0,38590000.0,0.0,-9802000.0,29.729,0.06,9563000.0,2678000.0,6885000.0,9563000.0,0.0,1043000.0,0.0,0.0,0.0,-9643000.0,-8600000.0,-1.202,-8600000.0,-9643000.0,-9802000.0,-0.195,-0.195,-0.195,259339000.0,,259339000.0,516984340.0,-17.0,-19.609,-11465000.0,-0.227,1.0,7152000.0,1.0,0.0,159000.0,237197000.0,,0.0,219864000.0,219864000.0,0.0,15561000.0,8676000.0,6885000.0,569000340.0,-22172000.0,0.0,525000.0,817000.0,0.0,1342000.0,-14327000.0,-12120000.0,-9186000.0,-1000.0,-9802000.0,-9802000.0,-9802000.0,0.0,0.0,-1.371,16795000.0,-9643000.0,5998000.0,0.0,2.194,-18.433,-18.443,13617000.0,0.0,11.25,14.572,14.572,0.0,-134991000.0,7152000.0,7152000.0,12631000.0,,,,,0.0,4164000.0,1.0,50577808.0,50578000,50578000.0,0.141,274900000.0,0.0,0.0,0.0,5.435,249250000.0
93,VRTX,MRQ,1998-03-31,1998-03-31,1998-03-31,2021-08-02,50000.0,283346000.0,,267536000.0,15810000.0,,5.315,-2218000.0,60762000.0,60762000.0,0.0,-8414000.0,30.712,0.056,8746000.0,2537000.0,6209000.0,8746000.0,0.0,932000.0,0.0,0.0,0.0,-8266000.0,-7334000.0,-1.023,-7334000.0,-8266000.0,-8414000.0,-0.165,-0.165,-0.165,268426000.0,,268426000.0,741701886.0,-34.0,-40.751,-14203000.0,-0.281,1.0,7169000.0,1.0,0.0,148000.0,222619000.0,,0.0,207428000.0,207428000.0,0.0,14920000.0,8711000.0,6209000.0,807056886.0,-13008000.0,0.0,941000.0,331000.0,0.0,1272000.0,-2296000.0,465000.0,-11985000.0,1000.0,-8414000.0,-8414000.0,-8414000.0,0.0,0.0,-1.174,15435000.0,-8266000.0,6174000.0,0.0,3.007,-35.903,-35.888,12381000.0,0.0,15.97,18.321,18.308,0.0,-125189000.0,7169000.0,7169000.0,12182000.0,,,,,0.0,3253000.0,1.0,50535810.0,50500000,50500000.0,0.142,283346000.0,0.0,0.0,0.0,5.611,258825000.0
94,VRTX,MRQ,1997-12-31,1997-12-31,1997-12-31,2021-08-02,152000.0,295604000.0,,281623000.0,13981000.0,,5.687,-1936000.0,73770000.0,73770000.0,0.0,-6797000.0,20.559,0.071,8415000.0,2510000.0,5905000.0,8415000.0,556000.0,1023000.0,0.0,0.0,0.0,-6659000.0,-5636000.0,-0.504,-5636000.0,-6659000.0,-6797000.0,-0.135,-0.135,-0.135,276001000.0,,276001000.0,,,,-5317000.0,-0.11,1.0,11179000.0,1.0,0.0,138000.0,216551000.0,,0.0,208217000.0,208217000.0,0.0,19603000.0,13698000.0,5905000.0,833840865.0,-105737000.0,0.0,1261000.0,250000.0,0.0,1511000.0,-103869000.0,-102126000.0,-3381000.0,2000.0,-6797000.0,-6797000.0,-6797000.0,0.0,0.0,-0.608,17838000.0,-6659000.0,4247000.0,0.0,3.021,-42.047,-40.244,11095000.0,0.0,16.5,19.038,18.282,0.0,-116775000.0,11179000.0,11179000.0,14063000.0,,,,,12000.0,3775000.0,1.0,50535810.0,48528000,48528000.0,0.23,295604000.0,0.0,0.0,0.0,6.091,267925000.0
95,VRTX,MRQ,1997-09-30,1997-09-30,1997-09-30,2021-08-02,,,,,,,,-1096000.0,,,0.0,-5856000.0,,,,,,,,921000.0,,0.0,0.0,-5715000.0,-4794000.0,-0.354,-4794000.0,-5715000.0,-5856000.0,-0.115,-0.115,-0.115,,,,,,,-3943000.0,-0.078,1.0,13547000.0,1.0,,141000.0,,,,,,,,,,,-11393000.0,0.0,1234000.0,-96000.0,0.0,1138000.0,-9676000.0,-8352000.0,-2847000.0,-8000.0,-5856000.0,-5856000.0,-5856000.0,0.0,0.0,-0.432,19262000.0,-5715000.0,,0.0,,,,,0.0,18.875,,,,,13547000.0,13547000.0,16449000.0,,,,,0.0,2813000.0,1.0,,50238000,50238000.0,0.27,,,0.0,,,
96,VRTX,MRQ,1997-06-30,1997-06-30,1997-06-30,2021-08-02,,,,,,,,-728000.0,,,0.0,-1412000.0,,,,,,,,830000.0,,0.0,0.0,-1267000.0,-437000.0,-0.036,-437000.0,-1267000.0,-1412000.0,-0.03,-0.03,-0.03,,,,,,,-1074000.0,-0.022,1.0,12155000.0,1.0,,145000.0,,,,,,,,,,,103657000.0,0.0,11850000.0,89000.0,0.0,11939000.0,92063000.0,92881000.0,-346000.0,1000.0,-1412000.0,-1412000.0,-1412000.0,0.0,0.0,-0.116,13422000.0,-1267000.0,,0.0,,,,,0.0,19.125,,,,,12155000.0,12155000.0,10798000.0,,,,,0.0,2624000.0,1.0,,49444000,49444000.0,0.246,,,0.0,,,
97,VRTX,MRQ,1997-03-31,1997-03-31,1997-03-31,2021-08-02,,,,,,,,-2260000.0,,,0.0,-5766000.0,,,,,,,,814000.0,,0.0,0.0,-5614000.0,-4800000.0,-0.694,-4800000.0,-5614000.0,-5766000.0,-0.13,-0.13,-0.13,,,,,,,-4992000.0,-0.114,1.0,6918000.0,1.0,,152000.0,,,,,,,,,,,50076000.0,0.0,150502000.0,-355000.0,0.0,150147000.0,-97332000.0,-94997000.0,-2732000.0,-7000.0,-5766000.0,-5766000.0,-5766000.0,0.0,0.0,-0.833,12532000.0,-5614000.0,,0.0,,,,,0.0,20.25,,,,,6918000.0,6918000.0,10314000.0,,,,,0.0,2218000.0,1.0,,43950000,43950000.0,0.157,,,0.0,,,
98,VRTX,MRQ,1996-12-31,1996-12-31,1996-12-31,2021-08-02,49000.0,143499000.0,,132150000.0,11349000.0,,3.48,,37167000.0,37167000.0,,,18.729,0.097,8527000.0,2910000.0,5617000.0,8527000.0,0.0,,0.0,0.0,0.0,,,,,,,,,,130826000.0,,130826000.0,,,,,,1.0,,,0.0,,107803000.0,,0.0,95508000.0,95508000.0,0.0,12673000.0,7056000.0,5617000.0,,,,,,,,,,,,,,,,,,,,1391000.0,,,,-18.897,8663000.0,,20.125,,40.683,0.0,-96944000.0,,,,,,,,,,1.0,,37596000,,,143499000.0,0.0,,0.0,3.817,125094000.0
0,VRTX,MRT,2021-06-30,2021-06-30,2021-06-30,2021-08-02,-25159000.0,12221686000.0,11847546500.0,8457514000.0,3764172000.0,0.564,35.509,-343247000.0,6063678000.0,6063678000.0,809584000.0,1991686000.0,4.605,0.329,893849000.0,0.0,893849000.0,893849000.0,0.0,116069000.0,0.0,0.0,0.0,2472499000.0,2588568000.0,0.387,2588568000.0,2472499000.0,2411199000.0,7.68,7.59,7.68,9196396000.0,8749234500.0,9196396000.0,46789552244.0,19.0,18.075,1777321000.0,6.863,1.0,5874182000.0,0.879,1402158000.0,61300000.0,3813251000.0,3408470000.0,321620000.0,644315000.0,644315000.0,0.0,3025290000.0,1836448000.0,1188842000.0,52195085244.0,1235368000.0,0.0,-725368000.0,-23244000.0,0.0,-750980000.0,-158140000.0,185107000.0,2120568000.0,23920000.0,1991686000.0,1991686000.0,1991686000.0,0.0,0.0,0.298,3606284000.0,2267898000.0,127534000.0,0.0,5.676,26.206,26.254,1338107000.0,0.0,201.63,7.809,7.813,929142000.0,1578731000.0,6683766000.0,6683766000.0,2823144000.0,0.168,0.228,0.725,0.37,416362000.0,783140000.0,1.0,258865671.0,258988000,261020000.0,25.807,10819528000.0,952808000.0,419513000.0,0.0,41.776,6621066000.0
1,VRTX,MRT,2021-03-31,2021-03-31,2021-03-31,2021-08-02,-33302000.0,12115059000.0,11346216750.0,8539307000.0,3575752000.0,0.565,34.623,-311274000.0,6304330000.0,6304330000.0,766132000.0,2762032000.0,4.393,0.349,898797000.0,0.0,898797000.0,898797000.0,0.0,111528000.0,0.0,0.0,0.0,3339917000.0,3451445000.0,0.538,3451445000.0,3339917000.0,3280224000.0,10.64,10.51,10.64,8980254000.0,8329946000.0,8980254000.0,50764135723.0,15.0,14.708,3047588000.0,11.75,1.0,5648749000.0,0.881,1402158000.0,59693000.0,3363318000.0,3131733250.0,298863000.0,619638000.0,619638000.0,0.0,3134805000.0,1944050000.0,1190755000.0,55862817723.0,2710943000.0,0.0,-629398000.0,-31378000.0,0.0,-664505000.0,-6587000.0,304687000.0,3358862000.0,23173000.0,2762032000.0,2762032000.0,2762032000.0,0.0,0.0,0.431,2617257000.0,3031492000.0,127839000.0,0.0,6.221,20.225,20.196,1308442000.0,0.0,214.89,8.708,8.689,977551000.0,1511807000.0,6414881000.0,6414881000.0,1836982000.0,0.243,0.332,1.066,0.521,428929000.0,780275000.0,1.0,259960062.0,259369000,261916000.0,24.733,10712901000.0,815890000.0,518192000.0,0.0,41.304,6595257000.0
2,VRTX,MRT,2020-12-31,2020-12-31,2020-12-31,2021-08-02,-68480000.0,11751808000.0,10540752250.0,8133379000.0,3618429000.0,0.589,33.431,-259798000.0,5988187000.0,5988187000.0,736300000.0,2711647000.0,4.332,0.353,889505000.0,0.0,889505000.0,889505000.0,0.0,109515000.0,0.0,0.0,0.0,3174949000.0,3284464000.0,0.529,3284464000.0,3174949000.0,3116798000.0,10.44,10.29,10.44,8686815000.0,7700296000.0,8686815000.0,56645782868.0,18.0,17.247,2993707000.0,11.521,1.0,5469383000.0,0.881,1402158000.0,58151000.0,3373435000.0,3013862000.0,280777000.0,670710000.0,670710000.0,0.0,3064993000.0,1877533000.0,1187460000.0,61457355868.0,2868164000.0,0.0,-474461000.0,-29024000.0,0.0,-505281000.0,99388000.0,359186000.0,3253505000.0,20552000.0,2711647000.0,2711647000.0,2711647000.0,0.0,0.0,0.437,2599993000.0,2869390000.0,155139000.0,0.0,7.075,22.664,22.638,1284098000.0,0.0,236.34,9.903,9.896,885352000.0,858669000.0,6205683000.0,6205683000.0,1829537000.0,0.257,0.352,1.053,0.512,429461000.0,770456000.0,1.0,260037894.0,259841000,263396000.0,23.883,10349650000.0,882779000.0,405151000.0,0.0,39.831,6255846000.0
3,VRTX,MRT,2020-09-30,2020-09-30,2020-09-30,2021-08-02,-40982000.0,11301633000.0,9682416500.0,7458456000.0,3843177000.0,0.619,31.235,-228870000.0,5358087000.0,5358087000.0,718211000.0,2690691000.0,3.722,0.39,546514000.0,0.0,546514000.0,546514000.0,0.0,106416000.0,0.0,0.0,0.0,2961237000.0,3067653000.0,0.512,3067653000.0,2961237000.0,2905125000.0,10.36,10.23,10.36,8133473000.0,7049903250.0,8133473000.0,66569105928.0,22.0,21.7,2979111000.0,11.441,1.0,5272917000.0,0.88,1402158000.0,56112000.0,3083876000.0,2944259750.0,245460000.0,792971000.0,792971000.0,0.0,3168160000.0,2004026000.0,1164134000.0,70878370928.0,1956394000.0,-908388000.0,-190402000.0,-20630000.0,0.0,-218668000.0,-1041350000.0,95908000.0,3207981000.0,8431000.0,2690691000.0,2690691000.0,2690691000.0,0.0,0.0,0.449,2596854000.0,2676063000.0,107786000.0,0.0,8.714,26.342,26.266,920913000.0,0.0,272.12,11.831,11.827,791917000.0,254479000.0,5991128000.0,5991128000.0,1842964000.0,0.278,0.382,1.006,0.494,424025000.0,753890000.0,1.0,260467334.0,260392000,264079000.0,23.008,9899475000.0,1147816000.0,214434000.0,0.0,38.018,5454430000.0
4,VRTX,MRT,2020-06-30,2020-06-30,2020-06-30,2021-08-02,-14121000.0,10216367000.0,8735646500.0,6694320000.0,3522047000.0,0.618,28.961,-78366000.0,4831332000.0,4831332000.0,663943000.0,2080775000.0,3.722,0.359,522067000.0,0.0,522067000.0,522067000.0,0.0,105621000.0,0.0,0.0,0.0,2286724000.0,2392345000.0,0.443,2392345000.0,2286724000.0,2229920000.0,8.02,7.92,8.02,7519242000.0,6329883500.0,7519242000.0,72210161390.0,32.0,30.184,2556656000.0,9.847,1.0,4738742000.0,0.877,1402158000.0,56804000.0,2706304000.0,2894473750.0,219218000.0,619437000.0,619437000.0,0.0,2697125000.0,1798640000.0,898485000.0,75270621390.0,1534054000.0,-1154212000.0,-33229000.0,-23289000.0,0.0,-57628000.0,-1042412000.0,190166000.0,2635022000.0,-928000.0,2080775000.0,2080775000.0,2080775000.0,0.0,0.0,0.385,2634428000.0,2104314000.0,101451000.0,0.0,10.01,36.174,36.198,728357000.0,0.0,290.31,13.932,13.951,791768000.0,-412955000.0,5402685000.0,5402685000.0,1905415000.0,0.238,0.329,0.79,0.423,409906000.0,729013000.0,1.0,259276709.0,259637000,263403000.0,20.809,8814209000.0,1214968000.0,149145000.0,0.0,33.948,4895680000.0
5,VRTX,MRT,2020-03-31,2020-03-31,2020-03-31,2021-08-02,13383000.0,8893201000.0,7939922500.0,5446400000.0,3446801000.0,0.607,24.87,-76860000.0,3593412000.0,3593412000.0,615163000.0,1510932000.0,3.539,0.376,532952000.0,0.0,532952000.0,532952000.0,0.0,106622000.0,0.0,0.0,0.0,1790058000.0,1896680000.0,0.394,1896680000.0,1790058000.0,1732288000.0,5.84,5.77,5.84,6461654000.0,5717564250.0,6461654000.0,59122215704.0,33.0,31.171,1983384000.0,7.634,1.0,4204330000.0,0.872,1402158000.0,57770000.0,2891833000.0,2978184250.0,187087000.0,596984000.0,596984000.0,0.0,2431547000.0,1538750000.0,892797000.0,61692961704.0,700432000.0,-1154212000.0,-169148000.0,-22823000.0,0.0,-190668000.0,-1164514000.0,66558000.0,2060244000.0,-4630000.0,1510932000.0,1510932000.0,1510932000.0,0.0,0.0,0.314,2557289000.0,1647041000.0,100703000.0,0.0,9.548,40.831,40.745,736303000.0,0.0,237.95,12.801,12.828,845269000.0,-1250225000.0,4819493000.0,4819493000.0,1863578000.0,0.19,0.264,0.601,0.371,382404000.0,693711000.0,1.0,259268593.0,259815000,263515000.0,18.55,7491043000.0,1147705000.0,221356000.0,0.0,28.832,3907650000.0
6,VRTX,MRT,2019-12-31,2019-12-31,2019-12-31,2021-08-02,-1973000.0,8318465000.0,7352400750.0,4822829000.0,3495636000.0,0.566,23.703,-75451000.0,3109322000.0,3109322000.0,547758000.0,1176810000.0,3.613,0.367,622868000.0,0.0,622868000.0,622868000.0,0.0,106941000.0,0.0,0.0,0.0,1453421000.0,1560362000.0,0.375,1560362000.0,1453421000.0,1394919000.0,4.58,4.51,4.58,6085244000.0,5282979000.0,6085244000.0,53509500293.0,37.0,34.293,1493879000.0,5.819,1.0,3615063000.0,0.868,1402158000.0,58502000.0,3095026000.0,3034286500.0,167502000.0,698972000.0,698972000.0,0.0,2233221000.0,1334827000.0,898394000.0,56302902293.0,462428000.0,-1154212000.0,151229000.0,-29139000.0,0.0,126773000.0,-1235318000.0,-5655000.0,1569330000.0,1643000.0,1176810000.0,1176810000.0,1176810000.0,0.0,0.0,0.283,2413038000.0,1202025000.0,87610000.0,0.0,9.252,47.844,47.806,833282000.0,0.0,218.95,13.525,13.503,633518000.0,-1852978000.0,4162821000.0,4162821000.0,1754540000.0,0.16,0.223,0.479,0.349,360489000.0,658498000.0,1.0,257149588.0,256728000,260673000.0,16.215,6916307000.0,1190815000.0,218109000.0,0.0,26.94,3488002000.0
7,VRTX,MRT,2019-09-30,2019-09-30,2019-09-30,2021-08-02,18847000.0,7514553000.0,6834259000.0,4777094000.0,2737459000.0,0.53,20.446,-74336000.0,3397941000.0,3397941000.0,485035000.0,2118672000.0,3.439,0.43,604539000.0,0.0,604539000.0,604539000.0,0.0,99511000.0,0.0,0.0,0.0,838894000.0,938405000.0,0.259,938405000.0,838894000.0,775897000.0,8.4,8.26,8.4,5253394000.0,4870468750.0,5253394000.0,40864223753.0,49.0,43.546,1363564000.0,5.307,1.0,3134627000.0,0.866,447525000.0,62997000.0,2884732000.0,3012189500.0,162306000.0,598390000.0,598390000.0,0.0,2261159000.0,1388894000.0,872265000.0,43546944753.0,917540000.0,-253720000.0,-110789000.0,-29352000.0,0.0,-135694000.0,-379231000.0,-51175000.0,1437900000.0,-5435000.0,2144103000.0,2144103000.0,2144103000.0,0.0,-25431000.0,0.592,2357845000.0,776782000.0,92528000.0,0.0,8.289,20.31,20.169,794438000.0,0.0,169.42,12.031,12.026,443315000.0,-2436212000.0,3619662000.0,3619662000.0,1712410000.0,0.314,0.44,0.278,0.232,347841000.0,616431000.0,1.0,257035443.0,256946000,260473000.0,14.087,7067028000.0,1415511000.0,-1368206000.0,0.0,27.504,3388200000.0
8,VRTX,MRT,2019-06-30,2019-06-30,2019-06-30,2021-08-02,-3201000.0,7033471000.0,6110830750.0,4710968000.0,2322503000.0,0.565,19.793,-70957000.0,3294684000.0,3294684000.0,464376000.0,2189610000.0,3.741,0.387,611963000.0,0.0,611963000.0,611963000.0,0.0,92856000.0,0.0,0.0,0.0,909167000.0,1002023000.0,0.29,1002023000.0,909167000.0,842032000.0,8.69,8.54,8.69,5069965000.0,4283649250.0,5069965000.0,44697514997.0,49.0,44.607,1413502000.0,5.518,1.0,2989993000.0,0.866,50384000.0,67135000.0,3041146000.0,2703642500.0,143017000.0,656538000.0,656538000.0,0.0,1963506000.0,1259220000.0,704286000.0,46967534997.0,1147578000.0,-7896000.0,-132311000.0,-26388000.0,0.0,-153971000.0,-180121000.0,-101268000.0,1484459000.0,-2789000.0,2215331000.0,2215331000.0,2215331000.0,0.0,-25721000.0,0.641,2109854000.0,880139000.0,77045000.0,0.0,9.264,21.201,21.102,789162000.0,0.0,183.38,13.597,13.598,464900000.0,-2493730000.0,3454369000.0,3454369000.0,1486972000.0,0.363,0.517,0.336,0.263,347953000.0,594052000.0,1.0,256121360.0,256154000,259822000.0,13.486,6983087000.0,1425191000.0,-1373299000.0,0.0,27.261,3451748000.0
9,VRTX,MRT,2019-03-31,2019-03-31,2019-03-31,2021-08-02,6000000.0,6543114000.0,5436309500.0,4183039000.0,2360075000.0,0.601,18.472,-84211000.0,2893885000.0,2893885000.0,433018000.0,2128433000.0,3.781,0.385,623865000.0,0.0,623865000.0,623865000.0,0.0,83217000.0,0.0,0.0,0.0,803048000.0,886265000.0,0.271,886265000.0,803048000.0,732595000.0,8.47,8.31,8.47,4723313000.0,3687715000.0,4723313000.0,44969317732.0,56.0,50.74,1258202000.0,4.921,1.0,2832215000.0,0.867,50384000.0,70453000.0,3116242000.0,2385248000.0,136698000.0,584150000.0,584150000.0,0.0,1819801000.0,1106468000.0,713333000.0,47028084732.0,895804000.0,-7896000.0,-175372000.0,-12805000.0,0.0,-192164000.0,-246229000.0,-154122000.0,1342413000.0,-8216000.0,2155264000.0,2155264000.0,2155264000.0,0.0,-26831000.0,0.66,2049158000.0,783057000.0,82262000.0,0.0,9.957,21.82,21.718,803132000.0,0.0,183.95,14.403,14.405,438297000.0,-2761157000.0,3265233000.0,3265233000.0,1445413000.0,0.396,0.584,0.337,0.246,340702000.0,574853000.0,1.0,255656889.0,255695000,260175000.0,12.77,6492730000.0,1467518000.0,-1422669000.0,0.0,25.392,3076571000.0
10,VRTX,MRT,2018-12-31,2018-12-31,2018-12-31,2021-08-02,659000.0,6245898000.0,4788774500.0,3843109000.0,2402789000.0,0.636,17.441,-95449000.0,2650134000.0,2650134000.0,409539000.0,2087103000.0,3.43,0.408,581550000.0,0.0,581550000.0,581550000.0,0.0,72420000.0,0.0,0.0,0.0,682505000.0,754925000.0,0.248,754925000.0,682505000.0,610034000.0,8.24,8.09,8.24,4435203000.0,3107150750.0,4435203000.0,40450117980.0,59.0,53.582,1174837000.0,4.62,1.0,2638058000.0,0.866,50384000.0,72471000.0,3006638000.0,2015171750.0,124360000.0,518108000.0,518108000.0,0.0,1810695000.0,1120292000.0,690403000.0,42348521980.0,990727000.0,-7896000.0,-60750000.0,-12548000.0,0.0,-71219000.0,-202158000.0,-98813000.0,1270286000.0,-6182000.0,2096896000.0,2096896000.0,2096896000.0,0.0,-9793000.0,0.688,2002908000.0,635150000.0,110987000.0,0.0,9.548,20.196,20.11,812005000.0,0.0,165.71,13.896,13.827,409688000.0,-2989478000.0,3047597000.0,3047597000.0,1416476000.0,0.438,0.675,0.339,0.224,325047000.0,557616000.0,1.0,255558035.0,254292000,259185000.0,11.985,6195514000.0,1499672000.0,-1486862000.0,0.0,24.364,2722817000.0
11,VRTX,MRT,2018-09-30,2018-09-30,2018-09-30,2021-08-02,307000.0,4620840000.0,4113803500.0,3686611000.0,934229000.0,0.688,11.401,-122787000.0,2486445000.0,2486445000.0,371302000.0,664192000.0,3.714,0.58,588041000.0,11511000.0,576530000.0,588041000.0,81610000.0,70026000.0,0.0,0.0,0.0,741069000.0,811095000.0,0.287,811095000.0,741069000.0,663047000.0,2.56,2.51,2.56,2906116000.0,2505494750.0,2906116000.0,47695488643.0,64.0,58.804,1060432000.0,4.16,1.0,2457823000.0,0.869,79384000.0,78022000.0,1650544000.0,1663610000.0,124150000.0,577583000.0,577583000.0,0.0,1686359000.0,992508000.0,693851000.0,49256622643.0,1100282000.0,-61602000.0,85351000.0,13407000.0,0.0,103058000.0,-182040000.0,-60314000.0,1183219000.0,-3955000.0,647053000.0,647053000.0,647053000.0,0.0,17139000.0,0.229,1824658000.0,633165000.0,92149000.0,0.0,16.949,76.125,75.289,808352000.0,0.0,192.74,17.411,17.366,379755000.0,-4540005000.0,2829125000.0,2829125000.0,1285259000.0,0.157,0.258,0.445,0.262,322350000.0,539200000.0,1.0,255559939.0,254905000,259788000.0,11.099,4541456000.0,0.0,15994000.0,0.0,17.816,2694103000.0
12,VRTX,MRT,2018-06-30,2018-06-30,2018-06-30,2021-08-02,-4605000.0,4335386000.0,3758174750.0,3407423000.0,927963000.0,0.698,10.57,-129835000.0,2153869000.0,2153869000.0,332921000.0,244469000.0,3.675,0.603,592735000.0,15060000.0,577675000.0,592735000.0,80602000.0,66059000.0,0.0,0.0,0.0,370301000.0,436360000.0,0.166,436360000.0,370301000.0,297391000.0,1.64,1.6,1.64,2686228000.0,2226735000.0,2686228000.0,41900605231.0,113.0,96.023,842122000.0,3.314,1.0,2289834000.0,0.873,79384000.0,72910000.0,1767568000.0,1653130000.0,115025000.0,622396000.0,622396000.0,0.0,1620503000.0,927300000.0,693203000.0,43310946231.0,866310000.0,-61602000.0,226757000.0,16838000.0,0.0,253684000.0,-357432000.0,-7056000.0,971957000.0,-1899000.0,415355000.0,415355000.0,415355000.0,0.0,-170886000.0,0.158,2188361000.0,101473000.0,83034000.0,0.0,16.123,104.275,103.634,815928000.0,0.0,169.96,16.514,16.468,393439000.0,-4668751000.0,2622755000.0,2622755000.0,1409696000.0,0.111,0.187,0.224,0.141,311274000.0,522615000.0,1.0,254830232.0,254135000,258584000.0,10.32,4256002000.0,0.0,-117964000.0,0.0,16.747,2480123000.0
13,VRTX,MRT,2018-03-31,2018-03-31,2018-03-31,2021-08-02,-39743000.0,3952974000.0,3495726750.0,3041116000.0,911858000.0,0.691,9.482,-117601000.0,2005466000.0,2005466000.0,299744000.0,69388000.0,3.676,0.634,595125000.0,16919000.0,578206000.0,595125000.0,79537000.0,62890000.0,0.0,0.0,0.0,171442000.0,234332000.0,0.097,234332000.0,171442000.0,102023000.0,0.89,0.87,0.89,2401056000.0,1972996250.0,2401056000.0,40318847552.0,235.0,172.059,714306000.0,2.821,1.0,2114989000.0,0.876,79384000.0,69419000.0,1635937000.0,1612800500.0,117346000.0,481124000.0,481124000.0,0.0,1522153000.0,827312000.0,694841000.0,41379315552.0,957485000.0,-61602000.0,411994000.0,6248000.0,0.0,436925000.0,-317417000.0,20725000.0,831907000.0,6070000.0,225991000.0,225991000.0,225991000.0,0.0,-156603000.0,0.094,2133687000.0,-18698000.0,74062000.0,0.0,17.234,183.102,183.124,800670000.0,0.0,162.98,17.136,17.092,327294000.0,-4876111000.0,2414733000.0,2414733000.0,1361615000.0,0.065,0.115,0.106,0.071,301933000.0,512561000.0,1.0,253891984.0,253231000,258526000.0,9.536,3873590000.0,0.0,-123968000.0,0.0,15.297,2213804000.0
14,VRTX,MRT,2017-12-31,2017-12-31,2017-12-31,2021-08-02,-11572000.0,3546014000.0,3244159000.0,2648963000.0,897051000.0,0.767,8.152,-99421000.0,1665412000.0,1665412000.0,275119000.0,91635000.0,3.281,0.741,606433000.0,22531000.0,583902000.0,606433000.0,78431000.0,61397000.0,0.0,0.0,0.0,225458000.0,286855000.0,0.115,286855000.0,225458000.0,156160000.0,1.06,1.04,1.06,2028579000.0,1747734250.0,2028579000.0,37100442801.0,165.0,129.335,745521000.0,2.996,1.0,2213533000.0,0.889,79384000.0,69298000.0,1600391000.0,1609401250.0,111830000.0,423254000.0,423254000.0,0.0,1503708000.0,807260000.0,696448000.0,37900020801.0,435819000.0,-61602000.0,344840000.0,-288936000.0,0.0,68404000.0,-483329000.0,-163367000.0,844942000.0,5802000.0,263484000.0,263484000.0,263484000.0,0.0,-171849000.0,0.106,2090290000.0,123243000.0,73994000.0,0.0,18.683,143.842,141.377,789437000.0,0.0,149.86,15.229,14.986,281343000.0,-5119723000.0,2488652000.0,2488652000.0,1324625000.0,0.081,0.151,0.14,0.091,293236000.0,496079000.0,1.0,252902848.0,248858000,253225000.0,10.0,3466630000.0,834000.0,-107324000.0,6341000.0,13.93,1841703000.0
15,VRTX,MRT,2017-09-30,2017-09-30,2017-09-30,2021-08-02,-25129000.0,3198325000.0,3081852250.0,2327974000.0,870351000.0,0.745,7.157,-71225000.0,1386769000.0,1386769000.0,251549000.0,17209000.0,3.275,0.779,587191000.0,19881000.0,567310000.0,587191000.0,15920000.0,60416000.0,190272000.0,0.0,0.0,136153000.0,196569000.0,0.086,196569000.0,136153000.0,70711000.0,0.8,0.78,0.8,1791077000.0,1529735000.0,1791077000.0,37612938843.0,276.0,191.347,690930000.0,2.761,1.0,2044175000.0,0.89,79384000.0,65442000.0,1608624000.0,1553948500.0,98192000.0,447729000.0,427282000.0,20447000.0,1395081000.0,710739000.0,684342000.0,38332152843.0,566084000.0,0.0,315270000.0,-316035000.0,0.0,88935000.0,-285606000.0,7189000.0,762155000.0,600000.0,195745000.0,195745000.0,195745000.0,0.0,-178536000.0,0.085,2007029000.0,37146000.0,77138000.0,0.0,21.402,195.827,190.05,759978000.0,0.0,152.04,16.697,16.575,263493000.0,-5220407000.0,2295724000.0,2295724000.0,1266413000.0,0.064,0.128,0.088,0.059,278990000.0,471193000.0,1.0,252118869.0,250268000,250268000.0,9.173,3118941000.0,0.0,-125034000.0,0.0,12.462,1617235000.0
16,VRTX,MRT,2017-06-30,2017-06-30,2017-06-30,2021-08-02,-21753000.0,3285594000.0,2934681250.0,2180572000.0,1105022000.0,0.726,6.752,-57148000.0,1287758000.0,1287758000.0,232752000.0,268939000.0,3.487,0.849,568544000.0,18179000.0,550365000.0,568544000.0,11438000.0,59760000.0,147686000.0,0.0,0.0,333236000.0,392996000.0,0.184,392996000.0,333236000.0,261228000.0,1.05,1.03,1.05,1671273000.0,1337352250.0,1671273000.0,31597650936.0,95.0,80.402,600577000.0,2.426,1.0,1898590000.0,0.891,334724000.0,72008000.0,1606250000.0,1544840500.0,92263000.0,465772000.0,445520000.0,20252000.0,1418363000.0,625406000.0,792957000.0,32097493936.0,580899000.0,0.0,182415000.0,-314893000.0,0.0,-50216000.0,-25534000.0,36838000.0,657725000.0,-1076000.0,259856000.0,259856000.0,259856000.0,0.0,9083000.0,0.122,1554128000.0,344462000.0,75941000.0,0.0,19.205,123.52,122.733,740103000.0,0.0,128.87,15.06,14.966,247949000.0,-5117455000.0,2131342000.0,2131342000.0,1083836000.0,0.089,0.194,0.216,0.156,265743000.0,456538000.0,1.0,249068782.0,247521000,251635000.0,8.611,2950870000.0,0.0,1372000.0,0.0,11.922,1555166000.0
17,VRTX,MRT,2017-03-31,2017-03-31,2017-03-31,2021-08-02,16025000.0,2946703000.0,2750528250.0,1871814000.0,1074889000.0,0.734,6.097,-55688000.0,1048243000.0,1048243000.0,206799000.0,201619000.0,3.822,0.843,548400000.0,19270000.0,529130000.0,548400000.0,11799000.0,59833000.0,104774000.0,0.0,0.0,269999000.0,329832000.0,0.163,329832000.0,269999000.0,192500000.0,0.72,0.7,0.72,1500008000.0,1164872500.0,1500008000.0,26775711187.0,99.0,81.18,461244000.0,1.875,1.0,1812016000.0,0.898,334724000.0,77499000.0,1622340000.0,1571671250.0,82020000.0,425379000.0,405103000.0,20276000.0,1263910000.0,489796000.0,774114000.0,27166709187.0,343005000.0,0.0,70633000.0,-311512000.0,0.0,-160996000.0,-7033000.0,48796000.0,516932000.0,-5898000.0,177335000.0,177335000.0,177335000.0,0.0,24284000.0,0.088,1516908000.0,295108000.0,63145000.0,0.0,18.111,153.194,151.875,708395000.0,0.0,109.35,13.457,13.326,207955000.0,-5135451000.0,2018815000.0,2018815000.0,1065393000.0,0.064,0.152,0.172,0.134,254590000.0,440941000.0,1.0,248438127.0,246024000,248700000.0,8.206,2611979000.0,0.0,15165000.0,0.0,10.617,1382018000.0
18,VRTX,MRT,2016-12-31,2016-12-31,2016-12-31,2021-08-02,21173000.0,2896787000.0,2635829000.0,1831540000.0,1065247000.0,0.646,4.727,-56563000.0,1231707000.0,1231707000.0,210460000.0,-84031000.0,2.311,1.348,840761000.0,319426000.0,521335000.0,840761000.0,86060000.0,61398000.0,73416000.0,0.0,0.0,-13955000.0,47443000.0,0.028,47443000.0,-13955000.0,-95387000.0,-0.46,-0.46,-0.46,1156582000.0,1029140250.0,1156582000.0,18292735768.0,-1311.0,385.573,179540000.0,0.734,1.0,1491717000.0,0.876,334724000.0,81432000.0,1378580000.0,1596843500.0,77604000.0,270888000.0,250612000.0,20276000.0,1558596000.0,792537000.0,766059000.0,18272619768.0,415946000.0,0.0,68230000.0,-9959000.0,0.0,133271000.0,51238000.0,107862000.0,236103000.0,-4666000.0,-112052000.0,-112052000.0,-112052000.0,0.0,28021000.0,-0.066,1481781000.0,9936000.0,61451000.0,0.0,15.799,-163.073,-160.152,698362000.0,0.0,73.67,10.735,10.59,200364000.0,-5373836000.0,1702177000.0,1702177000.0,1047690000.0,-0.043,-0.109,-0.009,-0.008,240623000.0,432829000.0,1.0,248033389.0,244685000,244685000.0,6.957,2562063000.0,0.0,16665000.0,0.0,10.471,1039003000.0
19,VRTX,MRT,2016-09-30,2016-09-30,2016-09-30,2021-08-02,-3845000.0,2609641000.0,2536279000.0,1501901000.0,1107740000.0,0.655,4.171,-54302000.0,800199000.0,800199000.0,213363000.0,-186459000.0,2.078,1.372,820315000.0,315523000.0,504792000.0,820315000.0,15806000.0,61694000.0,0.0,0.0,0.0,-114342000.0,-52648000.0,-0.032,-52648000.0,-114342000.0,-195989000.0,-0.9,-0.9,-0.9,1021546000.0,974986500.0,1021546000.0,21730950253.0,-190.0,-412.759,66220000.0,0.27,1.0,1448043000.0,0.872,334724000.0,81647000.0,1572192000.0,1669241750.0,71799000.0,462063000.0,408749000.0,53314000.0,1401300000.0,722841000.0,678459000.0,21608780253.0,-36558000.0,0.0,97068000.0,-4919000.0,0.0,92149000.0,-248389000.0,-173047000.0,120522000.0,-840000.0,-218728000.0,-218728000.0,-218728000.0,0.0,32269000.0,-0.132,1531451000.0,-83408000.0,50914000.0,0.0,21.153,-98.793,-96.9,687613000.0,0.0,87.21,13.006,12.856,182229000.0,-5406781000.0,1661406000.0,1661406000.0,1109419000.0,-0.086,-0.224,-0.068,-0.069,223269000.0,419470000.0,1.0,247778698.0,244920000,244920000.0,6.783,2274917000.0,0.0,22739000.0,0.0,9.288,779060000.0
20,VRTX,MRT,2016-06-30,2016-06-30,2016-06-30,2021-08-02,-3390000.0,2548982000.0,2492367000.0,1454150000.0,1094832000.0,0.625,4.014,-49216000.0,698464000.0,698464000.0,191246000.0,-240738000.0,2.335,1.406,820634000.0,239022000.0,581612000.0,820634000.0,18879000.0,63293000.0,0.0,0.0,0.0,-168829000.0,-105536000.0,-0.068,-105536000.0,-168829000.0,-251470000.0,-1.13,-1.13,-1.13,981354000.0,950136750.0,981354000.0,21398923301.0,-127.0,-202.764,-56423000.0,-0.231,1.0,1366193000.0,0.877,334724000.0,82641000.0,1713573000.0,1698991500.0,66589000.0,498783000.0,465570000.0,33213000.0,1380137000.0,622855000.0,757282000.0,21277035301.0,-264677000.0,0.0,131444000.0,-3181000.0,0.0,128263000.0,-384115000.0,-318046000.0,-7207000.0,-1618000.0,-275036000.0,-275036000.0,-275036000.0,0.0,34298000.0,-0.177,1500900000.0,-134707000.0,51302000.0,0.0,21.681,-77.361,-76.124,690607000.0,0.0,86.02,13.662,13.503,189356000.0,-5367940000.0,1557439000.0,1557439000.0,1083333000.0,-0.11,-0.289,-0.099,-0.108,227794000.0,413187000.0,1.0,247349864.0,244482000,244482000.0,6.37,2214258000.0,0.0,23566000.0,0.0,9.057,831295000.0
21,VRTX,MRT,2016-03-31,2016-03-31,2016-03-31,2021-08-02,-4899000.0,2487906000.0,2448639750.0,1402835000.0,1085071000.0,0.528,3.925,-46718000.0,702606000.0,702606000.0,162854000.0,-425579000.0,2.541,1.433,824494000.0,163543000.0,660951000.0,824494000.0,23195000.0,62395000.0,0.0,0.0,0.0,-280195000.0,-217800000.0,-0.169,-217800000.0,-280195000.0,-363792000.0,-1.65,-1.65,-1.65,957079000.0,928539250.0,957079000.0,19596461503.0,-70.0,-89.975,-205051000.0,-0.841,1.0,1129053000.0,0.874,334724000.0,83597000.0,1723029000.0,1647844750.0,63200000.0,451511000.0,421373000.0,30138000.0,1371708000.0,552041000.0,819667000.0,19585696503.0,-60634000.0,-80000000.0,152822000.0,-9615000.0,0.0,143207000.0,-47890000.0,101476000.0,-158333000.0,2382000.0,-399359000.0,-399359000.0,-399359000.0,0.0,-26220000.0,-0.309,1438277000.0,-309224000.0,75221000.0,0.0,20.464,-49.043,-48.176,690521000.0,0.0,79.49,15.16,15.003,181878000.0,-5303415000.0,1291907000.0,1291907000.0,1036183000.0,-0.163,-0.43,-0.17,-0.217,229113000.0,395929000.0,1.0,246391955.0,243831000,243831000.0,5.298,2153182000.0,0.0,35567000.0,0.0,8.831,850794000.0
22,VRTX,MRT,2015-12-31,2015-12-31,2015-12-31,2021-08-02,1824000.0,2498587000.0,2368120000.0,1407153000.0,1091434000.0,0.436,3.895,-45302000.0,815761000.0,815761000.0,124512000.0,-588181000.0,2.78,1.495,826238000.0,86841000.0,739397000.0,826238000.0,26010000.0,62343000.0,0.0,0.0,0.0,-441747000.0,-379404000.0,-0.368,-379404000.0,-441747000.0,-525953000.0,-2.31,-2.31,-2.31,939967000.0,933384000.0,939967000.0,30885487097.0,-70.0,-81.405,-410734000.0,-1.702,1.0,907824000.0,0.879,334724000.0,84206000.0,1668173000.0,1702427750.0,57207000.0,357694000.0,327694000.0,30000000.0,1404959000.0,506167000.0,898792000.0,30918606097.0,89509000.0,-80000000.0,185592000.0,3327000.0,0.0,188919000.0,268856000.0,416087000.0,-365432000.0,-2834000.0,-556334000.0,-556334000.0,-556334000.0,0.0,-31847000.0,-0.539,1374703000.0,-466879000.0,74942000.0,0.0,32.893,-55.576,-54.472,697715000.0,0.0,125.83,29.95,29.413,173838000.0,-5261784000.0,1032336000.0,1032336000.0,995922000.0,-0.235,-0.596,-0.259,-0.428,231025000.0,376575000.0,1.0,245717286.0,241312000,241312000.0,4.278,2163863000.0,0.0,30381000.0,0.0,8.967,900986000.0
23,VRTX,MRT,2015-09-30,2015-09-30,2015-09-30,2021-08-02,1511000.0,2433993000.0,2327143000.0,1359452000.0,1074541000.0,0.326,3.811,-47451000.0,854101000.0,854101000.0,75154000.0,-694358000.0,3.626,1.472,820982000.0,14153000.0,806829000.0,820982000.0,31501000.0,62932000.0,0.0,0.0,0.0,-540727000.0,-477795000.0,-0.63,-477795000.0,-540727000.0,-625456000.0,-2.74,-2.74,-2.74,922147000.0,967143750.0,922147000.0,25321886582.0,-47.0,-52.997,-623809000.0,-2.578,1.0,683803000.0,0.901,334724000.0,84729000.0,1691191000.0,1807535500.0,49197000.0,249580000.0,249580000.0,0.0,1357261000.0,374959000.0,982302000.0,25478426582.0,37687000.0,-90000000.0,213030000.0,37324000.0,0.0,244464000.0,373535000.0,512120000.0,-576358000.0,-3954000.0,-659259000.0,-659259000.0,-659259000.0,209000.0,-35099000.0,-0.869,1250603000.0,-566800000.0,78899000.0,0.0,27.629,-38.647,-38.007,706670000.0,0.0,104.14,33.57,33.202,165272000.0,-5188053000.0,758957000.0,758957000.0,887204000.0,-0.283,-0.682,-0.299,-0.712,226601000.0,358553000.0,1.0,244655527.0,241969000,241969000.0,3.137,2099269000.0,0.0,33803000.0,0.0,8.676,984493000.0
24,VRTX,MRT,2015-06-30,2015-06-30,2015-06-30,2021-08-02,-1707000.0,2374073000.0,2320166250.0,1294689000.0,1079384000.0,0.271,3.717,-47952000.0,981007000.0,981007000.0,57378000.0,-770602000.0,3.463,1.481,824467000.0,56794000.0,767673000.0,824467000.0,35949000.0,63725000.0,0.0,0.0,0.0,-614299000.0,-550574000.0,-0.877,-550574000.0,-614299000.0,-698278000.0,-3.07,-3.07,-3.07,894964000.0,1025583250.0,894964000.0,30245414460.0,-49.0,-54.934,-649884000.0,-2.699,1.0,570750000.0,0.909,334724000.0,83979000.0,1508986000.0,1912854750.0,42113000.0,145907000.0,145907000.0,0.0,1325857000.0,373823000.0,952034000.0,30098527460.0,449985000.0,-90000000.0,244518000.0,313401000.0,0.0,552029000.0,505015000.0,642596000.0,-601932000.0,-5127000.0,-734170000.0,-734170000.0,-734170000.0,273000.0,-36432000.0,-1.169,1209727000.0,-638977000.0,72703000.0,0.0,33.631,-40.997,-40.221,713378000.0,0.0,123.48,47.918,47.329,94519000.0,-5092904000.0,628128000.0,628128000.0,831859000.0,-0.316,-0.716,-0.321,-0.978,207003000.0,334005000.0,1.0,243752247.0,240757000,240757000.0,2.609,2039349000.0,0.0,35892000.0,0.0,8.471,920866000.0
25,VRTX,MRT,2015-03-31,2015-03-31,2015-03-31,2021-08-02,791000.0,2165827000.0,2256103000.0,1358203000.0,807624000.0,0.266,4.077,-46233000.0,687020000.0,687020000.0,57818000.0,-708992000.0,4.491,1.196,833907000.0,48199000.0,785708000.0,833907000.0,39918000.0,63832000.0,0.0,0.0,0.0,-619797000.0,-555965000.0,-0.926,-555965000.0,-619797000.0,-698250000.0,-2.97,-2.97,-2.97,976458000.0,1094909500.0,976458000.0,28758913645.0,-46.0,-51.728,-665819000.0,-2.78,1.0,542655000.0,0.904,68915000.0,78453000.0,1941361000.0,1995907250.0,34089000.0,516255000.0,516255000.0,0.0,1168290000.0,302438000.0,865852000.0,28559225645.0,240834000.0,-10000000.0,256097000.0,299030000.0,0.0,549237000.0,316454000.0,371656000.0,-619586000.0,-5271000.0,-704704000.0,-704704000.0,-704704000.0,566000.0,-4288000.0,-1.174,1191010000.0,-648355000.0,43524000.0,0.0,29.248,-40.527,-39.721,708616000.0,0.0,117.97,47.561,47.051,80332000.0,-4904056000.0,600473000.0,600473000.0,832488000.0,-0.312,-0.644,-0.311,-1.032,186186000.0,317057000.0,1.0,242088884.0,239493000,239493000.0,2.507,2096912000.0,0.0,6454000.0,0.0,8.756,1055765000.0
26,VRTX,MRT,2014-12-31,2014-12-31,2014-12-31,2021-08-02,917000.0,2334679000.0,2263923250.0,1546511000.0,788168000.0,0.256,4.569,-51201000.0,633853000.0,633853000.0,60987000.0,-742745000.0,4.2,1.152,824947000.0,32012000.0,792935000.0,824947000.0,45276000.0,63257000.0,0.0,0.0,0.0,-658734000.0,-595477000.0,-1.026,-595477000.0,-658734000.0,-731597000.0,-3.14,-3.14,-3.14,1075006000.0,1158514500.0,1075006000.0,28683542909.0,-44.0,-48.169,-624313000.0,-2.653,1.0,519428000.0,0.895,68915000.0,72863000.0,2088604000.0,1987971750.0,30848000.0,761847000.0,761847000.0,0.0,1238496000.0,368254000.0,870242000.0,28573990909.0,55960000.0,-10000000.0,274615000.0,272464000.0,0.0,549239000.0,82009000.0,143454000.0,-573112000.0,-2176000.0,-738555000.0,-738555000.0,-738555000.0,912000.0,-4190000.0,-1.272,1211840000.0,-692412000.0,71194000.0,0.0,26.58,-38.689,-37.834,715812000.0,0.0,118.8,49.23,48.163,75964000.0,-4705450000.0,580415000.0,580415000.0,855506000.0,-0.326,-0.638,-0.331,-1.135,175382000.0,305409000.0,1.0,240521809.0,235307000,235307000.0,2.467,2265764000.0,0.0,6958000.0,0.0,9.629,1178257000.0
27,VRTX,MRT,2014-09-30,2014-09-30,2014-09-30,2021-08-02,1161000.0,2406086000.0,2260013750.0,1650096000.0,755990000.0,0.348,4.895,-50996000.0,718684000.0,718684000.0,69224000.0,-760136000.0,4.434,1.082,828236000.0,18124000.0,810112000.0,828236000.0,55933000.0,64552000.0,0.0,0.0,0.0,-446844000.0,-382292000.0,-0.486,-382292000.0,-446844000.0,-511347000.0,-2.18,-2.18,-2.18,1155905000.0,1228864250.0,1155905000.0,26856277971.0,-60.0,-70.251,-422566000.0,-1.789,1.0,717792000.0,0.912,30992000.0,64503000.0,2112468000.0,1922697000.0,16753000.0,759174000.0,759174000.0,0.0,1250181000.0,372178000.0,878003000.0,26738936971.0,135382000.0,0.0,224792000.0,293516000.0,0.0,525106000.0,-19790000.0,88031000.0,-371570000.0,1636000.0,-517614000.0,-517614000.0,-517614000.0,-6254000.0,-242522000.0,-0.658,1266860000.0,-549068000.0,38472000.0,0.0,23.132,-51.658,-51.518,720878000.0,0.0,112.31,33.975,33.698,114308000.0,-4528794000.0,787016000.0,787016000.0,892504000.0,-0.229,-0.421,-0.232,-0.568,159786000.0,299937000.0,1.0,238081533.0,236137000,236137000.0,3.333,2375094000.0,0.0,6267000.0,0.0,10.058,1277918000.0
28,VRTX,MRT,2014-06-30,2014-06-30,2014-06-30,2021-08-02,-23000.0,2117820000.0,2304179250.0,1347384000.0,770436000.0,0.36,5.014,-60212000.0,420687000.0,420687000.0,82379000.0,-714208000.0,3.712,0.807,538028000.0,19707000.0,518321000.0,538028000.0,65279000.0,57080000.0,0.0,0.0,0.0,-422069000.0,-364989000.0,-0.44,-364989000.0,-422069000.0,-466283000.0,-2.0,-2.0,-2.0,1172269000.0,1256110000.0,1172269000.0,22479882827.0,-53.0,-61.591,-357855000.0,-1.531,1.0,747350000.0,0.901,30992000.0,44214000.0,1841196000.0,1820497250.0,11982000.0,798603000.0,798603000.0,0.0,945551000.0,362973000.0,582578000.0,22362879827.0,-110689000.0,0.0,175953000.0,-1872000.0,0.0,180879000.0,-799000.0,116674000.0,-297643000.0,6874000.0,-471686000.0,-471686000.0,-471686000.0,-3641000.0,-242522000.0,-0.568,1277771000.0,-530421000.0,55363000.0,0.0,19.077,-47.411,-47.34,730000000.0,0.0,94.68,26.952,26.68,81842000.0,-4358734000.0,829729000.0,829729000.0,921007000.0,-0.205,-0.376,-0.232,-0.509,144957000.0,311140000.0,1.0,236194337.0,233808000,233808000.0,3.549,2086828000.0,0.0,5403000.0,0.0,8.925,984411000.0
29,VRTX,MRT,2014-03-31,2014-03-31,2014-03-31,2021-08-02,-297000.0,2197108000.0,2420806500.0,1430330000.0,766778000.0,0.414,5.285,-50312000.0,424175000.0,424175000.0,103010000.0,-616538000.0,3.83,0.785,541178000.0,18323000.0,522855000.0,541178000.0,72725000.0,53462000.0,0.0,0.0,0.0,-331378000.0,-277916000.0,-0.277,-277916000.0,-331378000.0,-366558000.0,-1.58,-1.58,-1.58,1230878000.0,1293656000.0,1230878000.0,16610946738.0,-50.0,-59.77,-220962000.0,-0.949,1.0,899048000.0,0.897,30992000.0,35180000.0,1909619000.0,1792518250.0,11261000.0,900155000.0,900155000.0,0.0,966230000.0,373500000.0,592730000.0,16673791738.0,44946000.0,0.0,304342000.0,-6178000.0,0.0,304962000.0,-95372000.0,12149000.0,-170650000.0,6006000.0,-369469000.0,-369469000.0,-369469000.0,-3934000.0,-247069000.0,-0.369,1305860000.0,-406812000.0,49571000.0,0.0,13.546,-45.129,-44.759,726204000.0,0.0,70.72,16.64,16.436,59858000.0,-4199352000.0,1002058000.0,1002058000.0,918975000.0,-0.153,-0.286,-0.185,-0.331,147288000.0,340215000.0,1.0,235771942.0,232887000,232887000.0,4.303,2166116000.0,0.0,2911000.0,0.0,9.301,1056830000.0
30,VRTX,MRT,2013-12-31,2013-12-31,2013-12-31,2021-08-02,-306000.0,2319041000.0,2469588000.0,1588576000.0,730465000.0,0.491,6.031,-51393000.0,569299000.0,569299000.0,130277000.0,-687550000.0,3.993,0.71,506584000.0,16893000.0,489691000.0,506584000.0,70969000.0,48365000.0,0.0,0.0,0.0,-544524000.0,-496159000.0,-0.409,-496159000.0,-544524000.0,-567450000.0,-1.98,-1.98,-1.98,1356405000.0,1172465250.0,1356405000.0,17180147515.0,-32.0,-34.626,-112059000.0,-0.498,1.0,1081698000.0,0.893,30992000.0,22926000.0,1827505000.0,1807323500.0,14147000.0,895777000.0,895777000.0,0.0,962636000.0,397829000.0,564807000.0,17368135515.0,79892000.0,0.0,265878000.0,-16215000.0,0.0,248411000.0,-112561000.0,-4435000.0,-60666000.0,4708000.0,-445028000.0,-445028000.0,-445028000.0,0.0,-242522000.0,-0.367,1691706000.0,-610008000.0,49327000.0,0.0,12.805,-39.027,-37.525,696911000.0,0.0,74.3,14.33,13.788,85517000.0,-3966895000.0,1211975000.0,1211975000.0,882097000.0,-0.18,-0.38,-0.301,-0.449,134415000.0,356188000.0,1.0,233756871.0,224906000,224906000.0,5.389,2288049000.0,0.0,-122422000.0,0.0,10.173,1190747000.0
31,VRTX,MRT,2013-09-30,2013-09-30,2013-09-30,2021-08-02,-550000.0,2582748000.0,2579649750.0,1648631000.0,934117000.0,0.463,5.487,-64968000.0,634367000.0,634367000.0,195728000.0,-576547000.0,4.026,0.867,446379000.0,14429000.0,431950000.0,446379000.0,108361000.0,43107000.0,0.0,0.0,0.0,-711592000.0,-668485000.0,-0.559,-668485000.0,-711592000.0,-736743000.0,-2.58,-2.58,-2.58,1264888000.0,1083159000.0,1264888000.0,17460023662.0,-25.0,-26.119,-104834000.0,-0.455,1.0,999084000.0,0.836,281592000.0,25151000.0,1703669000.0,1784886250.0,13537000.0,839469000.0,839469000.0,0.0,1096068000.0,409499000.0,686569000.0,17651828662.0,146295000.0,0.0,259131000.0,-90809000.0,0.0,169196000.0,14405000.0,79202000.0,-39866000.0,2560000.0,-565461000.0,-565461000.0,-565461000.0,2677000.0,-11086000.0,-0.473,1650942000.0,-651858000.0,51533000.0,0.0,13.955,-31.217,-29.388,648924000.0,0.0,75.82,14.774,14.627,120281000.0,-4011180000.0,1194812000.0,1194812000.0,832821000.0,-0.219,-0.522,-0.399,-0.596,138742000.0,392164000.0,1.0,232812301.0,230505000,230505000.0,5.183,2301156000.0,0.0,-171282000.0,0.0,9.983,1239132000.0
32,VRTX,MRT,2013-06-30,2013-06-30,2013-06-30,2021-08-02,-1230000.0,2584329000.0,2613668500.0,1716590000.0,867739000.0,0.501,5.956,-67850000.0,589657000.0,589657000.0,206925000.0,-478882000.0,4.498,0.783,397852000.0,10664000.0,387188000.0,397852000.0,116966000.0,42211000.0,0.0,0.0,0.0,-626298000.0,-584087000.0,-0.446,-584087000.0,-626298000.0,-651354000.0,-2.31,-2.31,-2.31,1322453000.0,1023870250.0,1322453000.0,17991190172.0,-29.0,-30.802,11965000.0,0.054,1.0,1102193000.0,0.842,281592000.0,25056000.0,1729280000.0,1781356500.0,19509000.0,899449000.0,899449000.0,0.0,1035666000.0,381652000.0,654014000.0,17725353172.0,77186000.0,0.0,241590000.0,-78007000.0,0.0,164340000.0,-166359000.0,-98168000.0,79815000.0,-610000.0,-498872000.0,-498872000.0,-498872000.0,0.0,19990000.0,-0.381,1631566000.0,-529373000.0,48570000.0,0.0,13.403,-35.531,-34.658,581738000.0,0.0,80.06,13.54,13.58,164866000.0,-3887048000.0,1309118000.0,1309118000.0,813540000.0,-0.191,-0.487,-0.352,-0.478,137735000.0,403421000.0,1.0,221400864.0,222053000,222053000.0,5.896,2302737000.0,0.0,-152482000.0,0.0,10.37,1334938000.0
33,VRTX,MRT,2013-03-31,2013-03-31,2013-03-31,2021-08-02,-1149000.0,2392234000.0,2618800250.0,1565783000.0,826451000.0,0.541,3.464,-81592000.0,474041000.0,474041000.0,283417000.0,-451638000.0,3.841,1.897,739878000.0,8302000.0,731576000.0,739878000.0,125830000.0,40322000.0,0.0,0.0,0.0,-618753000.0,-578431000.0,-0.408,-578431000.0,-618753000.0,-637258000.0,-2.36,-2.36,-2.36,746115000.0,952700250.0,746115000.0,12099412881.0,-20.0,-20.918,117555000.0,0.546,1.0,1133256000.0,0.8,281592000.0,18505000.0,1968840000.0,1735729000.0,21532000.0,860255000.0,860255000.0,0.0,1415402000.0,407639000.0,1007763000.0,11993828881.0,111176000.0,0.0,192093000.0,-49293000.0,0.0,144544000.0,-231711000.0,-149509000.0,199147000.0,-804000.0,-506638000.0,-506638000.0,-506638000.0,0.0,55000000.0,-0.358,1616466000.0,-483210000.0,59627000.0,0.0,16.075,-23.673,-23.292,504232000.0,0.0,54.97,8.466,8.359,194054000.0,-3829883000.0,1416673000.0,1416673000.0,787629000.0,-0.193,-0.532,-0.356,-0.437,126529000.0,414414000.0,1.0,218188628.0,215421000,215421000.0,6.576,2110642000.0,0.0,-130620000.0,0.0,9.798,1158144000.0
34,VRTX,MRT,2012-12-31,2012-12-31,2012-12-31,2021-08-02,-550000.0,2759288000.0,2607202500.0,1589585000.0,1169703000.0,0.586,4.714,-71140000.0,591324000.0,591324000.0,279885000.0,-51135000.0,3.674,1.526,696908000.0,13707000.0,683201000.0,696908000.0,123808000.0,38191000.0,0.0,0.0,0.0,-92267000.0,-54076000.0,-0.035,-54076000.0,-92267000.0,-107307000.0,-0.5,-0.5,-0.5,999180000.0,998796000.0,999180000.0,9157004065.0,-99.0,-169.336,196701000.0,0.928,1.0,1247157000.0,0.817,694492000.0,15040000.0,1737756000.0,1600690250.0,30464000.0,831808000.0,831808000.0,0.0,1524906000.0,432624000.0,1092282000.0,9085054065.0,14087000.0,0.0,191721000.0,-21488000.0,0.0,172204000.0,-425817000.0,-353851000.0,267841000.0,-141000.0,-107032000.0,-107032000.0,-107032000.0,0.0,55897000.0,-0.07,1200430000.0,46727000.0,101292000.0,0.0,9.093,-84.882,-83.8,433609000.0,0.0,41.9,5.949,5.816,143250000.0,-3521867000.0,1527042000.0,1527042000.0,765905000.0,-0.041,-0.107,-0.058,-0.06,122575000.0,432681000.0,1.0,216827066.0,211946000,215262000.0,7.205,2064796000.0,0.0,-275000.0,715000.0,9.742,1156961000.0
35,VRTX,MRT,2012-09-30,2012-09-30,2012-09-30,2021-08-02,-416000.0,2718823000.0,2468450500.0,1634523000.0,1084300000.0,0.712,4.808,-52423000.0,544006000.0,544006000.0,222297000.0,215082000.0,4.019,1.415,615956000.0,0.0,615956000.0,615956000.0,130929000.0,35542000.0,0.0,0.0,0.0,203514000.0,239056000.0,0.136,239056000.0,203514000.0,191855000.0,0.63,0.62,0.63,1027733000.0,945711750.0,1027733000.0,12077596169.0,59.0,50.522,678522000.0,3.174,1.0,1534091000.0,0.873,694492000.0,11659000.0,1689550000.0,1419276750.0,86275000.0,861656000.0,861656000.0,0.0,1454077000.0,406731000.0,1047346000.0,12061480169.0,-105659000.0,0.0,191070000.0,-113680000.0,0.0,-15613000.0,-820749000.0,-767720000.0,730945000.0,-242000.0,127745000.0,127745000.0,127745000.0,0.0,87337000.0,0.073,1230381000.0,303710000.0,83732000.0,0.0,11.736,94.418,88.714,347249000.0,0.0,55.89,6.867,6.802,139629000.0,-3445719000.0,1756388000.0,1756388000.0,779514000.0,0.052,0.135,0.143,0.116,123905000.0,448225000.0,1.0,215807482.0,213767000,213767000.0,8.216,2024331000.0,0.0,64110000.0,3871000.0,9.47,1227792000.0
36,VRTX,MRT,2012-06-30,2012-06-30,2012-06-30,2021-08-02,-673000.0,2604856000.0,2311744250.0,1593305000.0,1011551000.0,0.9,4.91,-41012000.0,544175000.0,544175000.0,222167000.0,470001000.0,4.196,1.312,560291000.0,0.0,560291000.0,560291000.0,137368000.0,34699000.0,0.0,0.0,0.0,440029000.0,474728000.0,0.228,474728000.0,440029000.0,421311000.0,1.96,1.91,1.96,1037773000.0,833719000.0,1037773000.0,11936688396.0,27.0,25.144,626867000.0,2.966,1.0,1857415000.0,0.893,694492000.0,18718000.0,1546770000.0,1182562750.0,87805000.0,769273000.0,769273000.0,0.0,1361249000.0,379710000.0,981539000.0,11802539396.0,-4134000.0,0.0,194192000.0,-105000000.0,0.0,-3694000.0,-668075000.0,-626769000.0,667879000.0,-244000.0,406398000.0,406398000.0,406398000.0,0.0,63603000.0,0.195,1336927000.0,520488000.0,59352000.0,0.0,11.373,29.042,28.531,272561000.0,0.0,55.92,5.675,5.683,185618000.0,-3388176000.0,2079582000.0,2079582000.0,768405000.0,0.176,0.487,0.372,0.212,125007000.0,461195000.0,1.0,211061148.0,211344000,211344000.0,9.84,1910364000.0,0.0,14913000.0,201000.0,9.039,1213595000.0
37,VRTX,MRT,2012-03-31,2012-03-31,2012-03-31,2021-08-02,-628000.0,2345843000.0,2101305250.0,1436114000.0,909729000.0,0.845,4.473,-35900000.0,360030000.0,360030000.0,117050000.0,305151000.0,4.025,1.333,494179000.0,0.0,494179000.0,494179000.0,146680000.0,34743000.0,0.0,0.0,0.0,342238000.0,376981000.0,0.212,376981000.0,342238000.0,316558000.0,1.42,1.37,1.42,930498000.0,651163000.0,930498000.0,8520541073.0,25.0,22.602,297379000.0,1.43,1.0,1658651000.0,0.934,694492000.0,25680000.0,1428685000.0,903812500.0,129595000.0,712944000.0,712944000.0,0.0,1240266000.0,356815000.0,883451000.0,8625879073.0,-178613000.0,-60000000.0,112517000.0,-105000000.0,0.0,-86356000.0,-425242000.0,-329507000.0,333279000.0,-294000.0,297260000.0,297260000.0,297260000.0,0.0,7891000.0,0.167,1293283000.0,365368000.0,73226000.0,0.0,9.27,29.018,28.88,170331000.0,0.0,41.01,4.858,4.804,232228000.0,-3323245000.0,1775701000.0,1775701000.0,745465000.0,0.141,0.457,0.379,0.193,126040000.0,440344000.0,1.0,210335993.0,208018000,219264000.0,8.536,1651351000.0,0.0,19298000.0,201000.0,7.939,1079299000.0
38,VRTX,MRT,2011-12-31,2011-12-31,2011-12-31,2021-08-02,-1053000.0,2204280000.0,1899466250.0,1331254000.0,873026000.0,0.743,3.84,-34595000.0,561288000.0,561288000.0,80505000.0,41179000.0,3.393,1.574,455950000.0,0.0,455950000.0,455950000.0,163132000.0,35041000.0,0.0,0.0,0.0,86521000.0,121562000.0,0.086,121562000.0,86521000.0,48840000.0,0.14,0.14,0.14,786843000.0,516456500.0,786843000.0,6823129303.0,79.0,56.129,109140000.0,0.533,1.0,1330121000.0,0.943,694492000.0,37681000.0,1012102000.0,693877000.0,112430000.0,493602000.0,493602000.0,0.0,1238768000.0,392348000.0,846420000.0,6926483303.0,232123000.0,-60000000.0,124862000.0,-155000000.0,0.0,-124238000.0,212412000.0,307190000.0,143735000.0,214000.0,29574000.0,29574000.0,29574000.0,0.0,11605000.0,0.021,1216301000.0,113820000.0,74642000.0,0.0,8.803,234.209,237.214,133176000.0,0.0,33.21,4.91,4.824,183135000.0,-3414835000.0,1410626000.0,1410626000.0,707706000.0,0.016,0.057,0.125,0.061,125851000.0,400721000.0,1.0,208566194.0,204891000,208807000.0,6.885,1509788000.0,0.0,19266000.0,12075000.0,7.369,938906000.0
39,VRTX,MRT,2011-09-30,2011-09-30,2011-09-30,2021-08-02,-945000.0,2091998000.0,1779757750.0,1245825000.0,846173000.0,0.513,2.814,-39694000.0,627244000.0,627244000.0,53427000.0,-327354000.0,2.269,2.348,523890000.0,98416000.0,425474000.0,523890000.0,181916000.0,33522000.0,0.0,0.0,0.0,-279133000.0,-245611000.0,-0.269,-245611000.0,-279133000.0,-312841000.0,-1.56,-1.6,-1.56,579762000.0,445739000.0,579762000.0,9202025990.0,-33.0,-37.466,-565725000.0,-2.746,1.0,859383000.0,0.941,697001000.0,33708000.0,742694000.0,682242750.0,67654000.0,116140000.0,116140000.0,0.0,1361152000.0,548949000.0,812203000.0,9251587990.0,-27356000.0,-60000000.0,118189000.0,-50000000.0,0.0,68189000.0,430493000.0,530854000.0,-526031000.0,-7000.0,-309447000.0,-309447000.0,-309447000.0,0.0,-17907000.0,-0.339,1136099000.0,-276716000.0,49248000.0,0.0,15.958,-29.897,-28.5,101268000.0,0.0,44.46,10.135,10.034,445661000.0,-3573464000.0,912810000.0,912810000.0,690156000.0,-0.174,-0.694,-0.409,-0.306,120780000.0,341318000.0,1.0,208087899.0,206002000,219349000.0,4.431,1394997000.0,0.0,-3394000.0,9755000.0,6.772,696876000.0
40,VRTX,MRT,2011-06-30,2011-06-30,2011-06-30,2021-08-02,-707000.0,1763100000.0,1728965500.0,827124000.0,935976000.0,0.16,1.505,-40539000.0,555407000.0,555407000.0,18249000.0,-764763000.0,1.727,4.272,505845000.0,94664000.0,411181000.0,505845000.0,199054000.0,32530000.0,0.0,0.0,0.0,-684466000.0,-651936000.0,-2.35,-651936000.0,-684466000.0,-715066000.0,-3.66,-3.66,-3.66,307549000.0,463322500.0,307549000.0,10721280910.0,-16.0,-16.445,-773455000.0,-3.784,1.0,259156000.0,0.934,802801000.0,30600000.0,431769000.0,736812750.0,52622000.0,135296000.0,135296000.0,0.0,1313920000.0,478968000.0,834952000.0,10709827910.0,120587000.0,-60000000.0,104970000.0,341645000.0,0.0,446615000.0,406633000.0,507595000.0,-732916000.0,255000.0,-739514000.0,-739514000.0,-739514000.0,0.0,-25249000.0,-2.666,951167000.0,-692011000.0,67275000.0,0.0,34.823,-14.482,-14.205,84203000.0,0.0,51.99,38.607,38.31,96016000.0,-3794574000.0,277405000.0,277405000.0,671538000.0,-0.428,-1.596,-0.929,-2.467,114563000.0,279519000.0,1.0,205997844.0,204413000,204413000.0,1.357,960299000.0,0.0,24448000.0,275660000.0,4.698,348156000.0
41,VRTX,MRT,2011-03-31,2011-03-31,2011-03-31,2021-08-02,-633000.0,1538487000.0,1701741000.0,872974000.0,665513000.0,0.114,1.936,-39794000.0,480647000.0,480647000.0,12029000.0,-765451000.0,2.098,2.928,492100000.0,92100000.0,400000000.0,492100000.0,218609000.0,31733000.0,0.0,0.0,0.0,-738130000.0,-706397000.0,-3.63,-706397000.0,-738130000.0,-765451000.0,-3.81,-3.81,-3.81,391672000.0,593219000.0,391672000.0,10057205286.0,-14.0,-14.237,-665402000.0,-3.289,1.0,182574000.0,0.938,544802000.0,27321000.0,588943000.0,773247750.0,17816000.0,376916000.0,376916000.0,0.0,1146815000.0,416195000.0,730620000.0,9797501286.0,49989000.0,0.0,59413000.0,341645000.0,0.0,401058000.0,274491000.0,315424000.0,-625608000.0,48000.0,-765451000.0,-765451000.0,-765451000.0,0.0,0.0,-3.933,878268000.0,-695694000.0,34881000.0,0.0,25.015,-12.8,-12.58,70877000.0,0.0,47.93,50.346,49.833,5594000.0,-3620505000.0,194603000.0,194603000.0,653016000.0,-0.45,-1.29,-0.955,-3.793,106495000.0,223771000.0,1.0,204412712.0,202329000,202329000.0,0.962,993685000.0,0.0,0.0,0.0,4.911,456779000.0
42,VRTX,MRT,2010-12-31,2010-12-31,2010-12-31,2021-08-02,-1067000.0,1725446000.0,1759694750.0,1057039000.0,668407000.0,0.081,2.515,-38054000.0,277287000.0,277287000.0,12730000.0,-754626000.0,2.226,2.424,536991000.0,136991000.0,400000000.0,536991000.0,234668000.0,30459000.0,0.0,0.0,0.0,-735351000.0,-704892000.0,-4.917,-704892000.0,-735351000.0,-754626000.0,-3.77,-3.77,-3.77,503973000.0,742954000.0,503973000.0,7046407597.0,-10.0,-9.996,-673496000.0,-3.361,1.0,130640000.0,0.911,544802000.0,19275000.0,965565000.0,804116000.0,0.0,788214000.0,788214000.0,0.0,1221473000.0,474783000.0,746690000.0,7117893597.0,-203461000.0,0.0,33434000.0,391645000.0,0.0,425057000.0,7301000.0,46310000.0,-635442000.0,-377000.0,-754626000.0,-754626000.0,-754626000.0,0.0,0.0,-5.263,826717000.0,-696077000.0,35851000.0,0.0,14.124,-9.432,-9.292,72333000.0,0.0,35.03,49.647,48.965,12529000.0,-3444409000.0,143370000.0,143370000.0,637416000.0,-0.429,-1.016,-0.914,-5.129,97676000.0,187800000.0,1.0,203194222.0,200402000,200402000.0,0.715,1180644000.0,0.0,0.0,0.0,5.891,582256000.0
43,VRTX,MRT,2010-09-30,2010-09-30,2010-09-30,2021-08-02,-677000.0,1888829000.0,1817205250.0,1226439000.0,662390000.0,0.061,3.236,-31204000.0,603991000.0,603991000.0,13328000.0,-732878000.0,3.936,1.905,532505000.0,45280000.0,487225000.0,532505000.0,276939000.0,30637000.0,0.0,0.0,0.0,-716727000.0,-686090000.0,-6.14,-686090000.0,-716727000.0,-732878000.0,-3.72,-3.72,-3.72,650096000.0,891047250.0,650096000.0,6772373827.0,-9.0,-9.871,-602870000.0,-3.001,1.0,98407000.0,0.881,544802000.0,16151000.0,960974000.0,763391750.0,0.0,633110000.0,633110000.0,0.0,1238733000.0,311567000.0,927166000.0,7011888827.0,10768000.0,0.0,535012000.0,419330000.0,0.0,954274000.0,-370781000.0,-339482000.0,-571666000.0,-1059000.0,-732878000.0,-732878000.0,-732878000.0,0.0,0.0,-6.559,774569000.0,-676162000.0,24644000.0,0.0,10.786,-9.568,-9.293,65439000.0,0.0,34.57,62.755,62.153,4964000.0,-3264017000.0,111735000.0,111735000.0,603758000.0,-0.403,-0.822,-0.939,-6.415,91649000.0,157896000.0,1.0,202831612.0,200887000,200887000.0,0.556,1344027000.0,0.0,0.0,0.0,6.69,914872000.0
44,VRTX,MRT,2010-06-30,2010-06-30,2010-06-30,2021-08-02,-558000.0,1654202000.0,1738370750.0,1004555000.0,649647000.0,0.065,4.127,-25127000.0,371698000.0,371698000.0,13812000.0,-673486000.0,3.436,1.0,132183000.0,45776000.0,86407000.0,132183000.0,273496000.0,30694000.0,0.0,0.0,0.0,-659359000.0,-628665000.0,-5.568,-628665000.0,-659359000.0,-673486000.0,-3.52,-3.52,-3.52,827135000.0,880709250.0,827135000.0,6350931805.0,-10.0,-10.102,-454438000.0,-2.268,1.0,99085000.0,0.878,544802000.0,14127000.0,577509000.0,639027500.0,0.0,641537000.0,641537000.0,0.0,827067000.0,292376000.0,534691000.0,6652475805.0,-71341000.0,0.0,536538000.0,149902000.0,0.0,686372000.0,-325842000.0,-300123000.0,-429311000.0,-2560000.0,-673486000.0,-673486000.0,-673486000.0,0.0,0.0,-5.965,723892000.0,-624807000.0,46495000.0,0.0,8.043,-9.878,-9.347,60438000.0,0.0,32.9,58.925,58.399,3548000.0,-3055060000.0,112897000.0,112897000.0,565456000.0,-0.387,-0.765,-1.032,-5.84,87872000.0,145613000.0,1.0,202202912.0,200397000,200397000.0,0.563,1109400000.0,0.0,0.0,0.0,5.536,712179000.0
45,VRTX,MRT,2010-03-31,2010-03-31,2010-03-31,2021-08-02,-1080000.0,1770302000.0,1684789250.0,1126768000.0,643534000.0,0.06,4.98,-20027000.0,426860000.0,426860000.0,13993000.0,-644777000.0,5.327,0.787,125316000.0,0.0,125316000.0,125316000.0,285063000.0,30527000.0,0.0,0.0,0.0,-631008000.0,-600481000.0,-5.985,-600481000.0,-631008000.0,-644777000.0,-3.51,-3.51,-3.51,990612000.0,856189750.0,990612000.0,7874422795.0,-12.0,-13.114,-458516000.0,-2.305,1.0,86346000.0,0.861,544802000.0,13769000.0,712416000.0,596701750.0,0.0,696136000.0,696136000.0,0.0,779690000.0,211540000.0,568150000.0,8197557795.0,-205652000.0,0.0,538231000.0,149902000.0,0.0,687980000.0,-450147000.0,-430247000.0,-438489000.0,-4996000.0,-644777000.0,-644777000.0,-644777000.0,0.0,0.0,-6.426,698747000.0,-612401000.0,29121000.0,0.0,8.275,-12.714,-11.644,58109000.0,0.0,40.87,81.699,81.03,7876000.0,-2855054000.0,100339000.0,100339000.0,549705000.0,-0.383,-0.753,-1.057,-6.289,90064000.0,137224000.0,1.0,200576408.0,198935000,198935000.0,0.504,1225500000.0,0.0,0.0,0.0,6.16,915228000.0
46,VRTX,MRT,2009-12-31,2009-12-31,2009-12-31,2021-08-02,-640000.0,1955488000.0,1633684500.0,1307026000.0,648462000.0,0.062,6.328,-23496000.0,476971000.0,476971000.0,14202000.0,-642178000.0,4.588,0.784,153836000.0,32071000.0,121765000.0,153836000.0,300531000.0,30107000.0,0.0,0.0,0.0,-628986000.0,-598879000.0,-5.878,-598879000.0,-628986000.0,-642178000.0,-3.71,-3.71,-3.71,1096346000.0,785249500.0,1096346000.0,7437380615.0,-12.0,-12.419,-451082000.0,-2.604,1.0,87687000.0,0.861,544802000.0,13192000.0,802668000.0,540808750.0,0.0,838255000.0,838255000.0,0.0,859142000.0,284883000.0,574259000.0,7763986615.0,57543000.0,-87422000.0,849235000.0,149902000.0,0.0,999006000.0,-508732000.0,-398493000.0,-427586000.0,-5145000.0,-642178000.0,-642178000.0,-642178000.0,0.0,0.0,-6.303,701699000.0,-614012000.0,36989000.0,0.0,7.082,-12.09,-11.55,62279000.0,0.0,42.85,76.2,72.865,9601000.0,-2689783000.0,101889000.0,101889000.0,550274000.0,-0.393,-0.818,-1.163,-6.173,92766000.0,130192000.0,1.0,181189886.0,173259000,173259000.0,0.588,1410686000.0,0.0,0.0,0.0,8.142,1022143000.0
47,VRTX,MRT,2009-09-30,2009-09-30,2009-09-30,2021-08-02,-115000.0,1573491000.0,1389932250.0,914066000.0,659425000.0,0.073,3.406,-22530000.0,589446000.0,589446000.0,14770000.0,-625866000.0,3.951,1.585,262840000.0,0.0,262840000.0,262840000.0,319536000.0,30299000.0,0.0,0.0,0.0,-613324000.0,-583025000.0,-5.783,-583025000.0,-613324000.0,-625866000.0,-3.84,-3.84,-3.84,608744000.0,570881500.0,608744000.0,6551775354.0,-11.0,-11.238,-445014000.0,-2.49,1.0,86041000.0,0.853,552002000.0,12542000.0,463517000.0,498152250.0,0.0,297477000.0,297477000.0,0.0,964747000.0,231366000.0,733381000.0,6846982354.0,16257000.0,-87422000.0,351925000.0,122217000.0,0.0,474057000.0,-31470000.0,78905000.0,-422484000.0,-3846000.0,-625866000.0,-625866000.0,-625866000.0,0.0,0.0,-6.208,695197000.0,-609156000.0,19962000.0,0.0,11.248,-10.94,-9.87,62444000.0,0.0,37.9,67.919,67.196,42956000.0,-2531139000.0,100811000.0,100811000.0,554382000.0,-0.45,-1.096,-1.231,-6.084,88686000.0,127098000.0,1.0,180659165.0,178735000,178735000.0,0.564,1021489000.0,0.0,0.0,0.0,5.715,682700000.0
48,VRTX,MRT,2009-06-30,2009-06-30,2009-06-30,2021-08-02,418000.0,1439876000.0,1263448000.0,782756000.0,657120000.0,0.085,4.225,-28283000.0,439207000.0,439207000.0,15252000.0,-606345000.0,4.262,0.975,144000000.0,0.0,144000000.0,144000000.0,230762000.0,31437000.0,0.0,0.0,0.0,-591918000.0,-560481000.0,-5.216,-560481000.0,-591918000.0,-606345000.0,-3.93,-3.93,-3.93,729057000.0,506168750.0,729057000.0,5882354034.0,-10.0,-10.495,-556612000.0,-3.226,1.0,92211000.0,0.858,552783000.0,14427000.0,408206000.0,532637250.0,0.0,345415000.0,345415000.0,0.0,710819000.0,183680000.0,527139000.0,6227311034.0,-140683000.0,-87422000.0,567904000.0,607000.0,0.0,568426000.0,-177852000.0,-62762000.0,-528329000.0,-2928000.0,-606345000.0,-606345000.0,-606345000.0,0.0,0.0,-5.642,683762000.0,-591551000.0,27494000.0,0.0,8.542,-10.27,-9.153,64358000.0,0.0,35.97,57.948,57.76,14762000.0,-2381574000.0,107463000.0,107463000.0,553978000.0,-0.48,-1.198,-1.111,-5.508,82907000.0,115956000.0,1.0,173125133.0,172563000,172563000.0,0.623,887093000.0,0.0,0.0,0.0,5.141,599076000.0
49,VRTX,MRT,2009-03-31,2009-03-31,2009-03-31,2021-08-02,1143000.0,1565883000.0,1146180250.0,902173000.0,663710000.0,0.138,4.535,-33265000.0,632457000.0,632457000.0,15686000.0,-526369000.0,5.032,1.215,287500000.0,0.0,287500000.0,287500000.0,239162000.0,31862000.0,0.0,0.0,0.0,-511434000.0,-479572000.0,-3.039,-479572000.0,-511434000.0,-526369000.0,-3.6,-3.6,-3.6,706851000.0,383885750.0,706851000.0,4240539437.0,-8.0,-8.842,-339771000.0,-2.18,1.0,142122000.0,0.901,552783000.0,14935000.0,488844000.0,554466000.0,0.0,266987000.0,266987000.0,0.0,859032000.0,179299000.0,679733000.0,4372412437.0,111503000.0,-87422000.0,566817000.0,-19390000.0,0.0,547427000.0,-129069000.0,-8228000.0,-306506000.0,-349000.0,-526369000.0,-526369000.0,-526369000.0,0.0,0.0,-3.336,667987000.0,-525865000.0,22700000.0,0.0,6.186,-8.307,-7.981,66601000.0,0.0,28.73,27.707,28.375,16702000.0,-2210277000.0,157808000.0,157808000.0,544220000.0,-0.459,-1.371,-0.922,-3.241,72442000.0,109878000.0,1.0,152189782.0,155860000,155860000.0,1.012,1013100000.0,0.0,0.0,0.0,6.5,722874000.0
50,VRTX,MRT,2008-12-31,2008-12-31,2008-12-31,2021-08-02,3168000.0,980479000.0,977085750.0,867581000.0,112898000.0,0.18,1.699,-32180000.0,419373000.0,419373000.0,15686000.0,-459851000.0,4.006,3.105,287500000.0,0.0,287500000.0,287500000.0,247474000.0,32196000.0,0.0,0.0,0.0,-446380000.0,-414184000.0,-2.36,-414184000.0,-446380000.0,-459851000.0,-3.27,-3.27,-3.27,238874000.0,283236750.0,238874000.0,4285528943.0,-10.0,-10.347,-258662000.0,-1.84,1.0,159818000.0,0.911,0.0,13471000.0,632042000.0,557936250.0,0.0,442986000.0,442986000.0,0.0,741605000.0,216564000.0,525041000.0,4571162943.0,33452000.0,0.0,362128000.0,258610000.0,0.0,620738000.0,-360650000.0,-327774000.0,-226482000.0,-154000.0,-459851000.0,-459851000.0,-459851000.0,0.0,0.0,-2.62,622526000.0,-462708000.0,51760000.0,0.0,19.136,-9.941,-9.291,68331000.0,0.0,30.38,26.046,24.33,23489000.0,-2047605000.0,175504000.0,175504000.0,516912000.0,-0.471,-1.624,-0.8,-2.543,63012000.0,101290000.0,1.0,150466193.0,140556000,140556000.0,1.249,980479000.0,0.0,0.0,0.0,6.976,651017000.0
51,VRTX,MRT,2008-09-30,2008-09-30,2008-09-30,2021-08-02,675000.0,1067554000.0,882335250.0,953018000.0,114536000.0,0.22,2.497,-30767000.0,573134000.0,573134000.0,15143000.0,-403270000.0,5.281,2.051,287500000.0,0.0,287500000.0,287500000.0,258228000.0,31072000.0,0.0,0.0,0.0,-393711000.0,-362639000.0,-1.872,-362639000.0,-393711000.0,-403270000.0,-2.96,-2.96,-2.96,349893000.0,291342000.0,349893000.0,4412050680.0,-11.0,-12.167,-212716000.0,-1.518,1.0,178542000.0,0.922,0.0,9559000.0,601457000.0,408994250.0,0.0,377191000.0,377191000.0,0.0,717661000.0,180463000.0,537198000.0,4704440680.0,288897000.0,0.0,359140000.0,258610000.0,0.0,617750000.0,-146400000.0,-115147000.0,-181949000.0,-504000.0,-403270000.0,-403270000.0,-403270000.0,0.0,0.0,-2.082,591135000.0,-412593000.0,31465000.0,0.0,13.445,-11.666,-11.23,69713000.0,0.0,33.24,24.289,24.045,21966000.0,-1905273000.0,193685000.0,193685000.0,499087000.0,-0.457,-1.384,-0.963,-2.033,61618000.0,89089000.0,1.0,141529503.0,140109000,140109000.0,1.382,1067554000.0,0.0,0.0,0.0,7.619,772555000.0
52,VRTX,MRT,2008-06-30,2008-06-30,2008-06-30,2021-08-02,647000.0,970805000.0,779233750.0,857628000.0,113177000.0,0.261,1.73,-28190000.0,579890000.0,579890000.0,14511000.0,-380259000.0,4.689,3.046,287500000.0,0.0,287500000.0,287500000.0,267581000.0,29954000.0,0.0,0.0,0.0,-374018000.0,-344064000.0,-1.694,-344064000.0,-374018000.0,-380259000.0,-2.85,-2.85,-2.85,239925000.0,286877500.0,239925000.0,4491392149.0,-12.0,-13.054,-146300000.0,-1.055,1.0,188579000.0,0.929,0.0,6241000.0,495521000.0,309930000.0,0.0,282430000.0,282430000.0,0.0,730880000.0,182894000.0,547986000.0,4704849149.0,380914000.0,0.0,144490000.0,215901000.0,0.0,360391000.0,138718000.0,167706000.0,-118110000.0,-85000.0,-380259000.0,-380259000.0,-380259000.0,0.0,0.0,-1.872,584339000.0,-395760000.0,36345000.0,0.0,19.61,-12.373,-11.744,66630000.0,0.0,33.47,23.166,22.862,15365000.0,-1775229000.0,203090000.0,203090000.0,496308000.0,-0.488,-1.326,-1.207,-1.842,59857000.0,85075000.0,1.0,140569141.0,138725000,138725000.0,1.464,970805000.0,0.0,0.0,0.0,6.998,674734000.0
53,VRTX,MRT,2008-03-31,2008-03-31,2008-03-31,2021-08-02,1993000.0,889505000.0,726800000.0,783938000.0,105567000.0,0.236,2.263,-31776000.0,520954000.0,520954000.0,14211000.0,-406705000.0,4.523,1.924,307497000.0,19997000.0,287500000.0,307497000.0,119248000.0,28636000.0,0.0,0.0,0.0,-403727000.0,-375091000.0,-2.182,-375091000.0,-403727000.0,-406705000.0,-3.1,-3.1,-3.1,304255000.0,330542500.0,304255000.0,2810598693.0,-7.0,-7.493,-321979000.0,-2.394,1.0,157666000.0,0.917,0.0,2978000.0,502725000.0,291372500.0,0.0,258947000.0,258947000.0,0.0,585250000.0,173323000.0,411927000.0,3176522693.0,136368000.0,0.0,142551000.0,235898000.0,0.0,378445000.0,48097000.0,79711000.0,-290203000.0,29000.0,-406705000.0,-406705000.0,-406705000.0,0.0,0.0,-2.366,587565000.0,-429899000.0,31281000.0,0.0,10.44,-7.81,-7.706,64712000.0,0.0,23.89,18.481,18.691,24825000.0,-1683908000.0,171877000.0,171877000.0,502922000.0,-0.56,-1.23,-1.386,-2.349,64598000.0,81949000.0,1.0,132964533.0,134471000,134471000.0,1.278,889505000.0,0.0,0.0,0.0,6.615,610615000.0
54,VRTX,MRT,2007-12-31,2007-12-31,2007-12-31,2021-08-02,881000.0,601477000.0,713197500.0,496851000.0,104626000.0,0.279,2.103,-32415000.0,385921000.0,385921000.0,13904000.0,-391279000.0,2.493,1.217,19997000.0,19997000.0,0.0,19997000.0,126745000.0,27459000.0,0.0,0.0,0.0,-388994000.0,-361535000.0,-1.817,-361535000.0,-388994000.0,-391279000.0,-3.03,-3.03,-3.03,271295000.0,379803500.0,271295000.0,2809037360.0,-7.0,-7.77,-284891000.0,-2.209,1.0,185108000.0,0.93,0.0,2285000.0,36274000.0,250196250.0,0.0,112133000.0,105208000.0,6925000.0,330182000.0,199279000.0,130903000.0,3073277360.0,142492000.0,0.0,31965000.0,-42102000.0,0.0,-10190000.0,405166000.0,438150000.0,-252476000.0,-8000.0,-391279000.0,-391279000.0,-391279000.0,0.0,0.0,-1.966,604900000.0,-419792000.0,32750000.0,0.0,11.328,-7.854,-7.667,66509000.0,0.0,23.23,15.443,15.056,31320000.0,-1587754000.0,199012000.0,199012000.0,519227000.0,-0.549,-1.03,-1.555,-1.955,63747000.0,78554000.0,1.0,132297777.0,128986000,128986000.0,1.543,601477000.0,0.0,0.0,0.0,4.663,297572000.0
55,VRTX,MRT,2007-09-30,2007-09-30,2007-09-30,2021-08-02,309000.0,655148000.0,793223000.0,543279000.0,111869000.0,0.305,2.554,-34404000.0,284237000.0,284237000.0,13409000.0,-332872000.0,2.925,0.973,19997000.0,19997000.0,0.0,19997000.0,130885000.0,26883000.0,0.0,0.0,0.0,-329113000.0,-302230000.0,-1.247,-302230000.0,-329113000.0,-332872000.0,-2.56,-2.56,-2.56,332035000.0,438463500.0,332035000.0,4924166064.0,-15.0,-16.293,-238475000.0,-1.834,1.0,228865000.0,0.945,0.0,3759000.0,205200000.0,378348500.0,0.0,260473000.0,248571000.0,11902000.0,323113000.0,185708000.0,137405000.0,5061043064.0,-229452000.0,0.0,35540000.0,-42102000.0,0.0,-6615000.0,-18870000.0,8892000.0,-204071000.0,104000.0,-332872000.0,-332872000.0,-332872000.0,0.0,0.0,-1.374,591842000.0,-362977000.0,25757000.0,0.0,15.242,-15.204,-15.004,68900000.0,0.0,38.41,20.89,20.611,34658000.0,-1502003000.0,242274000.0,242274000.0,514375000.0,-0.42,-0.759,-0.87,-1.358,60961000.0,69598000.0,1.0,131763683.0,130006000,130006000.0,1.864,655148000.0,0.0,0.0,0.0,5.039,357571000.0
56,VRTX,MRT,2007-06-30,2007-06-30,2007-06-30,2021-08-02,-595000.0,761070000.0,854963750.0,637657000.0,123413000.0,0.298,3.207,-33472000.0,198976000.0,198976000.0,12960000.0,-277641000.0,3.143,0.836,62099000.0,62099000.0,0.0,62099000.0,136956000.0,25982000.0,0.0,0.0,0.0,-272609000.0,-246627000.0,-0.969,-246627000.0,-272609000.0,-277641000.0,-2.2,-2.2,-2.2,414585000.0,482397000.0,414585000.0,3418570121.0,-13.0,-13.861,-72400000.0,-0.56,1.0,241589000.0,0.949,0.0,5032000.0,421291000.0,412443500.0,0.0,448513000.0,424249000.0,24264000.0,346485000.0,202902000.0,143583000.0,3741057121.0,127288000.0,0.0,345641000.0,0.0,0.0,345636000.0,-179419000.0,-157199000.0,-38928000.0,-1000.0,-277641000.0,-277641000.0,-277641000.0,0.0,0.0,-1.091,552898000.0,-311309000.0,17754000.0,0.0,9.024,-13.474,-12.982,67771000.0,0.0,28.56,14.697,14.504,37189000.0,-1394970000.0,254549000.0,254549000.0,481541000.0,-0.325,-0.576,-0.661,-1.071,57081000.0,62955000.0,1.0,130989395.0,129269000,129269000.0,1.969,761070000.0,0.0,0.0,0.0,5.887,434755000.0
57,VRTX,MRT,2007-03-31,2007-03-31,2007-03-31,2021-08-02,-506000.0,835095000.0,821065750.0,706540000.0,128555000.0,0.3,3.986,-31097000.0,384586000.0,384586000.0,12444000.0,-237532000.0,4.047,0.666,62099000.0,42102000.0,19997000.0,62099000.0,141712000.0,25939000.0,0.0,0.0,0.0,-230713000.0,-204774000.0,-0.832,-204774000.0,-230713000.0,-237532000.0,-2.01,-2.01,-2.01,501299000.0,422499750.0,501299000.0,3429596786.0,-15.0,-16.748,-60672000.0,-0.482,1.0,233635000.0,0.949,0.0,6819000.0,338020000.0,460601500.0,0.0,336138000.0,300812000.0,35326000.0,333796000.0,174588000.0,159208000.0,3551278786.0,272501000.0,0.0,347107000.0,0.0,0.0,347049000.0,-45094000.0,-24811000.0,-29575000.0,121000.0,-237532000.0,-237532000.0,-237532000.0,0.0,0.0,-0.965,498546000.0,-264911000.0,9141000.0,0.0,7.084,-14.951,-13.95,61423000.0,0.0,28.04,14.431,14.33,44099000.0,-1277203000.0,246079000.0,246079000.0,436604000.0,-0.289,-0.562,-0.501,-0.938,46853000.0,54003000.0,1.0,126650456.0,125756000,125756000.0,1.957,835095000.0,0.0,0.0,0.0,6.641,531952000.0
58,VRTX,MRT,2006-12-31,2006-12-31,2006-12-31,2021-08-02,-962000.0,921579000.0,743456500.0,771406000.0,150173000.0,0.291,4.469,-32417000.0,243429000.0,243429000.0,12170000.0,-206891000.0,3.073,0.822,121747000.0,101750000.0,19997000.0,121747000.0,150184000.0,25868000.0,0.0,0.0,0.0,-198936000.0,-173068000.0,-0.8,-173068000.0,-198936000.0,-206891000.0,-1.83,-1.83,-1.83,505935000.0,355403000.0,505935000.0,4300531549.0,-22.0,-24.849,-54892000.0,-0.485,1.0,204186000.0,0.944,0.0,7955000.0,548883000.0,500897250.0,0.0,548581000.0,491455000.0,57126000.0,415644000.0,251014000.0,164630000.0,4699607549.0,135126000.0,0.0,366035000.0,0.0,0.0,365865000.0,-208471000.0,-187451000.0,-22475000.0,207000.0,-206891000.0,-206891000.0,-206891000.0,0.0,0.0,-0.956,433224000.0,-229038000.0,15368000.0,0.0,9.289,-22.715,-20.448,61535000.0,0.0,37.42,21.722,19.582,62923000.0,-1196475000.0,216356000.0,216356000.0,379228000.0,-0.278,-0.582,-0.397,-0.919,42478000.0,50345000.0,1.0,125590795.0,113221000,113221000.0,1.911,921579000.0,0.0,0.0,0.0,8.14,520392000.0
59,VRTX,MRT,2006-09-30,2006-09-30,2006-09-30,2021-08-02,-1245000.0,902111000.0,650311250.0,742700000.0,159411000.0,0.286,4.501,-30371000.0,520823000.0,520823000.0,11776000.0,-217678000.0,4.6,0.777,121747000.0,42102000.0,79645000.0,121747000.0,161959000.0,25882000.0,0.0,0.0,0.0,-207654000.0,-181772000.0,-0.978,-181772000.0,-207654000.0,-217678000.0,-2.0,-2.0,-2.0,507769000.0,288713250.0,507769000.0,3859299836.0,-19.0,-21.232,-55562000.0,-0.493,1.0,174082000.0,0.937,0.0,10024000.0,341580000.0,491007750.0,0.0,268917000.0,211324000.0,57593000.0,394342000.0,161455000.0,232887000.0,3762119836.0,381812000.0,0.0,367464000.0,0.0,0.0,367204000.0,39766000.0,60811000.0,-25191000.0,33000.0,-217678000.0,-217678000.0,-217678000.0,0.0,0.0,-1.171,394581000.0,-220499000.0,7144000.0,0.0,7.409,-17.283,-16.825,61135000.0,0.0,33.65,20.242,20.423,42614000.0,-1169131000.0,185858000.0,185858000.0,330725000.0,-0.335,-0.754,-0.423,-1.117,33806000.0,54833000.0,1.0,111801481.0,112803000,112803000.0,1.648,902111000.0,0.0,0.0,0.0,7.997,581245000.0
60,VRTX,MRT,2006-06-30,2006-06-30,2006-06-30,2021-08-02,8252000.0,625478000.0,562427250.0,452589000.0,172889000.0,0.3,1.613,-27808000.0,82912000.0,82912000.0,11459000.0,-245454000.0,4.162,2.574,180092000.0,0.0,180092000.0,180092000.0,176170000.0,26977000.0,0.0,0.0,0.0,-232692000.0,-205715000.0,-1.219,-205715000.0,-232692000.0,-245454000.0,-2.38,-2.38,-2.38,174996000.0,195099000.0,174996000.0,4101012146.0,-18.0,-19.935,-210812000.0,-1.943,1.0,157317000.0,0.932,0.0,12762000.0,613923000.0,549384250.0,0.0,289283000.0,220911000.0,68372000.0,450482000.0,108735000.0,341747000.0,4044224146.0,-153265000.0,0.0,59472000.0,0.0,0.0,59119000.0,-29331000.0,-8369000.0,-183004000.0,-49000.0,-245454000.0,-245454000.0,-245454000.0,0.0,0.0,-1.454,358171000.0,-200854000.0,8277000.0,0.0,23.11,-16.477,-15.424,59971000.0,0.0,36.71,23.962,23.605,183668000.0,-1117329000.0,168776000.0,168776000.0,298200000.0,-0.436,-1.258,-0.424,-1.379,25444000.0,50798000.0,1.0,110166825.0,108523000,108523000.0,1.555,625478000.0,0.0,0.0,0.0,5.764,343854000.0
61,VRTX,MRT,2006-03-31,2006-03-31,2006-03-31,2021-08-02,10895000.0,524658000.0,555283500.0,370048000.0,154610000.0,0.309,2.168,-21173000.0,123309000.0,123309000.0,11063000.0,-208784000.0,4.499,1.253,180097000.0,0.0,180097000.0,180097000.0,24451000.0,26699000.0,0.0,0.0,0.0,-193740000.0,-167041000.0,-0.975,-167041000.0,-193740000.0,-208784000.0,-2.16,-2.16,-2.16,232912000.0,182089500.0,232912000.0,4075768235.0,-21.0,-24.4,-199105000.0,-1.853,1.0,160308000.0,0.935,0.0,15044000.0,499203000.0,533456500.0,0.0,311795000.0,257632000.0,54163000.0,291746000.0,82243000.0,209503000.0,4015198235.0,44456000.0,0.0,219340000.0,0.0,0.0,219044000.0,3851000.0,17986000.0,-177932000.0,-507000.0,-208784000.0,-208784000.0,-208784000.0,0.0,0.0,-1.218,320536000.0,-160228000.0,6259000.0,0.0,17.239,-19.231,-16.94,55869000.0,0.0,36.59,23.43,22.94,23779000.0,-1039671000.0,171371000.0,171371000.0,266307000.0,-0.376,-1.147,-0.363,-1.131,14886000.0,47242000.0,1.0,109734852.0,107440000,107440000.0,1.595,524658000.0,0.0,0.0,0.0,4.883,287805000.0
62,VRTX,MRT,2005-12-31,2005-12-31,2005-12-31,2021-08-02,-2873000.0,548998000.0,545176250.0,385055000.0,163943000.0,0.295,2.68,-16959000.0,119527000.0,119527000.0,10098000.0,-203417000.0,3.841,1.295,180097000.0,0.0,180097000.0,180097000.0,32300000.0,27289000.0,0.0,0.0,0.0,-186091000.0,-158802000.0,-0.987,-158802000.0,-186091000.0,-203417000.0,-2.28,-2.28,-2.28,239176000.0,121738750.0,239176000.0,2889154603.0,-16.0,-18.193,-189013000.0,-2.118,1.0,150792000.0,0.937,0.0,17326000.0,509325000.0,555569750.0,0.0,348328000.0,283112000.0,65216000.0,309822000.0,100243000.0,209579000.0,2742833603.0,23039000.0,0.0,197591000.0,0.0,0.0,197456000.0,-1732000.0,6921000.0,-172054000.0,-631000.0,-203417000.0,-203417000.0,-203417000.0,0.0,0.0,-1.264,300664000.0,-149872000.0,6210000.0,0.0,11.468,-13.484,-12.136,54533000.0,0.0,27.67,17.048,15.348,20595000.0,-989584000.0,160890000.0,160890000.0,248540000.0,-0.373,-1.671,-0.335,-1.157,7530000.0,43990000.0,1.0,99126621.0,89241000,89241000.0,1.803,548998000.0,0.0,0.0,0.0,6.152,284812000.0
63,VRTX,MRT,2005-09-30,2005-09-30,2005-09-30,2021-08-02,-2714000.0,550575000.0,544290000.0,424334000.0,126241000.0,0.252,1.409,-15664000.0,148226000.0,148226000.0,9324000.0,-208055000.0,3.484,3.13,294547000.0,0.0,294547000.0,294547000.0,33417000.0,28423000.0,0.0,0.0,0.0,-189597000.0,-161174000.0,-1.177,-161174000.0,-189597000.0,-208055000.0,-2.45,-2.45,-2.45,133312000.0,70805000.0,133312000.0,2229648214.0,-12.0,-13.834,-204314000.0,-2.16,1.0,127645000.0,0.932,0.0,18458000.0,575086000.0,583701500.0,0.0,316409000.0,297546000.0,18863000.0,417263000.0,121810000.0,295453000.0,2138353214.0,64582000.0,0.0,185421000.0,0.0,0.0,185293000.0,68180000.0,81901000.0,-188650000.0,-241000.0,-208055000.0,-208055000.0,-208055000.0,0.0,0.0,-1.519,291559000.0,-163914000.0,6460000.0,0.0,16.04,-10.278,-9.122,56127000.0,0.0,22.35,15.612,15.435,20764000.0,-951453000.0,136969000.0,136969000.0,234629000.0,-0.382,-2.938,-0.325,-1.384,6442000.0,42836000.0,1.0,95675759.0,94590000,94590000.0,1.448,550575000.0,0.0,0.0,0.0,5.821,302524000.0
64,VRTX,MRT,2005-06-30,2005-06-30,2005-06-30,2021-08-02,-1846000.0,596903000.0,550236750.0,465310000.0,131593000.0,0.232,1.494,-13061000.0,243702000.0,243702000.0,7994000.0,-167248000.0,3.372,3.855,334997000.0,0.0,334997000.0,334997000.0,45445000.0,28602000.0,0.0,0.0,0.0,-148661000.0,-120059000.0,-0.941,-120059000.0,-148661000.0,-167248000.0,-2.1,-2.1,-2.1,122958000.0,56057000.0,122958000.0,1621335016.0,-11.0,-13.504,-189075000.0,-2.298,1.0,119596000.0,0.937,0.0,18587000.0,550212000.0,612295000.0,0.0,270774000.0,251911000.0,18863000.0,473945000.0,137986000.0,335959000.0,1369741016.0,131003000.0,0.0,174314000.0,0.0,0.0,172430000.0,134707000.0,144490000.0,-176014000.0,-120000.0,-167248000.0,-167248000.0,-167248000.0,0.0,0.0,-1.311,276617000.0,-157021000.0,9429000.0,0.0,11.14,-8.19,-8.024,58496000.0,0.0,16.85,10.735,10.865,13941000.0,-871875000.0,127590000.0,127590000.0,219829000.0,-0.304,-2.984,-0.243,-1.165,6100000.0,42698000.0,1.0,81290268.0,82274000,82274000.0,1.551,596903000.0,0.0,0.0,0.0,7.255,327324000.0
65,VRTX,MRT,2005-03-31,2005-03-31,2005-03-31,2021-08-02,-2593000.0,484229000.0,557023750.0,350029000.0,134200000.0,0.204,-0.107,-12901000.0,86378000.0,86378000.0,6833000.0,-170529000.0,2.362,-58.029,337972000.0,0.0,337972000.0,337972000.0,57470000.0,29355000.0,0.0,0.0,0.0,-152000000.0,-122645000.0,-1.078,-122645000.0,-152000000.0,-170529000.0,-2.16,-2.16,-2.16,-8491000.0,52890750.0,-8491000.0,990238927.0,-7.0,-8.074,-157976000.0,-1.989,1.0,106977000.0,0.94,0.0,18529000.0,587656000.0,651114250.0,0.0,315824000.0,296961000.0,18863000.0,492720000.0,148167000.0,344553000.0,760094927.0,-15636000.0,0.0,6401000.0,-12486000.0,0.0,-7993000.0,137452000.0,164575000.0,-145075000.0,-20000.0,-170529000.0,-170529000.0,-170529000.0,0.0,0.0,-1.498,267636000.0,-160659000.0,8474000.0,0.0,-89.518,-4.457,-4.333,60700000.0,0.0,9.36,6.679,6.532,10866000.0,-830887000.0,113810000.0,113810000.0,207922000.0,-0.306,-3.224,-0.233,-1.336,4822000.0,42044000.0,1.0,81206723.0,79428000,79428000.0,1.433,484229000.0,0.0,0.0,0.0,6.096,201862000.0
66,VRTX,MRT,2004-12-31,2004-12-31,2004-12-31,2021-08-02,-1374000.0,545453000.0,603263500.0,400638000.0,144815000.0,0.17,0.451,-12538000.0,104853000.0,104853000.0,5649000.0,-166247000.0,2.606,14.39,334997000.0,0.0,334997000.0,334997000.0,66086000.0,29640000.0,0.0,0.0,0.0,-147930000.0,-118290000.0,-1.152,-118290000.0,-147930000.0,-166247000.0,-2.12,-2.12,-2.12,35441000.0,94287500.0,35441000.0,1098420594.0,-7.0,-9.286,-154655000.0,-1.968,1.0,97068000.0,0.945,0.0,18317000.0,621852000.0,706267000.0,0.0,356177000.0,331240000.0,24937000.0,510012000.0,153745000.0,356267000.0,848876594.0,-43153000.0,0.0,8742000.0,-12563000.0,0.0,-8626000.0,107385000.0,143845000.0,-142117000.0,205000.0,-166247000.0,-166247000.0,-166247000.0,0.0,0.0,-1.618,251875000.0,-154807000.0,6660000.0,0.0,23.952,-5.106,-4.986,64225000.0,0.0,10.57,8.264,8.085,11891000.0,-786167000.0,102717000.0,102717000.0,192162000.0,-0.276,-1.763,-0.209,-1.44,4165000.0,42139000.0,1.0,80309990.0,78571000,78571000.0,1.307,545453000.0,0.0,0.0,0.0,6.942,246893000.0
67,VRTX,MRT,2004-09-30,2004-09-30,2004-09-30,2021-08-02,-538000.0,574362000.0,648003000.0,432832000.0,141530000.0,0.13,0.944,-11968000.0,85453000.0,85453000.0,4649000.0,-164507000.0,3.219,6.728,334997000.0,0.0,334997000.0,334997000.0,68692000.0,27741000.0,0.0,0.0,0.0,-146606000.0,-118865000.0,-1.411,-118865000.0,-146606000.0,-164507000.0,-2.1,-2.1,-2.1,74320000.0,133638500.0,74320000.0,1058755052.0,-7.0,-8.907,-159187000.0,-2.022,1.0,79610000.0,0.945,0.0,17901000.0,689460000.0,752950000.0,0.0,400253000.0,381390000.0,18863000.0,500042000.0,134446000.0,365596000.0,839866052.0,-40412000.0,0.0,8191000.0,1107000.0,0.0,4576000.0,101821000.0,132645000.0,-147219000.0,410000.0,-164507000.0,-164507000.0,-164507000.0,23000.0,0.0,-1.952,233787000.0,-154177000.0,9504000.0,0.0,11.301,-5.105,-5.0,68179000.0,0.0,10.5,9.968,9.812,8480000.0,-743398000.0,84259000.0,84259000.0,186215000.0,-0.254,-1.231,-0.195,-1.74,3576000.0,40956000.0,1.0,79987243.0,78742000,78742000.0,1.07,574362000.0,0.0,0.0,0.0,7.294,298386000.0
68,VRTX,MRT,2004-06-30,2004-06-30,2004-06-30,2021-08-02,-1345000.0,624051000.0,690081500.0,474215000.0,149836000.0,0.106,1.4,-8741000.0,116108000.0,116108000.0,3980000.0,-212157000.0,3.45,4.658,334997000.0,0.0,334997000.0,334997000.0,78127000.0,23377000.0,0.0,0.0,0.0,-194556000.0,-171179000.0,-2.337,-171179000.0,-194556000.0,-212157000.0,-2.73,-2.73,-2.73,110293000.0,172879000.0,110293000.0,1113970546.0,-6.0,-6.508,-160817000.0,-2.041,1.0,69274000.0,0.946,0.0,17601000.0,705489000.0,795655250.0,0.0,415539000.0,396676000.0,18863000.0,513758000.0,137451000.0,376307000.0,854051546.0,-69718000.0,0.0,11901000.0,5664000.0,0.0,14644000.0,67320000.0,97425000.0,-152076000.0,394000.0,-212157000.0,-212157000.0,-212157000.0,-1157000.0,0.0,-2.896,274293000.0,-205019000.0,7815000.0,0.0,7.743,-4.026,-3.971,73226000.0,0.0,10.84,11.659,11.662,9939000.0,-704627000.0,73254000.0,73254000.0,187052000.0,-0.307,-1.227,-0.245,-2.656,3061000.0,39792000.0,1.0,78787043.0,78807000,78807000.0,0.93,624051000.0,0.0,0.0,0.0,7.919,336764000.0
69,VRTX,MRT,2004-03-31,2004-03-31,2004-03-31,2021-08-02,3687000.0,669188000.0,730932750.0,533438000.0,135750000.0,0.097,2.012,-13499000.0,87577000.0,87577000.0,3320000.0,-257816000.0,4.414,3.26,347496000.0,14036000.0,333460000.0,347496000.0,59875000.0,23499000.0,0.0,0.0,0.0,-240454000.0,-216955000.0,-3.07,-216955000.0,-240454000.0,-257816000.0,-3.34,-3.34,-3.34,157096000.0,223685000.0,157096000.0,959845526.0,-4.0,-4.424,-182922000.0,-2.342,1.0,67345000.0,0.953,0.0,17362000.0,808267000.0,839174500.0,0.0,486430000.0,467567000.0,18863000.0,512092000.0,120840000.0,391252000.0,736492526.0,-127766000.0,0.0,11695000.0,17599000.0,0.0,26397000.0,14387000.0,30633000.0,-169423000.0,873000.0,-257816000.0,-257816000.0,-257816000.0,-764000.0,0.0,-3.648,318744000.0,-251399000.0,7741000.0,0.0,4.688,-2.857,-2.82,76170000.0,0.0,9.42,10.422,10.41,7937000.0,-660358000.0,70665000.0,70665000.0,189682000.0,-0.353,-1.153,-0.287,-3.403,3125000.0,39319000.0,1.0,78183920.0,78094000,78094000.0,0.905,669188000.0,0.0,0.0,0.0,8.569,412598000.0
70,VRTX,MRT,2003-12-31,2003-12-31,2003-12-31,2021-08-02,2690000.0,724411000.0,773712250.0,593806000.0,130605000.0,0.089,2.504,-17351000.0,124220000.0,124220000.0,3126000.0,-196767000.0,4.27,2.756,347460000.0,14000000.0,333460000.0,347460000.0,59517000.0,23438000.0,0.0,0.0,0.0,-179469000.0,-156031000.0,-2.257,-156031000.0,-179469000.0,-196767000.0,-2.56,-2.56,-2.56,192845000.0,284478250.0,192845000.0,1041634429.0,-6.0,-6.676,-184974000.0,-2.402,1.0,66015000.0,0.955,0.0,17298000.0,808584000.0,866066250.0,0.0,503868000.0,485005000.0,18863000.0,531566000.0,139067000.0,392499000.0,804204429.0,-9939000.0,0.0,11959000.0,25509000.0,0.0,37468000.0,119585000.0,38156000.0,-167623000.0,631000.0,-196767000.0,-196767000.0,-196767000.0,-69646000.0,0.0,-2.846,330542000.0,-264527000.0,12306000.0,0.0,4.17,-4.087,-4.043,80083000.0,0.0,10.35,11.631,11.527,7324000.0,-619920000.0,69141000.0,69141000.0,199636000.0,-0.254,-0.692,-0.207,-2.596,3146000.0,39082000.0,1.0,77700911.0,77004000,77004000.0,0.898,724411000.0,0.0,0.0,0.0,9.407,454739000.0
71,VRTX,MRT,2003-09-30,2003-09-30,2003-09-30,2021-08-02,3683000.0,742676000.0,796539500.0,610275000.0,132401000.0,0.032,3.001,-22292000.0,103510000.0,103510000.0,-16229000.0,-187821000.0,5.093,2.211,340940000.0,443000.0,340497000.0,340940000.0,59846000.0,24084000.0,0.0,0.0,0.0,-170391000.0,-146307000.0,-5.798,-146307000.0,-170391000.0,-187821000.0,-2.44,-2.44,-2.44,231282000.0,330912250.0,231282000.0,1125558160.0,-7.0,-7.693,-174690000.0,-2.267,1.0,41462000.0,1.643,0.0,17430000.0,860281000.0,898669750.0,0.0,537018000.0,518155000.0,18863000.0,511394000.0,119825000.0,391569000.0,946927160.0,-26145000.0,0.0,11742000.0,16193000.0,0.0,27436000.0,98503000.0,27038000.0,-152398000.0,314000.0,-187821000.0,-187821000.0,-187821000.0,-98006000.0,0.0,-7.443,328198000.0,-286736000.0,8069000.0,0.0,4.094,-5.042,-5.041,82029000.0,0.0,12.3,37.527,37.567,7850000.0,-578891000.0,25233000.0,25233000.0,205484000.0,-0.236,-0.568,-0.19,-6.753,3357000.0,32293000.0,1.0,76985948.0,77067000,77067000.0,0.327,742676000.0,0.0,0.0,0.0,9.637,490450000.0
72,VRTX,MRT,2003-06-30,2003-06-30,2003-06-30,2021-08-02,4684000.0,787456000.0,818637750.0,649242000.0,138214000.0,0.053,4.084,-36087000.0,159502000.0,159502000.0,-10449000.0,-134852000.0,7.504,1.512,338133000.0,846000.0,337287000.0,338133000.0,60051000.0,27812000.0,0.0,0.0,0.0,-117344000.0,-89532000.0,-2.049,-89532000.0,-117344000.0,-134852000.0,-1.76,-1.76,-1.76,313517000.0,375145000.0,313517000.0,1254045438.0,-11.0,-14.007,-159567000.0,-2.079,1.0,54135000.0,1.239,0.0,17508000.0,879566000.0,925319000.0,0.0,518849000.0,499986000.0,18863000.0,473939000.0,86521000.0,387418000.0,1122226438.0,8142000.0,0.0,10470000.0,10652000.0,0.0,20623000.0,110481000.0,54200000.0,-123480000.0,518000.0,-134852000.0,-134852000.0,-134852000.0,-96826000.0,0.0,-3.087,290291000.0,-236156000.0,9267000.0,0.0,3.579,-8.322,-8.312,86081000.0,0.0,14.63,25.688,25.707,9720000.0,-492470000.0,43686000.0,43686000.0,206479000.0,-0.165,-0.359,-0.127,-2.686,3367000.0,35785000.0,1.0,76707207.0,76764000,76764000.0,0.569,787456000.0,0.0,0.0,0.0,10.258,562721000.0
73,VRTX,MRT,2003-03-31,2003-03-31,2003-03-31,2021-08-02,4435000.0,840306000.0,836892250.0,697975000.0,142331000.0,0.084,5.238,-35791000.0,206865000.0,206865000.0,-4655000.0,-65943000.0,12.399,1.099,338684000.0,1374000.0,337310000.0,338684000.0,60544000.0,26687000.0,0.0,0.0,0.0,-48317000.0,-21630000.0,-0.309,-21630000.0,-48317000.0,-65943000.0,-0.87,-0.87,-0.87,400269000.0,405935750.0,400269000.0,1046184074.0,-22.0,-48.367,-135872000.0,-1.778,1.0,74719000.0,1.066,0.0,17626000.0,915834000.0,948438500.0,0.0,518179000.0,499316000.0,18863000.0,440037000.0,56291000.0,383746000.0,852234074.0,4544000.0,0.0,14326000.0,10193000.0,0.0,24020000.0,80001000.0,24593000.0,-100081000.0,604000.0,-65943000.0,-65943000.0,-65943000.0,-97219000.0,0.0,-0.941,246287000.0,-171568000.0,10000000.0,0.0,2.129,-12.924,-12.805,87346000.0,0.0,11.14,12.164,12.149,11925000.0,-402542000.0,70064000.0,70064000.0,202945000.0,-0.079,-0.162,-0.051,-0.69,2852000.0,39446000.0,1.0,76502161.0,76411000,76411000.0,0.917,840306000.0,0.0,0.0,0.0,10.997,641684000.0
74,VRTX,MRT,2002-12-31,2002-12-31,2002-12-31,2021-08-02,6764000.0,815720000.0,845693250.0,656572000.0,159148000.0,0.112,4.998,-38875000.0,134189000.0,134189000.0,3334000.0,-108621000.0,10.164,1.155,322064000.0,1965000.0,320099000.0,322064000.0,58486000.0,24905000.0,0.0,0.0,0.0,-90937000.0,-66032000.0,-0.697,-66032000.0,-90937000.0,-108621000.0,-1.43,-1.43,-1.43,378581000.0,418395750.0,378581000.0,1405032748.0,-15.0,-21.278,-118414000.0,-1.563,1.0,91436000.0,0.965,0.0,17684000.0,938998000.0,952944750.0,0.0,553319000.0,526886000.0,26433000.0,437139000.0,64597000.0,372542000.0,1210435748.0,-81107000.0,0.0,13327000.0,1014000.0,0.0,13842000.0,-15962000.0,24596000.0,-79539000.0,552000.0,-108621000.0,-108621000.0,-108621000.0,-28337000.0,0.0,-1.146,239432000.0,-147996000.0,16745000.0,0.0,3.197,-11.144,-11.084,95991000.0,0.0,15.85,12.772,12.669,13200000.0,-423153000.0,94770000.0,94770000.0,198338000.0,-0.128,-0.26,-0.095,-0.96,2894000.0,41056000.0,1.0,76368186.0,75749000,75749000.0,1.251,815720000.0,0.0,0.0,0.0,10.769,591975000.0
75,VRTX,MRT,2002-09-30,2002-09-30,2002-09-30,2021-08-02,7894000.0,831069000.0,873046000.0,673653000.0,157416000.0,0.099,5.373,-37877000.0,129685000.0,129685000.0,-6894000.0,-79798000.0,11.459,1.036,324282000.0,2969000.0,321313000.0,324282000.0,61787000.0,23697000.0,0.0,0.0,0.0,-61955000.0,-38258000.0,-0.442,-38258000.0,-61955000.0,-79798000.0,-1.05,-1.05,-1.05,408213000.0,442588250.0,408213000.0,1579518071.0,-25.0,-41.286,-61683000.0,-0.812,1.0,93527000.0,1.08,0.0,17843000.0,966878000.0,954642250.0,0.0,574193000.0,547760000.0,26433000.0,422856000.0,58788000.0,364068000.0,1405662071.0,-92357000.0,0.0,13958000.0,-23064000.0,0.0,-9424000.0,-59392000.0,-16964000.0,-23806000.0,265000.0,-79798000.0,-79798000.0,-79798000.0,-22148000.0,0.0,-0.921,218778000.0,-125251000.0,12170000.0,0.0,3.443,-17.615,-17.61,92391000.0,0.0,18.49,16.225,16.216,13100000.0,-391070000.0,86633000.0,86633000.0,180465000.0,-0.091,-0.18,-0.065,-0.715,2198000.0,36157000.0,1.0,76022827.0,75979000,75979000.0,1.14,831069000.0,0.0,0.0,0.0,10.938,614865000.0
76,VRTX,MRT,2002-06-30,2002-06-30,2002-06-30,2021-08-02,6654000.0,860474000.0,895871250.0,707608000.0,152866000.0,0.104,5.772,-38651000.0,151393000.0,151393000.0,-2038000.0,-57826000.0,11.361,0.97,325249000.0,3519000.0,321730000.0,325249000.0,61553000.0,21877000.0,0.0,0.0,0.0,-39468000.0,-17591000.0,-0.19,-17591000.0,-39468000.0,-57826000.0,-0.76,-0.76,-0.76,436680000.0,459606750.0,436680000.0,1356926366.0,-34.0,-77.138,-76491000.0,-1.011,1.0,94763000.0,1.022,0.0,18358000.0,972044000.0,954682500.0,0.0,581010000.0,554577000.0,26433000.0,423794000.0,62286000.0,361508000.0,1233030366.0,-50554000.0,0.0,12222000.0,-23311000.0,0.0,-11407000.0,-1694000.0,40606000.0,-37840000.0,387000.0,-57826000.0,-57826000.0,-57826000.0,-22148000.0,0.0,-0.624,220688000.0,-125925000.0,9764000.0,0.0,2.824,-21.323,-21.421,86222000.0,0.0,16.28,13.298,13.284,18056000.0,-357618000.0,92725000.0,92725000.0,168439000.0,-0.065,-0.126,-0.041,-0.426,2829000.0,33970000.0,1.0,75738966.0,75660000,75660000.0,1.226,860474000.0,0.0,0.0,0.0,11.373,645322000.0
77,VRTX,MRT,2002-03-31,2002-03-31,2002-03-31,2021-08-02,4942000.0,875510000.0,872461250.0,723783000.0,151727000.0,0.104,5.989,-43148000.0,202363000.0,202363000.0,1696000.0,-50185000.0,11.042,0.945,326259000.0,3928000.0,322331000.0,326259000.0,65402000.0,19646000.0,0.0,0.0,0.0,-31016000.0,-11370000.0,-0.125,-11370000.0,-31016000.0,-50185000.0,-0.66,-0.66,-0.66,450109000.0,445774000.0,450109000.0,2224904959.0,-72.0,-195.682,-69638000.0,-0.927,1.0,89340000.0,0.981,0.0,19169000.0,933859000.0,932220500.0,0.0,549234000.0,522801000.0,26433000.0,425401000.0,65547000.0,359854000.0,2088337959.0,-56800000.0,0.0,11864000.0,-23472000.0,0.0,-11926000.0,-18319000.0,30622000.0,-26490000.0,-65000.0,-50185000.0,-50185000.0,-50185000.0,-22148000.0,0.0,-0.551,211114000.0,-121774000.0,10913000.0,0.0,4.64,-41.613,-42.212,84628000.0,0.0,27.86,22.94,23.002,14342000.0,-336599000.0,91036000.0,91036000.0,156470000.0,-0.058,-0.113,-0.033,-0.341,2342000.0,32002000.0,1.0,74958290.0,75161000,75161000.0,1.211,875510000.0,0.0,0.0,0.0,11.648,658236000.0
78,VRTX,MRT,2001-12-31,2001-12-31,2001-12-31,2021-08-02,11134000.0,925131000.0,845969750.0,776092000.0,149039000.0,0.101,6.384,-49391000.0,215395000.0,215395000.0,3594000.0,-66233000.0,8.477,0.946,327605000.0,4579000.0,323026000.0,327605000.0,74699000.0,17802000.0,0.0,0.0,0.0,-46915000.0,-29113000.0,-0.341,-29113000.0,-46915000.0,-66233000.0,-0.89,-0.89,-0.89,475351000.0,430923250.0,475351000.0,1979791351.0,-42.0,-68.004,-56438000.0,-0.758,1.0,81703000.0,0.958,0.0,19318000.0,945788000.0,908319250.0,0.0,580430000.0,553997000.0,26433000.0,449780000.0,91553000.0,358227000.0,1843224351.0,-157454000.0,0.0,18626000.0,-23317000.0,0.0,-5009000.0,-145087000.0,-76638000.0,-7047000.0,-311000.0,-66233000.0,-66233000.0,-66233000.0,-22148000.0,0.0,-0.776,198087000.0,-116384000.0,11628000.0,0.0,3.878,-27.829,-27.629,80377000.0,0.0,24.59,21.609,21.467,20265000.0,-314532000.0,85297000.0,85297000.0,141988000.0,-0.078,-0.154,-0.052,-0.55,1501000.0,31856000.0,1.0,74958290.0,74464000,74464000.0,1.145,925131000.0,0.0,0.0,0.0,12.424,684539000.0
79,VRTX,MRT,2001-09-30,2001-09-30,2001-09-30,2021-08-02,12324000.0,922370000.0,849971000.0,428418000.0,493952000.0,0.19,6.378,-51655000.0,222180000.0,222180000.0,46127000.0,-65959000.0,4.662,0.937,358747000.0,4562000.0,354185000.0,358747000.0,53747000.0,15997000.0,0.0,0.0,0.0,-45672000.0,-29675000.0,-0.184,-29675000.0,-45672000.0,-65959000.0,-0.88,-0.88,-0.88,476287000.0,440588250.0,476287000.0,1501888971.0,-33.0,-50.611,-108530000.0,-1.453,1.0,115124000.0,0.714,0.0,20287000.0,967039000.0,889934250.0,0.0,553239000.0,185915000.0,367324000.0,446083000.0,91898000.0,354185000.0,1347674971.0,-301160000.0,0.0,26735000.0,-21029000.0,0.0,21744000.0,-266121000.0,-197953000.0,-56875000.0,92000.0,-65959000.0,-65959000.0,-65959000.0,0.0,0.0,-0.409,200671000.0,-85547000.0,6377000.0,0.0,2.83,-20.432,-20.5,75064000.0,0.0,18.04,8.358,8.355,35925000.0,-311272000.0,161251000.0,161251000.0,136685000.0,-0.078,-0.15,-0.051,-0.283,2696000.0,41565000.0,1.0,74704821.0,74682000,74682000.0,2.159,922370000.0,0.0,0.0,0.0,12.351,336520000.0
80,VRTX,MRT,2001-06-30,2001-06-30,2001-06-30,2021-08-02,7757000.0,766834000.0,808290000.0,330474000.0,436360000.0,0.24,5.127,-42599000.0,194435000.0,194435000.0,67666000.0,-70124000.0,8.506,1.011,348649000.0,2016000.0,346633000.0,348649000.0,11162000.0,16221000.0,0.0,0.0,0.0,-51561000.0,-35340000.0,-0.182,-35340000.0,-51561000.0,-70124000.0,-0.9,-0.9,-0.9,381349000.0,417449500.0,381349000.0,3085272214.0,-60.0,-87.303,-78391000.0,-1.054,1.0,126058000.0,0.651,0.0,18563000.0,882196000.0,801990250.0,0.0,508328000.0,151501000.0,356827000.0,385485000.0,38852000.0,346633000.0,2984690214.0,-23855000.0,0.0,114061000.0,323412000.0,0.0,442813000.0,-430444000.0,-369150000.0,-35792000.0,-432000.0,-70124000.0,-70124000.0,-70124000.0,0.0,0.0,-0.362,186763000.0,-60705000.0,6362000.0,0.0,7.827,-42.563,-55.0,43534000.0,0.0,49.5,15.407,19.006,8414000.0,-251462000.0,193724000.0,193724000.0,131130000.0,-0.087,-0.168,-0.064,-0.266,2021000.0,50643000.0,1.0,60296772.0,74381000,74381000.0,2.604,766834000.0,0.0,0.0,0.0,10.31,291622000.0
81,VRTX,MRT,2001-03-31,2001-03-31,2001-03-31,2021-08-02,8211000.0,769544000.0,723662000.0,333278000.0,436266000.0,0.249,5.285,-31434000.0,248570000.0,248570000.0,57470000.0,-54144000.0,10.457,0.97,349152000.0,2186000.0,346966000.0,349152000.0,11174000.0,14306000.0,0.0,0.0,0.0,-38349000.0,-24043000.0,-0.133,-24043000.0,-38349000.0,-54144000.0,-0.67,-0.67,-0.67,390706000.0,378390250.0,390706000.0,2221123753.0,-58.0,-92.381,-38680000.0,-0.523,1.0,122636000.0,0.681,0.0,15795000.0,838254000.0,679330750.0,0.0,463935000.0,100674000.0,363261000.0,378838000.0,31872000.0,346966000.0,2203311753.0,24810000.0,0.0,119727000.0,323979000.0,0.0,449015000.0,-416194000.0,-368179000.0,-7246000.0,-765000.0,-54144000.0,-54144000.0,-54144000.0,0.0,0.0,-0.301,163829000.0,-41193000.0,2596000.0,0.0,5.639,-40.694,-54.672,36063000.0,0.0,36.63,12.233,15.034,7615000.0,-239355000.0,180106000.0,180106000.0,116377000.0,-0.075,-0.143,-0.056,-0.213,2062000.0,45725000.0,1.0,60150471.0,73922000,73922000.0,2.436,769544000.0,0.0,0.0,0.0,10.41,301406000.0
82,VRTX,MRT,2000-12-31,2000-12-31,2000-12-31,2021-08-02,4227000.0,941136000.0,630508750.0,857431000.0,83705000.0,0.243,7.595,-18033000.0,361372000.0,361372000.0,46930000.0,-34740000.0,12.274,0.831,362340000.0,5071000.0,357269000.0,362340000.0,28329000.0,12792000.0,0.0,0.0,0.0,-23087000.0,-10295000.0,-0.067,-10295000.0,-23087000.0,-34740000.0,-0.51,-0.51,-0.51,514011000.0,331148000.0,514011000.0,4103616920.0,-178.0,-398.603,-30741000.0,-0.454,1.0,106352000.0,0.694,0.0,11653000.0,872248000.0,559962500.0,0.0,474828000.0,467402000.0,7426000.0,427125000.0,69856000.0,357269000.0,4220206920.0,298642000.0,0.0,119787000.0,499538000.0,0.0,619325000.0,-307459000.0,-286541000.0,-12708000.0,-516000.0,-34740000.0,-34740000.0,-34740000.0,0.0,0.0,-0.227,145215000.0,-38863000.0,8438000.0,0.0,8.21,-121.48,-140.196,43961000.0,0.0,71.5,27.532,31.571,33906000.0,-248299000.0,153282000.0,153282000.0,102441000.0,-0.055,-0.105,-0.041,-0.151,2113000.0,41354000.0,1.0,59023873.0,67682000,67682000.0,2.265,941136000.0,0.0,0.0,0.0,13.905,787575000.0
83,VRTX,MRT,2000-09-30,2000-09-30,2000-09-30,2021-08-02,451000.0,755646000.0,453336000.0,707810000.0,47836000.0,0.426,5.814,-13117000.0,466842000.0,466842000.0,67553000.0,-30227000.0,29.749,0.969,350252000.0,2131000.0,348121000.0,350252000.0,4650000.0,14363000.0,0.0,0.0,0.0,-22081000.0,-7718000.0,-0.04,-7718000.0,-22081000.0,-30227000.0,-0.305,-0.305,-0.305,383732000.0,254953750.0,383732000.0,4525009208.0,-205.0,-586.293,2495000.0,0.038,1.0,125626000.0,0.65,0.0,8146000.0,615263000.0,386813000.0,0.0,243800000.0,241918000.0,1882000.0,371914000.0,23793000.0,348121000.0,4537182208.0,464304000.0,3000000.0,111927000.0,520792000.0,0.0,616681000.0,-167076000.0,-138767000.0,15612000.0,-913000.0,-30227000.0,-30227000.0,-30227000.0,0.0,0.0,-0.156,157304000.0,-31678000.0,17012000.0,0.0,11.824,-150.104,-277.049,24691000.0,0.0,84.5,23.487,28.868,7087000.0,-219231000.0,193179000.0,193179000.0,102443000.0,-0.067,-0.119,-0.057,-0.114,1834000.0,56123000.0,1.0,53694464.0,65997000,65997000.0,2.927,755646000.0,0.0,0.0,0.0,11.45,684017000.0
84,VRTX,MRT,2000-06-30,2000-06-30,2000-06-30,2021-08-02,-1157000.0,428322000.0,320636500.0,385519000.0,42803000.0,0.398,4.277,-14639000.0,192996000.0,192996000.0,34581000.0,-28868000.0,15.677,0.903,180823000.0,2204000.0,178619000.0,180823000.0,4742000.0,11081000.0,0.0,0.0,0.0,-23770000.0,-12689000.0,-0.099,-12689000.0,-23770000.0,-28868000.0,-0.415,-0.415,-0.415,225112000.0,210650750.0,225112000.0,2743086704.0,-115.0,-216.178,-37000.0,-0.001,1.0,92982000.0,0.729,0.0,5098000.0,391558000.0,281227000.0,0.0,197477000.0,195177000.0,2300000.0,203210000.0,24591000.0,178619000.0,2763197704.0,178066000.0,3000000.0,24867000.0,176902000.0,0.0,196429000.0,-32600000.0,-4600000.0,14602000.0,-365000.0,-28868000.0,-28868000.0,-28868000.0,0.0,0.0,-0.226,129315000.0,-36333000.0,17645000.0,0.0,12.275,-95.718,-126.988,25080000.0,0.0,52.7,21.661,21.746,5434000.0,-194373000.0,127563000.0,127563000.0,85823000.0,-0.09,-0.137,-0.085,-0.186,1073000.0,42719000.0,1.0,52432594.0,52638000,52638000.0,2.423,428322000.0,0.0,0.0,0.0,8.137,360928000.0
85,VRTX,MRT,2000-03-31,2000-03-31,2000-03-31,2021-08-02,-1372000.0,396931000.0,273214000.0,353751000.0,43180000.0,0.414,3.885,-18232000.0,201538000.0,201538000.0,34581000.0,-42311000.0,22.056,0.968,181427000.0,2272000.0,179155000.0,181427000.0,0.0,10351000.0,0.0,0.0,0.0,-39716000.0,-29365000.0,-0.26,-29365000.0,-39716000.0,-42311000.0,-0.675,-0.675,-0.675,201737000.0,209018750.0,201737000.0,1183226806.0,-30.0,-40.294,-39201000.0,-0.755,1.0,78475000.0,0.694,0.0,2595000.0,360781000.0,237695000.0,0.0,157793000.0,155498000.0,2295000.0,195194000.0,16039000.0,179155000.0,1217503806.0,177971000.0,3000000.0,15378000.0,176816000.0,0.0,186885000.0,12141000.0,44452000.0,-20969000.0,-86000.0,-42311000.0,-42311000.0,-42311000.0,0.0,0.0,-0.374,127623000.0,-49148000.0,13767000.0,0.0,6.035,-28.775,-34.674,25210000.0,0.0,23.405,10.769,10.75,4506000.0,-206986000.0,113056000.0,113056000.0,85028000.0,-0.155,-0.202,-0.167,-0.351,1043000.0,41723000.0,1.0,52018962.0,51928000,51928000.0,2.177,396931000.0,0.0,0.0,0.0,7.644,337712000.0
86,VRTX,MRT,1999-12-31,1999-12-31,1999-12-31,2021-08-02,-970000.0,232445000.0,236406750.0,123023000.0,109422000.0,0.461,3.342,-18038000.0,41336000.0,41336000.0,34581000.0,-41154000.0,6.643,0.111,7059000.0,2366000.0,4693000.0,7059000.0,2000000.0,9671000.0,0.0,0.0,0.0,-39450000.0,-29779000.0,-0.273,-29779000.0,-39450000.0,-41154000.0,-0.66,-0.66,-0.66,209234000.0,215962250.0,209234000.0,878682070.0,-22.0,-29.507,-38299000.0,-0.612,1.0,74306000.0,0.682,0.0,1704000.0,179650000.0,202852250.0,0.0,158530000.0,84080000.0,74450000.0,23211000.0,18518000.0,4693000.0,897540070.0,13410000.0,0.0,7646000.0,1743000.0,0.0,9389000.0,24234000.0,60718000.0,-20261000.0,48000.0,-41154000.0,-41154000.0,-41154000.0,0.0,0.0,-0.378,125947000.0,-51641000.0,2979000.0,0.0,4.29,-21.809,-26.515,24480000.0,0.0,17.5,8.243,10.061,5956000.0,-190827000.0,108887000.0,108887000.0,85029000.0,-0.174,-0.191,-0.194,-0.362,1007000.0,40918000.0,1.0,51288004.0,62602000,62602000.0,1.739,232445000.0,0.0,0.0,0.0,3.713,104505000.0
87,VRTX,MRT,1999-09-30,1999-09-30,1999-09-30,2021-08-02,-330000.0,224848000.0,244882000.0,194126000.0,30722000.0,0.082,4.041,-15641000.0,26567000.0,26567000.0,0.0,-55278000.0,14.852,0.089,7709000.0,2452000.0,5257000.0,7709000.0,0.0,5747000.0,0.0,0.0,0.0,-54926000.0,-49179000.0,-2.456,-49179000.0,-54926000.0,-55278000.0,-1.08,-1.08,-1.08,206520000.0,225206750.0,206520000.0,786132367.0,-14.0,-15.985,-67681000.0,-1.324,1.0,20021000.0,1.0,0.0,352000.0,192919000.0,217075500.0,0.0,168191000.0,165745000.0,2446000.0,18328000.0,13071000.0,5257000.0,793114367.0,-27283000.0,-3000000.0,4675000.0,-2760000.0,0.0,1915000.0,22653000.0,42690000.0,-52040000.0,189000.0,-55278000.0,-55278000.0,-55278000.0,0.0,0.0,-2.761,97694000.0,-77673000.0,10619000.0,0.0,3.84,-14.348,-14.38,23603000.0,0.0,15.53,39.614,39.641,4790000.0,-192542000.0,20021000.0,20021000.0,72169000.0,-0.226,-0.245,-0.253,-2.743,32000.0,23599000.0,1.0,51069824.0,51104000,51104000.0,0.392,224848000.0,0.0,0.0,0.0,4.4,181055000.0
88,VRTX,MRT,1999-06-30,1999-06-30,1999-06-30,2021-08-02,-933000.0,238632000.0,258137750.0,211334000.0,27298000.0,0.121,4.289,-11235000.0,15371000.0,15371000.0,0.0,-43265000.0,14.862,0.092,8389000.0,2561000.0,5828000.0,8389000.0,0.0,5194000.0,0.0,0.0,0.0,-42891000.0,-37697000.0,-1.208,-37697000.0,-42891000.0,-43265000.0,-0.845,-0.845,-0.845,218584000.0,238347250.0,218584000.0,600172030.0,-14.0,-15.921,-48463000.0,-0.951,1.0,31213000.0,1.0,0.0,374000.0,217430000.0,225148750.0,0.0,196394000.0,193819000.0,2575000.0,20048000.0,14220000.0,5828000.0,614679030.0,-25101000.0,-3000000.0,3536000.0,-1174000.0,0.0,2362000.0,9872000.0,25815000.0,-37228000.0,-107000.0,-43265000.0,-43265000.0,-43265000.0,0.0,0.0,-1.386,94644000.0,-63431000.0,11659000.0,0.0,2.812,-14.207,-14.278,19658000.0,0.0,12.065,19.693,19.698,0.0,-178256000.0,31213000.0,31213000.0,71489000.0,-0.168,-0.182,-0.191,-1.374,58000.0,21956000.0,1.0,50947288.0,50960000,50960000.0,0.613,238632000.0,0.0,0.0,0.0,4.683,197114000.0
89,VRTX,MRT,1999-03-31,1999-03-31,1999-03-31,2021-08-02,211000.0,249702000.0,267204750.0,226729000.0,22973000.0,0.097,4.52,-8143000.0,23586000.0,23586000.0,0.0,-42226000.0,16.448,0.088,9079000.0,2673000.0,6406000.0,9079000.0,0.0,4832000.0,0.0,0.0,0.0,-41693000.0,-36861000.0,-1.426,-36861000.0,-41693000.0,-42226000.0,-0.83,-0.83,-0.83,229511000.0,248536000.0,229511000.0,624655085.0,-15.0,-16.946,-41963000.0,-0.826,1.0,25849000.0,1.0,0.0,533000.0,221410000.0,230090500.0,0.0,207368000.0,204490000.0,2878000.0,20191000.0,13785000.0,6406000.0,641356085.0,-38636000.0,-3000000.0,3031000.0,333000.0,0.0,3364000.0,-8165000.0,3952000.0,-33820000.0,-15000.0,-42226000.0,-42226000.0,-42226000.0,0.0,0.0,-1.634,85745000.0,-59896000.0,11112000.0,0.0,2.794,-15.189,-15.211,15692000.0,0.0,12.625,24.812,24.801,0.0,-167415000.0,25849000.0,25849000.0,65091000.0,-0.158,-0.17,-0.181,-1.613,47000.0,20654000.0,1.0,50800482.0,50778000,50778000.0,0.509,249702000.0,0.0,0.0,0.0,4.918,212944000.0
90,VRTX,MRT,1998-12-31,1998-12-31,1998-12-31,2021-08-02,654000.0,266346000.0,275615750.0,248708000.0,17638000.0,0.105,4.866,-7901000.0,26485000.0,26485000.0,0.0,-33086000.0,18.982,0.082,9784000.0,2752000.0,7032000.0,9784000.0,0.0,4520000.0,0.0,0.0,0.0,-32405000.0,-27885000.0,-0.96,-27885000.0,-32405000.0,-33086000.0,-0.65,-0.65,-0.65,246212000.0,258264750.0,246212000.0,712400778.0,-22.0,-25.548,-38865000.0,-0.768,1.0,29055000.0,1.0,0.0,681000.0,236543000.0,230392750.0,0.0,221483000.0,221483000.0,0.0,20134000.0,13102000.0,7032000.0,753899778.0,-47285000.0,0.0,2704000.0,1369000.0,0.0,4073000.0,-20394000.0,-12217000.0,-30964000.0,0.0,-33086000.0,-33086000.0,-33086000.0,0.0,0.0,-1.139,76803000.0,-47748000.0,2808000.0,0.0,3.062,-22.786,-22.885,14476000.0,0.0,14.875,25.947,25.904,1462000.0,-149861000.0,29055000.0,29055000.0,58668000.0,-0.12,-0.128,-0.141,-1.115,32000.0,18135000.0,1.0,50682338.0,50598000,50598000.0,0.574,266346000.0,0.0,0.0,0.0,5.264,235606000.0
91,VRTX,MRT,1998-09-30,1998-09-30,1998-09-30,2021-08-02,1720000.0,277871000.0,282930250.0,260885000.0,16986000.0,0.155,5.119,-7666000.0,51968000.0,51968000.0,0.0,-27286000.0,23.377,0.073,10469000.0,2840000.0,7629000.0,10469000.0,0.0,4139000.0,0.0,0.0,0.0,-26664000.0,-22525000.0,-0.513,-22525000.0,-26664000.0,-27286000.0,-0.54,-0.54,-0.54,259082000.0,265712000.0,259082000.0,553184604.0,-21.0,-24.559,-30981000.0,-0.612,1.0,43917000.0,1.0,0.0,622000.0,225212000.0,225394750.0,0.0,209261000.0,209261000.0,0.0,18789000.0,11160000.0,7629000.0,582211604.0,-127539000.0,0.0,3263000.0,2304000.0,0.0,5567000.0,-109803000.0,-101939000.0,-23315000.0,12000.0,-27286000.0,-27286000.0,-27286000.0,0.0,0.0,-0.621,70581000.0,-26664000.0,8320000.0,0.0,2.247,-21.337,-21.296,13709000.0,0.0,11.5,13.257,13.254,0.0,-137264000.0,43917000.0,43917000.0,54617000.0,-0.096,-0.103,-0.118,-0.607,12000.0,15964000.0,1.0,50627096.0,50616000,50616000.0,0.868,277871000.0,0.0,0.0,0.0,5.49,249725000.0
92,VRTX,MRT,1998-06-30,1998-06-30,1998-06-30,2021-08-02,240000.0,274900000.0,,257926000.0,16974000.0,,5.128,-7529000.0,38590000.0,38590000.0,0.0,-30869000.0,29.729,0.06,9563000.0,2678000.0,6885000.0,9563000.0,0.0,3919000.0,0.0,0.0,0.0,-30283000.0,-26364000.0,-0.675,-26364000.0,-30283000.0,-30869000.0,-0.61,-0.61,-0.61,259339000.0,,259339000.0,516984340.0,-17.0,-19.609,-34928000.0,-0.691,1.0,39047000.0,1.0,0.0,586000.0,237197000.0,,0.0,219864000.0,219864000.0,0.0,15561000.0,8676000.0,6885000.0,569000340.0,-152310000.0,0.0,3961000.0,1302000.0,0.0,5263000.0,-130168000.0,-122133000.0,-27399000.0,-6000.0,-30869000.0,-30869000.0,-30869000.0,0.0,0.0,-0.791,69330000.0,-30283000.0,5998000.0,0.0,2.194,-18.433,-18.443,13617000.0,0.0,11.25,14.572,14.572,0.0,-134991000.0,39047000.0,39047000.0,55325000.0,,,,-0.776,12000.0,14005000.0,1.0,50577808.0,50578000,50578000.0,0.772,274900000.0,0.0,0.0,0.0,5.435,249250000.0
93,VRTX,MRT,1998-03-31,1998-03-31,1998-03-31,2021-08-02,50000.0,283346000.0,,267536000.0,15810000.0,,5.315,-5978000.0,60762000.0,60762000.0,0.0,-22479000.0,30.712,0.056,8746000.0,2537000.0,6209000.0,8746000.0,0.0,3706000.0,0.0,0.0,0.0,-21907000.0,-18201000.0,-0.413,-18201000.0,-21907000.0,-22479000.0,-0.445,-0.445,-0.445,268426000.0,,268426000.0,741701886.0,-34.0,-40.751,-24537000.0,-0.486,1.0,44050000.0,1.0,0.0,572000.0,222619000.0,,0.0,207428000.0,207428000.0,0.0,14920000.0,8711000.0,6209000.0,807056886.0,-26481000.0,0.0,15286000.0,574000.0,0.0,15860000.0,-23778000.0,-17132000.0,-18559000.0,-4000.0,-22479000.0,-22479000.0,-22479000.0,0.0,0.0,-0.51,65957000.0,-21907000.0,6174000.0,0.0,3.007,-35.903,-35.888,12381000.0,0.0,15.97,18.321,18.308,0.0,-125189000.0,44050000.0,44050000.0,53492000.0,,,,-0.497,12000.0,12465000.0,1.0,50535810.0,50500000,50500000.0,0.872,283346000.0,0.0,0.0,0.0,5.611,258825000.0
94,VRTX,MRT,1997-12-31,1997-12-31,1997-12-31,2021-08-02,152000.0,295604000.0,219551500.0,281623000.0,13981000.0,0.199,5.687,-6020000.0,73770000.0,73770000.0,0.0,-19831000.0,20.559,0.071,8415000.0,2510000.0,5905000.0,8415000.0,556000.0,3588000.0,0.0,0.0,0.0,-19255000.0,-15667000.0,-0.358,-15667000.0,-19255000.0,-19831000.0,-0.41,-0.41,-0.41,276001000.0,203413500.0,276001000.0,,,,-15326000.0,-0.316,1.0,43799000.0,1.0,0.0,576000.0,216551000.0,162177000.0,0.0,208217000.0,208217000.0,0.0,19603000.0,13698000.0,5905000.0,833840865.0,36603000.0,0.0,164847000.0,-112000.0,0.0,164735000.0,-118814000.0,-112594000.0,-9306000.0,-12000.0,-19831000.0,-19831000.0,-19831000.0,0.0,0.0,-0.453,63054000.0,-19255000.0,4247000.0,0.0,3.021,-42.047,-40.244,11095000.0,0.0,16.5,19.038,18.282,0.0,-116775000.0,43799000.0,43799000.0,51624000.0,-0.09,-0.097,-0.119,-0.44,12000.0,11430000.0,1.0,50535810.0,48528000,48528000.0,0.903,295604000.0,0.0,0.0,0.0,6.091,267925000.0
95,VRTX,MRT,1997-09-30,1997-09-30,1997-09-30,2021-08-02,,,,,,,,,,,,,,,,,,,,,,0.0,0.0,,,,,,,,,,,,,,,,,,1.0,,,,,,,,,,,,,,,,,,,,,,,,,,,,,,,,,,,,,,,,18.875,,,,,,,,,,,,,,1.0,,50238000,,,,,,,,
96,VRTX,MRT,1997-06-30,1997-06-30,1997-06-30,2021-08-02,,,,,,,,,,,,,,,,,,,,,,0.0,0.0,,,,,,,,,,,,,,,,,,1.0,,,,,,,,,,,,,,,,,,,,,,,,,,,,,,,,,,,,,,,,19.125,,,,,,,,,,,,,,1.0,,49444000,,,,,,,,
97,VRTX,MRT,1997-03-31,1997-03-31,1997-03-31,2021-08-02,,,,,,,,,,,,,,,,,,,,,,0.0,0.0,,,,,,,,,,,,,,,,,,1.0,,,,,,,,,,,,,,,,,,,,,,,,,,,,,,,,,,,,,,,,20.25,,,,,,,,,,,,,,1.0,,43950000,,,,,,,,
98,VRTX,MRT,1996-12-31,1996-12-31,1996-12-31,2021-08-02,49000.0,143499000.0,,132150000.0,11349000.0,,3.48,-3983000.0,37167000.0,37167000.0,0.0,-40005000.0,18.729,0.097,8527000.0,2910000.0,5617000.0,8527000.0,0.0,3160000.0,0.0,0.0,0.0,-39543000.0,-36383000.0,-1.956,-36383000.0,-39543000.0,-40005000.0,-1.065,-1.065,-1.065,130826000.0,,130826000.0,,,,-44236000.0,-1.177,1.0,18598000.0,1.0,0.0,462000.0,107803000.0,,0.0,95508000.0,95508000.0,0.0,12673000.0,7056000.0,5617000.0,,6461000.0,0.0,85510000.0,1540000.0,0.0,87050000.0,-40350000.0,-36885000.0,-40253000.0,14000.0,-40005000.0,-40005000.0,-40005000.0,0.0,0.0,-2.151,58141000.0,-39543000.0,1391000.0,0.0,,,-18.897,8663000.0,0.0,20.125,,40.683,0.0,-96944000.0,18598000.0,18598000.0,35212000.0,,,,-2.126,0.0,7929000.0,1.0,,37596000,37596000.0,0.495,143499000.0,0.0,0.0,0.0,3.817,125094000.0
99,VRTX,MRT,1995-12-31,1995-12-31,1995-12-31,2021-08-02,,,,,,,,-3078000.0,,,0.0,-21528000.0,,,,,,,,3710000.0,,0.0,0.0,-21047000.0,-17337000.0,-0.63,-17337000.0,-21047000.0,-21528000.0,-0.625,-0.625,-0.625,,,,,,,-19028000.0,-0.552,1.0,27534000.0,1.0,,481000.0,,,,,,,,,,,-43253000.0,0.0,1119000.0,595000.0,0.0,1714000.0,-29017000.0,-23558000.0,-15950000.0,0.0,-21528000.0,-21528000.0,-21528000.0,0.0,0.0,-0.782,48581000.0,-21047000.0,,0.0,,,-21.2,,0.0,13.25,,16.584,,,27534000.0,27534000.0,41512000.0,,,,-0.764,0.0,7069000.0,1.0,,34462000,34462000.0,0.799,,,0.0,,,
