None,ticker,dimension,calendardate,datekey,reportperiod,lastupdated,accoci,assets,assetsavg,assetsc,assetsnc,assetturnover,bvps,capex,cashneq,cashnequsd,cor,consolinc,currentratio,de,debt,debtc,debtnc,debtusd,deferredrev,depamor,deposits,divyield,dps,ebit,ebitda,ebitdamargin,ebitdausd,ebitusd,ebt,eps,epsdil,epsusd,equity,equityavg,equityusd,ev,evebit,evebitda,fcf,fcfps,fxusd,gp,grossmargin,intangibles,intexp,invcap,invcapavg,inventory,investments,investmentsc,investmentsnc,liabilities,liabilitiesc,liabilitiesnc,marketcap,ncf,ncfbus,ncfcommon,ncfdebt,ncfdiv,ncff,ncfi,ncfinv,ncfo,ncfx,netinc,netinccmn,netinccmnusd,netincdis,netincnci,netmargin,opex,opinc,payables,payoutratio,pb,pe,pe1,ppnenet,prefdivis,price,ps,ps1,receivables,retearn,revenue,revenueusd,rnd,roa,roe,roic,ros,sbcomp,sgna,sharefactor,sharesbas,shareswa,shareswadil,sps,tangibles,taxassets,taxexp,taxliabilities,tbvps,workingcapital
0,TMO,MRY,2020-12-31,2020-12-31,2020-12-31,2021-08-25,-2807000000.0,69052000000.0,63348500000.0,21957000000.0,47095000000.0,0.509,87.139,-1466000000.0,10325000000.0,10325000000.0,16214000000.0,6375000000.0,2.131,1.001,21735000000.0,2628000000.0,19107000000.0,21735000000.0,1271000000.0,2325000000.0,0.0,0.002,0.88,7778000000.0,10103000000.0,0.314,10103000000.0,7778000000.0,7225000000.0,16.09,15.96,16.09,34507000000.0,31191250000.0,34507000000.0,198158005264.0,25.0,19.614,6823000000.0,17.23,1.0,16004000000.0,0.497,38726000000.0,553000000.0,31432000000.0,31847500000.0,4029000000.0,0.0,0.0,0.0,34545000000.0,10304000000.0,24241000000.0,184605005264.0,7914000000.0,-38000000.0,-1304000000.0,2747000000.0,-337000000.0,959000000.0,-1510000000.0,0.0,8289000000.0,176000000.0,6375000000.0,6375000000.0,6375000000.0,0.0,0.0,0.198,8210000000.0,7794000000.0,2175000000.0,0.055,5.35,28.958,28.948,5912000000.0,0.0,465.78,5.73,5.725,5741000000.0,28116000000.0,32218000000.0,32218000000.0,1181000000.0,0.101,0.204,0.244,0.241,196000000.0,6930000000.0,1.0,396335191.0,396000000,399000000.0,81.359,30326000000.0,0.0,850000000.0,1794000000.0,76.581,11653000000.0
1,TMO,MRY,2019-12-31,2019-12-31,2019-12-31,2021-08-25,-2679000000.0,58381000000.0,57169000000.0,11893000000.0,46488000000.0,0.447,74.188,-890000000.0,2399000000.0,2399000000.0,14214000000.0,3696000000.0,1.919,0.967,17752000000.0,676000000.0,17076000000.0,17752000000.0,916000000.0,2277000000.0,0.0,0.002,0.76,4746000000.0,7023000000.0,0.275,7023000000.0,4746000000.0,4070000000.0,9.24,9.17,9.24,29675000000.0,28863000000.0,29675000000.0,146050019915.0,31.0,20.796,4083000000.0,10.207,1.0,11328000000.0,0.444,39728000000.0,676000000.0,27809000000.0,27036750000.0,3370000000.0,0.0,0.0,0.0,28706000000.0,6197000000.0,22509000000.0,130270019915.0,305000000.0,-715000000.0,-1347000000.0,-1405000000.0,-297000000.0,-3118000000.0,-1487000000.0,0.0,4973000000.0,-63000000.0,3696000000.0,3696000000.0,3696000000.0,0.0,0.0,0.145,6734000000.0,4594000000.0,1920000000.0,0.082,4.39,35.246,35.159,4749000000.0,0.0,324.87,5.1,5.088,4349000000.0,22092000000.0,25542000000.0,25542000000.0,1003000000.0,0.065,0.128,0.176,0.186,181000000.0,6144000000.0,1.0,400991227.0,400000000,403000000.0,63.855,18653000000.0,0.0,374000000.0,2192000000.0,46.633,5696000000.0
2,TMO,MRY,2018-12-31,2018-12-31,2018-12-31,2021-08-25,-2498000000.0,56232000000.0,55823250000.0,10625000000.0,45607000000.0,0.436,68.622,-708000000.0,2103000000.0,2103000000.0,13501000000.0,2938000000.0,1.728,1.038,18990000000.0,1271000000.0,17719000000.0,18990000000.0,809000000.0,2267000000.0,0.0,0.003,0.68,3929000000.0,6196000000.0,0.254,6196000000.0,3929000000.0,3262000000.0,7.31,7.24,7.31,27586000000.0,26761000000.0,27586000000.0,107768568528.0,27.0,17.393,3835000000.0,9.54,1.0,10857000000.0,0.446,40325000000.0,667000000.0,26647000000.0,27172250000.0,3005000000.0,0.0,0.0,0.0,28646000000.0,6147000000.0,22499000000.0,90092568528.0,756000000.0,-536000000.0,-364000000.0,-1556000000.0,-266000000.0,-2237000000.0,-1253000000.0,0.0,4543000000.0,-297000000.0,2938000000.0,2938000000.0,2938000000.0,0.0,0.0,0.121,7074000000.0,3783000000.0,1615000000.0,0.093,3.266,30.665,30.614,4165000000.0,0.0,223.79,3.699,3.693,4136000000.0,18696000000.0,24358000000.0,24358000000.0,967000000.0,0.053,0.11,0.145,0.161,181000000.0,6057000000.0,1.0,402576382.0,402000000,406000000.0,60.592,15907000000.0,0.0,324000000.0,2265000000.0,39.57,4478000000.0
3,TMO,MRY,2017-12-31,2017-12-31,2017-12-31,2021-08-25,-2003000000.0,56669000000.0,51345400000.0,9421000000.0,47248000000.0,0.407,64.337,-501000000.0,1335000000.0,1335000000.0,11470000000.0,2225000000.0,1.337,1.23,21008000000.0,2135000000.0,18873000000.0,21008000000.0,719000000.0,2033000000.0,0.0,0.003,0.6,3018000000.0,5051000000.0,0.241,5051000000.0,3018000000.0,2426000000.0,5.64,5.59,5.64,25413000000.0,23575400000.0,25413000000.0,97392598387.0,32.0,19.282,3504000000.0,8.871,1.0,9448000000.0,0.452,41974000000.0,592000000.0,27320000000.0,24863800000.0,2971000000.0,0.0,0.0,0.0,31256000000.0,7048000000.0,24208000000.0,76140998387.0,550000000.0,-7226000000.0,1068000000.0,3026000000.0,-237000000.0,3854000000.0,-7729000000.0,0.0,4005000000.0,420000000.0,2225000000.0,2225000000.0,2225000000.0,3000000.0,0.0,0.106,6488000000.0,2960000000.0,1428000000.0,0.106,2.996,34.221,33.667,4047000000.0,0.0,189.88,3.64,3.586,3879000000.0,15914000000.0,20918000000.0,20918000000.0,887000000.0,0.043,0.094,0.121,0.144,159000000.0,5504000000.0,1.0,400995357.0,395000000,398000000.0,52.957,14695000000.0,0.0,201000000.0,2766000000.0,37.203,2373000000.0
4,TMO,MRY,2016-12-31,2016-12-31,2016-12-31,2021-08-25,-2636000000.0,45908000000.0,44781200000.0,7021000000.0,38887000000.0,0.408,54.532,-418000000.0,786000000.0,786000000.0,9902000000.0,2022000000.0,1.443,1.131,16627000000.0,1255000000.0,15372000000.0,16627000000.0,486000000.0,1758000000.0,0.0,0.004,0.6,2021000000.0,3779000000.0,0.207,3779000000.0,2021000000.0,2021000000.0,5.12,5.09,5.12,21540000000.0,21346725000.0,21540000000.0,72680559248.0,36.0,19.233,2840000000.0,7.19,1.0,8372000000.0,0.458,35297000000.0,0.0,21586000000.0,20241650000.0,2213000000.0,0.0,0.0,0.0,24368000000.0,4866000000.0,19502000000.0,55738059248.0,345000000.0,-5178000000.0,-1163000000.0,4174000000.0,-238000000.0,2759000000.0,-5520000000.0,0.0,3258000000.0,-152000000.0,2022000000.0,2022000000.0,2022000000.0,3000000.0,0.0,0.111,5914000000.0,2458000000.0,926000000.0,0.117,2.588,27.566,27.559,2578000000.0,0.0,141.1,3.05,3.05,3049000000.0,13927000000.0,18274000000.0,18274000000.0,754000000.0,0.045,0.095,0.1,0.111,133000000.0,4971000000.0,1.0,395025225.0,395000000,397000000.0,46.263,10611000000.0,378000000.0,-1000000.0,2557000000.0,26.863,2155000000.0
5,TMO,MRY,2015-12-31,2015-12-31,2015-12-31,2021-08-25,-1997300000.0,40834300000.0,41403275000.0,5741200000.0,35093100000.0,0.41,53.509,-405000000.0,452100000.0,452100000.0,9209000000.0,1975000000.0,1.385,0.913,12472000000.0,1051800000.0,11420200000.0,12472000000.0,317900000.0,1688000000.0,0.0,0.004,0.6,1931000000.0,3619000000.0,0.213,3619000000.0,1931000000.0,1931000000.0,4.96,4.92,4.96,21350200000.0,20698750000.0,21350200000.0,69420508603.0,36.0,19.182,2537000000.0,6.358,1.0,7756000000.0,0.457,31585900000.0,0.0,17122000000.0,16738175000.0,1991700000.0,0.0,0.0,0.0,19484100000.0,4146300000.0,15337800000.0,56612008603.0,-898000000.0,-695000000.0,-428000000.0,-1942000000.0,-241000000.0,-2617000000.0,-1093000000.0,12000000.0,2942000000.0,-130000000.0,1975000000.0,1975000000.0,1975000000.0,5000000.0,0.0,0.116,5420000000.0,2336000000.0,822200000.0,0.121,2.652,28.664,28.599,2448800000.0,0.0,141.85,3.337,3.336,2544900000.0,12142300000.0,16965000000.0,16965000000.0,692000000.0,0.048,0.095,0.115,0.114,125000000.0,4612000000.0,1.0,399097699.0,399000000,402000000.0,42.519,9248400000.0,218100000.0,-44000000.0,2835100000.0,23.179,1594900000.0
6,TMO,MRY,2014-12-31,2014-12-31,2014-12-31,2021-08-25,-1285000000.0,42852100000.0,43997500000.0,6539800000.0,36312300000.0,0.384,51.602,-378300000.0,1343500000.0,1343500000.0,9397600000.0,1894400000.0,1.222,1.085,14564000000.0,2212400000.0,12351600000.0,14564000000.0,311900000.0,1684800000.0,0.0,0.005,0.6,2086100000.0,3770900000.0,0.223,3770900000.0,2086100000.0,2086100000.0,4.76,4.71,4.76,20548100000.0,20536975000.0,20548100000.0,64061991763.0,31.0,16.989,2241300000.0,5.629,1.0,7492000000.0,0.444,32952700000.0,0.0,17770100000.0,18386825000.0,1859500000.0,0.0,0.0,0.0,22304000000.0,5349800000.0,16954200000.0,50119191763.0,-4482500000.0,-11538300000.0,3097400000.0,1876400000.0,-234800000.0,4796100000.0,-11782700000.0,88600000.0,2619600000.0,-115500000.0,1894400000.0,1894400000.0,1894400000.0,1100000.0,0.0,0.112,4989000000.0,2503000000.0,820700000.0,0.126,2.439,26.456,26.321,2426500000.0,0.0,125.29,2.967,2.954,2473600000.0,10406900000.0,16889600000.0,16889600000.0,691100000.0,0.043,0.092,0.113,0.124,51500000.0,4896100000.0,1.0,400025475.0,398200000,402300000.0,42.415,9899400000.0,303300000.0,191700000.0,3595800000.0,24.86,1190000000.0
7,TMO,MRY,2013-12-31,2013-12-31,2013-12-31,2021-08-25,-77200000.0,31863400000.0,28794025000.0,9880700000.0,21982700000.0,0.455,46.784,-261700000.0,5826000000.0,5826000000.0,7561200000.0,1273300000.0,3.161,0.89,10487300000.0,987700000.0,9499600000.0,10487300000.0,198900000.0,999900000.0,0.0,0.005,0.6,1313700000.0,2313600000.0,0.177,2313600000.0,1313700000.0,1313700000.0,3.53,3.48,3.53,16856100000.0,16173925000.0,16856100000.0,45504148076.0,35.0,19.668,1749000000.0,4.854,1.0,5529100000.0,0.422,19574600000.0,0.0,13824100000.0,11908725000.0,1494500000.0,4500000.0,4500000.0,0.0,15007300000.0,3126000000.0,11881300000.0,40238248076.0,5020400000.0,-11400000.0,140600000.0,3354700000.0,-216200000.0,3310000000.0,-263300000.0,7600000.0,2010700000.0,-37000000.0,1273300000.0,1273300000.0,1273300000.0,5800000.0,0.0,0.097,3919500000.0,1609600000.0,691500000.0,0.17,2.387,31.602,31.544,1767400000.0,0.0,111.35,3.074,3.065,1942300000.0,8753300000.0,13090300000.0,13090300000.0,395500000.0,0.044,0.079,0.11,0.1,42100000.0,3446300000.0,1.0,361367293.0,360300000,365800000.0,36.332,12288800000.0,192500000.0,40400000.0,1609900000.0,34.107,6754700000.0
8,TMO,MRY,2012-12-31,2012-12-31,2012-12-31,2021-08-25,-150400000.0,27444600000.0,27051650000.0,4834800000.0,22609800000.0,0.462,42.509,-302300000.0,805600000.0,805600000.0,7214400000.0,1177900000.0,2.31,0.775,7124300000.0,93100000.0,7031200000.0,7124300000.0,196500000.0,983700000.0,0.0,0.008,0.54,1188900000.0,2172600000.0,0.174,2172600000.0,1188900000.0,1188900000.0,3.24,3.21,3.24,15464700000.0,15284650000.0,15464700000.0,29614606131.0,25.0,13.631,1737200000.0,4.775,1.0,5295500000.0,0.423,20279000000.0,0.0,11391000000.0,10658200000.0,1443300000.0,4300000.0,4300000.0,0.0,11979900000.0,2093300000.0,9886600000.0,22974506131.0,-210700000.0,-1083400000.0,-895900000.0,102300000.0,-142200000.0,-917700000.0,-1370900000.0,1900000.0,2039500000.0,38400000.0,1177900000.0,1177900000.0,1177900000.0,80500000.0,0.0,0.094,3813400000.0,1482100000.0,641400000.0,0.167,1.486,19.505,19.685,1726400000.0,0.0,63.78,1.837,1.855,1804900000.0,7697300000.0,12509900000.0,12509900000.0,376400000.0,0.044,0.077,0.112,0.095,55500000.0,3354900000.0,1.0,360214897.0,363800000,366600000.0,34.387,7165600000.0,182000000.0,11000000.0,2047200000.0,19.697,2741500000.0
9,TMO,MRY,2011-12-31,2011-12-31,2011-12-31,2021-08-25,-399500000.0,26833700000.0,25332400000.0,4821900000.0,22011800000.0,0.456,39.491,-252700000.0,1016300000.0,1016300000.0,6764800000.0,1329900000.0,1.549,0.784,7028000000.0,1272800000.0,5755200000.0,7028000000.0,192500000.0,859600000.0,0.0,0.0,0.0,1439300000.0,2298900000.0,0.199,2298900000.0,1439300000.0,1439300000.0,3.49,3.46,3.49,15038100000.0,15288600000.0,15038100000.0,23254850880.0,16.0,10.116,1438300000.0,3.777,1.0,4794000000.0,0.415,19789200000.0,0.0,9943100000.0,8532300000.0,1330100000.0,4300000.0,4300000.0,0.0,11795600000.0,3113100000.0,8682500000.0,17011250880.0,99200000.0,-5648900000.0,-1179400000.0,4709200000.0,0.0,3550600000.0,-5142200000.0,19500000.0,1691000000.0,-200000.0,1329900000.0,1329900000.0,1329900000.0,-306500000.0,0.0,0.115,3543200000.0,1250800000.0,612300000.0,0.0,1.131,12.791,12.885,1611300000.0,0.0,44.97,1.472,1.482,1763700000.0,6716300000.0,11558800000.0,11558800000.0,340200000.0,0.052,0.087,0.169,0.125,63100000.0,3106500000.0,1.0,378279984.0,380800000,384800000.0,30.354,7044500000.0,157800000.0,109400000.0,2229300000.0,18.499,1708800000.0
10,TMO,MRY,2010-12-31,2010-12-31,2010-12-31,2021-08-25,43600000.0,21349400000.0,21447975000.0,4135000000.0,17214400000.0,0.485,38.088,-235200000.0,917100000.0,917100000.0,6131600000.0,1035600000.0,2.418,0.39,2137100000.0,105800000.0,2031300000.0,2137100000.0,158200000.0,739700000.0,0.0,0.0,0.0,1137200000.0,1876900000.0,0.181,1876900000.0,1137200000.0,1137200000.0,2.57,2.53,2.57,15361000000.0,15395675000.0,15361000000.0,23236161818.0,20.0,12.38,1262600000.0,3.131,1.0,4261500000.0,0.41,14909400000.0,0.0,5950200000.0,5488950000.0,1172900000.0,8900000.0,8900000.0,0.0,5988400000.0,1709800000.0,4278600000.0,22004361818.0,-647000000.0,-606200000.0,-935200000.0,-372700000.0,0.0,-1295100000.0,-858900000.0,9000000.0,1497800000.0,9200000.0,1035600000.0,1035600000.0,1035600000.0,-49500000.0,0.0,0.1,3073400000.0,1188100000.0,546700000.0,0.0,1.432,21.248,21.541,1360200000.0,0.0,55.36,2.117,2.148,1473800000.0,5386400000.0,10393100000.0,10393100000.0,284400000.0,0.048,0.067,0.207,0.109,68800000.0,2728800000.0,1.0,397477634.0,403300000,409400000.0,25.77,6440000000.0,181300000.0,101600000.0,1626100000.0,15.968,2425200000.0
11,TMO,MRY,2009-12-31,2009-12-31,2009-12-31,2021-08-25,92000000.0,21625000000.0,21308050000.0,4530900000.0,17094100000.0,0.465,37.417,-186600000.0,1564100000.0,1564100000.0,6013800000.0,850300000.0,2.764,0.401,2181500000.0,117500000.0,2064000000.0,2181500000.0,139800000.0,762900000.0,0.0,0.0,0.0,907500000.0,1670400000.0,0.169,1670400000.0,907500000.0,907500000.0,2.06,2.01,2.06,15430900000.0,15224800000.0,15430900000.0,19749124705.0,22.0,11.823,1472600000.0,3.571,1.0,3897800000.0,0.393,15319900000.0,0.0,5283200000.0,5194000000.0,1131400000.0,7100000.0,7100000.0,0.0,6194100000.0,1639300000.0,4554800000.0,19472524705.0,283600000.0,-632900000.0,-360200000.0,-199900000.0,0.0,-557500000.0,-829500000.0,1200000.0,1659200000.0,11400000.0,850300000.0,850300000.0,850300000.0,-27100000.0,0.0,0.086,2895700000.0,1002100000.0,533600000.0,0.0,1.262,22.901,23.15,1333400000.0,0.0,47.69,1.965,1.984,1409600000.0,4350800000.0,9911600000.0,9911600000.0,243800000.0,0.04,0.056,0.175,0.092,64400000.0,2592700000.0,1.0,408314630.0,412400000,422800000.0,24.034,6305100000.0,160000000.0,57200000.0,1962200000.0,15.289,2891600000.0
12,TMO,MRY,2008-12-31,2008-12-31,2008-12-31,2021-08-25,-145800000.0,21090000000.0,21467100000.0,4345900000.0,16744100000.0,0.489,35.692,-249000000.0,1280500000.0,1280500000.0,6291800000.0,980900000.0,2.822,0.413,2018000000.0,14800000.0,2003200000.0,2018000000.0,135300000.0,792700000.0,0.0,0.0,0.0,1133500000.0,1926200000.0,0.183,1926200000.0,1133500000.0,1133500000.0,2.34,2.25,2.34,14926500000.0,14979475000.0,14926500000.0,15258205017.0,13.0,7.921,1171200000.0,2.801,1.0,4206200000.0,0.401,15100900000.0,0.0,5186400000.0,5244800000.0,1171400000.0,7500000.0,7500000.0,0.0,6163500000.0,1540200000.0,4623300000.0,14316705017.0,655400000.0,-198000000.0,-102300000.0,-151500000.0,0.0,-228400000.0,-450000000.0,0.0,1420200000.0,-86400000.0,980900000.0,980900000.0,980900000.0,-5500000.0,0.0,0.093,2976800000.0,1229400000.0,539500000.0,0.0,0.959,14.595,14.56,1275300000.0,0.0,34.07,1.364,1.357,1478100000.0,3500500000.0,10498000000.0,10498000000.0,249100000.0,0.046,0.065,0.216,0.108,31700000.0,2692300000.0,1.0,420214412.0,418200000,434700000.0,25.103,5989100000.0,161700000.0,152600000.0,2027100000.0,14.321,2805700000.0
13,TMO,MRY,2007-12-31,2007-12-31,2007-12-31,2021-08-25,388400000.0,21207400000.0,21205950000.0,3665300000.0,17542100000.0,0.46,34.373,-156300000.0,625100000.0,625100000.0,5942000000.0,748400000.0,1.927,0.464,2195200000.0,149300000.0,2045900000.0,2195200000.0,128500000.0,756800000.0,0.0,0.0,0.0,842100000.0,1598900000.0,0.164,1598900000.0,842100000.0,842100000.0,1.77,1.69,1.77,14488300000.0,14423925000.0,14488300000.0,25599224974.0,30.0,16.011,1327200000.0,3.149,1.0,3804400000.0,0.39,15871000000.0,0.0,5004900000.0,5143525000.0,1169900000.0,14100000.0,14100000.0,0.0,6719100000.0,1901600000.0,4817500000.0,24229324974.0,-42300000.0,-492500000.0,-552600000.0,-472900000.0,0.0,-928700000.0,-586000000.0,47800000.0,1483500000.0,-11100000.0,748400000.0,748400000.0,748400000.0,18500000.0,0.0,0.077,2830000000.0,974400000.0,676900000.0,0.0,1.672,32.375,32.588,1267400000.0,0.0,57.68,2.486,2.494,1450000000.0,2534500000.0,9746400000.0,9746400000.0,238700000.0,0.035,0.052,0.164,0.086,-45700000.0,2549100000.0,1.0,420064580.0,421500000,443600000.0,23.123,5336400000.0,195800000.0,93700000.0,2344100000.0,12.66,1763700000.0
14,TMO,MRY,2006-12-31,2006-12-31,2006-12-31,2021-08-25,150200000.0,21262200000.0,8469323750.0,3659500000.0,17602700000.0,0.448,70.942,-71000000.0,667400000.0,667400000.0,2223500000.0,168900000.0,1.7,0.528,2664000000.0,483300000.0,2180700000.0,2664000000.0,121300000.0,240700000.0,0.0,0.0,0.0,212000000.0,452700000.0,0.119,452700000.0,212000000.0,212000000.0,0.86,0.84,0.86,13911800000.0,5584474000.0,13911800000.0,7526839624.0,36.0,16.627,334700000.0,1.707,1.0,1568100000.0,0.414,16036600000.0,0.0,5069900000.0,2349393000.0,1164500000.0,23800000.0,23800000.0,0.0,7350400000.0,2152300000.0,5198100000.0,7156736624.0,453100000.0,236500000.0,-119700000.0,-157800000.0,0.0,-260100000.0,283400000.0,72500000.0,405700000.0,24100000.0,168900000.0,168900000.0,168900000.0,-2600000.0,0.0,0.045,1326100000.0,242000000.0,630800000.0,0.0,0.514,42.373,52.663,1256700000.0,0.0,45.29,1.888,2.342,1392700000.0,1773400000.0,3791600000.0,3791600000.0,170200000.0,0.02,0.03,0.09,0.056,52000000.0,1110200000.0,1.0,158020239.0,196100000,203700000.0,19.335,5225600000.0,209200000.0,43100000.0,2617800000.0,26.648,1507200000.0
15,TMO,MRY,2005-12-31,2005-12-31,2005-12-31,2021-08-25,27179000.0,4251569000.0,4021562750.0,1353900000.0,2897669000.0,0.655,17.285,-27400000.0,214326000.0,214326000.0,1438100000.0,223200000.0,1.71,0.522,598767000.0,130137000.0,468630000.0,598767000.0,85592000.0,123200000.0,38229000.0,0.0,0.0,310800000.0,434000000.0,0.165,434000000.0,310800000.0,310800000.0,1.38,1.36,1.38,2793312000.0,2731067750.0,2793312000.0,5322986178.0,17.0,12.265,243500000.0,1.507,1.0,1194900000.0,0.454,2416935000.0,0.0,1427413000.0,1376770500.0,359392000.0,80661000.0,80661000.0,0.0,1458257000.0,791662000.0,666595000.0,4888527178.0,-112600000.0,-927500000.0,27200000.0,365700000.0,0.0,390900000.0,-753500000.0,131900000.0,270900000.0,-20900000.0,223200000.0,223200000.0,223200000.0,-24900000.0,0.0,0.085,931400000.0,263500000.0,153475000.0,0.0,1.75,21.902,21.833,280654000.0,0.0,30.13,1.857,1.849,560172000.0,1604475000.0,2633000000.0,2633000000.0,152800000.0,0.056,0.082,0.226,0.118,2800000.0,761700000.0,1.0,162247832.0,161600000,165300000.0,16.293,1834634000.0,79586000.0,87600000.0,120162000.0,11.353,562238000.0
16,TMO,MRY,2004-12-31,2004-12-31,2004-12-31,2021-08-25,161366000.0,3576725000.0,3473417250.0,1469654000.0,2107071000.0,0.635,16.34,-44474000.0,326886000.0,326886000.0,1191516000.0,361837000.0,2.539,0.342,227483000.0,15017000.0,212466000.0,227483000.0,77778000.0,66141000.0,47786000.0,0.0,0.0,402689000.0,468830000.0,0.213,468830000.0,402689000.0,402689000.0,2.22,2.17,2.22,2665550000.0,2493790250.0,2665550000.0,4723706557.0,12.0,10.076,220036000.0,1.349,1.0,1014479000.0,0.46,1671602000.0,0.0,1226992000.0,1091327250.0,336711000.0,185369000.0,185369000.0,0.0,911175000.0,578728000.0,332447000.0,4828899557.0,298663000.0,-143010000.0,0.0,0.0,0.0,0.0,34153000.0,53895000.0,264510000.0,0.0,361837000.0,361837000.0,361837000.0,-143470000.0,0.0,0.164,776967000.0,237512000.0,131175000.0,0.0,1.812,13.346,13.599,261041000.0,0.0,30.19,2.189,2.233,469553000.0,1381257000.0,2205995000.0,2205995000.0,134680000.0,0.104,0.145,0.369,0.183,1757000.0,626458000.0,1.0,159950300.0,163133000,167641000.0,13.523,1905123000.0,92929000.0,40852000.0,38042000.0,11.678,890926000.0
17,TMO,MRY,2003-12-31,2003-12-31,2003-12-31,2021-08-25,83215000.0,3389322000.0,3299638250.0,1395256000.0,1994066000.0,0.576,14.637,-37418000.0,195773000.0,195773000.0,1019476000.0,200009000.0,2.037,0.423,261089000.0,45981000.0,215108000.0,261089000.0,59055000.0,46716000.0,0.0,0.0,0.0,247430000.0,294146000.0,0.155,294146000.0,247430000.0,247430000.0,1.23,1.2,1.23,2381693000.0,2220577500.0,2381693000.0,4150582045.0,17.0,14.111,177327000.0,1.09,1.0,879902000.0,0.463,1506714000.0,0.0,1263131000.0,1300835000.0,302161000.0,222465000.0,222465000.0,0.0,1007629000.0,684793000.0,322836000.0,4103120045.0,-105542000.0,-118497000.0,0.0,0.0,0.0,-663632000.0,308403000.0,465837000.0,214745000.0,34942000.0,200009000.0,200009000.0,200009000.0,-24799000.0,0.0,0.105,692518000.0,187384000.0,102617000.0,0.0,1.723,20.515,20.488,252252000.0,0.0,25.2,2.16,2.159,419625000.0,1019420000.0,1899378000.0,1899378000.0,127996000.0,0.061,0.09,0.19,0.13,0.0,519322000.0,1.0,162822224.0,162713000,170730000.0,11.673,1882608000.0,113006000.0,47421000.0,109867000.0,11.57,710463000.0
18,TMO,MRY,2002-12-31,2002-12-28,2002-12-28,2021-08-25,-36704000.0,3651475000.0,3750915250.0,1771559000.0,1879916000.0,0.493,12.044,-31723000.0,339038000.0,339038000.0,1000465000.0,309730000.0,1.605,0.799,930061000.0,484480000.0,445581000.0,930061000.0,58490000.0,43477000.0,0.0,0.0,0.0,407673000.0,451150000.0,0.244,451150000.0,407673000.0,407673000.0,1.84,1.73,1.84,2030277000.0,2003170500.0,2030277000.0,4073850140.0,10.0,9.03,75125000.0,0.446,1.0,848895000.0,0.459,1416205000.0,0.0,1722573000.0,2015729250.0,332804000.0,536430000.0,536430000.0,0.0,1621198000.0,1103720000.0,517478000.0,3270370140.0,-3885000.0,-56359000.0,25335000.0,-264639000.0,0.0,-589525000.0,463330000.0,442915000.0,106848000.0,15462000.0,309730000.0,309730000.0,309730000.0,9059000.0,0.0,0.167,679033000.0,169862000.0,111994000.0,0.0,1.611,10.559,10.87,272908000.0,0.0,20.0,1.768,1.823,429740000.0,819411000.0,1849360000.0,1849360000.0,131976000.0,0.083,0.155,0.202,0.22,0.0,509366000.0,1.0,163518507.0,168572000,186611000.0,10.971,2235270000.0,79057000.0,97943000.0,54663000.0,13.26,667839000.0
19,TMO,MRY,2001-12-31,2001-12-29,2001-12-29,2021-08-25,-99290000.0,3825070000.0,4420417000.0,1965210000.0,1859860000.0,0.495,10.568,-73161000.0,297557000.0,297557000.0,1229588000.0,-781000.0,1.721,1.005,1248504000.0,528988000.0,719516000.0,1248504000.0,48166000.0,98521000.0,0.0,0.006,0.15,26785000.0,125306000.0,0.057,125306000.0,26785000.0,26785000.0,,,,1908142000.0,2269852500.0,1908142000.0,5312371490.0,198.0,42.395,117276000.0,0.65,1.0,958622000.0,0.438,1348393000.0,0.0,2285585000.0,3362083000.0,337041000.0,753681000.0,744321000.0,9360000.0,1916928000.0,1142039000.0,774889000.0,4208305490.0,-331052000.0,-52979000.0,-441520000.0,-59999000.0,0.0,-696313000.0,174120000.0,-138701000.0,190437000.0,704000.0,-781000.0,-781000.0,-781000.0,0.0,0.0,0.0,924420000.0,34202000.0,111950000.0,,2.205,-5388.355,,270712000.0,0.0,23.67,1.923,1.953,410960000.0,509681000.0,2188210000.0,2188210000.0,171614000.0,0.0,0.0,0.008,0.012,0.0,620104000.0,1.0,177790684.0,180560000,183916000.0,12.119,2476677000.0,82766000.0,27566000.0,38704000.0,13.717,823171000.0
20,TMO,MRY,2000-12-31,2000-12-30,2000-12-30,2021-08-25,-96342000.0,4862977000.0,5057229500.0,2465529000.0,2397448000.0,0.451,15.132,-52211000.0,505524000.0,505524000.0,1258686000.0,-36111000.0,3.384,0.919,1603421000.0,103356000.0,1500065000.0,1603421000.0,50341000.0,97486000.0,0.0,0.0,0.0,76106000.0,173592000.0,0.076,173592000.0,76106000.0,76106000.0,-0.22,-0.22,-0.22,2533976000.0,2398243000.0,2533976000.0,6655292332.0,87.0,38.339,147710000.0,0.882,1.0,1021836000.0,0.448,1378663000.0,0.0,3853660000.0,4059222750.0,394152000.0,538439000.0,521329000.0,17110000.0,2329001000.0,728551000.0,1600450000.0,5355241332.0,279037000.0,-165825000.0,14679000.0,-165797000.0,0.0,-137581000.0,229577000.0,49145000.0,199921000.0,-12880000.0,-36111000.0,-36111000.0,-36111000.0,-14228000.0,0.0,-0.016,755821000.0,266015000.0,139662000.0,0.0,2.113,-148.299,-135.227,285878000.0,0.0,29.75,2.348,2.185,449996000.0,1005857000.0,2280522000.0,2280522000.0,176756000.0,-0.007,-0.015,0.019,0.033,0.0,646920000.0,1.0,180008112.0,167462000,170519000.0,13.618,3484314000.0,148051000.0,112217000.0,106035000.0,20.807,1736978000.0
21,TMO,MRY,1999-12-31,2000-01-01,2000-01-01,2021-08-25,-55925000.0,5071757000.0,5856146750.0,2364141000.0,2707616000.0,0.392,12.745,-51634000.0,237844000.0,237844000.0,1245773000.0,-174573000.0,2.204,1.519,1807113000.0,275308000.0,1531805000.0,1807113000.0,47440000.0,91429000.0,0.0,0.0,0.0,-110145000.0,-18716000.0,-0.008,-18716000.0,-110145000.0,-110145000.0,-1.1,-1.12,-1.1,2013518000.0,2049056000.0,2013518000.0,3804307715.0,-35.0,-203.265,285487000.0,1.807,1.0,1048847000.0,0.457,1224827000.0,0.0,4343609000.0,4794627750.0,365876000.0,561646000.0,555501000.0,6145000.0,3058239000.0,1072590000.0,1985649000.0,2373551715.0,-39455000.0,-378761000.0,-175516000.0,10536000.0,0.0,-286883000.0,-73568000.0,524644000.0,337121000.0,-16125000.0,-174573000.0,-174573000.0,-174573000.0,163325000.0,0.0,-0.076,866743000.0,182104000.0,135442000.0,0.0,1.179,-13.596,-13.636,315647000.0,0.0,15.0,1.034,1.033,552816000.0,1041968000.0,2294620000.0,2294620000.0,171100000.0,-0.03,-0.085,-0.023,-0.048,0.0,658297000.0,1.0,158236781.0,157987000,158223000.0,14.524,3846930000.0,119671000.0,64428000.0,136728000.0,24.35,1291551000.0
22,TMO,MRY,1998-12-31,1999-01-02,1999-01-02,2021-08-25,-10866000.0,5421060000.0,6053075000.0,2926383000.0,2494677000.0,0.311,13.93,-26233000.0,268340000.0,268340000.0,1008115000.0,181901000.0,2.571,1.404,1869027000.0,1869027000.0,1991594000.0,1869027000.0,47441000.0,75169000.0,0.0,0.0,0.0,272392000.0,347561000.0,0.185,347561000.0,272392000.0,272392000.0,1.12,1.08,1.12,2254802000.0,2216632750.0,2254802000.0,4259675111.0,16.0,12.256,302229000.0,1.867,1.0,872791000.0,0.464,1123294000.0,0.0,4760130000.0,4849826250.0,330507000.0,1107224000.0,1059069000.0,48155000.0,3166258000.0,1138323000.0,2945198000.0,2690651111.0,-196910000.0,-192052000.0,-55806000.0,308641000.0,0.0,102178000.0,-632316000.0,-256085000.0,328462000.0,4766000.0,181901000.0,181901000.0,181901000.0,-87701000.0,0.0,0.097,681450000.0,191341000.0,123956000.0,0.0,1.193,14.792,15.125,534249000.0,0.0,16.94,1.431,1.458,501797000.0,1216541000.0,1880906000.0,1880906000.0,127461000.0,0.03,0.082,0.056,0.145,0.0,530406000.0,1.0,158834186.0,161866000,162973000.0,11.62,4297766000.0,86835000.0,90491000.0,169265000.0,26.551,1788060000.0
23,TMO,MRY,1997-12-31,1998-01-03,1998-01-03,2021-08-25,-35807000.0,5795869000.0,5468556500.0,3094198000.0,2701671000.0,0.362,13.102,-46379000.0,593580000.0,593580000.0,1058331000.0,239328000.0,2.833,1.901,1875351000.0,176912000.0,1698439000.0,1875351000.0,54999000.0,86093000.0,0.0,0.0,0.0,371298000.0,457391000.0,0.231,457391000.0,371298000.0,371298000.0,1.57,1.41,1.57,1997909000.0,1876139000.0,1997909000.0,,,,222640000.0,1.46,1.0,921271000.0,0.465,1692211000.0,0.0,4293194000.0,4317520500.0,543589000.0,992424000.0,929118000.0,63306000.0,3797960000.0,1092235000.0,2705725000.0,6874716724.0,179176000.0,-450936000.0,8174000.0,211314000.0,0.0,237750000.0,-319828000.0,566791000.0,269019000.0,-7765000.0,239328000.0,239328000.0,239328000.0,-64663000.0,0.0,0.121,624843000.0,296428000.0,251677000.0,0.0,3.441,28.725,27.51,789046000.0,0.0,43.19,3.473,3.327,866774000.0,1034640000.0,1979602000.0,1979602000.0,123890000.0,0.044,0.128,0.086,0.188,0.0,511910000.0,1.0,159173807.0,152489000,176082000.0,12.982,4103658000.0,118182000.0,131970000.0,148725000.0,26.911,2001963000.0
24,TMO,MRY,1996-12-31,1997-01-03,1997-01-03,2021-08-25,7895000.0,5141244000.0,,3131829000.0,2009415000.0,,12.396,-114041000.0,414404000.0,414404000.0,1657746000.0,190816000.0,3.429,1.931,1611154000.0,153787000.0,1457367000.0,1611154000.0,45715000.0,115167000.0,0.0,0.0,0.009,301661000.0,416828000.0,0.142,416828000.0,301661000.0,301661000.0,1.35,1.17,1.35,1754369000.0,,1754369000.0,,,,110464000.0,0.781,1.0,1274812000.0,0.435,1082935000.0,0.0,4341847000.0,,432960000.0,1526282000.0,1431881000.0,94401000.0,3386875000.0,913212000.0,2473663000.0,,-48457000.0,-366317000.0,159901000.0,879342000.0,0.0,1037964000.0,-1311276000.0,-808159000.0,224505000.0,350000.0,190816000.0,190816000.0,190816000.0,0.0,0.0,0.065,1028346000.0,246466000.0,203643000.0,0.007,,,29.356,704447000.0,0.0,39.63,,1.913,693700000.0,795312000.0,2932558000.0,2932558000.0,299271000.0,,,,0.103,0.0,691434000.0,1.0,,141525000,175605000.0,20.721,4058309000.0,129802000.0,110845000.0,143260000.0,28.676,2218617000.0
25,TMO,MRY,1995-12-31,1996-01-03,1996-01-03,2021-08-25,,,,,,,,-58314000.0,,,1239762000.0,139582000.0,,,,,,,,85869000.0,,0.0,0.0,238293000.0,324162000.0,0.143,324162000.0,238293000.0,238293000.0,1.1,0.95,1.1,,,,,,,140782000.0,1.112,1.0,1030529000.0,0.454,,0.0,,,,,,,,,,,79856000.0,-330698000.0,173326000.0,190123000.0,0.0,262124000.0,-384128000.0,24781000.0,199096000.0,2764000.0,139582000.0,139582000.0,139582000.0,0.0,0.0,0.061,805311000.0,225218000.0,,0.0,,,30.527,,0.0,33.58,,1.873,,,2270291000.0,2270291000.0,272809000.0,,,,0.105,0.0,510564000.0,1.0,,126626000,158562000.0,17.929,,,98711000.0,,,
0,TMO,MRQ,2021-06-30,2021-07-03,2021-07-03,2021-08-25,-2630000000.0,67698000000.0,,19260000000.0,48438000000.0,,93.776,-540000000.0,7023000000.0,7023000000.0,4749000000.0,1828000000.0,2.781,0.837,18777000000.0,4000000.0,18773000000.0,18777000000.0,1470000000.0,660000000.0,0.0,0.002,0.26,2169000000.0,2829000000.0,0.305,2829000000.0,2169000000.0,2047000000.0,4.65,4.61,4.65,36854000000.0,,36854000000.0,214811074442.0,20.0,16.602,1687000000.0,4.293,1.0,4524000000.0,0.488,39294000000.0,122000000.0,33233000000.0,,4625000000.0,0.0,0.0,0.0,30844000000.0,6925000000.0,23919000000.0,201749074442.0,1432000000.0,-82000000.0,52000000.0,-1000000.0,-103000000.0,-76000000.0,-626000000.0,0.0,2227000000.0,-93000000.0,1828000000.0,1828000000.0,1828000000.0,0.0,0.0,0.197,2361000000.0,2163000000.0,2098000000.0,0.056,5.474,23.47,23.59,6560000000.0,0.0,513.32,5.274,5.274,5476000000.0,32076000000.0,9273000000.0,9273000000.0,343000000.0,,,,,51000000.0,1899000000.0,1.0,393027886.0,393000000,396000000.0,23.595,28404000000.0,0.0,219000000.0,1632000000.0,72.275,12335000000.0
1,TMO,MRQ,2021-03-31,2021-04-03,2021-04-03,2021-08-25,-2562000000.0,65931000000.0,,17685000000.0,48246000000.0,,88.98,-623000000.0,5583000000.0,5583000000.0,4697000000.0,2337000000.0,2.528,0.881,18645000000.0,4000000.0,18641000000.0,18645000000.0,1396000000.0,621000000.0,0.0,0.002,0.26,2878000000.0,3499000000.0,0.353,3499000000.0,2878000000.0,2753000000.0,5.93,5.88,5.93,35058000000.0,,35058000000.0,191097911081.0,20.0,15.827,1355000000.0,3.439,1.0,5209000000.0,0.526,39654000000.0,125000000.0,32344000000.0,,4342000000.0,0.0,0.0,0.0,30873000000.0,6995000000.0,23878000000.0,179687911081.0,-4733000000.0,-1343000000.0,-1980000000.0,-2804000000.0,-87000000.0,-4850000000.0,-1998000000.0,0.0,1978000000.0,137000000.0,2337000000.0,2337000000.0,2337000000.0,0.0,0.0,0.236,2160000000.0,3049000000.0,2146000000.0,0.044,5.125,22.676,22.781,6133000000.0,0.0,456.3,5.006,5.009,5554000000.0,30350000000.0,9906000000.0,9906000000.0,320000000.0,,,,,51000000.0,1826000000.0,1.0,393793362.0,394000000,397000000.0,25.142,26277000000.0,0.0,416000000.0,1885000000.0,66.693,10690000000.0
2,TMO,MRQ,2020-12-31,2020-12-31,2020-12-31,2021-08-25,-2807000000.0,69052000000.0,,21957000000.0,47095000000.0,,87.139,-585000000.0,10325000000.0,10325000000.0,4994000000.0,2498000000.0,2.131,1.001,21735000000.0,2628000000.0,19107000000.0,21735000000.0,1271000000.0,602000000.0,0.0,0.002,0.22,3038000000.0,3640000000.0,0.345,3640000000.0,3038000000.0,2892000000.0,6.3,6.25,6.3,34507000000.0,,34507000000.0,198158005264.0,25.0,19.614,2754000000.0,6.955,1.0,5556000000.0,0.527,38726000000.0,146000000.0,31432000000.0,,4029000000.0,0.0,0.0,0.0,34545000000.0,10304000000.0,24241000000.0,184605005264.0,2766000000.0,-35000000.0,40000000.0,-1000000.0,-87000000.0,-49000000.0,-626000000.0,0.0,3339000000.0,102000000.0,2498000000.0,2498000000.0,2498000000.0,0.0,0.0,0.237,2485000000.0,3071000000.0,2175000000.0,0.035,5.35,28.958,28.948,5912000000.0,0.0,465.78,5.73,5.725,5741000000.0,28116000000.0,10550000000.0,10550000000.0,376000000.0,,,,,51000000.0,2077000000.0,1.0,396335191.0,396000000,399000000.0,26.641,30326000000.0,0.0,394000000.0,1794000000.0,76.581,11653000000.0
3,TMO,MRQ,2020-09-30,2020-09-26,2020-09-26,2021-08-25,-2970000000.0,64061000000.0,,18234000000.0,45827000000.0,,80.364,-365000000.0,7540000000.0,7540000000.0,4190000000.0,1933000000.0,2.928,1.013,21093000000.0,2000000.0,21091000000.0,21093000000.0,1047000000.0,575000000.0,0.0,0.002,0.22,2396000000.0,2971000000.0,0.349,2971000000.0,2396000000.0,2252000000.0,4.88,4.84,4.88,31824000000.0,,31824000000.0,182548447726.0,31.0,22.211,2343000000.0,5.917,1.0,4331000000.0,0.508,38652000000.0,144000000.0,32734000000.0,,3829000000.0,0.0,0.0,0.0,32237000000.0,6228000000.0,26009000000.0,167053447726.0,1733000000.0,0.0,31000000.0,-710000000.0,-87000000.0,-791000000.0,-365000000.0,0.0,2708000000.0,181000000.0,1933000000.0,1933000000.0,1933000000.0,0.0,0.0,0.227,1905000000.0,2426000000.0,1703000000.0,0.045,5.249,34.239,34.333,5180000000.0,0.0,422.29,5.862,5.868,5186000000.0,25705000000.0,8521000000.0,8521000000.0,296000000.0,,,,,52000000.0,1592000000.0,1.0,395589400.0,396000000,399000000.0,21.518,25409000000.0,0.0,319000000.0,1528000000.0,64.164,12006000000.0
4,TMO,MRQ,2020-06-30,2020-06-27,2020-06-27,2021-08-25,-2989000000.0,61593000000.0,,15775000000.0,45818000000.0,,75.633,-267000000.0,5818000000.0,5818000000.0,3540000000.0,1156000000.0,2.623,1.062,21313000000.0,675000000.0,20638000000.0,21313000000.0,975000000.0,574000000.0,0.0,0.002,0.22,1390000000.0,1964000000.0,0.284,1964000000.0,1390000000.0,1253000000.0,2.92,2.9,2.92,29875000000.0,,29875000000.0,155596089949.0,35.0,22.852,1619000000.0,4.099,1.0,3377000000.0,0.488,38870000000.0,137000000.0,32205000000.0,,3648000000.0,0.0,0.0,0.0,31718000000.0,6013000000.0,25705000000.0,138608089949.0,2827000000.0,1000000.0,77000000.0,1213000000.0,-87000000.0,1180000000.0,-259000000.0,0.0,1886000000.0,20000000.0,1156000000.0,1156000000.0,1156000000.0,0.0,0.0,0.167,1986000000.0,1391000000.0,1385000000.0,0.075,4.64,37.401,37.696,4887000000.0,0.0,350.95,5.281,5.281,4478000000.0,23860000000.0,6917000000.0,6917000000.0,264000000.0,,,,,47000000.0,1710000000.0,1.0,394951104.0,395000000,398000000.0,17.511,22723000000.0,0.0,97000000.0,1750000000.0,57.527,9762000000.0
5,TMO,MRQ,2020-03-31,2020-03-28,2020-03-28,2021-08-25,-3088000000.0,58688000000.0,,12738000000.0,45950000000.0,,71.937,-249000000.0,2981000000.0,2981000000.0,3490000000.0,788000000.0,2.316,1.055,19969000000.0,738000000.0,19231000000.0,19969000000.0,938000000.0,574000000.0,0.0,0.003,0.22,954000000.0,1528000000.0,0.245,1528000000.0,954000000.0,828000000.0,1.99,1.97,1.99,28559000000.0,,28559000000.0,124767580238.0,27.0,17.849,107000000.0,0.27,1.0,2740000000.0,0.44,39157000000.0,126000000.0,31019000000.0,,3454000000.0,0.0,0.0,0.0,30129000000.0,5500000000.0,24629000000.0,109414580238.0,588000000.0,-4000000.0,-1452000000.0,2245000000.0,-76000000.0,619000000.0,-260000000.0,0.0,356000000.0,-127000000.0,788000000.0,788000000.0,788000000.0,0.0,0.0,0.126,1834000000.0,906000000.0,1599000000.0,0.111,3.831,29.821,29.852,4736000000.0,0.0,274.34,4.266,4.247,4508000000.0,22791000000.0,6230000000.0,6230000000.0,245000000.0,,,,,46000000.0,1551000000.0,1.0,398828389.0,397000000,400000000.0,15.693,19531000000.0,0.0,40000000.0,2137000000.0,49.196,7238000000.0
6,TMO,MRQ,2019-12-31,2019-12-31,2019-12-31,2021-08-25,-2679000000.0,58381000000.0,,11893000000.0,46488000000.0,,74.188,-271000000.0,2399000000.0,2399000000.0,3794000000.0,1002000000.0,1.919,0.967,17752000000.0,676000000.0,17076000000.0,17752000000.0,916000000.0,576000000.0,0.0,0.002,0.19,1180000000.0,1756000000.0,0.257,1756000000.0,1180000000.0,1038000000.0,2.51,2.49,2.51,29675000000.0,,29675000000.0,146050019915.0,31.0,20.796,1642000000.0,4.105,1.0,3035000000.0,0.444,39728000000.0,142000000.0,27809000000.0,,3370000000.0,0.0,0.0,0.0,28706000000.0,6197000000.0,22509000000.0,130270019915.0,1117000000.0,-156000000.0,-712000000.0,294000000.0,-76000000.0,-514000000.0,-339000000.0,0.0,1913000000.0,57000000.0,1002000000.0,1002000000.0,1002000000.0,0.0,0.0,0.147,1803000000.0,1232000000.0,1920000000.0,0.076,4.39,35.246,35.159,4749000000.0,0.0,324.87,5.1,5.088,4349000000.0,22092000000.0,6829000000.0,6829000000.0,262000000.0,,,,,43000000.0,1512000000.0,1.0,400991227.0,400000000,403000000.0,17.073,18653000000.0,0.0,36000000.0,2192000000.0,46.633,5696000000.0
7,TMO,MRQ,2019-09-30,2019-09-28,2019-09-28,2021-08-25,-2722000000.0,56729000000.0,,10514000000.0,46215000000.0,,73.204,-210000000.0,1273000000.0,1273000000.0,3509000000.0,760000000.0,1.799,0.933,17053000000.0,661000000.0,16392000000.0,17053000000.0,943000000.0,575000000.0,0.0,0.003,0.19,986000000.0,1561000000.0,0.249,1561000000.0,986000000.0,822000000.0,1.89,1.88,1.89,29355000000.0,,29355000000.0,131848728826.0,25.0,17.57,907000000.0,2.262,1.0,2763000000.0,0.441,39935000000.0,164000000.0,26730000000.0,,3308000000.0,0.0,0.0,0.0,27374000000.0,5844000000.0,21530000000.0,115096728826.0,-1009000000.0,1000000.0,-7000000.0,-1736000000.0,-77000000.0,-1869000000.0,-198000000.0,0.0,1117000000.0,-59000000.0,760000000.0,760000000.0,760000000.0,0.0,0.0,0.121,1817000000.0,946000000.0,1659000000.0,0.101,3.921,32.043,32.04,4420000000.0,0.0,287.4,4.564,4.57,4384000000.0,21165000000.0,6272000000.0,6272000000.0,247000000.0,,,,,42000000.0,1539000000.0,1.0,400475744.0,401000000,404000000.0,15.641,16794000000.0,0.0,62000000.0,2001000000.0,41.88,4670000000.0
8,TMO,MRQ,2019-06-30,2019-06-29,2019-06-29,2021-08-25,-2630000000.0,57970000000.0,,11223000000.0,46747000000.0,,71.823,-214000000.0,2288000000.0,2288000000.0,3493000000.0,1119000000.0,1.495,1.018,19040000000.0,2377000000.0,16663000000.0,19040000000.0,1062000000.0,571000000.0,0.0,0.002,0.19,1574000000.0,2145000000.0,0.34,2145000000.0,1574000000.0,1393000000.0,2.8,2.77,2.8,28729000000.0,,28729000000.0,134508461195.0,27.0,18.386,1080000000.0,2.7,1.0,2823000000.0,0.447,40620000000.0,181000000.0,26593000000.0,,3209000000.0,0.0,0.0,0.0,29241000000.0,7509000000.0,21732000000.0,117466461195.0,1186000000.0,-559000000.0,41000000.0,725000000.0,-76000000.0,690000000.0,-769000000.0,0.0,1294000000.0,-29000000.0,1119000000.0,1119000000.0,1119000000.0,0.0,0.0,0.177,1327000000.0,1496000000.0,1391000000.0,0.068,4.089,33.173,33.222,4394000000.0,0.0,293.68,4.724,4.724,4129000000.0,20482000000.0,6316000000.0,6316000000.0,246000000.0,,,,,52000000.0,1565000000.0,1.0,399981140.0,400000000,403000000.0,15.79,17350000000.0,0.0,274000000.0,1936000000.0,43.375,3714000000.0
9,TMO,MRQ,2019-03-31,2019-03-30,2019-03-30,2021-08-25,-2509000000.0,55596000000.0,,9939000000.0,45657000000.0,,69.233,-195000000.0,1106000000.0,1106000000.0,3418000000.0,815000000.0,1.685,1.008,18148000000.0,1336000000.0,16812000000.0,18148000000.0,967000000.0,555000000.0,0.0,0.003,0.19,1006000000.0,1561000000.0,0.255,1561000000.0,1006000000.0,817000000.0,2.04,2.02,2.04,27693000000.0,,27693000000.0,126102287563.0,29.0,19.258,454000000.0,1.135,1.0,2707000000.0,0.442,39725000000.0,189000000.0,27015000000.0,,3124000000.0,0.0,0.0,0.0,27903000000.0,5898000000.0,22005000000.0,109215287563.0,-989000000.0,-1000000.0,-669000000.0,-688000000.0,-68000000.0,-1425000000.0,-181000000.0,0.0,649000000.0,-32000000.0,815000000.0,815000000.0,815000000.0,0.0,0.0,0.133,1787000000.0,920000000.0,1462000000.0,0.093,3.944,34.409,34.604,4192000000.0,0.0,273.72,4.434,4.445,4155000000.0,19439000000.0,6125000000.0,6125000000.0,248000000.0,,,,,44000000.0,1528000000.0,1.0,399003681.0,400000000,403000000.0,15.312,15871000000.0,0.0,2000000.0,2145000000.0,39.678,4041000000.0
10,TMO,MRQ,2018-12-31,2018-12-31,2018-12-31,2021-08-25,-2498000000.0,56232000000.0,,10625000000.0,45607000000.0,,68.622,-240000000.0,2103000000.0,2103000000.0,3583000000.0,898000000.0,1.728,1.038,18990000000.0,1271000000.0,17719000000.0,18990000000.0,809000000.0,558000000.0,0.0,0.003,0.17,1679000000.0,2237000000.0,0.344,2237000000.0,1679000000.0,1012000000.0,2.24,2.21,2.24,27586000000.0,,27586000000.0,107768568528.0,27.0,17.393,1561000000.0,3.883,1.0,2924000000.0,0.449,40325000000.0,667000000.0,26647000000.0,,3005000000.0,0.0,0.0,0.0,28646000000.0,6147000000.0,22499000000.0,90092568528.0,1006000000.0,-477000000.0,-211000000.0,266000000.0,-68000000.0,-13000000.0,-721000000.0,0.0,1801000000.0,-61000000.0,898000000.0,898000000.0,898000000.0,0.0,0.0,0.138,1776000000.0,1148000000.0,1615000000.0,0.076,3.266,30.665,30.614,4165000000.0,0.0,223.79,3.699,3.693,4136000000.0,18696000000.0,6507000000.0,6507000000.0,251000000.0,,,,,44000000.0,1510000000.0,1.0,402576382.0,402000000,406000000.0,16.187,15907000000.0,0.0,114000000.0,2265000000.0,39.57,4478000000.0
11,TMO,MRQ,2018-09-30,2018-09-29,2018-09-29,2021-08-25,-2519000000.0,55078000000.0,,9566000000.0,45512000000.0,,66.891,-170000000.0,1098000000.0,1098000000.0,3305000000.0,709000000.0,1.841,1.048,18774000000.0,1014000000.0,17760000000.0,18774000000.0,797000000.0,563000000.0,0.0,0.003,0.17,810000000.0,1373000000.0,0.232,1373000000.0,810000000.0,810000000.0,1.76,1.75,1.76,26890000000.0,,26890000000.0,116797508944.0,32.0,19.653,1050000000.0,2.612,1.0,2615000000.0,0.442,40361000000.0,0.0,27197000000.0,,2982000000.0,0.0,0.0,0.0,28188000000.0,5196000000.0,22992000000.0,98314508944.0,155000000.0,0.0,-231000000.0,-575000000.0,-69000000.0,-876000000.0,-168000000.0,0.0,1220000000.0,-21000000.0,709000000.0,709000000.0,709000000.0,0.0,0.0,0.12,1703000000.0,912000000.0,1344000000.0,0.097,3.656,38.284,38.197,3978000000.0,0.0,244.08,4.114,4.106,3852000000.0,17866000000.0,5920000000.0,5920000000.0,240000000.0,,,,,46000000.0,1490000000.0,1.0,402796251.0,402000000,406000000.0,14.726,14717000000.0,405000000.0,101000000.0,2550000000.0,36.609,4370000000.0
12,TMO,MRQ,2018-06-30,2018-06-30,2018-06-30,2021-08-25,-2491000000.0,55403000000.0,,9474000000.0,45929000000.0,,65.62,-182000000.0,937000000.0,937000000.0,3340000000.0,752000000.0,1.584,1.095,19420000000.0,1711000000.0,17709000000.0,19420000000.0,816000000.0,571000000.0,0.0,0.003,0.17,806000000.0,1377000000.0,0.227,1377000000.0,806000000.0,806000000.0,1.87,1.85,1.87,26445000000.0,,26445000000.0,103323250433.0,31.0,18.56,1262000000.0,3.132,1.0,2738000000.0,0.45,40800000000.0,0.0,27106000000.0,,2866000000.0,0.0,0.0,0.0,28958000000.0,5980000000.0,22978000000.0,83337250433.0,-19000000.0,-2000000.0,39000000.0,-976000000.0,-69000000.0,-1006000000.0,-185000000.0,0.0,1444000000.0,-272000000.0,752000000.0,752000000.0,752000000.0,0.0,0.0,0.124,1801000000.0,937000000.0,1359000000.0,0.091,3.151,34.825,34.639,3952000000.0,0.0,207.14,3.609,3.615,3911000000.0,17226000000.0,6078000000.0,6078000000.0,242000000.0,,,,,48000000.0,1542000000.0,1.0,402323310.0,403000000,406000000.0,15.082,14603000000.0,530000000.0,54000000.0,2599000000.0,36.236,3494000000.0
13,TMO,MRQ,2018-03-31,2018-03-31,2018-03-31,2021-08-25,-2042000000.0,56580000000.0,,9588000000.0,46992000000.0,,64.983,-116000000.0,950000000.0,950000000.0,3273000000.0,579000000.0,1.356,1.166,20936000000.0,2814000000.0,18122000000.0,20936000000.0,909000000.0,575000000.0,0.0,0.003,0.17,634000000.0,1209000000.0,0.207,1209000000.0,634000000.0,634000000.0,1.44,1.43,1.44,26123000000.0,,26123000000.0,102625338266.0,33.0,19.393,-38000000.0,-0.095,1.0,2580000000.0,0.441,41755000000.0,0.0,27739000000.0,,2891000000.0,0.0,0.0,0.0,30457000000.0,7072000000.0,23385000000.0,82952338266.0,-386000000.0,-57000000.0,39000000.0,-271000000.0,-60000000.0,-342000000.0,-179000000.0,0.0,78000000.0,57000000.0,579000000.0,579000000.0,579000000.0,0.0,0.0,0.099,1794000000.0,786000000.0,1354000000.0,0.118,3.175,36.819,36.349,4059000000.0,0.0,206.46,3.77,3.772,3990000000.0,16542000000.0,5853000000.0,5853000000.0,234000000.0,,,,,43000000.0,1515000000.0,1.0,401784066.0,402000000,406000000.0,14.56,14825000000.0,540000000.0,55000000.0,2606000000.0,36.878,2516000000.0
14,TMO,MRQ,2017-12-31,2017-12-31,2017-12-31,2021-08-25,-2003000000.0,56669000000.0,,9421000000.0,47248000000.0,,62.903,-212000000.0,1335000000.0,1335000000.0,3376000000.0,528000000.0,1.337,1.23,21008000000.0,2135000000.0,18873000000.0,21008000000.0,719000000.0,574000000.0,0.0,0.003,0.15,1410000000.0,1984000000.0,0.328,1984000000.0,1410000000.0,818000000.0,1.32,1.3,1.32,25413000000.0,,25413000000.0,97392598387.0,32.0,19.282,1654000000.0,4.094,1.0,2671000000.0,0.442,41974000000.0,592000000.0,27320000000.0,,2971000000.0,0.0,0.0,0.0,31256000000.0,7048000000.0,24208000000.0,76140998387.0,603000000.0,-66000000.0,20000000.0,-1102000000.0,-60000000.0,-1144000000.0,-283000000.0,0.0,1866000000.0,164000000.0,528000000.0,528000000.0,528000000.0,2000000.0,0.0,0.087,1714000000.0,957000000.0,1428000000.0,0.114,2.996,34.221,33.667,4047000000.0,0.0,189.88,3.64,3.586,3879000000.0,15914000000.0,6047000000.0,6047000000.0,233000000.0,,,,,43000000.0,1479000000.0,1.0,400995357.0,404000000,404000000.0,14.968,14695000000.0,0.0,290000000.0,2766000000.0,36.374,2373000000.0
15,TMO,MRQ,2017-09-30,2017-09-30,2017-09-30,2021-08-25,-2182900000.0,55985300000.0,,8844000000.0,47141300000.0,,62.378,-110000000.0,741100000.0,741100000.0,2816000000.0,534000000.0,1.258,1.266,21992700000.0,2762300000.0,19230400000.0,21992700000.0,747300000.0,517000000.0,0.0,0.003,0.15,480000000.0,997000000.0,0.195,997000000.0,480000000.0,480000000.0,1.35,1.34,1.35,24701800000.0,,24701800000.0,89995709968.0,40.0,21.478,819000000.0,2.068,1.0,2300000000.0,0.45,42158500000.0,0.0,28047100000.0,,3125500000.0,0.0,0.0,0.0,31283500000.0,7031300000.0,24252200000.0,73810609968.0,129000000.0,-6853000000.0,1699000000.0,4442000000.0,-59000000.0,6081000000.0,-6969000000.0,0.0,929000000.0,88000000.0,534000000.0,534000000.0,534000000.0,0.0,0.0,0.104,1666000000.0,634000000.0,1123800000.0,0.111,2.988,31.723,31.959,3931600000.0,0.0,189.2,3.723,3.779,3657000000.0,15445800000.0,5116000000.0,5116000000.0,217000000.0,,,,,45000000.0,1400000000.0,1.0,390119503.0,396000000,400000000.0,12.919,13826800000.0,552100000.0,-54000000.0,3260300000.0,34.916,1812700000.0
16,TMO,MRQ,2017-06-30,2017-07-01,2017-07-01,2021-08-25,-2256100000.0,46513700000.0,,7452500000.0,39061200000.0,,57.414,-87000000.0,611000000.0,611000000.0,2706000000.0,612000000.0,1.468,1.077,16796100000.0,1540400000.0,15255700000.0,16796100000.0,542100000.0,477000000.0,0.0,0.003,0.15,625000000.0,1102000000.0,0.221,1102000000.0,625000000.0,625000000.0,1.57,1.56,1.57,22391600000.0,,22391600000.0,84613639093.0,38.0,20.872,762000000.0,1.954,1.0,2284000000.0,0.458,35421100000.0,0.0,22201900000.0,,2422200000.0,0.0,0.0,0.0,24122100000.0,5075800000.0,19046300000.0,68256139093.0,-108000000.0,-6000000.0,-209000000.0,-696000000.0,-59000000.0,-964000000.0,-95000000.0,0.0,849000000.0,102000000.0,612000000.0,612000000.0,612000000.0,1000000.0,0.0,0.123,1535000000.0,749000000.0,982200000.0,0.096,3.048,30.119,30.237,2599700000.0,0.0,174.47,3.555,3.544,3258300000.0,14972300000.0,4990000000.0,4990000000.0,222000000.0,,,,,38000000.0,1291000000.0,1.0,391219918.0,390000000,393000000.0,12.795,11092600000.0,414900000.0,13000000.0,2410300000.0,28.443,2376700000.0
17,TMO,MRQ,2017-03-31,2017-04-01,2017-04-01,2021-08-25,-2473500000.0,46213600000.0,,7248100000.0,38965500000.0,,55.742,-92000000.0,713300000.0,713300000.0,2572000000.0,551000000.0,1.367,1.12,17070800000.0,1882400000.0,15188400000.0,17070800000.0,538900000.0,465000000.0,0.0,0.004,0.15,503000000.0,968000000.0,0.203,968000000.0,503000000.0,503000000.0,1.41,1.4,1.41,21795200000.0,,21795200000.0,75805766970.0,36.0,19.398,269000000.0,0.688,1.0,2193000000.0,0.46,35382000000.0,0.0,21886200000.0,,2327100000.0,0.0,0.0,0.0,24418400000.0,5302900000.0,19115500000.0,59964066970.0,-74000000.0,-301000000.0,-442000000.0,382000000.0,-59000000.0,-119000000.0,-382000000.0,0.0,361000000.0,66000000.0,551000000.0,551000000.0,551000000.0,0.0,0.0,0.116,1573000000.0,620000000.0,1031000000.0,0.106,2.751,27.623,27.877,2563300000.0,0.0,153.6,3.199,3.204,3096500000.0,14419400000.0,4765000000.0,4765000000.0,215000000.0,,,,,33000000.0,1334000000.0,1.0,390391061.0,391000000,394000000.0,12.187,10831600000.0,427000000.0,-48000000.0,2545600000.0,27.702,1945200000.0
18,TMO,MRQ,2016-12-31,2016-12-31,2016-12-31,2021-08-25,-2636000000.0,45908000000.0,,7021000000.0,38887000000.0,,54.449,-130200000.0,786000000.0,786000000.0,2671400000.0,629700000.0,1.443,1.131,16627000000.0,1255000000.0,15372000000.0,16627000000.0,486000000.0,473800000.0,0.0,0.004,0.15,649300000.0,1123100000.0,0.227,1123100000.0,649300000.0,649300000.0,1.59,1.59,1.59,21540000000.0,,21540000000.0,72680559248.0,36.0,19.233,1075100000.0,2.718,1.0,2281700000.0,0.461,35297000000.0,0.0,21586000000.0,,2213000000.0,0.0,0.0,0.0,24368000000.0,4866000000.0,19502000000.0,55738059248.0,-1188900000.0,-35000000.0,-238100000.0,-1893500000.0,-58800000.0,-2190800000.0,-92100000.0,-11700000.0,1205300000.0,-111300000.0,629700000.0,629700000.0,629700000.0,2700000.0,0.0,0.127,1520300000.0,761400000.0,926000000.0,0.094,2.588,27.566,27.559,2578000000.0,0.0,141.1,3.05,3.05,3049000000.0,13927000000.0,4953100000.0,4953100000.0,211800000.0,,,,,31000000.0,1260400000.0,1.0,395025225.0,395600000,395200000.0,12.52,10611000000.0,378000000.0,19600000.0,2557000000.0,26.823,2155000000.0
19,TMO,MRQ,2016-09-30,2016-10-01,2016-10-01,2021-08-25,-2154700000.0,48010700000.0,,8204400000.0,39806300000.0,,54.874,-79600000.0,1970000000.0,1970000000.0,2437000000.0,473500000.0,1.56,1.217,18912500000.0,1972100000.0,16940400000.0,18912500000.0,492200000.0,433000000.0,0.0,0.004,0.15,427900000.0,860900000.0,0.192,860900000.0,427900000.0,427900000.0,1.2,1.19,1.2,21658600000.0,,21658600000.0,76196151466.0,39.0,20.826,724800000.0,1.836,1.0,2053900000.0,0.457,36102400000.0,0.0,23590900000.0,,2390900000.0,0.0,0.0,0.0,26352100000.0,5259900000.0,21092200000.0,62711451466.0,1310400000.0,-4110000000.0,-3300000.0,4783800000.0,-59800000.0,4720700000.0,-4192600000.0,3800000.0,804400000.0,-22100000.0,473500000.0,473500000.0,473500000.0,0.0,0.0,0.105,1512800000.0,541100000.0,941700000.0,0.125,2.895,31.442,31.56,2599300000.0,0.0,159.06,3.489,3.493,2895100000.0,13356500000.0,4490900000.0,4490900000.0,183300000.0,,,,,34900000.0,1274600000.0,1.0,394262866.0,394700000,397400000.0,11.378,11908300000.0,0.0,-45600000.0,2738700000.0,30.171,2944500000.0
20,TMO,MRQ,2016-06-30,2016-07-02,2016-07-02,2021-08-25,-2082100000.0,42253400000.0,,6331000000.0,35922400000.0,,53.983,-99100000.0,663100000.0,663100000.0,2456700000.0,516600000.0,1.145,0.987,14147800000.0,2515900000.0,11631900000.0,14147800000.0,358500000.0,435100000.0,0.0,0.004,0.15,520900000.0,956000000.0,0.211,956000000.0,520900000.0,520900000.0,1.31,1.3,1.31,21263900000.0,,21263900000.0,72933030083.0,37.0,19.752,814500000.0,2.068,1.0,2078500000.0,0.458,32389000000.0,0.0,17820900000.0,,2086300000.0,0.0,0.0,0.0,20989500000.0,5528200000.0,15461300000.0,58723830083.0,-151700000.0,-600000.0,46700000.0,-887700000.0,-59100000.0,-913300000.0,-96400000.0,4000000.0,913600000.0,-55600000.0,516600000.0,516600000.0,516600000.0,200000.0,0.0,0.114,1440900000.0,637600000.0,846500000.0,0.115,2.762,29.405,29.668,2451600000.0,0.0,149.23,3.336,3.339,2709100000.0,12942500000.0,4535200000.0,4535200000.0,182400000.0,,,,,33700000.0,1223100000.0,1.0,393512230.0,393900000,396700000.0,11.514,9864400000.0,0.0,4300000.0,2503300000.0,25.043,802800000.0
21,TMO,MRQ,2016-03-31,2016-04-02,2016-04-02,2021-08-25,-1866700000.0,42952700000.0,,6539000000.0,36413700000.0,,52.866,-109100000.0,826800000.0,826800000.0,2336900000.0,402200000.0,1.034,1.053,15036000000.0,3383000000.0,11653000000.0,15036000000.0,360500000.0,416100000.0,0.0,0.004,0.15,422900000.0,839000000.0,0.195,839000000.0,422900000.0,422900000.0,1.02,1.01,1.02,20924400000.0,,20924400000.0,68609289268.0,35.0,18.747,225600000.0,0.57,1.0,1957900000.0,0.456,32870300000.0,0.0,17968800000.0,,2154900000.0,0.0,0.0,0.0,22028300000.0,6322800000.0,15705500000.0,56534689268.0,375200000.0,-1032400000.0,-968300000.0,2171400000.0,-60300000.0,1142400000.0,-1138900000.0,3900000.0,334700000.0,37000000.0,402200000.0,402200000.0,402200000.0,100000.0,0.0,0.094,1440000000.0,517900000.0,853000000.0,0.147,2.702,28.379,28.534,2483100000.0,0.0,142.67,3.26,3.256,2668300000.0,12485200000.0,4294800000.0,4294800000.0,176500000.0,,,,,33400000.0,1212900000.0,1.0,396261928.0,395800000,398700000.0,10.851,10082400000.0,0.0,20700000.0,2749700000.0,25.473,216200000.0
22,TMO,MRQ,2015-12-31,2015-12-31,2015-12-31,2021-08-25,-1997300000.0,40834300000.0,,5741200000.0,35093100000.0,,53.269,-119000000.0,452100000.0,452100000.0,2543700000.0,602200000.0,1.385,0.913,12472000000.0,1051800000.0,11420200000.0,12472000000.0,317900000.0,424300000.0,0.0,0.004,0.15,578500000.0,1002800000.0,0.216,1002800000.0,578500000.0,578500000.0,1.51,1.5,1.51,21350200000.0,,21350200000.0,69420508603.0,36.0,19.182,1234200000.0,3.079,1.0,2108400000.0,0.453,31585900000.0,0.0,17122000000.0,,1991700000.0,0.0,0.0,0.0,19484100000.0,4146300000.0,15337800000.0,56612008603.0,-57900000.0,-389000000.0,-24600000.0,-729300000.0,-60300000.0,-869900000.0,-517000000.0,12000000.0,1353200000.0,-24200000.0,602200000.0,602200000.0,602200000.0,3800000.0,0.0,0.129,1418400000.0,690000000.0,822200000.0,0.099,2.652,28.664,28.599,2448800000.0,0.0,141.85,3.337,3.336,2544900000.0,12142300000.0,4652100000.0,4652100000.0,180000000.0,,,,,88800000.0,1190300000.0,1.0,399097699.0,400800000,402900000.0,11.607,9248400000.0,218100000.0,-23700000.0,2835100000.0,23.075,1594900000.0
23,TMO,MRQ,2015-09-30,2015-09-26,2015-09-26,2021-08-25,-1886400000.0,41147100000.0,,6025900000.0,35121200000.0,,52.256,-99700000.0,503400000.0,503400000.0,2239900000.0,476100000.0,1.051,0.973,13311900000.0,3034000000.0,10277900000.0,13311900000.0,320900000.0,427700000.0,0.0,0.005,0.15,466900000.0,894600000.0,0.217,894600000.0,466900000.0,466900000.0,1.19,1.18,1.19,20850200000.0,,20850200000.0,62129611008.0,33.0,17.359,644200000.0,1.615,1.0,1883300000.0,0.457,31761400000.0,0.0,16459100000.0,,1987200000.0,0.0,0.0,0.0,20296900000.0,5735100000.0,14561800000.0,48874511008.0,-265000000.0,-7400000.0,14900000.0,-779500000.0,-60200000.0,-817800000.0,-106700000.0,0.0,743900000.0,-84400000.0,476100000.0,476100000.0,476100000.0,1200000.0,0.0,0.115,1320400000.0,562900000.0,783300000.0,0.126,2.344,24.759,24.778,2392200000.0,0.0,122.65,2.908,2.912,2543900000.0,11599700000.0,4123200000.0,4123200000.0,171600000.0,,,,,25900000.0,1133300000.0,1.0,398487656.0,399000000,402000000.0,10.334,9385700000.0,263300000.0,-9200000.0,3083100000.0,23.523,290800000.0
24,TMO,MRQ,2015-06-30,2015-06-27,2015-06-27,2021-08-25,-1595100000.0,41774400000.0,,6236600000.0,35537800000.0,,51.907,-89700000.0,768400000.0,768400000.0,2329100000.0,511600000.0,1.022,1.02,14023500000.0,3359800000.0,10663700000.0,14023500000.0,334300000.0,419700000.0,0.0,0.005,0.15,503600000.0,923300000.0,0.216,923300000.0,503600000.0,503600000.0,1.28,1.27,1.28,20679800000.0,,20679800000.0,66619308037.0,34.0,18.097,675200000.0,1.695,1.0,1941800000.0,0.455,32190600000.0,0.0,16738500000.0,,1962300000.0,2000000.0,2000000.0,0.0,21094600000.0,6100400000.0,14994200000.0,52627108037.0,-96200000.0,0.0,21700000.0,-800700000.0,-59700000.0,-828900000.0,-75000000.0,0.0,764900000.0,42800000.0,511600000.0,511600000.0,511600000.0,0.0,0.0,0.12,1346000000.0,595800000.0,819000000.0,0.117,2.545,26.721,26.763,2406900000.0,0.0,132.21,3.123,3.125,2631000000.0,11183700000.0,4270900000.0,4270900000.0,174600000.0,,,,,21300000.0,1151000000.0,1.0,398056940.0,398400000,401500000.0,10.72,9583800000.0,283500000.0,-8000000.0,3175900000.0,24.056,136200000.0
25,TMO,MRQ,2015-03-31,2015-03-28,2015-03-28,2021-08-25,-1846600000.0,41857300000.0,,6180500000.0,35676800000.0,,50.062,-96600000.0,864600000.0,864600000.0,2096300000.0,385100000.0,0.901,1.102,14856800000.0,4160600000.0,10696200000.0,14856800000.0,332900000.0,416300000.0,0.0,0.004,0.15,382000000.0,798300000.0,0.204,798300000.0,382000000.0,382000000.0,0.97,0.96,0.97,19914800000.0,,19914800000.0,66266386783.0,39.0,19.324,-16600000.0,-0.042,1.0,1822500000.0,0.465,32355400000.0,0.0,16633100000.0,,1898800000.0,8400000.0,8400000.0,0.0,21942500000.0,6861000000.0,15081500000.0,53045886783.0,-478900000.0,-298600000.0,-440000000.0,367500000.0,-60800000.0,-100400000.0,-394300000.0,0.0,80000000.0,-64200000.0,385100000.0,385100000.0,385100000.0,0.0,0.0,0.098,1335200000.0,487300000.0,827600000.0,0.155,2.664,30.549,30.663,2384200000.0,0.0,133.69,3.138,3.146,2538000000.0,10732100000.0,3918800000.0,3918800000.0,165800000.0,,,,,-11000000.0,1137400000.0,1.0,396782757.0,397800000,401400000.0,9.851,9501900000.0,299400000.0,-3100000.0,3262000000.0,23.886,-680500000.0
26,TMO,MRQ,2014-12-31,2014-12-31,2014-12-31,2021-08-25,-1285000000.0,42852100000.0,,6539800000.0,36312300000.0,,51.332,-127100000.0,1343500000.0,1343500000.0,2400900000.0,601200000.0,1.222,1.085,14564000000.0,2212400000.0,12351600000.0,14564000000.0,311900000.0,428700000.0,0.0,0.005,0.15,534300000.0,963000000.0,0.214,963000000.0,534300000.0,534300000.0,1.51,1.49,1.51,20548100000.0,,20548100000.0,64061991763.0,31.0,16.989,826600000.0,2.065,1.0,2091900000.0,0.466,32952700000.0,0.0,17770100000.0,,1859500000.0,0.0,0.0,0.0,22304000000.0,5349800000.0,16954200000.0,50119191763.0,809200000.0,-2200000.0,22700000.0,123100000.0,-60000000.0,89300000.0,-126000000.0,4200000.0,953700000.0,-107800000.0,601200000.0,601200000.0,601200000.0,2800000.0,0.0,0.134,1452800000.0,639100000.0,820700000.0,0.099,2.439,26.456,26.321,2426500000.0,0.0,125.29,2.967,2.954,2473600000.0,10406900000.0,4492800000.0,4492800000.0,182500000.0,,,,,26000000.0,1236600000.0,1.0,400025475.0,400300000,404100000.0,11.224,9899400000.0,303300000.0,-66900000.0,3595800000.0,24.73,1190000000.0
27,TMO,MRQ,2014-09-30,2014-09-27,2014-09-27,2021-08-25,-724300000.0,42690800000.0,,5719900000.0,36970900000.0,,51.289,-83700000.0,534300000.0,534300000.0,2237800000.0,471600000.0,0.919,1.081,14477100000.0,3088500000.0,11388600000.0,14477100000.0,325900000.0,455700000.0,0.0,0.005,0.15,540900000.0,996600000.0,0.239,996600000.0,540900000.0,540900000.0,1.18,1.17,1.18,20510600000.0,,20510600000.0,63457921829.0,33.0,18.48,592300000.0,1.481,1.0,1933600000.0,0.464,33745100000.0,0.0,16666400000.0,,1913700000.0,9300000.0,9300000.0,0.0,22180200000.0,6222100000.0,15958100000.0,48465721829.0,-50600000.0,469700000.0,24100000.0,-1081000000.0,-60100000.0,-1114100000.0,417400000.0,19400000.0,676000000.0,-29900000.0,471600000.0,471600000.0,471600000.0,-1700000.0,0.0,0.113,1293300000.0,640300000.0,818100000.0,0.127,2.363,29.637,28.895,2406100000.0,0.0,121.36,3.055,3.059,2507100000.0,9866000000.0,4171400000.0,4171400000.0,175200000.0,,,,,25100000.0,1228700000.0,1.0,399354992.0,399900000,403700000.0,10.431,8945700000.0,230600000.0,69300000.0,3797100000.0,22.37,-502200000.0
28,TMO,MRQ,2014-06-30,2014-06-28,2014-06-28,2021-08-25,-111700000.0,44313400000.0,,5944400000.0,38369000000.0,,51.724,-66200000.0,584900000.0,584900000.0,2475400000.0,278500000.0,0.953,1.145,15577100000.0,3075100000.0,12502000000.0,15577100000.0,342500000.0,434800000.0,0.0,0.005,0.15,236500000.0,671300000.0,0.155,671300000.0,236500000.0,236500000.0,0.7,0.69,0.7,20658600000.0,,20658600000.0,63059800535.0,37.0,20.974,822500000.0,2.059,1.0,1846500000.0,0.427,35060900000.0,0.0,18009100000.0,,1933800000.0,21000000.0,21000000.0,0.0,23654800000.0,6235600000.0,17419200000.0,47194400535.0,-912300000.0,-6100000.0,21100000.0,-1777800000.0,-59800000.0,-1814200000.0,-6200000.0,32000000.0,888700000.0,19400000.0,278500000.0,278500000.0,278500000.0,0.0,0.0,0.064,1498400000.0,348100000.0,849900000.0,0.214,2.284,31.86,30.333,2472000000.0,0.0,118.3,3.171,3.174,2660100000.0,9454600000.0,4321900000.0,4321900000.0,183700000.0,,,,,23600000.0,1253800000.0,1.0,398938297.0,399400000,403100000.0,10.821,9252500000.0,237500000.0,-42000000.0,4081700000.0,23.166,-291200000.0
29,TMO,MRQ,2014-03-31,2014-03-29,2014-03-29,2021-08-25,-62800000.0,46133700000.0,,7306100000.0,38827600000.0,,51.947,-101300000.0,1497200000.0,1497200000.0,2283500000.0,543100000.0,1.355,1.258,17362600000.0,2165700000.0,15196900000.0,17362600000.0,336600000.0,365600000.0,0.0,0.005,0.15,774400000.0,1140000000.0,0.292,1140000000.0,774400000.0,774400000.0,1.38,1.36,1.38,20430600000.0,,20430600000.0,51088674989.0,29.0,17.836,-100000.0,0.0,1.0,1620000000.0,0.415,35505900000.0,0.0,21101700000.0,,2060500000.0,25500000.0,25500000.0,0.0,25703100000.0,5391500000.0,20311600000.0,46427374989.0,-4328800000.0,-11999700000.0,3029500000.0,4612100000.0,-54900000.0,7635100000.0,-12067900000.0,33000000.0,101200000.0,2800000.0,543100000.0,543100000.0,543100000.0,0.0,0.0,0.139,744500000.0,875500000.0,828800000.0,0.109,2.272,31.366,29.849,2488700000.0,0.0,118.5,3.364,3.377,2695500000.0,9236300000.0,3903500000.0,3903500000.0,149700000.0,,,,,-23200000.0,1177000000.0,1.0,391792194.0,393300000,398400000.0,9.925,10627800000.0,230100000.0,231300000.0,4387500000.0,27.022,1914600000.0
30,TMO,MRQ,2013-12-31,2013-12-31,2013-12-31,2021-08-25,-77200000.0,31863400000.0,,9880700000.0,21982700000.0,,46.59,-89700000.0,5826000000.0,5826000000.0,1985200000.0,342100000.0,3.161,0.89,10487300000.0,987700000.0,9499600000.0,10487300000.0,198900000.0,249300000.0,0.0,0.005,0.15,376700000.0,626000000.0,0.181,626000000.0,376700000.0,376700000.0,0.94,0.92,0.94,16856100000.0,,16856100000.0,45504148076.0,35.0,19.668,638800000.0,1.766,1.0,1481700000.0,0.427,19574600000.0,0.0,13824100000.0,,1494500000.0,4500000.0,4500000.0,0.0,15007300000.0,3126000000.0,11881300000.0,40238248076.0,3980400000.0,-5900000.0,25500000.0,3356300000.0,-54200000.0,3323500000.0,-70000000.0,7100000.0,728500000.0,-1600000.0,342100000.0,342100000.0,342100000.0,900000.0,0.0,0.099,1026700000.0,455000000.0,691500000.0,0.16,2.387,31.602,31.544,1767400000.0,0.0,111.35,3.074,3.065,1942300000.0,8753300000.0,3466900000.0,3466900000.0,104700000.0,,,,,15300000.0,898700000.0,1.0,361367293.0,361800000,370900000.0,9.582,12288800000.0,192500000.0,34600000.0,1609900000.0,33.966,6754700000.0
31,TMO,MRQ,2013-09-30,2013-09-28,2013-09-28,2021-08-25,-150400000.0,28272500000.0,,6210400000.0,22062100000.0,,45.507,-44000000.0,1845600000.0,1845600000.0,1843900000.0,317600000.0,2.532,0.72,7111500000.0,393600000.0,6717900000.0,7111500000.0,197900000.0,250400000.0,0.0,0.006,0.15,318900000.0,569300000.0,0.178,569300000.0,318900000.0,318900000.0,0.88,0.86,0.88,16437300000.0,,16437300000.0,39237082743.0,31.0,17.239,461500000.0,1.278,1.0,1347900000.0,0.422,19743500000.0,0.0,11341900000.0,,1546800000.0,4200000.0,4200000.0,0.0,11835200000.0,2453000000.0,9382200000.0,33531582743.0,482900000.0,-800000.0,32600000.0,700000.0,-54100000.0,-15600000.0,-60400000.0,0.0,505500000.0,53400000.0,317600000.0,317600000.0,317600000.0,100000.0,0.0,0.1,955800000.0,392100000.0,672700000.0,0.17,2.04,25.644,25.552,1708700000.0,0.0,93.01,2.603,2.608,1945100000.0,8465700000.0,3191800000.0,3191800000.0,95900000.0,,,,,13700000.0,848500000.0,1.0,360515888.0,361200000,367300000.0,8.837,8529000000.0,181600000.0,1300000.0,1852600000.0,23.613,3757400000.0
32,TMO,MRQ,2013-06-30,2013-06-29,2013-06-29,2021-08-25,-456000000.0,27629500000.0,,5641500000.0,21988000000.0,,43.897,-65000000.0,1408900000.0,1408900000.0,1876900000.0,277400000.0,2.388,0.748,7114400000.0,393300000.0,6721100000.0,7114400000.0,215200000.0,249200000.0,0.0,0.007,0.15,279800000.0,529000000.0,0.163,529000000.0,279800000.0,279800000.0,0.77,0.76,0.77,15802800000.0,,15802800000.0,36489804626.0,29.0,16.294,413400000.0,1.148,1.0,1363200000.0,0.421,19720400000.0,0.0,11251700000.0,,1487100000.0,4200000.0,4200000.0,0.0,11826700000.0,2362900000.0,9463800000.0,30375504626.0,404200000.0,-900000.0,70500000.0,-300000.0,-53900000.0,29900000.0,-65700000.0,500000.0,478400000.0,-38400000.0,277400000.0,277400000.0,277400000.0,200000.0,0.0,0.086,987800000.0,375400000.0,648900000.0,0.195,1.922,23.723,23.772,1688800000.0,0.0,84.63,2.377,2.385,1901500000.0,8202600000.0,3240100000.0,3240100000.0,96700000.0,,,,,8900000.0,869600000.0,1.0,358921241.0,360000000,363500000.0,9.0,7909100000.0,180300000.0,2400000.0,1945800000.0,21.97,3278600000.0
33,TMO,MRQ,2013-03-31,2013-03-30,2013-03-30,2021-08-25,-329300000.0,27410700000.0,,5136100000.0,22274600000.0,,43.562,-63000000.0,1004100000.0,1004100000.0,1855200000.0,336200000.0,2.23,0.757,7118400000.0,394000000.0,6724400000.0,7118400000.0,226100000.0,251000000.0,0.0,0.007,0.15,338300000.0,589300000.0,0.185,589300000.0,338300000.0,338300000.0,0.94,0.93,0.94,15599500000.0,,15599500000.0,33628038851.0,28.0,15.204,235300000.0,0.657,1.0,1336300000.0,0.419,20005000000.0,0.0,11217200000.0,,1474600000.0,4200000.0,4200000.0,0.0,11811200000.0,2302800000.0,9508400000.0,27354738851.0,152900000.0,-3800000.0,12000000.0,-2000000.0,-54000000.0,-27800000.0,-67200000.0,0.0,298300000.0,-50400000.0,336200000.0,336200000.0,336200000.0,4600000.0,0.0,0.105,949200000.0,387100000.0,660600000.0,0.16,1.754,22.117,22.3,1685800000.0,0.0,76.49,2.163,2.166,1904500000.0,7979500000.0,3191500000.0,3191500000.0,98200000.0,,,,,4200000.0,829500000.0,1.0,357625034.0,358100000,361700000.0,8.912,7405700000.0,182000000.0,2100000.0,1997600000.0,20.681,2833300000.0
34,TMO,MRQ,2012-12-31,2012-12-31,2012-12-31,2021-08-25,-150400000.0,27444600000.0,,4834800000.0,22609800000.0,,43.149,-103200000.0,805600000.0,805600000.0,1873200000.0,376400000.0,2.31,0.775,7124300000.0,93100000.0,7031200000.0,7124300000.0,196500000.0,254400000.0,0.0,0.008,0.15,334100000.0,588500000.0,0.181,588500000.0,334100000.0,334100000.0,1.05,1.03,1.05,15464700000.0,,15464700000.0,29614606131.0,25.0,13.631,556900000.0,1.554,1.0,1386100000.0,0.425,20279000000.0,0.0,11391000000.0,,1443300000.0,4300000.0,4300000.0,0.0,11979900000.0,2093300000.0,9886600000.0,22974506131.0,7300000.0,-11000000.0,-227200000.0,-345100000.0,-46900000.0,-607400000.0,-70800000.0,1900000.0,660100000.0,25400000.0,376400000.0,376400000.0,376400000.0,9400000.0,0.0,0.115,985500000.0,400600000.0,641400000.0,0.143,1.486,19.505,19.685,1726400000.0,0.0,63.78,1.837,1.855,1804900000.0,7697300000.0,3259300000.0,3259300000.0,98500000.0,,,,,10500000.0,856600000.0,1.0,360214897.0,358400000,361800000.0,9.094,7165600000.0,182000000.0,-42300000.0,2047200000.0,19.993,2741500000.0
35,TMO,MRQ,2012-09-30,2012-09-29,2012-09-29,2021-08-25,-200300000.0,27578000000.0,,4947300000.0,22630700000.0,,42.169,-72100000.0,832200000.0,832200000.0,1787300000.0,290400000.0,1.961,0.804,7472300000.0,434800000.0,7037500000.0,7472300000.0,208400000.0,245200000.0,0.0,0.007,0.13,287400000.0,532600000.0,0.173,532600000.0,287400000.0,287400000.0,0.8,0.79,0.8,15290500000.0,,15290500000.0,27305222748.0,23.0,12.77,407800000.0,1.125,1.0,1298400000.0,0.421,20406000000.0,0.0,11289600000.0,,1517000000.0,4300000.0,4300000.0,0.0,12287500000.0,2522500000.0,9765000000.0,21505422748.0,66000000.0,-893700000.0,-332500000.0,931700000.0,-47600000.0,558700000.0,-995400000.0,0.0,479900000.0,22800000.0,290400000.0,290400000.0,290400000.0,9000000.0,0.0,0.094,946200000.0,352200000.0,684300000.0,0.163,1.406,19.723,19.808,1669900000.0,0.0,58.83,1.743,1.729,1829200000.0,7374800000.0,3085700000.0,3085700000.0,92000000.0,,,,,15700000.0,839000000.0,1.0,365551976.0,362600000,365400000.0,8.51,7172000000.0,197800000.0,-3000000.0,2009300000.0,19.779,2424800000.0
36,TMO,MRQ,2012-06-30,2012-06-30,2012-06-30,2021-08-25,-457700000.0,26361300000.0,,4667000000.0,21694300000.0,,41.129,-61800000.0,732300000.0,732300000.0,1786800000.0,233800000.0,1.726,0.746,6532100000.0,786200000.0,5745900000.0,6532100000.0,215300000.0,241600000.0,0.0,0.005,0.13,259800000.0,501400000.0,0.161,501400000.0,259800000.0,259800000.0,0.64,0.63,0.64,15094400000.0,,15094400000.0,24953616950.0,22.0,11.883,445700000.0,1.214,1.0,1321300000.0,0.425,19546300000.0,0.0,9911600000.0,,1390700000.0,4300000.0,4300000.0,0.0,11266900000.0,2703200000.0,8563700000.0,19066716950.0,-56000000.0,-178200000.0,-91300000.0,-136500000.0,-47700000.0,-284000000.0,-238500000.0,0.0,507500000.0,-41000000.0,233800000.0,233800000.0,233800000.0,58600000.0,0.0,0.075,953500000.0,367800000.0,652600000.0,0.203,1.263,17.896,18.087,1602500000.0,0.0,51.91,1.564,1.563,1803500000.0,7131600000.0,3108100000.0,3108100000.0,94200000.0,,,,,19800000.0,835000000.0,1.0,367303351.0,367000000,369200000.0,8.469,6815000000.0,177900000.0,26000000.0,2108100000.0,18.569,1963800000.0
37,TMO,MRQ,2012-03-31,2012-03-31,2012-03-31,2021-08-25,-150900000.0,26822700000.0,,4769500000.0,22053200000.0,,41.625,-65200000.0,788300000.0,788300000.0,1767100000.0,277300000.0,1.676,0.754,6675200000.0,924200000.0,5751000000.0,6675200000.0,227400000.0,242500000.0,0.0,0.002,0.13,307600000.0,550100000.0,0.18,550100000.0,307600000.0,307600000.0,0.76,0.75,0.76,15289000000.0,,15289000000.0,26638526532.0,18.0,11.285,326800000.0,0.89,1.0,1289700000.0,0.422,19823600000.0,0.0,10040600000.0,,1422300000.0,4300000.0,4300000.0,0.0,11533700000.0,2845400000.0,8688300000.0,20626826532.0,-228000000.0,-500000.0,-244900000.0,-347800000.0,0.0,-585000000.0,-66200000.0,0.0,392000000.0,31200000.0,277300000.0,277300000.0,277300000.0,3500000.0,0.0,0.091,928200000.0,361500000.0,691400000.0,0.171,1.349,15.223,15.661,1665300000.0,0.0,56.38,1.729,1.735,1894800000.0,6945600000.0,3056800000.0,3056800000.0,91700000.0,,,,,9500000.0,824300000.0,1.0,365853610.0,367300000,370100000.0,8.322,6999100000.0,160100000.0,30300000.0,2218700000.0,19.056,1924100000.0
38,TMO,MRQ,2011-12-31,2011-12-31,2011-12-31,2021-08-25,-399500000.0,26833700000.0,,4821900000.0,22011800000.0,,40.284,-78700000.0,1016300000.0,1016300000.0,1791500000.0,288900000.0,1.549,0.784,7028000000.0,1272800000.0,5755200000.0,7028000000.0,192500000.0,245600000.0,0.0,0.0,0.0,308500000.0,554100000.0,0.179,554100000.0,308500000.0,308500000.0,0.77,0.78,0.77,15038100000.0,,15038100000.0,23254850880.0,16.0,10.116,558300000.0,1.496,1.0,1297800000.0,0.42,19789200000.0,0.0,9943100000.0,,1330100000.0,4300000.0,4300000.0,0.0,11795600000.0,3113100000.0,8682500000.0,17011250880.0,126000000.0,28400000.0,-345600000.0,-100900000.0,0.0,-446400000.0,-72800000.0,19500000.0,637000000.0,8200000.0,288900000.0,288900000.0,288900000.0,3600000.0,0.0,0.094,950300000.0,347500000.0,612300000.0,0.0,1.131,12.791,12.885,1611300000.0,0.0,44.97,1.472,1.482,1763700000.0,6716300000.0,3089300000.0,3089300000.0,95500000.0,,,,,19100000.0,824900000.0,1.0,378279984.0,373300000,376100000.0,8.276,7044500000.0,157800000.0,19600000.0,2229300000.0,18.871,1708800000.0
39,TMO,MRQ,2011-09-30,2011-10-01,2011-10-01,2021-08-25,-279400000.0,26991500000.0,,4734600000.0,22256900000.0,,40.042,-59800000.0,890300000.0,890300000.0,1714000000.0,265400000.0,1.695,0.776,7133900000.0,1018600000.0,6115300000.0,7133900000.0,192600000.0,228800000.0,0.0,0.0,0.0,265500000.0,494300000.0,0.169,494300000.0,265500000.0,265500000.0,0.7,0.69,0.7,15195900000.0,,15195900000.0,22009249277.0,15.0,9.887,300900000.0,0.793,1.0,1218900000.0,0.416,20062400000.0,0.0,10380200000.0,,1406100000.0,8000000.0,8000000.0,0.0,11795600000.0,2792500000.0,9003100000.0,19338049277.0,-465800000.0,-3599800000.0,-213100000.0,3079000000.0,0.0,2871200000.0,-3703500000.0,0.0,360700000.0,5800000.0,265400000.0,265400000.0,265400000.0,900000.0,0.0,0.09,902900000.0,316000000.0,610600000.0,0.0,1.273,14.448,14.594,1629200000.0,0.0,50.64,1.75,1.739,1811000000.0,6427400000.0,2932900000.0,2932900000.0,86800000.0,,,,,17500000.0,804500000.0,1.0,381873011.0,379500000,382700000.0,7.728,6929100000.0,204100000.0,100000.0,2262400000.0,18.258,1942100000.0
40,TMO,MRQ,2011-06-30,2011-07-02,2011-07-02,2021-08-25,266000000.0,24073800000.0,,5004700000.0,19069100000.0,,41.02,-51400000.0,1356100000.0,1356100000.0,1693000000.0,523400000.0,2.755,0.537,4027300000.0,18500000.0,4008800000.0,4027300000.0,205000000.0,200900000.0,0.0,0.0,0.0,561100000.0,762000000.0,0.267,762000000.0,561100000.0,561100000.0,1.37,1.36,1.37,15665700000.0,,15665700000.0,26427169930.0,18.0,11.952,303300000.0,0.794,1.0,1161000000.0,0.407,17023400000.0,0.0,7904800000.0,,1350400000.0,7600000.0,7600000.0,0.0,8408100000.0,1816800000.0,6591300000.0,24915669930.0,-1432600000.0,-2053800000.0,-127700000.0,-407000000.0,0.0,-525700000.0,-1277000000.0,0.0,354700000.0,15400000.0,523400000.0,523400000.0,523400000.0,-306300000.0,0.0,0.183,895900000.0,265100000.0,632900000.0,0.0,1.59,18.572,18.898,1509500000.0,0.0,65.01,2.319,2.31,1683400000.0,6162000000.0,2854000000.0,2854000000.0,83200000.0,,,,,11300000.0,772900000.0,1.0,383259036.0,381900000,385900000.0,7.473,7050400000.0,195200000.0,37700000.0,1987900000.0,18.461,3187900000.0
41,TMO,MRQ,2011-03-31,2011-04-02,2011-04-02,2021-08-25,164000000.0,23430600000.0,,6189300000.0,17241300000.0,,39.256,-62800000.0,2788700000.0,2788700000.0,1601100000.0,252200000.0,1.493,0.536,4300200000.0,2499400000.0,1800800000.0,4300200000.0,193200000.0,184300000.0,0.0,0.0,0.0,304000000.0,488300000.0,0.179,488300000.0,304000000.0,304000000.0,0.65,0.64,0.65,15254700000.0,,15254700000.0,23086180756.0,20.0,12.124,275800000.0,0.71,1.0,1120300000.0,0.412,14895000000.0,0.0,5901100000.0,,1264000000.0,5200000.0,5200000.0,0.0,8175900000.0,4146000000.0,4029900000.0,21866180756.0,1871600000.0,-23700000.0,-493000000.0,2138100000.0,0.0,1651500000.0,-88900000.0,0.0,338600000.0,-29600000.0,252200000.0,252200000.0,252200000.0,-5000000.0,0.0,0.093,798800000.0,321500000.0,616900000.0,0.0,1.433,20.716,21.125,1389000000.0,0.0,55.98,2.085,2.074,1565500000.0,5638600000.0,2721400000.0,2721400000.0,74800000.0,,,,,15200000.0,708700000.0,1.0,390607016.0,388600000,394600000.0,7.003,8535600000.0,183800000.0,51800000.0,1638400000.0,21.965,2043300000.0
42,TMO,MRQ,2010-12-31,2010-12-31,2010-12-31,2021-08-25,43600000.0,21349400000.0,,4135000000.0,17214400000.0,,39.017,-70700000.0,917100000.0,917100000.0,1457100000.0,297500000.0,2.418,0.39,2137100000.0,105800000.0,2031300000.0,2137100000.0,158200000.0,178400000.0,0.0,0.0,0.0,303100000.0,481500000.0,0.189,481500000.0,303100000.0,303100000.0,0.75,0.74,0.75,15361000000.0,,15361000000.0,23236161818.0,20.0,12.38,367500000.0,0.933,1.0,1084700000.0,0.427,14909400000.0,0.0,5950200000.0,,1172900000.0,8900000.0,8900000.0,0.0,5988400000.0,1709800000.0,4278600000.0,22004361818.0,-13100000.0,-60800000.0,-325300000.0,-1600000.0,0.0,-322000000.0,-152300000.0,9000000.0,438200000.0,23000000.0,297500000.0,297500000.0,297500000.0,-23500000.0,0.0,0.117,781800000.0,302900000.0,546700000.0,0.0,1.432,21.248,21.541,1360200000.0,0.0,55.36,2.117,2.148,1473800000.0,5386400000.0,2541800000.0,2541800000.0,77200000.0,,,,,15000000.0,680300000.0,1.0,397477634.0,393700000,398900000.0,6.456,6440000000.0,181300000.0,5600000.0,1626100000.0,16.358,2425200000.0
43,TMO,MRQ,2010-09-30,2010-10-02,2010-10-02,2021-08-25,79200000.0,21537000000.0,,4171000000.0,17366000000.0,,38.424,-61500000.0,930200000.0,930200000.0,1567200000.0,268500000.0,2.356,0.399,2162000000.0,104400000.0,2057600000.0,2162000000.0,165500000.0,182400000.0,0.0,0.0,0.0,297000000.0,479400000.0,0.182,479400000.0,297000000.0,297000000.0,0.67,0.66,0.67,15396600000.0,,15396600000.0,20309530575.0,19.0,11.041,371300000.0,0.927,1.0,1061500000.0,0.404,15472500000.0,0.0,5525700000.0,,1207700000.0,9100000.0,9100000.0,0.0,6140400000.0,1770600000.0,4369800000.0,19483330575.0,-377200000.0,-257600000.0,-471800000.0,-9600000.0,0.0,-481300000.0,-316100000.0,0.0,432800000.0,-12600000.0,268500000.0,268500000.0,268500000.0,-9700000.0,0.0,0.102,758800000.0,302700000.0,581900000.0,0.0,1.265,19.264,19.205,1366000000.0,0.0,47.82,1.857,1.826,1562100000.0,5088900000.0,2628700000.0,2628700000.0,71500000.0,,,,,20800000.0,677000000.0,1.0,407430585.0,400700000,404500000.0,6.56,6064500000.0,169100000.0,28500000.0,1825100000.0,15.135,2400400000.0
44,TMO,MRQ,2010-06-30,2010-07-03,2010-07-03,2021-08-25,-150100000.0,21280900000.0,,4348000000.0,16932900000.0,,37.491,-54900000.0,1307400000.0,1307400000.0,1546800000.0,237300000.0,2.691,0.387,2133600000.0,106000000.0,2027600000.0,2133600000.0,163800000.0,185300000.0,0.0,0.0,0.0,269700000.0,455000000.0,0.175,455000000.0,269700000.0,269700000.0,0.58,0.57,0.58,15345100000.0,,15345100000.0,20167415149.0,19.0,11.189,228800000.0,0.559,1.0,1048900000.0,0.404,15153100000.0,0.0,5338000000.0,,1148500000.0,9200000.0,9200000.0,0.0,5935800000.0,1616000000.0,4319800000.0,19527115149.0,-124300000.0,-58700000.0,-164900000.0,-151800000.0,0.0,-313700000.0,-112600000.0,0.0,283700000.0,18300000.0,237300000.0,237300000.0,237300000.0,-8600000.0,0.0,0.091,751000000.0,297900000.0,568500000.0,0.0,1.273,20.254,20.161,1297700000.0,0.0,47.58,1.879,1.873,1472500000.0,4820400000.0,2595700000.0,2595700000.0,69600000.0,,,,,19000000.0,673200000.0,1.0,410405951.0,409300000,415900000.0,6.342,6127800000.0,162900000.0,32400000.0,1768600000.0,14.971,2732000000.0
45,TMO,MRQ,2010-03-31,2010-04-03,2010-04-03,2021-08-25,-47300000.0,21624600000.0,,4528600000.0,17096000000.0,,37.793,-48100000.0,1431700000.0,1431700000.0,1560500000.0,232300000.0,2.55,0.397,2072000000.0,148800000.0,1923200000.0,2072000000.0,167800000.0,193600000.0,0.0,0.0,0.0,267400000.0,461000000.0,0.175,461000000.0,267400000.0,267400000.0,0.57,0.56,0.57,15480000000.0,,15480000000.0,21815217403.0,22.0,12.298,295000000.0,0.72,1.0,1066400000.0,0.406,15347300000.0,0.0,5141900000.0,,1154600000.0,8500000.0,8500000.0,0.0,6144600000.0,1775700000.0,4368900000.0,21197817403.0,-132400000.0,-229100000.0,26800000.0,-209700000.0,0.0,-178100000.0,-277900000.0,0.0,343100000.0,-19500000.0,232300000.0,232300000.0,232300000.0,-7700000.0,0.0,0.088,781800000.0,284600000.0,596100000.0,0.0,1.369,22.703,22.706,1312300000.0,0.0,51.77,2.061,2.062,1493800000.0,4583100000.0,2626900000.0,2626900000.0,66100000.0,,,,,14000000.0,698300000.0,1.0,409461414.0,409600000,418200000.0,6.413,6277300000.0,161000000.0,35100000.0,1961200000.0,15.325,2752900000.0
46,TMO,MRQ,2009-12-31,2009-12-31,2009-12-31,2021-08-25,92000000.0,21625000000.0,,4530900000.0,17094100000.0,,37.747,-70400000.0,1564100000.0,1564100000.0,1629900000.0,273300000.0,2.764,0.401,2181500000.0,117500000.0,2064000000.0,2181500000.0,139800000.0,182800000.0,0.0,0.0,0.0,261300000.0,444100000.0,0.168,444100000.0,261300000.0,261300000.0,0.67,0.65,0.67,15430900000.0,,15430900000.0,19749124705.0,22.0,11.823,468200000.0,1.145,1.0,1011400000.0,0.383,15319900000.0,0.0,5283200000.0,,1131400000.0,7100000.0,7100000.0,0.0,6194100000.0,1639300000.0,4554800000.0,19472524705.0,-181600000.0,-480100000.0,36900000.0,-190200000.0,0.0,-152400000.0,-552700000.0,600000.0,538600000.0,-15100000.0,273300000.0,273300000.0,273300000.0,-27100000.0,0.0,0.103,733900000.0,277500000.0,533600000.0,0.0,1.262,22.901,23.15,1333400000.0,0.0,47.69,1.965,1.984,1409600000.0,4350800000.0,2641300000.0,2641300000.0,67000000.0,,,,,9700000.0,644700000.0,1.0,408314630.0,408800000,422200000.0,6.461,6305100000.0,160000000.0,-12000000.0,1962200000.0,15.423,2891600000.0
47,TMO,MRQ,2009-09-30,2009-09-26,2009-09-26,2021-08-25,78800000.0,21418500000.0,,4797600000.0,16620900000.0,,37.753,-40800000.0,1745700000.0,1745700000.0,1519900000.0,221200000.0,3.01,0.391,2022300000.0,70100000.0,1952200000.0,2022300000.0,139500000.0,195500000.0,0.0,0.0,0.0,246900000.0,442400000.0,0.175,442400000.0,246900000.0,246900000.0,0.54,0.53,0.54,15399400000.0,,15399400000.0,18574610748.0,20.0,10.829,345800000.0,0.848,1.0,1011200000.0,0.4,14932600000.0,0.0,5168700000.0,,1169600000.0,10600000.0,10600000.0,0.0,6019100000.0,1593800000.0,4425300000.0,17958710748.0,328300000.0,-9500000.0,5600000.0,-14100000.0,0.0,-8100000.0,-58200000.0,200000.0,386600000.0,8000000.0,221200000.0,221200000.0,221200000.0,0.0,0.0,0.087,735700000.0,275500000.0,593500000.0,0.0,1.166,20.786,21.154,1272300000.0,0.0,44.0,1.811,1.81,1482000000.0,4077500000.0,2531100000.0,2531100000.0,60500000.0,,,,,20200000.0,662100000.0,1.0,408152517.0,407900000,420200000.0,6.205,6485900000.0,162300000.0,25700000.0,1899900000.0,15.901,3203800000.0
48,TMO,MRQ,2009-06-30,2009-06-27,2009-06-27,2021-08-25,4100000.0,21155600000.0,,4467000000.0,16688600000.0,,36.302,-27600000.0,1417400000.0,1417400000.0,1495800000.0,206900000.0,2.932,0.403,2033300000.0,16300000.0,2017000000.0,2033300000.0,148600000.0,194300000.0,0.0,0.0,0.0,232100000.0,426400000.0,0.172,426400000.0,232100000.0,232100000.0,0.5,0.49,0.5,15076400000.0,,15076400000.0,17997089532.0,19.0,10.377,347700000.0,0.837,1.0,988300000.0,0.398,15029100000.0,0.0,5218800000.0,,1185100000.0,9300000.0,9300000.0,0.0,6079200000.0,1523600000.0,4555600000.0,17531489532.0,-143700000.0,-127300000.0,-407900000.0,400000.0,0.0,-406800000.0,-152900000.0,400000.0,375300000.0,40700000.0,206900000.0,206900000.0,206900000.0,0.0,0.0,0.083,729300000.0,259000000.0,589100000.0,0.0,1.163,20.364,20.345,1271700000.0,0.0,41.91,1.758,1.745,1470400000.0,3856300000.0,2484100000.0,2484100000.0,58100000.0,,,,,19900000.0,660900000.0,1.0,418312802.0,415300000,423700000.0,5.981,6126500000.0,161300000.0,25200000.0,1966700000.0,14.752,2943400000.0
49,TMO,MRQ,2009-03-31,2009-03-28,2009-03-28,2021-08-25,-257900000.0,21033100000.0,,4519400000.0,16513700000.0,,35.893,-47800000.0,1561100000.0,1561100000.0,1368200000.0,148900000.0,3.014,0.403,2026700000.0,15600000.0,2011100000.0,2026700000.0,145600000.0,190300000.0,0.0,0.0,0.0,167200000.0,357500000.0,0.159,357500000.0,167200000.0,167200000.0,0.36,0.35,0.36,14992500000.0,,14992500000.0,16082635706.0,16.0,8.87,310900000.0,0.744,1.0,886900000.0,0.393,14893800000.0,0.0,5105300000.0,,1161700000.0,9000000.0,9000000.0,0.0,6040600000.0,1499600000.0,4541000000.0,15304835706.0,280600000.0,-16000000.0,5200000.0,4000000.0,0.0,9800000.0,-65700000.0,0.0,358700000.0,-22200000.0,148900000.0,148900000.0,148900000.0,0.0,0.0,0.066,696800000.0,190100000.0,607300000.0,0.0,1.021,17.003,17.023,1249300000.0,0.0,36.6,1.501,1.499,1423200000.0,3649400000.0,2255100000.0,2255100000.0,58200000.0,,,,,14600000.0,625000000.0,1.0,418164910.0,417700000,425300000.0,5.399,6139300000.0,152400000.0,18300000.0,1982500000.0,14.698,3019800000.0
50,TMO,MRQ,2008-12-31,2008-12-31,2008-12-31,2021-08-25,-145800000.0,21090000000.0,,4345900000.0,16744100000.0,,35.692,-99000000.0,1280500000.0,1280500000.0,1579400000.0,287000000.0,2.822,0.413,2018000000.0,14800000.0,2003200000.0,2018000000.0,135300000.0,194400000.0,0.0,0.0,0.0,294600000.0,489000000.0,0.185,489000000.0,294600000.0,294600000.0,0.68,0.66,0.68,14926500000.0,,14926500000.0,15258205017.0,13.0,7.921,361300000.0,0.864,1.0,1066900000.0,0.403,15100900000.0,0.0,5186400000.0,,1171400000.0,7500000.0,7500000.0,0.0,6163500000.0,1540200000.0,4623300000.0,14316705017.0,40200000.0,-48400000.0,-82000000.0,-129600000.0,0.0,-206300000.0,-150200000.0,-500000.0,460300000.0,-63600000.0,287000000.0,287000000.0,287000000.0,900000.0,0.0,0.108,744400000.0,322500000.0,539500000.0,0.0,0.959,14.595,14.56,1275300000.0,0.0,34.07,1.364,1.357,1478100000.0,3500500000.0,2646300000.0,2646300000.0,60900000.0,,,,,8300000.0,663000000.0,1.0,420214412.0,418200000,434700000.0,6.328,5989100000.0,161700000.0,7600000.0,2027100000.0,14.321,2805700000.0
51,TMO,MRQ,2008-09-30,2008-09-27,2008-09-27,2021-08-25,289000000.0,21599500000.0,,4443000000.0,17156500000.0,,36.123,-46200000.0,1240300000.0,1240300000.0,1555300000.0,218100000.0,2.415,0.427,2181800000.0,138800000.0,2043000000.0,2181800000.0,142200000.0,199700000.0,0.0,0.0,0.0,261800000.0,461500000.0,0.178,461500000.0,261800000.0,261800000.0,0.52,0.5,0.52,15135600000.0,,15135600000.0,24907449919.0,23.0,13.271,324200000.0,0.774,1.0,1032800000.0,0.399,15465900000.0,0.0,5235100000.0,,1260400000.0,9200000.0,9200000.0,0.0,6463900000.0,1840000000.0,4623900000.0,23724549919.0,233400000.0,-110100000.0,32600000.0,-6300000.0,0.0,34200000.0,-152200000.0,0.0,370400000.0,-19000000.0,218100000.0,218100000.0,218100000.0,-3200000.0,0.0,0.084,746500000.0,286300000.0,636500000.0,0.0,1.567,25.76,25.736,1267700000.0,0.0,56.62,2.265,2.265,1543400000.0,3238500000.0,2588100000.0,2588100000.0,61800000.0,,,,,7900000.0,669300000.0,1.0,419013598.0,419000000,438300000.0,6.177,6133600000.0,165400000.0,43700000.0,2199900000.0,14.639,2603000000.0
52,TMO,MRQ,2008-06-30,2008-06-28,2008-06-28,2021-08-25,503300000.0,21681000000.0,,4299500000.0,17381500000.0,,36.053,-50500000.0,1006900000.0,1006900000.0,1621500000.0,246100000.0,2.287,0.439,2189800000.0,145300000.0,2044500000.0,2189800000.0,156400000.0,199800000.0,0.0,0.0,0.0,305300000.0,505100000.0,0.186,505100000.0,305300000.0,305300000.0,0.59,0.56,0.59,15070000000.0,,15070000000.0,24598016459.0,23.0,13.382,296000000.0,0.708,1.0,1088100000.0,0.402,15668500000.0,0.0,5315300000.0,,1264100000.0,13500000.0,13500000.0,0.0,6611000000.0,1880100000.0,4730900000.0,23135316459.0,272900000.0,-35700000.0,20600000.0,-14300000.0,0.0,11400000.0,-91000000.0,0.0,346500000.0,6000000.0,246100000.0,246100000.0,246100000.0,-3200000.0,0.0,0.091,757900000.0,330200000.0,653000000.0,0.0,1.535,25.109,25.26,1304500000.0,0.0,55.32,2.249,2.248,1599100000.0,3017000000.0,2709600000.0,2709600000.0,64400000.0,,,,,11600000.0,698900000.0,1.0,418208902.0,418000000,437100000.0,6.482,6012500000.0,167900000.0,59200000.0,2282500000.0,14.384,2419400000.0
53,TMO,MRQ,2008-03-31,2008-03-29,2008-03-29,2021-08-25,510600000.0,21497900000.0,,3988800000.0,17509100000.0,,35.415,-53300000.0,734000000.0,734000000.0,1535600000.0,229700000.0,2.089,0.454,2196700000.0,150800000.0,2045900000.0,2196700000.0,153900000.0,198800000.0,0.0,0.0,0.0,271800000.0,470600000.0,0.184,470600000.0,271800000.0,271800000.0,0.55,0.53,0.55,14785800000.0,,14785800000.0,25195889926.0,27.0,14.662,189700000.0,0.454,1.0,1018400000.0,0.399,15809000000.0,0.0,5242400000.0,,1246700000.0,14100000.0,14100000.0,0.0,6712100000.0,1909200000.0,4802900000.0,23625789926.0,108900000.0,-3800000.0,-73500000.0,-1300000.0,0.0,-67700000.0,-56600000.0,500000.0,243000000.0,-9800000.0,229700000.0,229700000.0,229700000.0,0.0,0.0,0.09,728000000.0,290400000.0,729200000.0,0.0,1.598,28.153,28.362,1297500000.0,0.0,56.44,2.372,2.365,1585700000.0,2767500000.0,2554000000.0,2554000000.0,62000000.0,,,,,3900000.0,661100000.0,1.0,418600105.0,417500000,436100000.0,6.117,5688900000.0,168500000.0,42100000.0,2348300000.0,13.626,2079600000.0
54,TMO,MRQ,2007-12-31,2007-12-31,2007-12-31,2021-08-25,388400000.0,21207400000.0,,3665300000.0,17542100000.0,,34.373,-53000000.0,625100000.0,625100000.0,1581300000.0,227100000.0,1.927,0.464,2195200000.0,149300000.0,2045900000.0,2195200000.0,128500000.0,196800000.0,0.0,0.0,0.0,242800000.0,439600000.0,0.168,439600000.0,242800000.0,242800000.0,0.54,0.52,0.54,14488300000.0,,14488300000.0,25599224974.0,30.0,16.011,482300000.0,1.144,1.0,1039800000.0,0.397,15871000000.0,0.0,5004900000.0,,1169900000.0,14100000.0,14100000.0,0.0,6719100000.0,1901600000.0,4817500000.0,24229324974.0,-205700000.0,-403300000.0,-320900000.0,-5100000.0,0.0,-293200000.0,-450200000.0,-100000.0,535300000.0,2400000.0,227100000.0,227100000.0,227100000.0,-5500000.0,0.0,0.087,754800000.0,285000000.0,676900000.0,0.0,1.672,32.375,32.588,1267400000.0,0.0,57.68,2.486,2.494,1450000000.0,2534500000.0,2621100000.0,2621100000.0,61400000.0,,,,,-21000000.0,675700000.0,1.0,420064580.0,421500000,443600000.0,6.219,5336400000.0,195800000.0,15700000.0,2344100000.0,12.66,1763700000.0
55,TMO,MRQ,2007-09-30,2007-09-29,2007-09-29,2021-08-25,303200000.0,21172400000.0,,3908400000.0,17264000000.0,,34.039,-45600000.0,830800000.0,830800000.0,1453100000.0,218500000.0,2.396,0.466,2200700000.0,19600000.0,2181100000.0,2200700000.0,130900000.0,187600000.0,0.0,0.0,0.0,235200000.0,422800000.0,0.176,422800000.0,235200000.0,235200000.0,0.51,0.49,0.51,14442900000.0,,14442900000.0,25873500428.0,43.0,20.035,348500000.0,0.821,1.0,948100000.0,0.395,15646100000.0,0.0,5265300000.0,,1206200000.0,15400000.0,15400000.0,0.0,6729500000.0,1630900000.0,5098600000.0,24622200428.0,-120400000.0,-54700000.0,-455300000.0,-6600000.0,0.0,-414900000.0,-102200000.0,-200000.0,394100000.0,2600000.0,218500000.0,218500000.0,218500000.0,100000.0,0.0,0.091,694100000.0,254000000.0,661500000.0,0.0,1.705,45.046,48.504,1238600000.0,0.0,57.72,2.8,2.785,1458100000.0,2294700000.0,2401200000.0,2401200000.0,58800000.0,,,,,-33800000.0,626500000.0,1.0,426580049.0,424300000,446600000.0,5.659,5526300000.0,159300000.0,16700000.0,2383700000.0,13.025,2277500000.0
56,TMO,MRQ,2007-06-30,2007-06-30,2007-06-30,2021-08-25,219700000.0,21272100000.0,,4007100000.0,17265000000.0,,34.281,-18500000.0,951200000.0,951200000.0,1449300000.0,163900000.0,2.5,0.464,2202500000.0,24800000.0,2177700000.0,2202500000.0,139900000.0,187100000.0,0.0,0.0,0.0,198300000.0,385400000.0,0.162,385400000.0,198300000.0,198300000.0,0.39,0.37,0.39,14531800000.0,,14531800000.0,23501125134.0,53.0,24.037,317000000.0,0.748,1.0,936600000.0,0.393,15759600000.0,0.0,5160800000.0,,1183200000.0,22700000.0,22700000.0,0.0,6740300000.0,1603000000.0,5137300000.0,21822225134.0,280300000.0,-5100000.0,110600000.0,-144300000.0,0.0,-26500000.0,-4500000.0,-100000.0,335500000.0,-24200000.0,163900000.0,163900000.0,163900000.0,24000000.0,0.0,0.069,693600000.0,243000000.0,622300000.0,0.0,1.502,57.899,52.242,1228500000.0,0.0,51.72,3.066,3.08,1422500000.0,2076200000.0,2385900000.0,2385900000.0,58700000.0,,,,,5100000.0,626600000.0,1.0,421930107.0,423900000,446500000.0,5.628,5512500000.0,194500000.0,34400000.0,2511500000.0,13.004,2404100000.0
57,TMO,MRQ,2007-03-31,2007-03-31,2007-03-31,2021-08-25,215600000.0,21171900000.0,,3746200000.0,17425700000.0,,33.879,-39200000.0,670900000.0,670900000.0,1458300000.0,138900000.0,2.085,0.488,2349800000.0,167400000.0,2182400000.0,2349800000.0,138400000.0,185300000.0,0.0,0.0,0.0,165800000.0,351100000.0,0.15,351100000.0,165800000.0,165800000.0,0.33,0.31,0.33,14232700000.0,,14232700000.0,21633018063.0,70.0,30.949,179400000.0,0.427,1.0,879900000.0,0.376,15911200000.0,0.0,5143100000.0,,1180500000.0,20500000.0,20500000.0,0.0,6939200000.0,1796500000.0,5142700000.0,19636449063.0,3500000.0,-29400000.0,113000000.0,-316900000.0,0.0,-194100000.0,-29100000.0,48200000.0,218600000.0,8100000.0,138900000.0,138900000.0,138900000.0,-100000.0,0.0,0.059,687500000.0,192400000.0,679600000.0,0.0,1.38,75.264,51.944,1256200000.0,0.0,46.75,3.606,3.607,1419000000.0,1912300000.0,2338200000.0,2338200000.0,59800000.0,,,,,4000000.0,620300000.0,1.0,420030996.0,420100000,441100000.0,5.566,5260700000.0,225300000.0,26900000.0,2522200000.0,12.522,1949700000.0
58,TMO,MRQ,2006-12-31,2006-12-31,2006-12-31,2021-08-25,150200000.0,21262200000.0,,3659500000.0,17602700000.0,,70.942,-43800000.0,667400000.0,667400000.0,1074800000.0,25300000.0,1.7,0.528,2664000000.0,483300000.0,2180700000.0,2664000000.0,121300000.0,124500000.0,0.0,0.0,0.0,7600000.0,132100000.0,0.079,132100000.0,7600000.0,7600000.0,-0.04,-0.03,-0.04,13911800000.0,,13911800000.0,7526839624.0,36.0,16.627,161700000.0,0.825,1.0,594100000.0,0.356,16036600000.0,0.0,5069900000.0,,1164500000.0,23800000.0,23800000.0,0.0,7350400000.0,2152300000.0,5198100000.0,7156736624.0,509400000.0,286800000.0,81900000.0,-90900000.0,0.0,1900000.0,286300000.0,800000.0,205500000.0,15700000.0,25300000.0,25300000.0,25300000.0,700000.0,0.0,0.015,554300000.0,39800000.0,630800000.0,0.0,0.514,42.373,52.663,1256700000.0,0.0,45.29,1.888,2.342,1392700000.0,1773400000.0,1668900000.0,1668900000.0,52200000.0,,,,,31900000.0,482900000.0,1.0,158020239.0,196100000,203700000.0,8.51,5225600000.0,209200000.0,-17700000.0,2617800000.0,26.648,1507200000.0
59,TMO,MRQ,2006-09-30,2006-09-30,2006-09-30,2021-08-25,77535000.0,4198238000.0,,1278576000.0,2919662000.0,,17.851,-7500000.0,157964000.0,157964000.0,388100000.0,48800000.0,1.769,0.491,528067000.0,68658000.0,459409000.0,528067000.0,96066000.0,39800000.0,44160000.0,0.0,0.0,69300000.0,109100000.0,0.151,109100000.0,69300000.0,69300000.0,0.31,0.3,0.31,2815042000.0,,2815042000.0,6636757879.0,23.0,14.937,94500000.0,0.599,1.0,336800000.0,0.465,2419455000.0,0.0,1426063000.0,,407472000.0,14679000.0,14679000.0,0.0,1383196000.0,722823000.0,660373000.0,6198170879.0,-31700000.0,-32600000.0,4300000.0,-103500000.0,0.0,-98300000.0,-38600000.0,-4200000.0,102000000.0,3200000.0,48800000.0,48800000.0,48800000.0,0.0,0.0,0.067,267500000.0,69300000.0,154546000.0,0.0,2.202,30.993,31.464,280516000.0,0.0,39.33,2.165,2.166,539839000.0,1748094000.0,724900000.0,724900000.0,38600000.0,,,,,7100000.0,217900000.0,1.0,157593971.0,157700000,162200000.0,4.597,1778783000.0,80121000.0,20500000.0,70768000.0,11.28,555753000.0
60,TMO,MRQ,2006-06-30,2006-07-01,2006-07-01,2021-08-25,60838000.0,4176203000.0,,1280222000.0,2895981000.0,,16.968,-6700000.0,189716000.0,189716000.0,388900000.0,47900000.0,1.633,0.526,628303000.0,171540000.0,456763000.0,628303000.0,101913000.0,39000000.0,39342000.0,0.0,0.0,67700000.0,106700000.0,0.15,106700000.0,67700000.0,67700000.0,0.3,0.29,0.3,2737006000.0,,2737006000.0,6251042305.0,21.0,13.903,59600000.0,0.369,1.0,324600000.0,0.455,2395832000.0,0.0,1435004000.0,,396160000.0,8267000.0,8267000.0,0.0,1439197000.0,783954000.0,655243000.0,5932068305.0,-41100000.0,-26600000.0,-222400000.0,77900000.0,0.0,-143200000.0,31300000.0,71800000.0,66300000.0,4500000.0,47900000.0,47900000.0,47900000.0,0.0,0.0,0.067,255800000.0,68800000.0,147635000.0,0.0,2.167,28.394,27.877,283242000.0,0.0,36.24,2.105,2.074,544520000.0,1699261000.0,713500000.0,713500000.0,40700000.0,,,,,6900000.0,206900000.0,1.0,163688419.0,161300000,165500000.0,4.423,1780371000.0,80487000.0,19800000.0,65328000.0,11.038,496268000.0
61,TMO,MRQ,2006-03-31,2006-04-01,2006-04-01,2021-08-25,31443000.0,4240654000.0,,1377138000.0,2863516000.0,,17.632,-13000000.0,230792000.0,230792000.0,371700000.0,46900000.0,1.922,0.475,549766000.0,91247000.0,458519000.0,549766000.0,97284000.0,37400000.0,34667000.0,0.0,0.0,67400000.0,104800000.0,0.153,104800000.0,67400000.0,67400000.0,0.29,0.28,0.29,2874048000.0,,2874048000.0,6409562453.0,21.0,14.088,18900000.0,0.116,1.0,312600000.0,0.457,2376456000.0,0.0,1466605000.0,,381502000.0,79761000.0,79761000.0,0.0,1366606000.0,716567000.0,650039000.0,6035975453.0,16500000.0,8900000.0,16500000.0,-41300000.0,0.0,-20500000.0,4400000.0,4100000.0,31900000.0,700000.0,46900000.0,46900000.0,46900000.0,-3300000.0,0.0,0.069,248500000.0,64100000.0,155604000.0,0.0,2.1,27.282,27.073,283106000.0,0.0,37.09,2.188,2.192,542929000.0,1651381000.0,684300000.0,684300000.0,38700000.0,,,,,6100000.0,202500000.0,1.0,162738621.0,163000000,167000000.0,4.198,1864198000.0,77949000.0,20500000.0,83550000.0,11.437,660571000.0
62,TMO,MRQ,2005-12-31,2005-12-31,2005-12-31,2021-08-25,27179000.0,4251569000.0,,1353900000.0,2897669000.0,,17.285,-10301000.0,214326000.0,214326000.0,398248000.0,56387000.0,1.71,0.522,598767000.0,130137000.0,468630000.0,598767000.0,85592000.0,37856000.0,38229000.0,0.0,0.0,85870000.0,123726000.0,0.167,123726000.0,85870000.0,85870000.0,0.35,0.34,0.35,2793312000.0,,2793312000.0,5322986178.0,17.0,12.265,115735000.0,0.716,1.0,342512000.0,0.462,2416935000.0,0.0,1427413000.0,,359392000.0,80661000.0,80661000.0,0.0,1458257000.0,791662000.0,666595000.0,4888527178.0,20827000.0,6275000.0,5461000.0,-37006000.0,0.0,-31225000.0,-71533000.0,-74039000.0,126036000.0,-2451000.0,56387000.0,56387000.0,56387000.0,-1027000.0,0.0,0.076,251261000.0,91251000.0,153475000.0,0.0,1.75,21.902,21.833,280654000.0,0.0,30.13,1.857,1.849,560172000.0,1604475000.0,740760000.0,740760000.0,38256000.0,,,,,733000.0,211283000.0,1.0,162247832.0,161600000,165300000.0,4.584,1834634000.0,79586000.0,29483000.0,120162000.0,11.353,562238000.0
63,TMO,MRQ,2005-09-30,2005-10-01,2005-10-01,2021-08-25,58873000.0,4145845000.0,,1261826000.0,2884019000.0,,17.066,-10192000.0,193459000.0,193459000.0,373712000.0,57734000.0,1.726,0.501,627918000.0,167415000.0,460503000.0,627918000.0,82771000.0,37909000.0,0.0,0.0,0.0,76496000.0,114405000.0,0.168,114405000.0,76496000.0,76496000.0,0.36,0.35,0.36,2761212000.0,,2761212000.0,5523386420.0,17.0,12.649,45693000.0,0.282,1.0,305699000.0,0.45,2417264000.0,0.0,1432124000.0,,395559000.0,8690000.0,8690000.0,0.0,1384633000.0,730916000.0,653717000.0,4993866420.0,33715000.0,-24513000.0,13018000.0,-63894000.0,0.0,-51035000.0,28781000.0,4246000.0,55885000.0,84000.0,57734000.0,57734000.0,57734000.0,-17137000.0,0.0,0.085,246340000.0,59359000.0,138900000.0,0.0,1.809,17.345,17.36,288212000.0,0.0,30.9,1.993,1.995,521381000.0,1548070000.0,679411000.0,679411000.0,38784000.0,,,,,728000.0,194323000.0,1.0,161613800.0,161794000,165635000.0,4.199,1728581000.0,55675000.0,18762000.0,74077000.0,10.684,530910000.0
64,TMO,MRQ,2005-06-30,2005-07-02,2005-07-02,2021-08-25,65538000.0,4134374000.0,,1237595000.0,2896779000.0,,16.701,-8775000.0,159744000.0,159744000.0,366166000.0,60223000.0,1.571,0.535,689264000.0,228259000.0,461005000.0,689264000.0,87324000.0,29869000.0,0.0,0.0,0.0,82181000.0,112050000.0,0.171,112050000.0,82181000.0,82181000.0,0.37,0.37,0.37,2693054000.0,,2693054000.0,4194832760.0,11.0,9.031,49922000.0,0.31,1.0,287455000.0,0.44,2437959000.0,0.0,1438390000.0,,399699000.0,11061000.0,11061000.0,0.0,1441320000.0,787545000.0,653775000.0,4319977760.0,-191816000.0,-874638000.0,4126000.0,467793000.0,0.0,469892000.0,-715830000.0,168564000.0,58697000.0,-4575000.0,60223000.0,60223000.0,60223000.0,-3463000.0,0.0,0.092,234241000.0,53214000.0,138029000.0,0.0,1.604,12.83,12.885,294520000.0,0.0,26.8,1.824,1.825,512648000.0,1490336000.0,653621000.0,653621000.0,39432000.0,,,,,698000.0,192593000.0,1.0,161193200.0,161255000,164658000.0,4.053,1696415000.0,94753000.0,21958000.0,106578000.0,10.52,450050000.0
65,TMO,MRQ,2005-03-31,2005-04-02,2005-04-02,2021-08-25,116192000.0,3554463000.0,,1485618000.0,2068845000.0,,16.63,1868000.0,351560000.0,351560000.0,299974000.0,48856000.0,2.708,0.328,226415000.0,15500000.0,210915000.0,226415000.0,90628000.0,17566000.0,0.0,0.0,0.0,66253000.0,83819000.0,0.15,83819000.0,66253000.0,66253000.0,0.3,0.3,0.3,2676693000.0,,2676693000.0,3921307875.0,10.0,8.186,32150000.0,0.2,1.0,259234000.0,0.464,1671644000.0,0.0,1209155000.0,,345605000.0,177043000.0,177043000.0,0.0,877770000.0,548519000.0,329251000.0,4020710875.0,24674000.0,-34624000.0,4595000.0,-1193000.0,0.0,3268000.0,5082000.0,33129000.0,30282000.0,-13958000.0,48856000.0,48856000.0,48856000.0,-3273000.0,0.0,0.087,199558000.0,59676000.0,123692000.0,0.0,1.502,10.939,11.062,238030000.0,0.0,25.0,1.795,1.796,458558000.0,1430113000.0,559208000.0,559208000.0,36328000.0,,,,,641000.0,163501000.0,1.0,160828435.0,160957000,164730000.0,3.474,1882819000.0,91558000.0,17397000.0,44974000.0,11.698,937099000.0
66,TMO,MRQ,2004-12-31,2004-12-31,2004-12-31,2021-08-25,161366000.0,3576725000.0,,1469654000.0,2107071000.0,,16.34,-15863000.0,326886000.0,326886000.0,329560000.0,121099000.0,2.539,0.342,227483000.0,15017000.0,212466000.0,227483000.0,77778000.0,18748000.0,47786000.0,0.0,0.0,107631000.0,126379000.0,0.206,126379000.0,107631000.0,107631000.0,0.75,0.72,0.75,2665550000.0,,2665550000.0,4723706557.0,12.0,10.076,72950000.0,0.447,1.0,283779000.0,0.463,1671602000.0,0.0,1226992000.0,,336711000.0,185369000.0,185369000.0,0.0,911175000.0,578728000.0,332447000.0,4828899557.0,224296000.0,1076000.0,0.0,0.0,0.0,0.0,-63308000.0,-21747000.0,88813000.0,765000.0,121099000.0,121099000.0,121099000.0,-100452000.0,0.0,0.197,217732000.0,66047000.0,131175000.0,0.0,1.812,13.346,13.599,261041000.0,0.0,30.19,2.189,2.233,469553000.0,1381257000.0,613339000.0,613339000.0,34945000.0,,,,,1757000.0,175966000.0,1.0,159950300.0,163133000,167641000.0,3.76,1905123000.0,92929000.0,-13468000.0,38042000.0,11.678,890926000.0
67,TMO,MRQ,2004-09-30,2004-10-02,2004-10-02,2021-08-25,71692000.0,3367505000.0,,1365792000.0,2001713000.0,,15.041,-9899000.0,335664000.0,335664000.0,291360000.0,106536000.0,2.162,0.386,230471000.0,15378000.0,215093000.0,230471000.0,73471000.0,16283000.0,0.0,0.0,0.0,125987000.0,142270000.0,0.262,142270000.0,125987000.0,125987000.0,0.66,0.65,0.66,2429348000.0,,2429348000.0,4523039266.0,12.0,10.537,60683000.0,0.376,1.0,250955000.0,0.463,1654278000.0,0.0,976201000.0,,331144000.0,90233000.0,90233000.0,0.0,938157000.0,631833000.0,306324000.0,4583376266.0,23354000.0,-68380000.0,-143315000.0,-3969000.0,0.0,-148341000.0,101916000.0,-14293000.0,70582000.0,-803000.0,106536000.0,106536000.0,106536000.0,940000.0,0.0,0.196,191334000.0,59621000.0,121240000.0,0.0,1.887,15.143,15.173,246513000.0,0.0,28.07,2.317,2.292,429388000.0,1260158000.0,542315000.0,542315000.0,32874000.0,,,,,0.0,153425000.0,1.0,163283800.0,161514000,165570000.0,3.358,1713227000.0,111881000.0,19451000.0,80708000.0,10.607,733959000.0
68,TMO,MRQ,2004-06-30,2004-07-03,2004-07-03,2021-08-25,70915000.0,3495932000.0,,1413368000.0,2082564000.0,,14.824,-11409000.0,306617000.0,306617000.0,286424000.0,91080000.0,2.03,0.424,246280000.0,35061000.0,211219000.0,246280000.0,68442000.0,16426000.0,0.0,0.0,0.0,110138000.0,126564000.0,0.241,126564000.0,110138000.0,110138000.0,0.55,0.54,0.55,2454400000.0,,2454400000.0,4826326293.0,16.0,13.391,47102000.0,0.284,1.0,238885000.0,0.455,1609652000.0,0.0,1129746000.0,,323872000.0,65168000.0,65168000.0,0.0,1041532000.0,696197000.0,345335000.0,4920141293.0,23388000.0,-75706000.0,-30604000.0,-5965000.0,0.0,-36085000.0,1307000.0,86669000.0,58511000.0,-345000.0,91080000.0,91080000.0,91080000.0,-40501000.0,0.0,0.173,179915000.0,58970000.0,119815000.0,0.0,2.005,20.111,19.926,246208000.0,0.0,29.69,2.611,2.608,414368000.0,1153622000.0,525309000.0,525309000.0,32592000.0,,,,,0.0,146508000.0,1.0,165717120.0,165571000,170521000.0,3.173,1886280000.0,119944000.0,19058000.0,156864000.0,11.393,717171000.0
69,TMO,MRQ,2004-03-31,2004-04-03,2004-04-03,2021-08-25,94464000.0,3453507000.0,,1451677000.0,2001830000.0,,14.684,-7303000.0,352994000.0,352994000.0,284172000.0,43122000.0,2.115,0.424,259179000.0,40189000.0,218990000.0,259179000.0,75847000.0,14684000.0,0.0,0.0,0.0,58933000.0,73617000.0,0.14,73617000.0,58933000.0,58933000.0,0.26,0.26,0.26,2425863000.0,,2425863000.0,4815047794.0,19.0,15.793,39301000.0,0.238,1.0,240860000.0,0.459,1640949000.0,0.0,1032370000.0,,364238000.0,91063000.0,91063000.0,0.0,1027644000.0,686373000.0,341271000.0,4857870794.0,27625000.0,0.0,-10456000.0,-2963000.0,0.0,-13600000.0,-5762000.0,3266000.0,46604000.0,383000.0,43122000.0,43122000.0,43122000.0,-3457000.0,0.0,0.082,187986000.0,52874000.0,132845000.0,0.0,2.003,23.502,23.094,291592000.0,0.0,29.33,2.728,2.721,458128000.0,1062542000.0,525032000.0,525032000.0,34269000.0,,,,,0.0,150559000.0,1.0,165628053.0,165206000,169996000.0,3.178,1812558000.0,115241000.0,15811000.0,132897000.0,10.972,765304000.0
70,TMO,MRQ,2003-12-31,2003-12-31,2003-12-31,2021-08-25,83215000.0,3389322000.0,,1395256000.0,1994066000.0,,14.573,-14740000.0,195773000.0,195773000.0,188636000.0,61928000.0,2.037,0.423,261089000.0,45981000.0,215108000.0,261089000.0,59055000.0,11983000.0,0.0,0.0,0.0,74817000.0,86800000.0,0.225,86800000.0,74817000.0,74817000.0,0.38,0.37,0.38,2381693000.0,,2381693000.0,4150582045.0,17.0,14.111,97195000.0,0.595,1.0,197016000.0,0.511,1506714000.0,0.0,1263131000.0,,302161000.0,222465000.0,222465000.0,0.0,1007629000.0,684793000.0,322836000.0,4103120045.0,25979000.0,-115377000.0,-35456000.0,643662000.0,0.0,34169000.0,-144637000.0,-15246000.0,111935000.0,24512000.0,61928000.0,61928000.0,61928000.0,-24799000.0,0.0,0.161,139591000.0,57425000.0,102617000.0,0.0,1.723,20.515,20.488,252252000.0,0.0,25.2,2.16,2.159,419625000.0,1019420000.0,385652000.0,385652000.0,18643000.0,,,,,0.0,102995000.0,1.0,162822224.0,163430000,167811000.0,2.36,1882608000.0,113006000.0,12889000.0,109867000.0,11.519,710463000.0
71,TMO,MRQ,2003-09-30,2003-09-27,2003-09-27,2021-08-25,46905000.0,3122786000.0,,1297750000.0,1825036000.0,,13.754,-7820000.0,207546000.0,207546000.0,239824000.0,48515000.0,2.184,0.397,255008000.0,36165000.0,218843000.0,255008000.0,62484000.0,11534000.0,0.0,0.0,0.0,61902000.0,73436000.0,0.164,73436000.0,61902000.0,61902000.0,0.3,0.29,0.3,2235470000.0,,2235470000.0,3710531668.0,13.0,11.589,28925000.0,0.178,1.0,208743000.0,0.465,1440986000.0,0.0,1135012000.0,,338439000.0,185840000.0,185840000.0,0.0,887316000.0,594250000.0,293066000.0,3524817668.0,-56896000.0,-384000.0,13119000.0,-190670000.0,0.0,-188430000.0,99241000.0,110356000.0,36745000.0,-4452000.0,48515000.0,48515000.0,48515000.0,-2000.0,0.0,0.108,166897000.0,41846000.0,94054000.0,0.0,1.577,15.65,15.739,267357000.0,0.0,21.72,2.071,2.074,423945000.0,957492000.0,448567000.0,448567000.0,30444000.0,,,,,0.0,122634000.0,1.0,162284423.0,162531000,169155000.0,2.76,1681800000.0,78914000.0,13387000.0,122541000.0,10.348,703500000.0
72,TMO,MRQ,2003-06-30,2003-06-28,2003-06-28,2021-08-25,50768000.0,3279871000.0,,1439025000.0,1840846000.0,,13.497,-3507000.0,264442000.0,264442000.0,217841000.0,53139000.0,1.798,0.5,450156000.0,228786000.0,221370000.0,450156000.0,65977000.0,9165000.0,0.0,0.0,0.0,61871000.0,71036000.0,0.168,71036000.0,61871000.0,61871000.0,0.33,0.32,0.33,2187098000.0,,2187098000.0,3892359317.0,14.0,12.27,50195000.0,0.31,1.0,203850000.0,0.483,1444054000.0,0.0,1221173000.0,,343276000.0,281918000.0,281918000.0,0.0,1092773000.0,800358000.0,292415000.0,3464678317.0,15331000.0,-500000.0,11797000.0,-214572000.0,0.0,-231682000.0,181297000.0,186091000.0,53702000.0,12014000.0,53139000.0,53139000.0,53139000.0,4199000.0,0.0,0.126,150499000.0,53351000.0,93863000.0,0.0,1.584,16.06,16.105,273684000.0,0.0,21.42,1.957,1.96,405598000.0,908977000.0,421691000.0,421691000.0,27998000.0,,,,,0.0,118965000.0,1.0,161749688.0,162048000,180340000.0,2.602,1835817000.0,86088000.0,8732000.0,130391000.0,11.329,638667000.0
73,TMO,MRQ,2003-03-31,2003-03-29,2003-03-29,2021-08-25,-6122000.0,3406574000.0,,1555769000.0,1850805000.0,,12.761,-11351000.0,249111000.0,249111000.0,276367000.0,36427000.0,1.871,0.639,676792000.0,246086000.0,430706000.0,676792000.0,70033000.0,14034000.0,0.0,0.0,0.0,50233000.0,64267000.0,0.128,64267000.0,50233000.0,50233000.0,0.22,0.22,0.22,2078049000.0,,2078049000.0,3544711646.0,11.0,10.055,1012000.0,0.006,1.0,223838000.0,0.447,1418926000.0,0.0,1584024000.0,,342246000.0,379100000.0,379100000.0,0.0,1328525000.0,831305000.0,497220000.0,2953688646.0,-89956000.0,-2236000.0,10540000.0,-238420000.0,0.0,-277689000.0,172502000.0,184636000.0,12363000.0,2868000.0,36427000.0,36427000.0,36427000.0,-5036000.0,0.0,0.073,184542000.0,39296000.0,105510000.0,0.0,1.421,12.78,12.929,273026000.0,0.0,18.1,1.59,1.586,412411000.0,855838000.0,500205000.0,500205000.0,37321000.0,,,,,0.0,139119000.0,1.0,163187218.0,162844000,165614000.0,3.072,1987648000.0,78184000.0,13806000.0,121579000.0,12.206,724464000.0
74,TMO,MRQ,2002-12-31,2002-12-28,2002-12-28,2021-08-25,-36704000.0,3651475000.0,,1771559000.0,1879916000.0,,12.439,-4319000.0,339038000.0,339038000.0,164956000.0,87152000.0,1.605,0.799,930061000.0,484480000.0,445581000.0,930061000.0,58490000.0,1278000.0,0.0,0.0,0.0,110150000.0,111428000.0,0.336,111428000.0,110150000.0,110150000.0,0.53,0.5,0.53,2030277000.0,,2030277000.0,4073850140.0,10.0,9.03,99707000.0,0.611,1.0,166794000.0,0.503,1416205000.0,0.0,1722573000.0,,332804000.0,536430000.0,536430000.0,0.0,1621198000.0,1103720000.0,517478000.0,3270370140.0,63282000.0,19571000.0,10303000.0,-79017000.0,0.0,-129585000.0,82357000.0,55625000.0,104026000.0,6484000.0,87152000.0,87152000.0,87152000.0,9059000.0,0.0,0.263,113713000.0,53081000.0,111994000.0,0.0,1.611,10.559,10.87,272908000.0,0.0,20.0,1.768,1.823,429740000.0,819411000.0,331750000.0,331750000.0,15043000.0,,,,,0.0,91756000.0,1.0,163518507.0,163214000,175247000.0,2.033,2235270000.0,79057000.0,22998000.0,54663000.0,13.695,667839000.0
75,TMO,MRQ,2002-09-30,2002-09-28,2002-09-28,2021-08-25,-33873000.0,3673866000.0,,1783682000.0,1890184000.0,,11.523,-7476000.0,233604000.0,233604000.0,288514000.0,39017000.0,1.57,0.872,1037084000.0,513975000.0,523109000.0,1037084000.0,57675000.0,13827000.0,0.0,0.0,0.0,56661000.0,70488000.0,0.136,70488000.0,56661000.0,56661000.0,0.25,0.26,0.25,1962970000.0,,1962970000.0,3575021509.0,13.0,10.211,44438000.0,0.261,1.0,228657000.0,0.442,1416979000.0,0.0,1924574000.0,,353418000.0,622653000.0,622653000.0,0.0,1710896000.0,1135793000.0,575103000.0,2708868509.0,-300000.0,-12389000.0,2490000.0,-72161000.0,0.0,-153558000.0,100511000.0,124694000.0,51914000.0,833000.0,39017000.0,39017000.0,39017000.0,70370000.0,0.0,0.075,183786000.0,44871000.0,101565000.0,0.0,1.38,12.558,,271649000.0,0.0,16.27,1.304,1.334,430321000.0,732259000.0,517171000.0,517171000.0,37553000.0,,,,,0.0,139326000.0,1.0,166494684.0,170358000,190399000.0,3.036,2256887000.0,90106000.0,17644000.0,123214000.0,13.248,647889000.0
76,TMO,MRQ,2002-06-30,2002-06-29,2002-06-29,2021-08-25,-16928000.0,3796675000.0,,1899745000.0,1896930000.0,,11.767,-7513000.0,234910000.0,234910000.0,279325000.0,68517000.0,1.761,0.885,1101063000.0,451748000.0,649315000.0,1101063000.0,53021000.0,13836000.0,0.0,0.0,0.0,92506000.0,106342000.0,0.209,106342000.0,92506000.0,92506000.0,0.4,0.38,0.4,2013641000.0,,2013641000.0,3667980638.0,14.0,10.585,-38493000.0,-0.225,1.0,229788000.0,0.451,1406776000.0,0.0,2177337000.0,,360207000.0,741522000.0,741522000.0,0.0,1783034000.0,1078715000.0,704319000.0,2843726638.0,-79688000.0,-45443000.0,1849000.0,-25614000.0,0.0,-127696000.0,70037000.0,123882000.0,-30980000.0,8951000.0,68517000.0,68517000.0,68517000.0,-19000000.0,0.0,0.135,194612000.0,35176000.0,100315000.0,0.0,1.412,14.01,,270802000.0,0.0,16.5,1.372,1.362,431970000.0,693242000.0,509113000.0,509113000.0,39754000.0,,,,,0.0,139371000.0,1.0,172347069.0,171122000,186740000.0,2.975,2389899000.0,85055000.0,23989000.0,121327000.0,13.966,821030000.0
77,TMO,MRQ,2002-03-31,2002-03-30,2002-03-30,2021-08-25,-44312000.0,3881645000.0,,2050137000.0,1831508000.0,,11.511,-12415000.0,314995000.0,314995000.0,267670000.0,115044000.0,1.844,0.935,1139249000.0,429872000.0,709377000.0,1139249000.0,53096000.0,14536000.0,0.0,0.007,0.0,148356000.0,162892000.0,0.332,162892000.0,148356000.0,148356000.0,0.66,0.59,0.66,2005794000.0,,2005794000.0,4583054653.0,22.0,15.527,-30527000.0,-0.175,1.0,223656000.0,0.455,1355644000.0,0.0,2238433000.0,,342473000.0,853805000.0,844230000.0,9575000.0,1875851000.0,1111822000.0,764029000.0,3632107653.0,12821000.0,-18098000.0,10693000.0,-87847000.0,0.0,-178686000.0,210425000.0,138714000.0,-18112000.0,-806000.0,115044000.0,115044000.0,115044000.0,-51370000.0,0.0,0.234,186922000.0,36734000.0,104137000.0,0.0,1.811,22.781,,268425000.0,0.0,20.73,1.724,1.715,419556000.0,624725000.0,491326000.0,491326000.0,39626000.0,,,,,0.0,138913000.0,1.0,175210210.0,174250000,204189000.0,2.82,2526001000.0,53798000.0,33312000.0,149347000.0,14.496,938315000.0
78,TMO,MRQ,2001-12-31,2001-12-29,2001-12-29,2021-08-25,-99290000.0,3825070000.0,,1965210000.0,1859860000.0,,10.568,-18135000.0,297557000.0,297557000.0,322888000.0,-6868000.0,1.721,1.005,1248504000.0,528988000.0,719516000.0,1248504000.0,48166000.0,24441000.0,0.0,0.006,0.0,-14060000.0,10381000.0,0.019,10381000.0,-14060000.0,-14060000.0,,,,1908142000.0,,1908142000.0,5312371490.0,198.0,42.395,46188000.0,0.256,1.0,236820000.0,0.423,1348393000.0,0.0,2285585000.0,,337041000.0,753681000.0,744321000.0,9360000.0,1916928000.0,1142039000.0,774889000.0,4208305490.0,-48636000.0,-35418000.0,-487947000.0,-38121000.0,0.0,-220193000.0,112814000.0,208436000.0,64323000.0,-5580000.0,-6868000.0,-6868000.0,-6868000.0,0.0,0.0,-0.012,285258000.0,-48438000.0,111950000.0,,2.205,-5388.355,,270712000.0,0.0,23.67,1.923,1.953,410960000.0,509681000.0,559708000.0,559708000.0,40581000.0,,,,,0.0,156121000.0,1.0,177790684.0,180560000,183916000.0,3.1,2476677000.0,82766000.0,-7192000.0,38704000.0,13.717,823171000.0
79,TMO,MRQ,2001-09-30,2001-09-29,2001-09-29,2021-08-25,-86529000.0,4375869000.0,,2321888000.0,2053981000.0,,12.464,-18653000.0,340188000.0,340188000.0,284455000.0,26279000.0,3.323,0.947,1444254000.0,96050000.0,1348204000.0,1444254000.0,48433000.0,25544000.0,0.0,0.008,0.0,41369000.0,66913000.0,0.13,66913000.0,41369000.0,41369000.0,0.15,0.14,0.15,2246959000.0,,2246959000.0,4337494630.0,-188.0,58.72,6537000.0,0.036,1.0,228486000.0,0.445,1332771000.0,0.0,3448494000.0,,391430000.0,903940000.0,893037000.0,10903000.0,2128910000.0,698670000.0,1430240000.0,3279257630.0,-318431000.0,12045000.0,12202000.0,6803000.0,0.0,-344968000.0,-9367000.0,-105125000.0,25190000.0,10714000.0,26279000.0,26279000.0,26279000.0,0.0,0.0,0.051,199851000.0,28635000.0,115610000.0,0.0,1.459,-46.772,-41.977,293446000.0,0.0,18.05,1.487,1.475,436869000.0,814548000.0,512941000.0,512941000.0,41962000.0,,,,,0.0,148318000.0,1.0,181676323.0,180280000,182823000.0,2.845,3043098000.0,156236000.0,15090000.0,158102000.0,16.88,1623218000.0
80,TMO,MRQ,2001-06-30,2001-06-30,2001-06-30,2021-08-25,-126182000.0,4696923000.0,,2428608000.0,2268315000.0,,13.515,-19530000.0,506351000.0,506351000.0,304410000.0,24983000.0,3.665,0.913,1564588000.0,84569000.0,1480019000.0,1564588000.0,51402000.0,24594000.0,0.0,0.007,0.15,30394000.0,54988000.0,0.101,54988000.0,30394000.0,30394000.0,0.14,0.14,0.14,2454751000.0,,2454751000.0,5258438705.0,380.0,46.986,50151000.0,0.276,1.0,238062000.0,0.439,1346931000.0,0.0,3745617000.0,,389952000.0,787670000.0,776198000.0,11472000.0,2242172000.0,662612000.0,1579560000.0,3991650705.0,184640000.0,14007000.0,12911000.0,-18372000.0,0.0,-113858000.0,240427000.0,-3955000.0,69681000.0,-11610000.0,24983000.0,24983000.0,24983000.0,0.0,0.0,0.046,223897000.0,14165000.0,117834000.0,1.071,1.626,-47.456,-43.176,287148000.0,0.0,22.02,1.782,1.786,427605000.0,985665000.0,542472000.0,542472000.0,44706000.0,,,,,0.0,155498000.0,1.0,181273874.0,181628000,185056000.0,2.987,3349992000.0,149917000.0,5411000.0,158361000.0,18.444,1765996000.0
81,TMO,MRQ,2001-03-31,2001-03-31,2001-03-31,2021-08-25,-115715000.0,4783806000.0,,2314620000.0,2469186000.0,,13.505,-16843000.0,324402000.0,324402000.0,317835000.0,-45175000.0,3.208,0.937,1591190000.0,93675000.0,1497515000.0,1591190000.0,56822000.0,23942000.0,0.0,0.0,0.0,-30918000.0,-6976000.0,-0.012,-6976000.0,-30918000.0,-30918000.0,-0.25,-0.24,-0.25,2469558000.0,,2469558000.0,5202560934.0,204.0,42.052,14400000.0,0.079,1.0,255254000.0,0.445,1360409000.0,0.0,3968636000.0,,405150000.0,779382000.0,763364000.0,16018000.0,2314248000.0,721549000.0,1592699000.0,4104663934.0,-148625000.0,-43613000.0,21314000.0,-10309000.0,0.0,-17294000.0,-169754000.0,-238057000.0,31243000.0,7180000.0,-45175000.0,-45175000.0,-45175000.0,0.0,0.0,-0.079,215414000.0,39840000.0,135430000.0,0.0,1.662,-48.381,-45.878,288156000.0,0.0,22.48,1.803,1.805,450055000.0,960682000.0,573089000.0,573089000.0,44365000.0,,,,,0.0,160167000.0,1.0,182591812.0,182856000,187177000.0,3.134,3423397000.0,148133000.0,14257000.0,158789000.0,18.722,1593071000.0
82,TMO,MRQ,2000-12-31,2000-12-30,2000-12-30,2021-08-25,-96342000.0,4862977000.0,,2465529000.0,2397448000.0,,15.132,-23633000.0,505524000.0,505524000.0,316375000.0,-76199000.0,3.384,0.919,1603421000.0,103356000.0,1500065000.0,1603421000.0,50341000.0,22893000.0,0.0,0.0,0.0,-63950000.0,-41057000.0,-0.071,-41057000.0,-63950000.0,-63950000.0,-0.47,-0.46,-0.47,2533976000.0,,2533976000.0,6655292332.0,87.0,38.339,61493000.0,0.367,1.0,260644000.0,0.452,1378663000.0,0.0,3853660000.0,,394152000.0,538439000.0,521329000.0,17110000.0,2329001000.0,728551000.0,1600450000.0,5355241332.0,130130000.0,-3279000.0,33479000.0,-15466000.0,0.0,27813000.0,12816000.0,-76543000.0,85126000.0,4375000.0,-76199000.0,-76199000.0,-76199000.0,-5212000.0,0.0,-0.132,184483000.0,76161000.0,139662000.0,0.0,2.113,-148.299,-135.227,285878000.0,0.0,29.75,2.348,2.185,449996000.0,1005857000.0,577019000.0,577019000.0,41599000.0,,,,,0.0,157279000.0,1.0,180008112.0,167462000,170519000.0,3.446,3484314000.0,148051000.0,12249000.0,106035000.0,20.807,1736978000.0
83,TMO,MRQ,2000-09-30,2000-09-30,2000-09-30,2021-08-25,-122660000.0,5042235000.0,,2337191000.0,2705044000.0,,14.603,-6564000.0,320958000.0,320958000.0,320601000.0,12279000.0,3.161,0.962,1621009000.0,120944000.0,1500065000.0,1621009000.0,49594000.0,26638000.0,0.0,0.0,0.0,78322000.0,104960000.0,0.192,104960000.0,78322000.0,78322000.0,0.07,0.07,0.07,2569789000.0,,2569789000.0,5879923866.0,84.0,39.122,55745000.0,0.317,1.0,226348000.0,0.414,1416739000.0,0.0,4186165000.0,,366147000.0,476675000.0,434422000.0,42253000.0,2472446000.0,739382000.0,1733064000.0,4508668866.0,157229000.0,98368000.0,12782000.0,-25364000.0,0.0,-16478000.0,115649000.0,-169660000.0,62309000.0,-4251000.0,12279000.0,12279000.0,12279000.0,-4998000.0,0.0,0.022,116817000.0,109531000.0,133453000.0,0.0,1.754,124.98,113.043,407090000.0,0.0,26.0,2.063,2.093,487653000.0,1096540000.0,546949000.0,546949000.0,40611000.0,,,,,0.0,152987000.0,1.0,173410341.0,175978000,180440000.0,3.108,3625496000.0,154195000.0,66043000.0,243156000.0,20.602,1597809000.0
84,TMO,MRQ,2000-06-30,2000-07-01,2000-07-01,2021-08-25,-93031000.0,5146519000.0,,2262943000.0,2883576000.0,,15.863,-9830000.0,281174000.0,281174000.0,313701000.0,24255000.0,2.537,1.079,1652429000.0,145896000.0,1506533000.0,1652429000.0,51574000.0,24695000.0,0.0,0.0,0.0,42095000.0,66790000.0,0.115,66790000.0,42095000.0,42095000.0,0.16,0.15,0.16,2474956000.0,,2474956000.0,4524446666.0,86.0,33.323,10119000.0,0.065,1.0,266249000.0,0.459,1583985000.0,0.0,4041849000.0,,408428000.0,340691000.0,298093000.0,42598000.0,2671563000.0,891940000.0,1779623000.0,3282779666.0,-242601000.0,-268731000.0,-22146000.0,-121078000.0,0.0,-145940000.0,-106784000.0,153346000.0,19949000.0,-9826000.0,24255000.0,24255000.0,24255000.0,-2557000.0,0.0,0.042,222229000.0,44020000.0,135655000.0,0.0,1.326,54.599,54.0,432353000.0,0.0,21.06,1.45,1.452,525142000.0,1083052000.0,579950000.0,579950000.0,46102000.0,,,,,0.0,166971000.0,1.0,155877477.0,156018000,157767000.0,3.717,3562534000.0,160013000.0,17840000.0,215550000.0,22.834,1371003000.0
85,TMO,MRQ,2000-03-31,2000-04-01,2000-04-01,2021-08-25,-72910000.0,5177187000.0,,2686787000.0,2490400000.0,,12.845,-12184000.0,533471000.0,533471000.0,308009000.0,3554000.0,2.541,1.57,1775138000.0,268605000.0,1506533000.0,1775138000.0,56325000.0,23260000.0,0.0,0.0,0.0,19639000.0,42899000.0,0.074,42899000.0,19639000.0,19639000.0,0.02,0.02,0.02,2014251000.0,,2014251000.0,4748605001.0,-35.0,-97.321,20353000.0,0.13,1.0,268595000.0,0.466,1206238000.0,0.0,4155217000.0,,387538000.0,477712000.0,426015000.0,51697000.0,3162936000.0,1057399000.0,2105537000.0,3195598001.0,234279000.0,7817000.0,-9436000.0,-3889000.0,0.0,-2976000.0,207896000.0,142002000.0,32537000.0,-3178000.0,3554000.0,3554000.0,3554000.0,-1461000.0,0.0,0.006,232292000.0,36303000.0,157950000.0,0.0,1.586,-16.033,-16.175,424874000.0,0.0,20.38,1.38,1.38,534569000.0,1057791000.0,576604000.0,576604000.0,48444000.0,,,,,0.0,169683000.0,1.0,156800687.0,156813000,157464000.0,3.677,3970949000.0,165032000.0,16085000.0,258010000.0,25.323,1629388000.0
86,TMO,MRQ,1999-12-31,2000-01-01,2000-01-01,2021-08-25,-55925000.0,5071757000.0,,2364141000.0,2707616000.0,,12.745,-5997000.0,237844000.0,237844000.0,235218000.0,-4013000.0,2.204,1.519,1807113000.0,275308000.0,1531805000.0,1807113000.0,47440000.0,5725000.0,0.0,0.0,0.0,-70078000.0,-64353000.0,-0.133,-64353000.0,-70078000.0,53723000.0,-0.02,-0.02,-0.02,2013518000.0,,2013518000.0,3804307715.0,-35.0,-203.265,111692000.0,0.707,1.0,247194000.0,0.512,1224827000.0,-123801000.0,4343609000.0,,365876000.0,561646000.0,555501000.0,6145000.0,3058239000.0,1072590000.0,1985649000.0,2373551715.0,-67061000.0,-26547000.0,-56353000.0,13051000.0,0.0,-94441000.0,-85545000.0,25645000.0,117689000.0,-4764000.0,-4013000.0,-4013000.0,-4013000.0,29635000.0,0.0,-0.008,46048000.0,201146000.0,135442000.0,0.0,1.179,-13.596,-13.636,315647000.0,0.0,15.0,1.034,1.033,552816000.0,1041968000.0,482412000.0,482412000.0,45271000.0,,,,,0.0,159867000.0,1.0,158236781.0,157987000,158223000.0,3.053,3846930000.0,119671000.0,57736000.0,136728000.0,24.35,1291551000.0
87,TMO,MRQ,1999-09-30,1999-10-02,1999-10-02,2021-08-25,-57434000.0,6067441000.0,,3016351000.0,3051090000.0,,12.781,-21333000.0,424279000.0,424279000.0,347460000.0,36329000.0,,2.001,1855035000.0,,,1855035000.0,61979000.0,29395000.0,0.0,0.0,0.0,61046000.0,90441000.0,0.145,90441000.0,61046000.0,61046000.0,0.23,0.22,0.23,2021981000.0,,2021981000.0,3869649905.0,-91.0,-542.804,107965000.0,0.682,1.0,276832000.0,0.443,1976656000.0,0.0,5521541000.0,,640610000.0,787241000.0,709844000.0,77397000.0,4045460000.0,,,2144978905.0,37412000.0,-4432000.0,-19231000.0,-185000.0,0.0,-25436000.0,-71241000.0,6655000.0,129298000.0,4791000.0,36329000.0,36329000.0,36329000.0,-4917000.0,0.0,0.058,213893000.0,62939000.0,289064000.0,0.0,1.061,-16.065,-15.953,725020000.0,0.0,13.56,2.603,2.604,1011930000.0,1045981000.0,624292000.0,624292000.0,43352000.0,,,,,0.0,167837000.0,1.0,158184285.0,158198000,158384000.0,3.946,4090785000.0,156287000.0,24717000.0,184892000.0,25.859,
88,TMO,MRQ,1999-06-30,1999-07-03,1999-07-03,2021-08-25,-83604000.0,5934991000.0,,2941764000.0,2993227000.0,,12.361,-18798000.0,386864000.0,386864000.0,350983000.0,-235188000.0,2.373,2.039,2111535000.0,171922000.0,1939613000.0,2111535000.0,65824000.0,29067000.0,0.0,0.0,0.0,-146847000.0,-117780000.0,-0.186,-117780000.0,-146847000.0,-270648000.0,-1.49,-1.49,-1.49,1953135000.0,,1953135000.0,4849845638.0,-101.0,971.524,487000.0,0.003,1.0,281183000.0,0.445,1925437000.0,123801000.0,4494682000.0,,645992000.0,778629000.0,681197000.0,97432000.0,3981856000.0,1239543000.0,2742313000.0,3118237638.0,-17331000.0,-5007000.0,-28918000.0,-21660000.0,0.0,-60720000.0,24546000.0,61193000.0,19285000.0,-442000.0,-235188000.0,-235188000.0,-235188000.0,148837000.0,0.0,-0.372,404984000.0,-123801000.0,282057000.0,0.0,1.597,-20.479,-20.361,710848000.0,0.0,19.75,2.65,2.652,1012740000.0,1009652000.0,632166000.0,632166000.0,44445000.0,,,,,0.0,176401000.0,1.0,157885450.0,158010000,158010000.0,4.001,4009554000.0,156878000.0,-35460000.0,169090000.0,25.375,1702221000.0
89,TMO,MRQ,1999-03-31,1999-04-03,1999-04-03,2021-08-25,-64615000.0,6350398000.0,,3067635000.0,3282763000.0,,13.968,-5506000.0,404195000.0,404195000.0,312112000.0,28299000.0,2.503,1.877,2135803000.0,159800000.0,1976003000.0,2135803000.0,68859000.0,27242000.0,0.0,0.0,0.0,45734000.0,72976000.0,0.131,72976000.0,45734000.0,45734000.0,0.18,0.17,0.18,2207590000.0,,2207590000.0,3863801057.0,18.0,13.99,65343000.0,0.413,1.0,243638000.0,0.438,2037664000.0,0.0,4818679000.0,,683526000.0,828088000.0,753801000.0,74287000.0,4142808000.0,1225663000.0,2917145000.0,2134806057.0,7525000.0,-342775000.0,-71014000.0,19330000.0,0.0,-106286000.0,58672000.0,431151000.0,70849000.0,-15710000.0,28299000.0,28299000.0,28299000.0,-10230000.0,0.0,0.051,201818000.0,41820000.0,277387000.0,0.0,0.967,14.753,15.169,894030000.0,0.0,13.5,1.43,1.43,999319000.0,1244840000.0,555750000.0,555750000.0,38032000.0,,,,,0.0,154192000.0,1.0,158133782.0,158045000,158270000.0,3.516,4312734000.0,159281000.0,17435000.0,301008000.0,27.288,1841972000.0
90,TMO,MRQ,1998-12-31,1999-01-02,1999-01-02,2021-08-25,-10866000.0,5421060000.0,,2926383000.0,2494677000.0,,13.93,70269000.0,268340000.0,268340000.0,-600404000.0,37041000.0,2.571,1.404,1869027000.0,1869027000.0,1991594000.0,1869027000.0,47441000.0,-50229000.0,0.0,0.0,0.0,-2537000.0,-52766000.0,0.053,-52766000.0,-2537000.0,-2537000.0,0.23,0.27,0.23,2254802000.0,,2254802000.0,4259675111.0,16.0,12.256,179871000.0,1.111,1.0,-387921000.0,0.393,1123294000.0,0.0,4760130000.0,,330507000.0,1107224000.0,1059069000.0,48155000.0,3166258000.0,1138323000.0,2945198000.0,2690651111.0,-19414000.0,-14374000.0,-22557000.0,147427000.0,0.0,-22375000.0,-105982000.0,-12525000.0,109602000.0,-659000.0,37041000.0,37041000.0,37041000.0,-87701000.0,0.0,-0.037,-330217000.0,-57704000.0,123956000.0,0.0,1.193,14.792,15.125,534249000.0,0.0,16.94,1.431,1.458,501797000.0,1216541000.0,-988325000.0,-988325000.0,-150686000.0,,,,,0.0,-154894000.0,1.0,158834186.0,161866000,162973000.0,-6.106,4297766000.0,86835000.0,-39578000.0,169265000.0,26.551,1788060000.0
91,TMO,MRQ,1998-09-30,1998-10-03,1998-10-03,2021-08-25,-7022000.0,6244127000.0,,3269275000.0,2974852000.0,,13.597,-31270000.0,416084000.0,416084000.0,554474000.0,17582000.0,2.913,1.811,1985108000.0,122252000.0,1862856000.0,1985108000.0,60495000.0,46798000.0,0.0,0.0,0.0,55764000.0,102562000.0,0.105,102562000.0,55764000.0,55764000.0,0.11,0.1,0.11,2221274000.0,,2221274000.0,3909151865.0,11.0,8.317,55380000.0,0.339,1.0,422695000.0,0.433,1880069000.0,0.0,4810605000.0,,619315000.0,1232124000.0,1135876000.0,96248000.0,4022853000.0,1122477000.0,2900376000.0,2490806865.0,-194866000.0,-55993000.0,-341435000.0,-12100000.0,0.0,-359125000.0,69556000.0,167654000.0,86650000.0,8053000.0,17582000.0,17582000.0,17582000.0,0.0,0.0,0.018,369162000.0,53533000.0,250612000.0,0.0,1.121,11.633,11.278,825020000.0,0.0,15.0,1.083,1.065,915477000.0,1179500000.0,977169000.0,977169000.0,93177000.0,,,,,0.0,234246000.0,1.0,166053791.0,163362000,163936000.0,5.982,4364058000.0,134259000.0,38182000.0,265090000.0,26.714,2146798000.0
92,TMO,MRQ,1998-06-30,1998-07-04,1998-07-04,2021-08-25,-43948000.0,6436209000.0,,3555566000.0,2880643000.0,,14.202,-33168000.0,610950000.0,610950000.0,520351000.0,61785000.0,3.419,1.727,2029295000.0,119120000.0,1910175000.0,2029295000.0,60120000.0,40541000.0,0.0,0.0,0.0,112878000.0,153419000.0,0.162,153419000.0,112878000.0,112878000.0,0.37,0.34,0.37,2359933000.0,,2359933000.0,7098393234.0,17.0,13.839,29320000.0,0.176,1.0,427448000.0,0.451,1807433000.0,0.0,5007172000.0,,599120000.0,1405579000.0,1310377000.0,95202000.0,4076276000.0,1039949000.0,3036327000.0,5625873234.0,15286000.0,-116060000.0,263092000.0,-32530000.0,0.0,234372000.0,-278264000.0,-128134000.0,62488000.0,-3310000.0,61785000.0,61785000.0,61785000.0,0.0,0.0,0.065,321964000.0,105484000.0,248104000.0,0.0,2.384,21.773,21.663,816221000.0,0.0,35.31,2.519,2.627,868700000.0,1161918000.0,947799000.0,947799000.0,93652000.0,,,,,0.0,224200000.0,1.0,159328044.0,166168000,183329000.0,5.704,4628776000.0,119649000.0,51093000.0,236743000.0,27.856,2515617000.0
93,TMO,MRQ,1998-03-31,1998-04-04,1998-04-04,2021-08-25,-40183000.0,6110904000.0,,3365481000.0,2745423000.0,,12.76,-32064000.0,595664000.0,595664000.0,533694000.0,65493000.0,3.192,2.01,2068184000.0,136346000.0,1931838000.0,2068184000.0,64983000.0,38059000.0,0.0,0.0,0.0,106287000.0,144346000.0,0.153,144346000.0,106287000.0,106287000.0,0.41,0.37,0.41,2030522000.0,,2030522000.0,7828589682.0,20.0,15.932,37658000.0,0.237,1.0,410569000.0,0.435,1707840000.0,0.0,4821398000.0,,561639000.0,1276930000.0,1194587000.0,82343000.0,4080382000.0,1054186000.0,3026196000.0,6546818682.0,2084000.0,-5625000.0,45094000.0,205844000.0,0.0,249306000.0,-317626000.0,-283080000.0,69722000.0,682000.0,65493000.0,65493000.0,65493000.0,0.0,0.0,0.069,320541000.0,90028000.0,249103000.0,0.0,3.224,25.901,25.233,796683000.0,0.0,41.13,3.03,3.03,847708000.0,1100133000.0,944263000.0,944263000.0,91318000.0,,,,,0.0,226854000.0,1.0,159173807.0,159131000,176580000.0,5.934,4403064000.0,118384000.0,40794000.0,236036000.0,27.669,2311295000.0
94,TMO,MRQ,1997-12-31,1998-01-03,1998-01-03,2021-08-25,-35807000.0,5795869000.0,,3094198000.0,2701671000.0,,13.102,20664000.0,593580000.0,593580000.0,-355069000.0,69253000.0,2.833,1.901,1875351000.0,176912000.0,1698439000.0,1875351000.0,54999000.0,-13130000.0,0.0,0.0,0.0,82850000.0,69720000.0,-0.123,69720000.0,82850000.0,82850000.0,0.44,0.4,0.44,1997909000.0,,1997909000.0,,,,147216000.0,0.965,1.0,-213700000.0,0.376,1692211000.0,0.0,4293194000.0,,543589000.0,992424000.0,929118000.0,63306000.0,3797960000.0,1092235000.0,2705725000.0,6874716724.0,100293000.0,185922000.0,119745000.0,-116774000.0,0.0,25109000.0,-52490000.0,137354000.0,126552000.0,1122000.0,69253000.0,69253000.0,69253000.0,-64663000.0,0.0,-0.122,-235764000.0,22064000.0,251677000.0,0.0,3.441,28.725,27.51,789046000.0,0.0,43.19,3.473,3.327,866774000.0,1034640000.0,-568769000.0,-568769000.0,-120105000.0,,,,,0.0,-92471000.0,1.0,159173807.0,152489000,176082000.0,-3.73,4103658000.0,118182000.0,13597000.0,148725000.0,26.911,2001963000.0
95,TMO,MRQ,1997-09-30,1997-09-27,1997-09-27,2021-08-25,,,,,,,,-27317000.0,,,500739000.0,61859000.0,,,,,,,,35619000.0,,0.0,0.0,109809000.0,145428000.0,0.16,145428000.0,109809000.0,109809000.0,0.41,0.36,0.41,,,,,,,58010000.0,0.386,1.0,409111000.0,0.45,,0.0,,,,,,,,,,,204549000.0,-34191000.0,-213553000.0,247608000.0,0.0,195182000.0,-77227000.0,-19304000.0,85327000.0,1267000.0,61859000.0,61859000.0,61859000.0,0.0,0.0,0.068,297138000.0,111973000.0,,0.0,,,,,0.0,39.25,,,,,909850000.0,909850000.0,83974000.0,,,,,0.0,205884000.0,1.0,,150345000,176191000.0,6.052,,,47950000.0,,,
96,TMO,MRQ,1997-06-30,1997-06-28,1997-06-28,2021-08-25,,,,,,,,-19296000.0,,,481859000.0,56158000.0,,,,,,,,33687000.0,,0.0,0.0,98184000.0,131871000.0,0.151,131871000.0,98184000.0,98184000.0,0.37,0.34,0.37,,,,,,,5713000.0,0.038,1.0,393157000.0,0.449,,0.0,,,,,,,,,,,-53015000.0,-253629000.0,39166000.0,96690000.0,0.0,24617000.0,-96383000.0,170178000.0,25009000.0,-6258000.0,56158000.0,56158000.0,56158000.0,0.0,0.0,0.064,291798000.0,101359000.0,,0.0,,,,,0.0,34.13,,,,,875016000.0,875016000.0,81480000.0,,,,,0.0,213167000.0,1.0,,150174000,175813000.0,5.827,,,42026000.0,,,
97,TMO,MRQ,1997-03-31,1997-03-29,1997-03-29,2021-08-25,,,,,,,,-20430000.0,,,430802000.0,52058000.0,,,,,,,,29917000.0,,0.0,0.0,80455000.0,110372000.0,0.145,110372000.0,80455000.0,80455000.0,0.35,0.31,0.35,,,,,,,11701000.0,0.078,1.0,332703000.0,0.436,,0.0,,,,,,,,,,,-72651000.0,-349038000.0,62816000.0,-16210000.0,0.0,-7158000.0,-93728000.0,278563000.0,32131000.0,-3896000.0,52058000.0,52058000.0,52058000.0,0.0,0.0,0.068,271671000.0,61032000.0,,0.0,,,,,0.0,32.63,,,,,763505000.0,763505000.0,78541000.0,,,,,0.0,185330000.0,1.0,,150070000,175925000.0,5.088,,,28397000.0,,,
98,TMO,MRQ,1996-12-31,1997-01-03,1997-01-03,2021-08-25,7895000.0,5141244000.0,,3131829000.0,2009415000.0,,12.396,,414404000.0,414404000.0,,,3.429,1.931,1611154000.0,153787000.0,1457367000.0,1611154000.0,45715000.0,,0.0,0.0,0.0,,,,,,,,,,1754369000.0,,1754369000.0,,,,,,1.0,,,1082935000.0,,4341847000.0,,432960000.0,1526282000.0,1431881000.0,94401000.0,3386875000.0,913212000.0,2473663000.0,,,,,,,,,,,,,,,,,,,,203643000.0,,,,29.356,704447000.0,,39.63,,1.913,693700000.0,795312000.0,,,,,,,,,,1.0,,141525000,,,4058309000.0,129802000.0,,143260000.0,28.676,2218617000.0
0,TMO,MRT,2021-06-30,2021-07-03,2021-07-03,2021-08-25,-2630000000.0,67698000000.0,66685500000.0,19260000000.0,48438000000.0,0.574,93.776,-2113000000.0,7023000000.0,7023000000.0,18630000000.0,8596000000.0,2.781,0.837,18777000000.0,4000000.0,18773000000.0,18777000000.0,1470000000.0,2458000000.0,0.0,0.002,0.96,10481000000.0,12939000000.0,0.338,12939000000.0,10481000000.0,9944000000.0,21.76,21.58,21.76,36854000000.0,34560750000.0,36854000000.0,214811074442.0,20.0,16.602,8139000000.0,20.71,1.0,19620000000.0,0.513,39294000000.0,537000000.0,33233000000.0,32435750000.0,4625000000.0,0.0,0.0,0.0,30844000000.0,6925000000.0,23919000000.0,201749074442.0,1198000000.0,-1460000000.0,-1857000000.0,-3516000000.0,-364000000.0,-5766000000.0,-3615000000.0,0.0,10252000000.0,327000000.0,8596000000.0,8596000000.0,8596000000.0,0.0,0.0,0.225,8911000000.0,10709000000.0,2098000000.0,0.044,5.474,23.47,23.59,6560000000.0,0.0,513.32,5.274,5.274,5476000000.0,32076000000.0,38250000000.0,38250000000.0,1335000000.0,0.129,0.249,0.323,0.274,205000000.0,7394000000.0,1.0,393027886.0,393000000,396000000.0,97.328,28404000000.0,0.0,1348000000.0,1632000000.0,72.275,12335000000.0
1,TMO,MRT,2021-03-31,2021-04-03,2021-04-03,2021-08-25,-2562000000.0,65931000000.0,65159250000.0,17685000000.0,48246000000.0,0.551,88.98,-1840000000.0,5583000000.0,5583000000.0,17421000000.0,7924000000.0,2.528,0.881,18645000000.0,4000000.0,18641000000.0,18645000000.0,1396000000.0,2372000000.0,0.0,0.002,0.92,9702000000.0,12074000000.0,0.336,12074000000.0,9702000000.0,9150000000.0,20.03,19.87,20.03,35058000000.0,32816000000.0,35058000000.0,191097911081.0,20.0,15.827,8071000000.0,20.485,1.0,18473000000.0,0.515,39654000000.0,552000000.0,32344000000.0,32178750000.0,4342000000.0,0.0,0.0,0.0,30873000000.0,6995000000.0,23878000000.0,179687911081.0,2593000000.0,-1377000000.0,-1832000000.0,-2302000000.0,-348000000.0,-4510000000.0,-3248000000.0,0.0,9911000000.0,440000000.0,7924000000.0,7924000000.0,7924000000.0,0.0,0.0,0.221,8536000000.0,9937000000.0,2146000000.0,0.046,5.125,22.676,22.781,6133000000.0,0.0,456.3,5.006,5.009,5554000000.0,30350000000.0,35894000000.0,35894000000.0,1256000000.0,0.122,0.241,0.302,0.27,201000000.0,7205000000.0,1.0,393793362.0,394000000,397000000.0,91.102,26277000000.0,0.0,1226000000.0,1885000000.0,66.693,10690000000.0
2,TMO,MRT,2020-12-31,2020-12-31,2020-12-31,2021-08-25,-2807000000.0,69052000000.0,63348500000.0,21957000000.0,47095000000.0,0.509,87.139,-1466000000.0,10325000000.0,10325000000.0,16214000000.0,6375000000.0,2.131,1.001,21735000000.0,2628000000.0,19107000000.0,21735000000.0,1271000000.0,2325000000.0,0.0,0.002,0.88,7778000000.0,10103000000.0,0.314,10103000000.0,7778000000.0,7225000000.0,16.09,15.96,16.09,34507000000.0,31191250000.0,34507000000.0,198158005264.0,25.0,19.614,6823000000.0,17.23,1.0,16004000000.0,0.497,38726000000.0,553000000.0,31432000000.0,31847500000.0,4029000000.0,0.0,0.0,0.0,34545000000.0,10304000000.0,24241000000.0,184605005264.0,7914000000.0,-38000000.0,-1304000000.0,2747000000.0,-337000000.0,959000000.0,-1510000000.0,0.0,8289000000.0,176000000.0,6375000000.0,6375000000.0,6375000000.0,0.0,0.0,0.198,8210000000.0,7794000000.0,2175000000.0,0.055,5.35,28.958,28.948,5912000000.0,0.0,465.78,5.73,5.725,5741000000.0,28116000000.0,32218000000.0,32218000000.0,1181000000.0,0.101,0.204,0.244,0.241,196000000.0,6930000000.0,1.0,396335191.0,396000000,399000000.0,81.359,30326000000.0,0.0,850000000.0,1794000000.0,76.581,11653000000.0
3,TMO,MRT,2020-09-30,2020-09-26,2020-09-26,2021-08-25,-2970000000.0,64061000000.0,60680750000.0,18234000000.0,45827000000.0,0.47,80.364,-1152000000.0,7540000000.0,7540000000.0,15014000000.0,4879000000.0,2.928,1.013,21093000000.0,2000000.0,21091000000.0,21093000000.0,1047000000.0,2299000000.0,0.0,0.002,0.85,5920000000.0,8219000000.0,0.288,8219000000.0,5920000000.0,5371000000.0,12.3,12.2,12.3,31824000000.0,29983250000.0,31824000000.0,182548447726.0,31.0,22.211,5711000000.0,14.422,1.0,13483000000.0,0.473,38652000000.0,549000000.0,32734000000.0,30941750000.0,3829000000.0,0.0,0.0,0.0,32237000000.0,6228000000.0,26009000000.0,167053447726.0,6265000000.0,-159000000.0,-2056000000.0,3042000000.0,-326000000.0,494000000.0,-1223000000.0,0.0,6863000000.0,131000000.0,4879000000.0,4879000000.0,4879000000.0,0.0,0.0,0.171,7528000000.0,5955000000.0,1703000000.0,0.069,5.249,34.239,34.333,5180000000.0,0.0,422.29,5.862,5.868,5186000000.0,25705000000.0,28497000000.0,28497000000.0,1067000000.0,0.08,0.163,0.191,0.208,188000000.0,6365000000.0,1.0,395589400.0,396000000,399000000.0,71.962,25409000000.0,0.0,492000000.0,1528000000.0,64.164,12006000000.0
4,TMO,MRT,2020-06-30,2020-06-27,2020-06-27,2021-08-25,-2989000000.0,61593000000.0,58847750000.0,15775000000.0,45818000000.0,0.446,75.633,-997000000.0,5818000000.0,5818000000.0,14333000000.0,3706000000.0,2.623,1.062,21313000000.0,675000000.0,20638000000.0,21313000000.0,975000000.0,2299000000.0,0.0,0.002,0.82,4510000000.0,6809000000.0,0.259,6809000000.0,4510000000.0,3941000000.0,9.31,9.24,9.31,29875000000.0,29366000000.0,29875000000.0,155596089949.0,35.0,22.852,4275000000.0,10.823,1.0,11915000000.0,0.454,38870000000.0,569000000.0,32205000000.0,29440750000.0,3648000000.0,0.0,0.0,0.0,31718000000.0,6013000000.0,25705000000.0,138608089949.0,3523000000.0,-158000000.0,-2094000000.0,2016000000.0,-316000000.0,-584000000.0,-1056000000.0,0.0,5272000000.0,-109000000.0,3706000000.0,3706000000.0,3706000000.0,0.0,0.0,0.141,7440000000.0,4475000000.0,1385000000.0,0.088,4.64,37.401,37.696,4887000000.0,0.0,350.95,5.281,5.281,4478000000.0,23860000000.0,26248000000.0,26248000000.0,1018000000.0,0.063,0.126,0.153,0.172,178000000.0,6312000000.0,1.0,394951104.0,395000000,398000000.0,66.451,22723000000.0,0.0,235000000.0,1750000000.0,57.527,9762000000.0
5,TMO,MRT,2020-03-31,2020-03-28,2020-03-28,2021-08-25,-3088000000.0,58688000000.0,57942000000.0,12738000000.0,45950000000.0,0.443,71.937,-944000000.0,2981000000.0,2981000000.0,14286000000.0,3669000000.0,2.316,1.055,19969000000.0,738000000.0,19231000000.0,19969000000.0,938000000.0,2296000000.0,0.0,0.003,0.79,4694000000.0,6990000000.0,0.273,6990000000.0,4694000000.0,4081000000.0,9.19,9.11,9.19,28559000000.0,29079500000.0,28559000000.0,124767580238.0,27.0,17.849,3736000000.0,9.411,1.0,11361000000.0,0.443,39157000000.0,613000000.0,31019000000.0,28037750000.0,3454000000.0,0.0,0.0,0.0,30129000000.0,5500000000.0,24629000000.0,109414580238.0,1882000000.0,-718000000.0,-2130000000.0,1528000000.0,-305000000.0,-1074000000.0,-1566000000.0,0.0,4680000000.0,-158000000.0,3669000000.0,3669000000.0,3669000000.0,0.0,0.0,0.143,6781000000.0,4580000000.0,1599000000.0,0.086,3.831,29.821,29.852,4736000000.0,0.0,274.34,4.266,4.247,4508000000.0,22791000000.0,25647000000.0,25647000000.0,1000000000.0,0.063,0.126,0.167,0.183,183000000.0,6167000000.0,1.0,398828389.0,397000000,400000000.0,64.602,19531000000.0,0.0,412000000.0,2137000000.0,49.196,7238000000.0
6,TMO,MRT,2019-12-31,2019-12-31,2019-12-31,2021-08-25,-2679000000.0,58381000000.0,57169000000.0,11893000000.0,46488000000.0,0.447,74.188,-890000000.0,2399000000.0,2399000000.0,14214000000.0,3696000000.0,1.919,0.967,17752000000.0,676000000.0,17076000000.0,17752000000.0,916000000.0,2277000000.0,0.0,0.002,0.76,4746000000.0,7023000000.0,0.275,7023000000.0,4746000000.0,4070000000.0,9.24,9.17,9.24,29675000000.0,28863000000.0,29675000000.0,146050019915.0,31.0,20.796,4083000000.0,10.207,1.0,11328000000.0,0.444,39728000000.0,676000000.0,27809000000.0,27036750000.0,3370000000.0,0.0,0.0,0.0,28706000000.0,6197000000.0,22509000000.0,130270019915.0,305000000.0,-715000000.0,-1347000000.0,-1405000000.0,-297000000.0,-3118000000.0,-1487000000.0,0.0,4973000000.0,-63000000.0,3696000000.0,3696000000.0,3696000000.0,0.0,0.0,0.145,6734000000.0,4594000000.0,1920000000.0,0.082,4.39,35.246,35.159,4749000000.0,0.0,324.87,5.1,5.088,4349000000.0,22092000000.0,25542000000.0,25542000000.0,1003000000.0,0.065,0.128,0.176,0.186,181000000.0,6144000000.0,1.0,400991227.0,400000000,403000000.0,63.855,18653000000.0,0.0,374000000.0,2192000000.0,46.633,5696000000.0
7,TMO,MRT,2019-09-30,2019-09-28,2019-09-28,2021-08-25,-2722000000.0,56729000000.0,56631750000.0,10514000000.0,46215000000.0,0.445,73.204,-859000000.0,1273000000.0,1273000000.0,14003000000.0,3592000000.0,1.799,0.933,17053000000.0,661000000.0,16392000000.0,17053000000.0,943000000.0,2259000000.0,0.0,0.003,0.74,5245000000.0,7504000000.0,0.298,7504000000.0,5245000000.0,4044000000.0,8.97,8.88,8.97,29355000000.0,28340750000.0,29355000000.0,131848728826.0,25.0,17.57,4002000000.0,9.98,1.0,11217000000.0,0.445,39935000000.0,1201000000.0,26730000000.0,26746250000.0,3308000000.0,0.0,0.0,0.0,27374000000.0,5844000000.0,21530000000.0,115096728826.0,194000000.0,-1036000000.0,-846000000.0,-1433000000.0,-289000000.0,-2617000000.0,-1869000000.0,0.0,4861000000.0,-181000000.0,3592000000.0,3592000000.0,3592000000.0,0.0,0.0,0.142,6707000000.0,4510000000.0,1659000000.0,0.082,3.921,32.043,32.04,4420000000.0,0.0,287.4,4.564,4.57,4384000000.0,21165000000.0,25220000000.0,25220000000.0,992000000.0,0.063,0.127,0.196,0.208,182000000.0,6142000000.0,1.0,400475744.0,401000000,404000000.0,62.893,16794000000.0,0.0,452000000.0,2001000000.0,41.88,4670000000.0
8,TMO,MRT,2019-06-30,2019-06-29,2019-06-29,2021-08-25,-2630000000.0,57970000000.0,56219000000.0,11223000000.0,46747000000.0,0.442,71.823,-819000000.0,2288000000.0,2288000000.0,13799000000.0,3541000000.0,1.495,1.018,19040000000.0,2377000000.0,16663000000.0,19040000000.0,1062000000.0,2247000000.0,0.0,0.002,0.72,5069000000.0,7316000000.0,0.294,7316000000.0,5069000000.0,4032000000.0,8.84,8.75,8.84,28729000000.0,27724500000.0,28729000000.0,134508461195.0,27.0,18.386,4145000000.0,10.363,1.0,11069000000.0,0.445,40620000000.0,1037000000.0,26593000000.0,26863000000.0,3209000000.0,0.0,0.0,0.0,29241000000.0,7509000000.0,21732000000.0,117466461195.0,1358000000.0,-1037000000.0,-1070000000.0,-272000000.0,-281000000.0,-1624000000.0,-1839000000.0,0.0,4964000000.0,-143000000.0,3541000000.0,3541000000.0,3541000000.0,0.0,0.0,0.142,6593000000.0,4476000000.0,1391000000.0,0.081,4.089,33.173,33.222,4394000000.0,0.0,293.68,4.724,4.724,4129000000.0,20482000000.0,24868000000.0,24868000000.0,985000000.0,0.063,0.128,0.189,0.204,186000000.0,6093000000.0,1.0,399981140.0,400000000,403000000.0,62.17,17350000000.0,0.0,491000000.0,1936000000.0,43.375,3714000000.0
9,TMO,MRT,2019-03-31,2019-03-30,2019-03-30,2021-08-25,-2509000000.0,55596000000.0,55577250000.0,9939000000.0,45657000000.0,0.443,69.233,-787000000.0,1106000000.0,1106000000.0,13646000000.0,3174000000.0,1.685,1.008,18148000000.0,1336000000.0,16812000000.0,18148000000.0,967000000.0,2247000000.0,0.0,0.003,0.7,4301000000.0,6548000000.0,0.266,6548000000.0,4301000000.0,3445000000.0,7.91,7.83,7.91,27693000000.0,27153500000.0,27693000000.0,126102287563.0,29.0,19.258,4327000000.0,10.818,1.0,10984000000.0,0.446,39725000000.0,856000000.0,27015000000.0,26991250000.0,3124000000.0,0.0,0.0,0.0,27903000000.0,5898000000.0,22005000000.0,109215287563.0,153000000.0,-480000000.0,-1072000000.0,-1973000000.0,-274000000.0,-3320000000.0,-1255000000.0,0.0,5114000000.0,-386000000.0,3174000000.0,3174000000.0,3174000000.0,0.0,0.0,0.129,7067000000.0,3917000000.0,1462000000.0,0.088,3.944,34.409,34.604,4192000000.0,0.0,273.72,4.434,4.445,4155000000.0,19439000000.0,24630000000.0,24630000000.0,981000000.0,0.057,0.117,0.159,0.175,182000000.0,6070000000.0,1.0,399003681.0,400000000,403000000.0,61.575,15871000000.0,0.0,271000000.0,2145000000.0,39.678,4041000000.0
10,TMO,MRT,2018-12-31,2018-12-31,2018-12-31,2021-08-25,-2498000000.0,56232000000.0,55823250000.0,10625000000.0,45607000000.0,0.436,68.622,-708000000.0,2103000000.0,2103000000.0,13501000000.0,2938000000.0,1.728,1.038,18990000000.0,1271000000.0,17719000000.0,18990000000.0,809000000.0,2267000000.0,0.0,0.003,0.68,3929000000.0,6196000000.0,0.254,6196000000.0,3929000000.0,3262000000.0,7.31,7.24,7.31,27586000000.0,26761000000.0,27586000000.0,107768568528.0,27.0,17.393,3835000000.0,9.54,1.0,10857000000.0,0.446,40325000000.0,667000000.0,26647000000.0,27172250000.0,3005000000.0,0.0,0.0,0.0,28646000000.0,6147000000.0,22499000000.0,90092568528.0,756000000.0,-536000000.0,-364000000.0,-1556000000.0,-266000000.0,-2237000000.0,-1253000000.0,0.0,4543000000.0,-297000000.0,2938000000.0,2938000000.0,2938000000.0,0.0,0.0,0.121,7074000000.0,3783000000.0,1615000000.0,0.093,3.266,30.665,30.614,4165000000.0,0.0,223.79,3.699,3.693,4136000000.0,18696000000.0,24358000000.0,24358000000.0,967000000.0,0.053,0.11,0.145,0.161,181000000.0,6057000000.0,1.0,402576382.0,402000000,406000000.0,60.592,15907000000.0,0.0,324000000.0,2265000000.0,39.57,4478000000.0
11,TMO,MRT,2018-09-30,2018-09-29,2018-09-29,2021-08-25,-2519000000.0,55078000000.0,55932500000.0,9566000000.0,45512000000.0,0.427,66.891,-680000000.0,1098000000.0,1098000000.0,13294000000.0,2568000000.0,1.841,1.048,18774000000.0,1014000000.0,17760000000.0,18774000000.0,797000000.0,2283000000.0,0.0,0.003,0.66,3660000000.0,5943000000.0,0.249,5943000000.0,3660000000.0,3068000000.0,6.39,6.33,6.39,26890000000.0,26217750000.0,26890000000.0,116797508944.0,32.0,19.653,3928000000.0,9.771,1.0,10604000000.0,0.444,40361000000.0,592000000.0,27197000000.0,27340500000.0,2982000000.0,0.0,0.0,0.0,28188000000.0,5196000000.0,22992000000.0,98314508944.0,353000000.0,-125000000.0,-133000000.0,-2924000000.0,-258000000.0,-3368000000.0,-815000000.0,0.0,4608000000.0,-72000000.0,2568000000.0,2568000000.0,2568000000.0,2000000.0,0.0,0.107,7012000000.0,3592000000.0,1344000000.0,0.103,3.656,38.284,38.197,3978000000.0,0.0,244.08,4.114,4.106,3852000000.0,17866000000.0,23898000000.0,23898000000.0,949000000.0,0.046,0.098,0.134,0.153,180000000.0,6026000000.0,1.0,402796251.0,402000000,406000000.0,59.448,14717000000.0,405000000.0,500000000.0,2550000000.0,36.609,4370000000.0
12,TMO,MRT,2018-06-30,2018-06-30,2018-06-30,2021-08-25,-2491000000.0,55403000000.0,56159325000.0,9474000000.0,45929000000.0,0.411,65.62,-620000000.0,937000000.0,937000000.0,12805000000.0,2393000000.0,1.584,1.095,19420000000.0,1711000000.0,17709000000.0,19420000000.0,816000000.0,2237000000.0,0.0,0.003,0.64,3330000000.0,5567000000.0,0.241,5567000000.0,3330000000.0,2738000000.0,5.98,5.92,5.98,26445000000.0,25670700000.0,26445000000.0,103323250433.0,31.0,18.56,3697000000.0,9.174,1.0,10289000000.0,0.446,40800000000.0,592000000.0,27106000000.0,27553025000.0,2866000000.0,0.0,0.0,0.0,28958000000.0,5980000000.0,22978000000.0,83337250433.0,327000000.0,-6978000000.0,1797000000.0,2093000000.0,-248000000.0,3589000000.0,-7616000000.0,0.0,4317000000.0,37000000.0,2393000000.0,2393000000.0,2393000000.0,2000000.0,0.0,0.104,6975000000.0,3314000000.0,1359000000.0,0.107,3.151,34.825,34.639,3952000000.0,0.0,207.14,3.609,3.615,3911000000.0,17226000000.0,23094000000.0,23094000000.0,926000000.0,0.043,0.093,0.121,0.144,179000000.0,5936000000.0,1.0,402323310.0,403000000,406000000.0,57.305,14603000000.0,530000000.0,345000000.0,2599000000.0,36.236,3494000000.0
13,TMO,MRT,2018-03-31,2018-03-31,2018-03-31,2021-08-25,-2042000000.0,56580000000.0,53937000000.0,9588000000.0,46992000000.0,0.408,64.983,-525000000.0,950000000.0,950000000.0,12171000000.0,2253000000.0,1.356,1.166,20936000000.0,2814000000.0,18122000000.0,20936000000.0,909000000.0,2143000000.0,0.0,0.003,0.62,3149000000.0,5292000000.0,0.24,5292000000.0,3149000000.0,2557000000.0,5.68,5.63,5.68,26123000000.0,24657350000.0,26123000000.0,102625338266.0,33.0,19.393,3197000000.0,7.953,1.0,9835000000.0,0.447,41755000000.0,592000000.0,27739000000.0,26327000000.0,2891000000.0,0.0,0.0,0.0,30457000000.0,7072000000.0,23385000000.0,82952338266.0,238000000.0,-6982000000.0,1549000000.0,2373000000.0,-238000000.0,3631000000.0,-7526000000.0,0.0,3722000000.0,411000000.0,2253000000.0,2253000000.0,2253000000.0,3000000.0,0.0,0.102,6709000000.0,3126000000.0,1354000000.0,0.109,3.175,36.819,36.349,4059000000.0,0.0,206.46,3.77,3.772,3990000000.0,16542000000.0,22006000000.0,22006000000.0,906000000.0,0.042,0.091,0.12,0.143,169000000.0,5685000000.0,1.0,401784066.0,402000000,406000000.0,54.741,14825000000.0,540000000.0,304000000.0,2606000000.0,36.878,2516000000.0
14,TMO,MRT,2017-12-31,2017-12-31,2017-12-31,2021-08-25,-2003000000.0,56669000000.0,51345400000.0,9421000000.0,47248000000.0,0.407,64.337,-501000000.0,1335000000.0,1335000000.0,11470000000.0,2225000000.0,1.337,1.23,21008000000.0,2135000000.0,18873000000.0,21008000000.0,719000000.0,2033000000.0,0.0,0.003,0.6,3018000000.0,5051000000.0,0.241,5051000000.0,3018000000.0,2426000000.0,5.64,5.59,5.64,25413000000.0,23575400000.0,25413000000.0,97392598387.0,32.0,19.282,3504000000.0,8.871,1.0,9448000000.0,0.452,41974000000.0,592000000.0,27320000000.0,24863800000.0,2971000000.0,0.0,0.0,0.0,31256000000.0,7048000000.0,24208000000.0,76140998387.0,550000000.0,-7226000000.0,1068000000.0,3026000000.0,-237000000.0,3854000000.0,-7729000000.0,0.0,4005000000.0,420000000.0,2225000000.0,2225000000.0,2225000000.0,3000000.0,0.0,0.106,6488000000.0,2960000000.0,1428000000.0,0.106,2.996,34.221,33.667,4047000000.0,0.0,189.88,3.64,3.586,3879000000.0,15914000000.0,20918000000.0,20918000000.0,887000000.0,0.043,0.094,0.121,0.144,159000000.0,5504000000.0,1.0,400995357.0,395000000,398000000.0,52.957,14695000000.0,0.0,201000000.0,2766000000.0,37.203,2373000000.0
15,TMO,MRT,2017-09-30,2017-09-30,2017-09-30,2021-08-25,-2182900000.0,55985300000.0,48655150000.0,8844000000.0,47141300000.0,0.407,62.378,-419200000.0,741100000.0,741100000.0,10765400000.0,2326700000.0,1.258,1.266,21992700000.0,2762300000.0,19230400000.0,21992700000.0,747300000.0,1932800000.0,0.0,0.003,0.6,2257300000.0,4190100000.0,0.211,4190100000.0,2257300000.0,2257300000.0,5.92,5.89,5.92,24701800000.0,22607150000.0,24701800000.0,89995709968.0,40.0,21.478,2925100000.0,7.387,1.0,9058700000.0,0.457,42158500000.0,0.0,28047100000.0,23430300000.0,3125500000.0,0.0,0.0,0.0,31283500000.0,7031300000.0,24252200000.0,73810609968.0,-1241900000.0,-7195000000.0,809900000.0,2234500000.0,-235800000.0,2807200000.0,-7538100000.0,-11700000.0,3344300000.0,144700000.0,2326700000.0,2326700000.0,2326700000.0,3700000.0,0.0,0.117,6294300000.0,2764400000.0,1123800000.0,0.101,2.988,31.723,31.959,3931600000.0,0.0,189.2,3.723,3.779,3657000000.0,15445800000.0,19824100000.0,19824100000.0,865800000.0,0.048,0.103,0.096,0.114,147000000.0,5285400000.0,1.0,390119503.0,396000000,400000000.0,50.061,13826800000.0,552100000.0,-69400000.0,3260300000.0,34.916,1812700000.0
16,TMO,MRT,2017-06-30,2017-07-01,2017-07-01,2021-08-25,-2256100000.0,46513700000.0,46661500000.0,7452500000.0,39061200000.0,0.411,57.414,-388800000.0,611000000.0,611000000.0,10386400000.0,2266200000.0,1.468,1.077,16796100000.0,1540400000.0,15255700000.0,16796100000.0,542100000.0,1848800000.0,0.0,0.003,0.6,2205200000.0,4054000000.0,0.211,4054000000.0,2205200000.0,2205200000.0,5.77,5.74,5.77,22391600000.0,21846350000.0,22391600000.0,84613639093.0,38.0,20.872,2830900000.0,7.259,1.0,8812600000.0,0.459,35421100000.0,0.0,22201900000.0,22316250000.0,2422200000.0,0.0,0.0,0.0,24122100000.0,5075800000.0,19046300000.0,68256139093.0,-60500000.0,-4452000000.0,-892400000.0,2576300000.0,-236600000.0,1446900000.0,-4761700000.0,-7900000.0,3219700000.0,34600000.0,2266200000.0,2266200000.0,2266200000.0,3700000.0,0.0,0.118,6141100000.0,2671500000.0,982200000.0,0.104,3.048,30.119,30.237,2599700000.0,0.0,174.47,3.555,3.544,3258300000.0,14972300000.0,19199000000.0,19199000000.0,832100000.0,0.049,0.104,0.099,0.115,136900000.0,5160000000.0,1.0,391219918.0,390000000,393000000.0,49.228,11092600000.0,414900000.0,-61000000.0,2410300000.0,28.443,2376700000.0
17,TMO,MRT,2017-03-31,2017-04-01,2017-04-01,2021-08-25,-2473500000.0,46213600000.0,45596425000.0,7248100000.0,38965500000.0,0.411,55.742,-400900000.0,713300000.0,713300000.0,10137100000.0,2170800000.0,1.367,1.12,17070800000.0,1882400000.0,15188400000.0,17070800000.0,538900000.0,1806900000.0,0.0,0.004,0.6,2101100000.0,3908000000.0,0.208,3908000000.0,2101100000.0,2101100000.0,5.51,5.48,5.51,21795200000.0,21564425000.0,21795200000.0,75805766970.0,36.0,19.398,2883400000.0,7.374,1.0,8607100000.0,0.459,35382000000.0,0.0,21886200000.0,21221000000.0,2327100000.0,0.0,0.0,0.0,24418400000.0,5302900000.0,19115500000.0,59964066970.0,-104200000.0,-4446600000.0,-636700000.0,2384600000.0,-236700000.0,1497600000.0,-4763100000.0,-3900000.0,3284300000.0,-123000000.0,2170800000.0,2170800000.0,2170800000.0,2900000.0,0.0,0.116,6047000000.0,2560100000.0,1031000000.0,0.109,2.751,27.623,27.877,2563300000.0,0.0,153.6,3.199,3.204,3096500000.0,14419400000.0,18744200000.0,18744200000.0,792500000.0,0.048,0.101,0.099,0.112,132600000.0,5092100000.0,1.0,390391061.0,391000000,394000000.0,47.939,10831600000.0,427000000.0,-69700000.0,2545600000.0,27.702,1945200000.0
18,TMO,MRT,2016-12-31,2016-12-31,2016-12-31,2021-08-25,-2636000000.0,45908000000.0,44781200000.0,7021000000.0,38887000000.0,0.408,54.532,-418000000.0,786000000.0,786000000.0,9902000000.0,2022000000.0,1.443,1.131,16627000000.0,1255000000.0,15372000000.0,16627000000.0,486000000.0,1758000000.0,0.0,0.004,0.6,2021000000.0,3779000000.0,0.207,3779000000.0,2021000000.0,2021000000.0,5.12,5.09,5.12,21540000000.0,21346725000.0,21540000000.0,72680559248.0,36.0,19.233,2840000000.0,7.19,1.0,8372000000.0,0.458,35297000000.0,0.0,21586000000.0,20241650000.0,2213000000.0,0.0,0.0,0.0,24368000000.0,4866000000.0,19502000000.0,55738059248.0,345000000.0,-5178000000.0,-1163000000.0,4174000000.0,-238000000.0,2759000000.0,-5520000000.0,0.0,3258000000.0,-152000000.0,2022000000.0,2022000000.0,2022000000.0,3000000.0,0.0,0.111,5914000000.0,2458000000.0,926000000.0,0.117,2.588,27.566,27.559,2578000000.0,0.0,141.1,3.05,3.05,3049000000.0,13927000000.0,18274000000.0,18274000000.0,754000000.0,0.045,0.095,0.1,0.111,133000000.0,4971000000.0,1.0,395025225.0,395000000,397000000.0,46.263,10611000000.0,378000000.0,-1000000.0,2557000000.0,26.863,2155000000.0
19,TMO,MRT,2016-09-30,2016-10-01,2016-10-01,2021-08-25,-2154700000.0,48010700000.0,43512775000.0,8204400000.0,39806300000.0,0.413,54.874,-406800000.0,1970000000.0,1970000000.0,9774300000.0,1994500000.0,1.56,1.217,18912500000.0,1972100000.0,16940400000.0,18912500000.0,492200000.0,1708500000.0,0.0,0.004,0.6,1950200000.0,3658700000.0,0.204,3658700000.0,1950200000.0,1950200000.0,5.04,5.0,5.04,21658600000.0,21299275000.0,21658600000.0,76196151466.0,39.0,20.826,2999100000.0,7.598,1.0,8198700000.0,0.456,36102400000.0,0.0,23590900000.0,19125650000.0,2390900000.0,0.0,0.0,0.0,26352100000.0,5259900000.0,21092200000.0,62711451466.0,1476000000.0,-5532000000.0,-949500000.0,5338200000.0,-239500000.0,4079900000.0,-5944900000.0,23700000.0,3405900000.0,-64900000.0,1994500000.0,1994500000.0,1994500000.0,4100000.0,0.0,0.111,5812100000.0,2386600000.0,941700000.0,0.119,2.895,31.442,31.56,2599300000.0,0.0,159.06,3.489,3.493,2895100000.0,13356500000.0,17973000000.0,17973000000.0,722200000.0,0.046,0.094,0.102,0.109,190800000.0,4900900000.0,1.0,394262866.0,394700000,397400000.0,45.536,11908300000.0,0.0,-44300000.0,2738700000.0,30.171,2944500000.0
20,TMO,MRT,2016-06-30,2016-07-02,2016-07-02,2021-08-25,-2082100000.0,42253400000.0,41796875000.0,6331000000.0,35922400000.0,0.421,53.983,-426900000.0,663100000.0,663100000.0,9577200000.0,1997100000.0,1.145,0.987,14147800000.0,2515900000.0,11631900000.0,14147800000.0,358500000.0,1703200000.0,0.0,0.004,0.6,1989200000.0,3692400000.0,0.21,3692400000.0,1989200000.0,1989200000.0,5.03,4.99,5.03,21263900000.0,21097175000.0,21263900000.0,72933030083.0,37.0,19.752,2918500000.0,7.409,1.0,8028100000.0,0.456,32389000000.0,0.0,17820900000.0,17342700000.0,2086300000.0,0.0,0.0,0.0,20989500000.0,5528200000.0,15461300000.0,58723830083.0,-99400000.0,-1429400000.0,-931300000.0,-225100000.0,-239900000.0,-1458600000.0,-1859000000.0,19900000.0,3345400000.0,-127200000.0,1997100000.0,1997100000.0,1997100000.0,5300000.0,0.0,0.113,5619700000.0,2408400000.0,846500000.0,0.119,2.762,29.405,29.668,2451600000.0,0.0,149.23,3.336,3.339,2709100000.0,12942500000.0,17605300000.0,17605300000.0,710500000.0,0.048,0.095,0.115,0.113,181800000.0,4759600000.0,1.0,393512230.0,393900000,396700000.0,44.695,9864400000.0,0.0,-7900000.0,2503300000.0,25.043,802800000.0
21,TMO,MRT,2016-03-31,2016-04-02,2016-04-02,2021-08-25,-1866700000.0,42952700000.0,41677125000.0,6539000000.0,36413700000.0,0.416,52.866,-417500000.0,826800000.0,826800000.0,9449600000.0,1992100000.0,1.034,1.053,15036000000.0,3383000000.0,11653000000.0,15036000000.0,360500000.0,1687800000.0,0.0,0.004,0.6,1971900000.0,3659700000.0,0.211,3659700000.0,1971900000.0,1971900000.0,5.0,4.96,5.0,20924400000.0,20951150000.0,20924400000.0,68609289268.0,35.0,18.747,2779200000.0,7.022,1.0,7891400000.0,0.455,32870300000.0,0.0,17968800000.0,17072100000.0,2154900000.0,0.0,0.0,0.0,22028300000.0,6322800000.0,15705500000.0,56534689268.0,-43900000.0,-1428800000.0,-956300000.0,-138100000.0,-240500000.0,-1374200000.0,-1837600000.0,15900000.0,3196700000.0,-28800000.0,1992100000.0,1992100000.0,1992100000.0,5100000.0,0.0,0.115,5524800000.0,2366600000.0,853000000.0,0.12,2.702,28.379,28.534,2483100000.0,0.0,142.67,3.26,3.256,2668300000.0,12485200000.0,17341000000.0,17341000000.0,702700000.0,0.048,0.095,0.116,0.114,169400000.0,4687500000.0,1.0,396261928.0,395800000,398700000.0,43.813,10082400000.0,0.0,-20200000.0,2749700000.0,25.473,216200000.0
22,TMO,MRT,2015-12-31,2015-12-31,2015-12-31,2021-08-25,-1997300000.0,40834300000.0,41403275000.0,5741200000.0,35093100000.0,0.41,53.509,-405000000.0,452100000.0,452100000.0,9209000000.0,1975000000.0,1.385,0.913,12472000000.0,1051800000.0,11420200000.0,12472000000.0,317900000.0,1688000000.0,0.0,0.004,0.6,1931000000.0,3619000000.0,0.213,3619000000.0,1931000000.0,1931000000.0,4.96,4.92,4.96,21350200000.0,20698750000.0,21350200000.0,69420508603.0,36.0,19.182,2537000000.0,6.358,1.0,7756000000.0,0.457,31585900000.0,0.0,17122000000.0,16738175000.0,1991700000.0,0.0,0.0,0.0,19484100000.0,4146300000.0,15337800000.0,56612008603.0,-898000000.0,-695000000.0,-428000000.0,-1942000000.0,-241000000.0,-2617000000.0,-1093000000.0,12000000.0,2942000000.0,-130000000.0,1975000000.0,1975000000.0,1975000000.0,5000000.0,0.0,0.116,5420000000.0,2336000000.0,822200000.0,0.121,2.652,28.664,28.599,2448800000.0,0.0,141.85,3.337,3.336,2544900000.0,12142300000.0,16965000000.0,16965000000.0,692000000.0,0.048,0.095,0.115,0.114,125000000.0,4612000000.0,1.0,399097699.0,399000000,402000000.0,42.519,9248400000.0,218100000.0,-44000000.0,2835100000.0,23.179,1594900000.0
23,TMO,MRT,2015-09-30,2015-09-26,2015-09-26,2021-08-25,-1886400000.0,41147100000.0,41907725000.0,6025900000.0,35121200000.0,0.401,52.256,-413100000.0,503400000.0,503400000.0,9066200000.0,1974000000.0,1.051,0.973,13311900000.0,3034000000.0,10277900000.0,13311900000.0,320900000.0,1692400000.0,0.0,0.005,0.6,1886800000.0,3579200000.0,0.213,3579200000.0,1886800000.0,1886800000.0,4.95,4.9,4.95,20850200000.0,20498225000.0,20850200000.0,62129611008.0,33.0,17.359,2129400000.0,5.337,1.0,7739500000.0,0.461,31761400000.0,0.0,16459100000.0,16900200000.0,1987200000.0,0.0,0.0,0.0,20296900000.0,5735100000.0,14561800000.0,48874511008.0,-30900000.0,-308200000.0,-380700000.0,-1089600000.0,-240700000.0,-1657800000.0,-702000000.0,4200000.0,2542500000.0,-213600000.0,1974000000.0,1974000000.0,1974000000.0,4000000.0,0.0,0.117,5454400000.0,2285100000.0,783300000.0,0.121,2.344,24.759,24.778,2392200000.0,0.0,122.65,2.908,2.912,2543900000.0,11599700000.0,16805700000.0,16805700000.0,694500000.0,0.047,0.096,0.112,0.112,62200000.0,4658300000.0,1.0,398487656.0,399000000,402000000.0,42.12,9385700000.0,263300000.0,-87200000.0,3083100000.0,23.523,290800000.0
24,TMO,MRT,2015-06-30,2015-06-27,2015-06-27,2021-08-25,-1595100000.0,41774400000.0,42293650000.0,6236600000.0,35537800000.0,0.398,51.907,-397100000.0,768400000.0,768400000.0,9064100000.0,1969500000.0,1.022,1.02,14023500000.0,3359800000.0,10663700000.0,14023500000.0,334300000.0,1720400000.0,0.0,0.005,0.6,1960800000.0,3681200000.0,0.218,3681200000.0,1960800000.0,1960800000.0,4.94,4.89,4.94,20679800000.0,20413325000.0,20679800000.0,66619308037.0,34.0,18.097,2077500000.0,5.215,1.0,7789800000.0,0.462,32190600000.0,0.0,16738500000.0,16952025000.0,1962300000.0,2000000.0,2000000.0,0.0,21094600000.0,6100400000.0,14994200000.0,52627108037.0,183500000.0,168900000.0,-371500000.0,-1391100000.0,-240600000.0,-1954100000.0,-177900000.0,23600000.0,2474600000.0,-159100000.0,1969500000.0,1969500000.0,1969500000.0,1100000.0,0.0,0.117,5427300000.0,2362500000.0,819000000.0,0.121,2.545,26.721,26.763,2406900000.0,0.0,132.21,3.123,3.125,2631000000.0,11183700000.0,16853900000.0,16853900000.0,698100000.0,0.047,0.096,0.116,0.116,61400000.0,4753700000.0,1.0,398056940.0,398400000,401500000.0,42.304,9583800000.0,283500000.0,-8700000.0,3175900000.0,24.056,136200000.0
25,TMO,MRT,2015-03-31,2015-03-28,2015-03-28,2021-08-25,-1846600000.0,41857300000.0,42928400000.0,6180500000.0,35676800000.0,0.394,50.062,-373600000.0,864600000.0,864600000.0,9210400000.0,1736400000.0,0.901,1.102,14856800000.0,4160600000.0,10696200000.0,14856800000.0,332900000.0,1735500000.0,0.0,0.004,0.6,1693700000.0,3429200000.0,0.203,3429200000.0,1693700000.0,1693700000.0,4.36,4.31,4.36,19914800000.0,20408025000.0,19914800000.0,66266386783.0,39.0,19.324,2224800000.0,5.593,1.0,7694500000.0,0.455,32355400000.0,0.0,16633100000.0,17269675000.0,1898800000.0,8400000.0,8400000.0,0.0,21942500000.0,6861000000.0,15081500000.0,53045886783.0,-632600000.0,162800000.0,-372100000.0,-2368200000.0,-240700000.0,-2939400000.0,-109100000.0,55600000.0,2598400000.0,-182500000.0,1736400000.0,1736400000.0,1736400000.0,1100000.0,0.0,0.103,5579700000.0,2114800000.0,827600000.0,0.138,2.664,30.549,30.663,2384200000.0,0.0,133.69,3.138,3.146,2538000000.0,10732100000.0,16904900000.0,16904900000.0,707200000.0,0.04,0.085,0.098,0.1,63700000.0,4856500000.0,1.0,396782757.0,397800000,401400000.0,42.496,9501900000.0,299400000.0,-42700000.0,3262000000.0,23.886,-680500000.0
26,TMO,MRT,2014-12-31,2014-12-31,2014-12-31,2021-08-25,-1285000000.0,42852100000.0,43997500000.0,6539800000.0,36312300000.0,0.384,51.602,-378300000.0,1343500000.0,1343500000.0,9397600000.0,1894400000.0,1.222,1.085,14564000000.0,2212400000.0,12351600000.0,14564000000.0,311900000.0,1684800000.0,0.0,0.005,0.6,2086100000.0,3770900000.0,0.223,3770900000.0,2086100000.0,2086100000.0,4.76,4.71,4.76,20548100000.0,20536975000.0,20548100000.0,64061991763.0,31.0,16.989,2241300000.0,5.629,1.0,7492000000.0,0.444,32952700000.0,0.0,17770100000.0,18386825000.0,1859500000.0,0.0,0.0,0.0,22304000000.0,5349800000.0,16954200000.0,50119191763.0,-4482500000.0,-11538300000.0,3097400000.0,1876400000.0,-234800000.0,4796100000.0,-11782700000.0,88600000.0,2619600000.0,-115500000.0,1894400000.0,1894400000.0,1894400000.0,1100000.0,0.0,0.112,4989000000.0,2503000000.0,820700000.0,0.126,2.439,26.456,26.321,2426500000.0,0.0,125.29,2.967,2.954,2473600000.0,10406900000.0,16889600000.0,16889600000.0,691100000.0,0.043,0.092,0.113,0.124,51500000.0,4896100000.0,1.0,400025475.0,398200000,402300000.0,42.415,9899400000.0,303300000.0,191700000.0,3595800000.0,24.86,1190000000.0
27,TMO,MRT,2014-09-30,2014-09-27,2014-09-27,2021-08-25,-724300000.0,42690800000.0,41250325000.0,5719900000.0,36970900000.0,0.385,51.289,-340900000.0,534300000.0,534300000.0,8981900000.0,1635300000.0,0.919,1.081,14477100000.0,3088500000.0,11388600000.0,14477100000.0,325900000.0,1505400000.0,0.0,0.005,0.6,1928500000.0,3433900000.0,0.216,3433900000.0,1928500000.0,1928500000.0,4.2,4.14,4.2,20510600000.0,19613975000.0,20510600000.0,63457921829.0,33.0,18.48,2053500000.0,5.135,1.0,6881800000.0,0.434,33745100000.0,0.0,16666400000.0,17400325000.0,1913700000.0,9300000.0,9300000.0,0.0,22180200000.0,6222100000.0,15958100000.0,48465721829.0,-1311300000.0,-11542000000.0,3100200000.0,5109600000.0,-229000000.0,8030300000.0,-11726700000.0,91500000.0,2394400000.0,-9300000.0,1635300000.0,1635300000.0,1635300000.0,-800000.0,0.0,0.103,4562900000.0,2318900000.0,818100000.0,0.143,2.363,29.637,28.895,2406100000.0,0.0,121.36,3.055,3.059,2507100000.0,9866000000.0,15863700000.0,15863700000.0,613300000.0,0.04,0.083,0.111,0.122,40800000.0,4558200000.0,1.0,399354992.0,399900000,403700000.0,39.669,8945700000.0,230600000.0,293200000.0,3797100000.0,22.37,-502200000.0
28,TMO,MRT,2014-06-30,2014-06-28,2014-06-28,2021-08-25,-111700000.0,44313400000.0,37645750000.0,5944400000.0,38369000000.0,0.395,51.724,-301200000.0,584900000.0,584900000.0,8588000000.0,1481300000.0,0.953,1.145,15577100000.0,3075100000.0,12502000000.0,15577100000.0,342500000.0,1300100000.0,0.0,0.005,0.6,1706500000.0,3006600000.0,0.202,3006600000.0,1706500000.0,1706500000.0,3.9,3.83,3.9,20658600000.0,18595650000.0,20658600000.0,63059800535.0,37.0,20.974,1922700000.0,4.814,1.0,6296100000.0,0.423,35060900000.0,0.0,18009100000.0,16069200000.0,1933800000.0,21000000.0,21000000.0,0.0,23654800000.0,6235600000.0,17419200000.0,47194400535.0,-777800000.0,-12012500000.0,3108700000.0,6191300000.0,-223000000.0,9128800000.0,-12204500000.0,72100000.0,2223900000.0,74000000.0,1481300000.0,1481300000.0,1481300000.0,1000000.0,0.0,0.1,4225400000.0,2070700000.0,849900000.0,0.154,2.284,31.86,30.333,2472000000.0,0.0,118.3,3.171,3.174,2660100000.0,9454600000.0,14884100000.0,14884100000.0,534000000.0,0.039,0.08,0.106,0.115,29400000.0,4178000000.0,1.0,398938297.0,399400000,403100000.0,37.266,9252500000.0,237500000.0,225200000.0,4081700000.0,23.166,-291200000.0
29,TMO,MRT,2014-03-31,2014-03-29,2014-03-29,2021-08-25,-62800000.0,46133700000.0,33474775000.0,7306100000.0,38827600000.0,0.412,51.947,-300000000.0,1497200000.0,1497200000.0,7989500000.0,1480200000.0,1.355,1.258,17362600000.0,2165700000.0,15196900000.0,17362600000.0,336600000.0,1114500000.0,0.0,0.005,0.6,1749800000.0,2864300000.0,0.208,2864300000.0,1749800000.0,1749800000.0,3.97,3.9,3.97,20430600000.0,17381700000.0,20430600000.0,51088674989.0,29.0,17.836,1513600000.0,3.848,1.0,5812800000.0,0.421,35505900000.0,0.0,21101700000.0,14379850000.0,2060500000.0,25500000.0,25500000.0,0.0,25703100000.0,5391500000.0,20311600000.0,46427374989.0,538700000.0,-12007300000.0,3158100000.0,7968800000.0,-217100000.0,10972900000.0,-12264000000.0,40600000.0,1813600000.0,16200000.0,1480200000.0,1480200000.0,1480200000.0,1200000.0,0.0,0.107,3714800000.0,2098000000.0,828800000.0,0.151,2.272,31.366,29.849,2488700000.0,0.0,118.5,3.364,3.377,2695500000.0,9236300000.0,13802300000.0,13802300000.0,447000000.0,0.044,0.085,0.122,0.127,14700000.0,3793800000.0,1.0,391792194.0,393300000,398400000.0,35.094,10627800000.0,230100000.0,269600000.0,4387500000.0,27.022,1914600000.0
30,TMO,MRT,2013-12-31,2013-12-31,2013-12-31,2021-08-25,-77200000.0,31863400000.0,28794025000.0,9880700000.0,21982700000.0,0.455,46.784,-261700000.0,5826000000.0,5826000000.0,7561200000.0,1273300000.0,3.161,0.89,10487300000.0,987700000.0,9499600000.0,10487300000.0,198900000.0,999900000.0,0.0,0.005,0.6,1313700000.0,2313600000.0,0.177,2313600000.0,1313700000.0,1313700000.0,3.53,3.48,3.53,16856100000.0,16173925000.0,16856100000.0,45504148076.0,35.0,19.668,1749000000.0,4.854,1.0,5529100000.0,0.422,19574600000.0,0.0,13824100000.0,11908725000.0,1494500000.0,4500000.0,4500000.0,0.0,15007300000.0,3126000000.0,11881300000.0,40238248076.0,5020400000.0,-11400000.0,140600000.0,3354700000.0,-216200000.0,3310000000.0,-263300000.0,7600000.0,2010700000.0,-37000000.0,1273300000.0,1273300000.0,1273300000.0,5800000.0,0.0,0.097,3919500000.0,1609600000.0,691500000.0,0.17,2.387,31.602,31.544,1767400000.0,0.0,111.35,3.074,3.065,1942300000.0,8753300000.0,13090300000.0,13090300000.0,395500000.0,0.044,0.079,0.11,0.1,42100000.0,3446300000.0,1.0,361367293.0,360300000,365800000.0,36.332,12288800000.0,192500000.0,40400000.0,1609900000.0,34.107,6754700000.0
31,TMO,MRT,2013-09-30,2013-09-28,2013-09-28,2021-08-25,-150400000.0,28272500000.0,27689325000.0,6210400000.0,22062100000.0,0.465,45.507,-275200000.0,1845600000.0,1845600000.0,7449200000.0,1307600000.0,2.532,0.72,7111500000.0,393600000.0,6717900000.0,7111500000.0,197900000.0,1005000000.0,0.0,0.006,0.6,1271100000.0,2276100000.0,0.177,2276100000.0,1271100000.0,1271100000.0,3.64,3.58,3.64,16437300000.0,15826075000.0,16437300000.0,39237082743.0,31.0,17.239,1667100000.0,4.615,1.0,5433500000.0,0.422,19743500000.0,0.0,11341900000.0,11300450000.0,1546800000.0,4200000.0,4200000.0,0.0,11835200000.0,2453000000.0,9382200000.0,33531582743.0,1047300000.0,-16500000.0,-112100000.0,-346700000.0,-208900000.0,-620900000.0,-264100000.0,2400000.0,1942300000.0,-10000000.0,1307600000.0,1307600000.0,1307600000.0,14300000.0,0.0,0.102,3878300000.0,1555200000.0,672700000.0,0.165,2.04,25.644,25.552,1708700000.0,0.0,93.01,2.603,2.608,1945100000.0,8465700000.0,12882700000.0,12882700000.0,389300000.0,0.047,0.083,0.112,0.099,37300000.0,3404200000.0,1.0,360515888.0,361200000,367300000.0,35.666,8529000000.0,181600000.0,-36500000.0,1852600000.0,23.613,3757400000.0
32,TMO,MRT,2013-06-30,2013-06-29,2013-06-29,2021-08-25,-456000000.0,27629500000.0,27515700000.0,5641500000.0,21988000000.0,0.464,43.897,-303300000.0,1408900000.0,1408900000.0,7392600000.0,1280400000.0,2.388,0.748,7114400000.0,393300000.0,6721100000.0,7114400000.0,215200000.0,999800000.0,0.0,0.007,0.58,1239600000.0,2239400000.0,0.175,2239400000.0,1239600000.0,1239600000.0,3.56,3.51,3.56,15802800000.0,15539375000.0,15802800000.0,36489804626.0,29.0,16.294,1613400000.0,4.482,1.0,5384000000.0,0.421,19720400000.0,0.0,11251700000.0,11287375000.0,1487100000.0,4200000.0,4200000.0,0.0,11826700000.0,2362900000.0,9463800000.0,30375504626.0,630400000.0,-909400000.0,-477200000.0,584300000.0,-202400000.0,-46600000.0,-1199100000.0,2400000.0,1916700000.0,-40600000.0,1280400000.0,1280400000.0,1280400000.0,23200000.0,0.0,0.1,3868700000.0,1515300000.0,648900000.0,0.163,1.922,23.723,23.772,1688800000.0,0.0,84.63,2.377,2.385,1901500000.0,8202600000.0,12776600000.0,12776600000.0,385400000.0,0.047,0.082,0.11,0.097,39300000.0,3394700000.0,1.0,358921241.0,360000000,363500000.0,35.491,7909100000.0,180300000.0,-40800000.0,1945800000.0,21.97,3278600000.0
33,TMO,MRT,2013-03-31,2013-03-30,2013-03-30,2021-08-25,-329300000.0,27410700000.0,27198650000.0,5136100000.0,22274600000.0,0.465,43.562,-300100000.0,1004100000.0,1004100000.0,7302500000.0,1236800000.0,2.23,0.757,7118400000.0,394000000.0,6724400000.0,7118400000.0,226100000.0,992200000.0,0.0,0.007,0.56,1219600000.0,2211800000.0,0.175,2211800000.0,1219600000.0,1219600000.0,3.43,3.38,3.43,15599500000.0,15362275000.0,15599500000.0,33628038851.0,28.0,15.204,1645700000.0,4.596,1.0,5342100000.0,0.422,20005000000.0,0.0,11217200000.0,10952350000.0,1474600000.0,4200000.0,4200000.0,0.0,11811200000.0,2302800000.0,9508400000.0,27354738851.0,170200000.0,-1086700000.0,-639000000.0,448100000.0,-196200000.0,-360500000.0,-1371900000.0,1900000.0,1945800000.0,-43200000.0,1236800000.0,1236800000.0,1236800000.0,81600000.0,0.0,0.098,3834400000.0,1507700000.0,660600000.0,0.163,1.754,22.117,22.3,1685800000.0,0.0,76.49,2.163,2.166,1904500000.0,7979500000.0,12644600000.0,12644600000.0,382900000.0,0.045,0.081,0.111,0.096,50200000.0,3360100000.0,1.0,357625034.0,358100000,361700000.0,35.31,7405700000.0,182000000.0,-17200000.0,1997600000.0,20.681,2833300000.0
34,TMO,MRT,2012-12-31,2012-12-31,2012-12-31,2021-08-25,-150400000.0,27444600000.0,27051650000.0,4834800000.0,22609800000.0,0.462,42.509,-302300000.0,805600000.0,805600000.0,7214400000.0,1177900000.0,2.31,0.775,7124300000.0,93100000.0,7031200000.0,7124300000.0,196500000.0,983700000.0,0.0,0.008,0.54,1188900000.0,2172600000.0,0.174,2172600000.0,1188900000.0,1188900000.0,3.24,3.21,3.24,15464700000.0,15284650000.0,15464700000.0,29614606131.0,25.0,13.631,1737200000.0,4.775,1.0,5295500000.0,0.423,20279000000.0,0.0,11391000000.0,10658200000.0,1443300000.0,4300000.0,4300000.0,0.0,11979900000.0,2093300000.0,9886600000.0,22974506131.0,-210700000.0,-1083400000.0,-895900000.0,102300000.0,-142200000.0,-917700000.0,-1370900000.0,1900000.0,2039500000.0,38400000.0,1177900000.0,1177900000.0,1177900000.0,80500000.0,0.0,0.094,3813400000.0,1482100000.0,641400000.0,0.167,1.486,19.505,19.685,1726400000.0,0.0,63.78,1.837,1.855,1804900000.0,7697300000.0,12509900000.0,12509900000.0,376400000.0,0.044,0.077,0.112,0.095,55500000.0,3354900000.0,1.0,360214897.0,363800000,366600000.0,34.387,7165600000.0,182000000.0,11000000.0,2047200000.0,19.697,2741500000.0
35,TMO,MRT,2012-09-30,2012-09-29,2012-09-29,2021-08-25,-200300000.0,27578000000.0,26898925000.0,4947300000.0,22630700000.0,0.459,42.169,-277800000.0,832200000.0,832200000.0,7132700000.0,1090400000.0,1.961,0.804,7472300000.0,434800000.0,7037500000.0,7472300000.0,208400000.0,974900000.0,0.0,0.007,0.39,1163300000.0,2138200000.0,0.173,2138200000.0,1163300000.0,1163300000.0,2.97,2.95,2.97,15290500000.0,15178000000.0,15290500000.0,27305222748.0,23.0,12.77,1738600000.0,4.795,1.0,5207200000.0,0.422,20406000000.0,0.0,11289600000.0,10296225000.0,1517000000.0,4300000.0,4300000.0,0.0,12287500000.0,2522500000.0,9765000000.0,21505422748.0,-92000000.0,-1044000000.0,-1014300000.0,346500000.0,-95300000.0,-756700000.0,-1372900000.0,19500000.0,2016400000.0,21200000.0,1090400000.0,1090400000.0,1090400000.0,74700000.0,0.0,0.088,3778200000.0,1429000000.0,684300000.0,0.131,1.406,19.723,19.808,1669900000.0,0.0,58.83,1.743,1.729,1829200000.0,7374800000.0,12339900000.0,12339900000.0,373400000.0,0.041,0.072,0.113,0.094,64100000.0,3323200000.0,1.0,365551976.0,362600000,365400000.0,34.032,7172000000.0,197800000.0,72900000.0,2009300000.0,19.779,2424800000.0
36,TMO,MRT,2012-06-30,2012-06-30,2012-06-30,2021-08-25,-457700000.0,26361300000.0,26752300000.0,4667000000.0,21694300000.0,0.456,41.129,-265500000.0,732300000.0,732300000.0,7059400000.0,1065400000.0,1.726,0.746,6532100000.0,786200000.0,5745900000.0,6532100000.0,215300000.0,958500000.0,0.0,0.005,0.26,1141400000.0,2099900000.0,0.172,2099900000.0,1141400000.0,1141400000.0,2.87,2.85,2.87,15094400000.0,15154350000.0,15094400000.0,24953616950.0,22.0,11.883,1631700000.0,4.446,1.0,5127700000.0,0.421,19546300000.0,0.0,9911600000.0,10068875000.0,1390700000.0,4300000.0,4300000.0,0.0,11266900000.0,2703200000.0,8563700000.0,19066716950.0,-623800000.0,-3750100000.0,-894900000.0,2493800000.0,-47700000.0,1555800000.0,-4081000000.0,19500000.0,1897200000.0,4200000.0,1065400000.0,1065400000.0,1065400000.0,66600000.0,0.0,0.087,3734900000.0,1392800000.0,652600000.0,0.091,1.263,17.896,18.087,1602500000.0,0.0,51.91,1.564,1.563,1803500000.0,7131600000.0,12187100000.0,12187100000.0,368200000.0,0.04,0.07,0.113,0.094,65900000.0,3288700000.0,1.0,367303351.0,367000000,369200000.0,33.207,6815000000.0,177900000.0,76000000.0,2108100000.0,18.569,1963800000.0
37,TMO,MRT,2012-03-31,2012-03-31,2012-03-31,2021-08-25,-150900000.0,26822700000.0,26180425000.0,4769500000.0,22053200000.0,0.456,41.625,-255100000.0,788300000.0,788300000.0,6965600000.0,1355000000.0,1.676,0.754,6675200000.0,924200000.0,5751000000.0,6675200000.0,227400000.0,917800000.0,0.0,0.002,0.13,1442700000.0,2360500000.0,0.198,2360500000.0,1442700000.0,1442700000.0,3.6,3.58,3.6,15289000000.0,15297175000.0,15289000000.0,26638526532.0,18.0,11.285,1489300000.0,4.055,1.0,4967400000.0,0.416,19823600000.0,0.0,10040600000.0,9567175000.0,1422300000.0,4300000.0,4300000.0,0.0,11533700000.0,2845400000.0,8688300000.0,20626826532.0,-2000400000.0,-5625700000.0,-931300000.0,2223300000.0,0.0,1314100000.0,-5119500000.0,19500000.0,1744400000.0,60600000.0,1355000000.0,1355000000.0,1355000000.0,-298300000.0,0.0,0.114,3677300000.0,1290100000.0,691400000.0,0.036,1.349,15.223,15.661,1665300000.0,0.0,56.38,1.729,1.735,1894800000.0,6945600000.0,11933000000.0,11933000000.0,357200000.0,0.052,0.089,0.151,0.121,57400000.0,3226600000.0,1.0,365853610.0,367300000,370100000.0,32.488,6999100000.0,160100000.0,87700000.0,2218700000.0,19.056,1924100000.0
38,TMO,MRT,2011-12-31,2011-12-31,2011-12-31,2021-08-25,-399500000.0,26833700000.0,25332400000.0,4821900000.0,22011800000.0,0.456,39.491,-252700000.0,1016300000.0,1016300000.0,6764800000.0,1329900000.0,1.549,0.784,7028000000.0,1272800000.0,5755200000.0,7028000000.0,192500000.0,859600000.0,0.0,0.0,0.0,1439300000.0,2298900000.0,0.199,2298900000.0,1439300000.0,1439300000.0,3.49,3.46,3.49,15038100000.0,15288600000.0,15038100000.0,23254850880.0,16.0,10.116,1438300000.0,3.777,1.0,4794000000.0,0.415,19789200000.0,0.0,9943100000.0,8532300000.0,1330100000.0,4300000.0,4300000.0,0.0,11795600000.0,3113100000.0,8682500000.0,17011250880.0,99200000.0,-5648900000.0,-1179400000.0,4709200000.0,0.0,3550600000.0,-5142200000.0,19500000.0,1691000000.0,-200000.0,1329900000.0,1329900000.0,1329900000.0,-306500000.0,0.0,0.115,3543200000.0,1250800000.0,612300000.0,0.0,1.131,12.791,12.885,1611300000.0,0.0,44.97,1.472,1.482,1763700000.0,6716300000.0,11558800000.0,11558800000.0,340200000.0,0.052,0.087,0.169,0.125,63100000.0,3106500000.0,1.0,378279984.0,380800000,384800000.0,30.354,7044500000.0,157800000.0,109400000.0,2229300000.0,18.499,1708800000.0
39,TMO,MRT,2011-09-30,2011-10-01,2011-10-01,2021-08-25,-279400000.0,26991500000.0,23961325000.0,4734600000.0,22256900000.0,0.461,40.042,-244700000.0,890300000.0,890300000.0,6465200000.0,1338500000.0,1.695,0.776,7133900000.0,1018600000.0,6115300000.0,7133900000.0,192600000.0,792400000.0,0.0,0.0,0.0,1433700000.0,2226100000.0,0.201,2226100000.0,1433700000.0,1433700000.0,3.47,3.43,3.47,15195900000.0,15369325000.0,15195900000.0,22009249277.0,15.0,9.887,1247500000.0,3.287,1.0,4584900000.0,0.415,20062400000.0,0.0,10380200000.0,7534075000.0,1406100000.0,8000000.0,8000000.0,0.0,11795600000.0,2792500000.0,9003100000.0,19338049277.0,-39900000.0,-5738100000.0,-1159100000.0,4808500000.0,0.0,3675000000.0,-5221700000.0,9000000.0,1492200000.0,14600000.0,1338500000.0,1338500000.0,1338500000.0,-333900000.0,0.0,0.121,3379400000.0,1205500000.0,610600000.0,0.0,1.273,14.448,14.594,1629200000.0,0.0,50.64,1.75,1.739,1811000000.0,6427400000.0,11050100000.0,11050100000.0,322000000.0,0.056,0.087,0.19,0.13,59000000.0,2966400000.0,1.0,381873011.0,379500000,382700000.0,29.118,6929100000.0,204100000.0,95200000.0,2262400000.0,18.258,1942100000.0
40,TMO,MRT,2011-06-30,2011-07-02,2011-07-02,2021-08-25,266000000.0,24073800000.0,22597700000.0,5004700000.0,19069100000.0,0.476,41.02,-246400000.0,1356100000.0,1356100000.0,6318400000.0,1341600000.0,2.755,0.537,4027300000.0,18500000.0,4008800000.0,4027300000.0,205000000.0,746000000.0,0.0,0.0,0.0,1465200000.0,2211200000.0,0.206,2211200000.0,1465200000.0,1465200000.0,3.44,3.4,3.44,15665700000.0,15419500000.0,15665700000.0,26427169930.0,18.0,11.952,1317900000.0,3.451,1.0,4427500000.0,0.412,17023400000.0,0.0,7904800000.0,6320450000.0,1350400000.0,7600000.0,7600000.0,0.0,8408100000.0,1816800000.0,6591300000.0,24915669930.0,48700000.0,-2395900000.0,-1417800000.0,1719900000.0,0.0,322500000.0,-1834300000.0,9000000.0,1564300000.0,-3800000.0,1341600000.0,1341600000.0,1341600000.0,-344500000.0,0.0,0.125,3235300000.0,1192200000.0,632900000.0,0.0,1.59,18.572,18.898,1509500000.0,0.0,65.01,2.319,2.31,1683400000.0,6162000000.0,10745900000.0,10745900000.0,306700000.0,0.059,0.087,0.232,0.136,62300000.0,2838900000.0,1.0,383259036.0,381900000,385900000.0,28.138,7050400000.0,195200000.0,123600000.0,1987900000.0,18.461,3187900000.0
41,TMO,MRT,2011-03-31,2011-04-02,2011-04-02,2021-08-25,164000000.0,23430600000.0,21899475000.0,6189300000.0,17241300000.0,0.479,39.256,-249900000.0,2788700000.0,2788700000.0,6172200000.0,1055500000.0,1.493,0.536,4300200000.0,2499400000.0,1800800000.0,4300200000.0,193200000.0,730400000.0,0.0,0.0,0.0,1173800000.0,1904200000.0,0.182,1904200000.0,1173800000.0,1173800000.0,2.65,2.61,2.65,15254700000.0,15339350000.0,15254700000.0,23086180756.0,20.0,12.124,1243400000.0,3.2,1.0,4315400000.0,0.411,14895000000.0,0.0,5901100000.0,5678750000.0,1264000000.0,5200000.0,5200000.0,0.0,8175900000.0,4146000000.0,4029900000.0,21866180756.0,1357000000.0,-400800000.0,-1455000000.0,1975100000.0,0.0,534500000.0,-669900000.0,9000000.0,1493300000.0,-900000.0,1055500000.0,1055500000.0,1055500000.0,-46800000.0,0.0,0.101,3090400000.0,1225000000.0,616900000.0,0.0,1.433,20.716,21.125,1389000000.0,0.0,55.98,2.085,2.074,1565500000.0,5638600000.0,10487600000.0,10487600000.0,293100000.0,0.048,0.069,0.207,0.112,70000000.0,2739200000.0,1.0,390607016.0,388600000,394600000.0,26.988,8535600000.0,183800000.0,118300000.0,1638400000.0,21.965,2043300000.0
42,TMO,MRT,2010-12-31,2010-12-31,2010-12-31,2021-08-25,43600000.0,21349400000.0,21447975000.0,4135000000.0,17214400000.0,0.485,38.088,-235200000.0,917100000.0,917100000.0,6131600000.0,1035600000.0,2.418,0.39,2137100000.0,105800000.0,2031300000.0,2137100000.0,158200000.0,739700000.0,0.0,0.0,0.0,1137200000.0,1876900000.0,0.181,1876900000.0,1137200000.0,1137200000.0,2.57,2.53,2.57,15361000000.0,15395675000.0,15361000000.0,23236161818.0,20.0,12.38,1262600000.0,3.131,1.0,4261500000.0,0.41,14909400000.0,0.0,5950200000.0,5488950000.0,1172900000.0,8900000.0,8900000.0,0.0,5988400000.0,1709800000.0,4278600000.0,22004361818.0,-647000000.0,-606200000.0,-935200000.0,-372700000.0,0.0,-1295100000.0,-858900000.0,9000000.0,1497800000.0,9200000.0,1035600000.0,1035600000.0,1035600000.0,-49500000.0,0.0,0.1,3073400000.0,1188100000.0,546700000.0,0.0,1.432,21.248,21.541,1360200000.0,0.0,55.36,2.117,2.148,1473800000.0,5386400000.0,10393100000.0,10393100000.0,284400000.0,0.048,0.067,0.207,0.109,68800000.0,2728800000.0,1.0,397477634.0,403300000,409400000.0,25.77,6440000000.0,181300000.0,101600000.0,1626100000.0,15.968,2425200000.0
43,TMO,MRT,2010-09-30,2010-10-02,2010-10-02,2021-08-25,79200000.0,21537000000.0,21516875000.0,4171000000.0,17366000000.0,0.488,38.424,-234900000.0,930200000.0,930200000.0,6304400000.0,1011400000.0,2.356,0.399,2162000000.0,104400000.0,2057600000.0,2162000000.0,165500000.0,744100000.0,0.0,0.0,0.0,1095400000.0,1839500000.0,0.175,1839500000.0,1095400000.0,1095400000.0,2.49,2.44,2.49,15396600000.0,15413150000.0,15396600000.0,20309530575.0,19.0,11.041,1363300000.0,3.402,1.0,4188200000.0,0.399,15472500000.0,0.0,5525700000.0,5322200000.0,1207700000.0,9100000.0,9100000.0,0.0,6140400000.0,1770600000.0,4369800000.0,19483330575.0,-815500000.0,-1025500000.0,-573000000.0,-561300000.0,0.0,-1125500000.0,-1259300000.0,600000.0,1598200000.0,-28900000.0,1011400000.0,1011400000.0,1011400000.0,-53100000.0,0.0,0.096,3025500000.0,1162700000.0,581900000.0,0.0,1.265,19.264,19.205,1366000000.0,0.0,47.82,1.857,1.826,1562100000.0,5088900000.0,10492600000.0,10492600000.0,274200000.0,0.047,0.066,0.206,0.104,63500000.0,2693200000.0,1.0,407430585.0,400700000,404500000.0,26.186,6064500000.0,169100000.0,84000000.0,1825100000.0,15.135,2400400000.0
44,TMO,MRT,2010-06-30,2010-07-03,2010-07-03,2021-08-25,-150100000.0,21280900000.0,21487250000.0,4348000000.0,16932900000.0,0.484,37.491,-214200000.0,1307400000.0,1307400000.0,6257100000.0,964100000.0,2.691,0.387,2133600000.0,106000000.0,2027600000.0,2133600000.0,163800000.0,757200000.0,0.0,0.0,0.0,1045300000.0,1802500000.0,0.173,1802500000.0,1045300000.0,1045300000.0,2.36,2.31,2.36,15345100000.0,15413850000.0,15345100000.0,20167415149.0,19.0,11.189,1337800000.0,3.269,1.0,4137900000.0,0.398,15153100000.0,0.0,5338000000.0,5232950000.0,1148500000.0,9200000.0,9200000.0,0.0,5935800000.0,1616000000.0,4319800000.0,19527115149.0,-110000000.0,-777400000.0,-95600000.0,-565800000.0,0.0,-652300000.0,-1001400000.0,800000.0,1552000000.0,-8300000.0,964100000.0,964100000.0,964100000.0,-43400000.0,0.0,0.093,3002400000.0,1135500000.0,568500000.0,0.0,1.273,20.254,20.161,1297700000.0,0.0,47.58,1.879,1.873,1472500000.0,4820400000.0,10395000000.0,10395000000.0,263200000.0,0.045,0.063,0.2,0.101,62900000.0,2678300000.0,1.0,410405951.0,409300000,415900000.0,25.397,6127800000.0,162900000.0,81200000.0,1768600000.0,14.971,2732000000.0
45,TMO,MRT,2010-03-31,2010-04-03,2010-04-03,2021-08-25,-47300000.0,21624600000.0,21455925000.0,4528600000.0,17096000000.0,0.479,37.793,-186900000.0,1431700000.0,1431700000.0,6206100000.0,933700000.0,2.55,0.397,2072000000.0,148800000.0,1923200000.0,2072000000.0,167800000.0,766200000.0,0.0,0.0,0.0,1007700000.0,1773900000.0,0.173,1773900000.0,1007700000.0,1007700000.0,2.28,2.23,2.28,15480000000.0,15346675000.0,15480000000.0,21815217403.0,22.0,12.298,1456700000.0,3.556,1.0,4077300000.0,0.396,15347300000.0,0.0,5141900000.0,5203150000.0,1154600000.0,8500000.0,8500000.0,0.0,6144600000.0,1775700000.0,4368900000.0,21197817403.0,-129400000.0,-846000000.0,-338600000.0,-413600000.0,0.0,-745400000.0,-1041700000.0,1200000.0,1643600000.0,14100000.0,933700000.0,933700000.0,933700000.0,-34800000.0,0.0,0.091,2980700000.0,1096600000.0,596100000.0,0.0,1.369,22.703,22.706,1312300000.0,0.0,51.77,2.061,2.062,1493800000.0,4583100000.0,10283400000.0,10283400000.0,251700000.0,0.044,0.061,0.194,0.098,63800000.0,2666000000.0,1.0,409461414.0,409600000,418200000.0,25.106,6277300000.0,161000000.0,74000000.0,1961200000.0,15.325,2752900000.0
46,TMO,MRT,2009-12-31,2009-12-31,2009-12-31,2021-08-25,92000000.0,21625000000.0,21308050000.0,4530900000.0,17094100000.0,0.465,37.417,-186600000.0,1564100000.0,1564100000.0,6013800000.0,850300000.0,2.764,0.401,2181500000.0,117500000.0,2064000000.0,2181500000.0,139800000.0,762900000.0,0.0,0.0,0.0,907500000.0,1670400000.0,0.169,1670400000.0,907500000.0,907500000.0,2.06,2.01,2.06,15430900000.0,15224800000.0,15430900000.0,19749124705.0,22.0,11.823,1472600000.0,3.571,1.0,3897800000.0,0.393,15319900000.0,0.0,5283200000.0,5194000000.0,1131400000.0,7100000.0,7100000.0,0.0,6194100000.0,1639300000.0,4554800000.0,19472524705.0,283600000.0,-632900000.0,-360200000.0,-199900000.0,0.0,-557500000.0,-829500000.0,1200000.0,1659200000.0,11400000.0,850300000.0,850300000.0,850300000.0,-27100000.0,0.0,0.086,2895700000.0,1002100000.0,533600000.0,0.0,1.262,22.901,23.15,1333400000.0,0.0,47.69,1.965,1.984,1409600000.0,4350800000.0,9911600000.0,9911600000.0,243800000.0,0.04,0.056,0.175,0.092,64400000.0,2592700000.0,1.0,408314630.0,412400000,422800000.0,24.034,6305100000.0,160000000.0,57200000.0,1962200000.0,15.289,2891600000.0
47,TMO,MRT,2009-09-30,2009-09-26,2009-09-26,2021-08-25,78800000.0,21418500000.0,21174300000.0,4797600000.0,16620900000.0,0.468,37.753,-215200000.0,1745700000.0,1745700000.0,5963300000.0,864000000.0,3.01,0.391,2022300000.0,70100000.0,1952200000.0,2022300000.0,139500000.0,774500000.0,0.0,0.0,0.0,940800000.0,1715300000.0,0.173,1715300000.0,940800000.0,940800000.0,2.08,2.03,2.08,15399400000.0,15098700000.0,15399400000.0,18574610748.0,20.0,10.829,1365700000.0,3.348,1.0,3953300000.0,0.399,14932600000.0,0.0,5168700000.0,5169800000.0,1169600000.0,10600000.0,10600000.0,0.0,6019100000.0,1593800000.0,4425300000.0,17958710748.0,505400000.0,-201200000.0,-479100000.0,-139300000.0,0.0,-611400000.0,-427000000.0,100000.0,1580900000.0,-37100000.0,864000000.0,864000000.0,864000000.0,900000.0,0.0,0.087,2906200000.0,1047100000.0,593500000.0,0.0,1.166,20.786,21.154,1272300000.0,0.0,44.0,1.811,1.81,1482000000.0,4077500000.0,9916600000.0,9916600000.0,237700000.0,0.041,0.057,0.182,0.095,63000000.0,2611000000.0,1.0,408152517.0,407900000,420200000.0,24.311,6485900000.0,162300000.0,76800000.0,1899900000.0,15.901,3203800000.0
48,TMO,MRT,2009-06-30,2009-06-27,2009-06-27,2021-08-25,4100000.0,21155600000.0,21219550000.0,4467000000.0,16688600000.0,0.47,36.302,-220600000.0,1417400000.0,1417400000.0,5998700000.0,860900000.0,2.932,0.403,2033300000.0,16300000.0,2017000000.0,2033300000.0,148600000.0,778700000.0,0.0,0.0,0.0,955700000.0,1734400000.0,0.174,1734400000.0,955700000.0,955700000.0,2.06,2.0,2.06,15076400000.0,15032750000.0,15076400000.0,17997089532.0,19.0,10.377,1344100000.0,3.236,1.0,3974900000.0,0.399,15029100000.0,0.0,5218800000.0,5186400000.0,1185100000.0,9300000.0,9300000.0,0.0,6079200000.0,1523600000.0,4555600000.0,17531489532.0,410500000.0,-301800000.0,-452100000.0,-131500000.0,0.0,-569100000.0,-521000000.0,-100000.0,1564700000.0,-64100000.0,860900000.0,860900000.0,860900000.0,-2300000.0,0.0,0.086,2917000000.0,1057900000.0,589100000.0,0.0,1.163,20.364,20.345,1271700000.0,0.0,41.91,1.758,1.745,1470400000.0,3856300000.0,9973600000.0,9973600000.0,239000000.0,0.041,0.057,0.184,0.096,50700000.0,2618200000.0,1.0,418312802.0,415300000,423700000.0,24.015,6126500000.0,161300000.0,94800000.0,1966700000.0,14.752,2943400000.0
49,TMO,MRT,2009-03-31,2009-03-28,2009-03-28,2021-08-25,-257900000.0,21033100000.0,21350900000.0,4519400000.0,16513700000.0,0.478,35.893,-243500000.0,1561100000.0,1561100000.0,6124400000.0,900100000.0,3.014,0.403,2026700000.0,15600000.0,2011100000.0,2026700000.0,145600000.0,784200000.0,0.0,0.0,0.0,1028900000.0,1813100000.0,0.178,1813100000.0,1028900000.0,1028900000.0,2.15,2.07,2.15,14992500000.0,15031150000.0,14992500000.0,16082635706.0,16.0,8.87,1292400000.0,3.094,1.0,4074700000.0,0.4,14893800000.0,0.0,5105300000.0,5210525000.0,1161700000.0,9000000.0,9000000.0,0.0,6040600000.0,1499600000.0,4541000000.0,15304835706.0,827100000.0,-210200000.0,-23600000.0,-146200000.0,0.0,-150900000.0,-459100000.0,-500000.0,1535900000.0,-98800000.0,900100000.0,900100000.0,900100000.0,-5500000.0,0.0,0.088,2945600000.0,1129100000.0,607300000.0,0.0,1.021,17.003,17.023,1249300000.0,0.0,36.6,1.501,1.499,1423200000.0,3649400000.0,10199100000.0,10199100000.0,245300000.0,0.042,0.06,0.197,0.101,42400000.0,2656200000.0,1.0,418164910.0,417700000,425300000.0,24.417,6139300000.0,152400000.0,128800000.0,1982500000.0,14.698,3019800000.0
50,TMO,MRT,2008-12-31,2008-12-31,2008-12-31,2021-08-25,-145800000.0,21090000000.0,21467100000.0,4345900000.0,16744100000.0,0.489,35.692,-249000000.0,1280500000.0,1280500000.0,6291800000.0,980900000.0,2.822,0.413,2018000000.0,14800000.0,2003200000.0,2018000000.0,135300000.0,792700000.0,0.0,0.0,0.0,1133500000.0,1926200000.0,0.183,1926200000.0,1133500000.0,1133500000.0,2.34,2.25,2.34,14926500000.0,14979475000.0,14926500000.0,15258205017.0,13.0,7.921,1171200000.0,2.801,1.0,4206200000.0,0.401,15100900000.0,0.0,5186400000.0,5244800000.0,1171400000.0,7500000.0,7500000.0,0.0,6163500000.0,1540200000.0,4623300000.0,14316705017.0,655400000.0,-198000000.0,-102300000.0,-151500000.0,0.0,-228400000.0,-450000000.0,0.0,1420200000.0,-86400000.0,980900000.0,980900000.0,980900000.0,-5500000.0,0.0,0.093,2976800000.0,1229400000.0,539500000.0,0.0,0.959,14.595,14.56,1275300000.0,0.0,34.07,1.364,1.357,1478100000.0,3500500000.0,10498000000.0,10498000000.0,249100000.0,0.046,0.065,0.216,0.108,31700000.0,2692300000.0,1.0,420214412.0,418200000,434700000.0,25.103,5989100000.0,161700000.0,152600000.0,2027100000.0,14.321,2805700000.0
51,TMO,MRT,2008-09-30,2008-09-27,2008-09-27,2021-08-25,289000000.0,21599500000.0,21496450000.0,4443000000.0,17156500000.0,0.487,36.123,-203000000.0,1240300000.0,1240300000.0,6293700000.0,921000000.0,2.415,0.427,2181800000.0,138800000.0,2043000000.0,2181800000.0,142200000.0,795100000.0,0.0,0.0,0.0,1081700000.0,1876800000.0,0.179,1876800000.0,1081700000.0,1081700000.0,2.2,2.11,2.2,15135600000.0,14869925000.0,15135600000.0,24907449919.0,23.0,13.271,1292200000.0,3.084,1.0,4179100000.0,0.399,15465900000.0,0.0,5235100000.0,5199425000.0,1260400000.0,9200000.0,9200000.0,0.0,6463900000.0,1840000000.0,4623900000.0,23724549919.0,409500000.0,-552900000.0,-341200000.0,-27000000.0,0.0,-315300000.0,-750000000.0,400000.0,1495200000.0,-20400000.0,921000000.0,921000000.0,921000000.0,-11900000.0,0.0,0.088,2987200000.0,1191900000.0,636500000.0,0.0,1.567,25.76,25.736,1267700000.0,0.0,56.62,2.265,2.265,1543400000.0,3238500000.0,10472800000.0,10472800000.0,249600000.0,0.043,0.062,0.208,0.103,2400000.0,2705000000.0,1.0,419013598.0,419000000,438300000.0,24.995,6133600000.0,165400000.0,160700000.0,2199900000.0,14.639,2603000000.0
52,TMO,MRT,2008-06-30,2008-06-28,2008-06-28,2021-08-25,503300000.0,21681000000.0,21389675000.0,4299500000.0,17381500000.0,0.481,36.053,-202400000.0,1006900000.0,1006900000.0,6191500000.0,921400000.0,2.287,0.439,2189800000.0,145300000.0,2044500000.0,2189800000.0,156400000.0,783000000.0,0.0,0.0,0.0,1055100000.0,1838100000.0,0.179,1838100000.0,1055100000.0,1055100000.0,2.19,2.1,2.19,15070000000.0,14696750000.0,15070000000.0,24598016459.0,23.0,13.382,1316500000.0,3.15,1.0,4094400000.0,0.398,15668500000.0,0.0,5315300000.0,5206975000.0,1264100000.0,13500000.0,13500000.0,0.0,6611000000.0,1880100000.0,4730900000.0,23135316459.0,55700000.0,-497500000.0,-829100000.0,-27300000.0,0.0,-764400000.0,-700000000.0,200000.0,1518900000.0,1200000.0,921400000.0,921400000.0,921400000.0,-8600000.0,0.0,0.09,2934800000.0,1159600000.0,653000000.0,0.0,1.535,25.109,25.26,1304500000.0,0.0,55.32,2.249,2.248,1599100000.0,3017000000.0,10285900000.0,10285900000.0,246600000.0,0.043,0.063,0.203,0.103,-39300000.0,2662200000.0,1.0,418208902.0,418000000,437100000.0,24.607,6012500000.0,167900000.0,133700000.0,2282500000.0,14.384,2419400000.0
53,TMO,MRT,2008-03-31,2008-03-29,2008-03-29,2021-08-25,510600000.0,21497900000.0,21287450000.0,3988800000.0,17509100000.0,0.468,35.415,-170400000.0,734000000.0,734000000.0,6019300000.0,839200000.0,2.089,0.454,2196700000.0,150800000.0,2045900000.0,2196700000.0,153900000.0,770300000.0,0.0,0.0,0.0,948100000.0,1718400000.0,0.172,1718400000.0,948100000.0,948100000.0,1.99,1.91,1.99,14785800000.0,14562200000.0,14785800000.0,25195889926.0,27.0,14.662,1337500000.0,3.204,1.0,3942900000.0,0.396,15809000000.0,0.0,5242400000.0,5168350000.0,1246700000.0,14100000.0,14100000.0,0.0,6712100000.0,1909200000.0,4802900000.0,23625789926.0,63100000.0,-466900000.0,-739100000.0,-157300000.0,0.0,-802300000.0,-613500000.0,100000.0,1507900000.0,-29000000.0,839200000.0,839200000.0,839200000.0,18600000.0,0.0,0.084,2870500000.0,1072400000.0,729200000.0,0.0,1.598,28.153,28.362,1297500000.0,0.0,56.44,2.372,2.365,1585700000.0,2767500000.0,9962200000.0,9962200000.0,240900000.0,0.039,0.058,0.183,0.095,-45800000.0,2589900000.0,1.0,418600105.0,417500000,436100000.0,23.862,5688900000.0,168500000.0,108900000.0,2348300000.0,13.626,2079600000.0
54,TMO,MRT,2007-12-31,2007-12-31,2007-12-31,2021-08-25,388400000.0,21207400000.0,21205950000.0,3665300000.0,17542100000.0,0.46,34.373,-156300000.0,625100000.0,625100000.0,5942000000.0,748400000.0,1.927,0.464,2195200000.0,149300000.0,2045900000.0,2195200000.0,128500000.0,756800000.0,0.0,0.0,0.0,842100000.0,1598900000.0,0.164,1598900000.0,842100000.0,842100000.0,1.77,1.69,1.77,14488300000.0,14423925000.0,14488300000.0,25599224974.0,30.0,16.011,1327200000.0,3.149,1.0,3804400000.0,0.39,15871000000.0,0.0,5004900000.0,5143525000.0,1169900000.0,14100000.0,14100000.0,0.0,6719100000.0,1901600000.0,4817500000.0,24229324974.0,-42300000.0,-492500000.0,-552600000.0,-472900000.0,0.0,-928700000.0,-586000000.0,47800000.0,1483500000.0,-11100000.0,748400000.0,748400000.0,748400000.0,18500000.0,0.0,0.077,2830000000.0,974400000.0,676900000.0,0.0,1.672,32.375,32.588,1267400000.0,0.0,57.68,2.486,2.494,1450000000.0,2534500000.0,9746400000.0,9746400000.0,238700000.0,0.035,0.052,0.164,0.086,-45700000.0,2549100000.0,1.0,420064580.0,421500000,443600000.0,23.123,5336400000.0,195800000.0,93700000.0,2344100000.0,12.66,1763700000.0
55,TMO,MRT,2007-09-30,2007-09-29,2007-09-29,2021-08-25,303200000.0,21172400000.0,21219650000.0,3908400000.0,17264000000.0,0.414,34.039,-147100000.0,830800000.0,830800000.0,5435500000.0,546600000.0,2.396,0.466,2200700000.0,19600000.0,2181100000.0,2200700000.0,130900000.0,684500000.0,0.0,0.0,0.0,606900000.0,1291400000.0,0.147,1291400000.0,606900000.0,606900000.0,1.19,1.14,1.19,14442900000.0,14279800000.0,14442900000.0,25873500428.0,43.0,20.035,1006600000.0,2.372,1.0,3358700000.0,0.382,15646100000.0,0.0,5265300000.0,5159775000.0,1206200000.0,15400000.0,15400000.0,0.0,6729500000.0,1630900000.0,5098600000.0,24622200428.0,672800000.0,197600000.0,-149800000.0,-558700000.0,0.0,-633600000.0,150500000.0,48700000.0,1153700000.0,2200000.0,546600000.0,546600000.0,546600000.0,24700000.0,0.0,0.062,2629500000.0,729200000.0,661500000.0,0.0,1.705,45.046,48.504,1238600000.0,0.0,57.72,2.8,2.785,1458100000.0,2294700000.0,8794200000.0,8794200000.0,229500000.0,0.026,0.038,0.118,0.069,7200000.0,2356300000.0,1.0,426580049.0,424300000,446600000.0,20.726,5526300000.0,159300000.0,60300000.0,2383700000.0,13.025,2277500000.0
56,TMO,MRT,2007-06-30,2007-06-30,2007-06-30,2021-08-25,219700000.0,21272100000.0,16976109500.0,4007100000.0,17265000000.0,0.419,34.281,-109000000.0,951200000.0,951200000.0,4370500000.0,376900000.0,2.5,0.464,2202500000.0,24800000.0,2177700000.0,2202500000.0,139900000.0,536700000.0,0.0,0.0,0.0,441000000.0,977700000.0,0.137,977700000.0,441000000.0,441000000.0,0.99,0.95,0.99,14531800000.0,11372835500.0,14531800000.0,23501125134.0,53.0,24.037,752600000.0,1.775,1.0,2747400000.0,0.386,15759600000.0,0.0,5160800000.0,4199965750.0,1183200000.0,22700000.0,22700000.0,0.0,6740300000.0,1603000000.0,5137300000.0,21822225134.0,761500000.0,219700000.0,309800000.0,-655600000.0,0.0,-317000000.0,214100000.0,44700000.0,861600000.0,2800000.0,376900000.0,376900000.0,376900000.0,24600000.0,0.0,0.053,2202900000.0,544500000.0,622300000.0,0.0,1.502,57.899,52.242,1228500000.0,0.0,51.72,3.066,3.08,1422500000.0,2076200000.0,7117900000.0,7117900000.0,209300000.0,0.022,0.033,0.105,0.062,48100000.0,1947700000.0,1.0,421930107.0,423900000,446500000.0,16.791,5512500000.0,194500000.0,64100000.0,2511500000.0,13.004,2404100000.0
57,TMO,MRT,2007-03-31,2007-03-31,2007-03-31,2021-08-25,215600000.0,21171900000.0,12702135250.0,3746200000.0,17425700000.0,0.429,33.879,-97200000.0,670900000.0,670900000.0,3310100000.0,260900000.0,2.085,0.488,2349800000.0,167400000.0,2182400000.0,2349800000.0,138400000.0,388600000.0,0.0,0.0,0.0,310400000.0,699000000.0,0.128,699000000.0,310400000.0,310400000.0,0.9,0.87,0.9,14232700000.0,8424137000.0,14232700000.0,21633018063.0,70.0,30.949,495200000.0,1.179,1.0,2135400000.0,0.392,15911200000.0,0.0,5143100000.0,3268516750.0,1180500000.0,20500000.0,20500000.0,0.0,6939200000.0,1796500000.0,5142700000.0,19636449063.0,440100000.0,198200000.0,-23200000.0,-433400000.0,0.0,-433700000.0,249900000.0,116600000.0,592400000.0,31500000.0,260900000.0,260900000.0,260900000.0,600000.0,0.0,0.048,1765100000.0,370300000.0,679600000.0,0.0,1.38,75.264,51.944,1256200000.0,0.0,46.75,3.606,3.607,1419000000.0,1912300000.0,5445500000.0,5445500000.0,191300000.0,0.021,0.031,0.095,0.057,49900000.0,1528000000.0,1.0,420030996.0,420100000,441100000.0,12.962,5260700000.0,225300000.0,49500000.0,2522200000.0,12.522,1949700000.0
58,TMO,MRT,2006-12-31,2006-12-31,2006-12-31,2021-08-25,150200000.0,21262200000.0,8469323750.0,3659500000.0,17602700000.0,0.448,70.942,-71000000.0,667400000.0,667400000.0,2223500000.0,168900000.0,1.7,0.528,2664000000.0,483300000.0,2180700000.0,2664000000.0,121300000.0,240700000.0,0.0,0.0,0.0,212000000.0,452700000.0,0.119,452700000.0,212000000.0,212000000.0,0.86,0.84,0.86,13911800000.0,5584474000.0,13911800000.0,7526839624.0,36.0,16.627,334700000.0,1.707,1.0,1568100000.0,0.414,16036600000.0,0.0,5069900000.0,2349393000.0,1164500000.0,23800000.0,23800000.0,0.0,7350400000.0,2152300000.0,5198100000.0,7156736624.0,453100000.0,236500000.0,-119700000.0,-157800000.0,0.0,-260100000.0,283400000.0,72500000.0,405700000.0,24100000.0,168900000.0,168900000.0,168900000.0,-2600000.0,0.0,0.045,1326100000.0,242000000.0,630800000.0,0.0,0.514,42.373,52.663,1256700000.0,0.0,45.29,1.888,2.342,1392700000.0,1773400000.0,3791600000.0,3791600000.0,170200000.0,0.02,0.03,0.09,0.056,52000000.0,1110200000.0,1.0,158020239.0,196100000,203700000.0,19.335,5225600000.0,209200000.0,43100000.0,2617800000.0,26.648,1507200000.0
59,TMO,MRT,2006-09-30,2006-09-30,2006-09-30,2021-08-25,77535000.0,4198238000.0,4216666000.0,1278576000.0,2919662000.0,0.679,17.851,-37501000.0,157964000.0,157964000.0,1546948000.0,199987000.0,1.769,0.491,528067000.0,68658000.0,459409000.0,528067000.0,96066000.0,154056000.0,44160000.0,0.0,0.0,290270000.0,444326000.0,0.155,444326000.0,290270000.0,290270000.0,1.25,1.21,1.25,2815042000.0,2804852000.0,2815042000.0,6636757879.0,23.0,14.937,288735000.0,1.831,1.0,1316512000.0,0.46,2419455000.0,0.0,1426063000.0,1438771250.0,407472000.0,14679000.0,14679000.0,0.0,1383196000.0,722823000.0,660373000.0,6198170879.0,-35473000.0,-44025000.0,-196139000.0,-103906000.0,0.0,-293225000.0,-74433000.0,-2339000.0,326236000.0,5949000.0,199987000.0,199987000.0,199987000.0,-4327000.0,0.0,0.07,1023061000.0,293451000.0,154546000.0,0.0,2.202,30.993,31.464,280516000.0,0.0,39.33,2.165,2.166,539839000.0,1748094000.0,2863460000.0,2863460000.0,156256000.0,0.047,0.071,0.202,0.101,20833000.0,838583000.0,1.0,157593971.0,157700000,162200000.0,18.158,1778783000.0,80121000.0,90283000.0,70768000.0,11.28,555753000.0
60,TMO,MRT,2006-06-30,2006-07-01,2006-07-01,2021-08-25,60838000.0,4176203000.0,4203567750.0,1280222000.0,2895981000.0,0.67,16.968,-40193000.0,189716000.0,189716000.0,1532560000.0,208921000.0,1.633,0.526,628303000.0,171540000.0,456763000.0,628303000.0,101913000.0,152165000.0,39342000.0,0.0,0.0,297466000.0,449631000.0,0.16,449631000.0,297466000.0,297466000.0,1.3,1.26,1.3,2737006000.0,2791394500.0,2737006000.0,6251042305.0,21.0,13.903,239928000.0,1.487,1.0,1285411000.0,0.456,2395832000.0,0.0,1435004000.0,1440286500.0,396160000.0,8267000.0,8267000.0,0.0,1439197000.0,783954000.0,655243000.0,5932068305.0,29942000.0,-35938000.0,-187421000.0,-64300000.0,0.0,-245960000.0,-7052000.0,6107000.0,280121000.0,2833000.0,208921000.0,208921000.0,208921000.0,-21464000.0,0.0,0.074,1001901000.0,283510000.0,147635000.0,0.0,2.167,28.394,27.877,283242000.0,0.0,36.24,2.105,2.074,544520000.0,1699261000.0,2817971000.0,2817971000.0,156440000.0,0.05,0.075,0.207,0.106,14461000.0,815006000.0,1.0,163688419.0,161300000,165500000.0,17.47,1780371000.0,80487000.0,88545000.0,65328000.0,11.038,496268000.0
61,TMO,MRT,2006-03-31,2006-04-01,2006-04-01,2021-08-25,31443000.0,4240654000.0,4193110500.0,1377138000.0,2863516000.0,0.658,17.632,-42268000.0,230792000.0,230792000.0,1509826000.0,221244000.0,1.922,0.475,549766000.0,91247000.0,458519000.0,549766000.0,97284000.0,143034000.0,34667000.0,0.0,0.0,311947000.0,454981000.0,0.165,454981000.0,311947000.0,311947000.0,1.37,1.34,1.37,2874048000.0,2780406500.0,2874048000.0,6409562453.0,21.0,14.088,230250000.0,1.413,1.0,1248266000.0,0.453,2376456000.0,0.0,1466605000.0,1441133000.0,381502000.0,79761000.0,79761000.0,0.0,1366606000.0,716567000.0,650039000.0,6035975453.0,-120774000.0,-883976000.0,39105000.0,325593000.0,0.0,367132000.0,-754182000.0,102871000.0,272518000.0,-6242000.0,221244000.0,221244000.0,221244000.0,-24927000.0,0.0,0.08,980342000.0,267924000.0,155604000.0,0.0,2.1,27.282,27.073,283106000.0,0.0,37.09,2.188,2.192,542929000.0,1651381000.0,2758092000.0,2758092000.0,155172000.0,0.053,0.08,0.216,0.113,8259000.0,800699000.0,1.0,162738621.0,163000000,167000000.0,16.921,1864198000.0,77949000.0,90703000.0,83550000.0,11.437,660571000.0
62,TMO,MRT,2005-12-31,2005-12-31,2005-12-31,2021-08-25,27179000.0,4251569000.0,4021562750.0,1353900000.0,2897669000.0,0.655,17.285,-27400000.0,214326000.0,214326000.0,1438100000.0,223200000.0,1.71,0.522,598767000.0,130137000.0,468630000.0,598767000.0,85592000.0,123200000.0,38229000.0,0.0,0.0,310800000.0,434000000.0,0.165,434000000.0,310800000.0,310800000.0,1.38,1.36,1.38,2793312000.0,2731067750.0,2793312000.0,5322986178.0,17.0,12.265,243500000.0,1.507,1.0,1194900000.0,0.454,2416935000.0,0.0,1427413000.0,1376770500.0,359392000.0,80661000.0,80661000.0,0.0,1458257000.0,791662000.0,666595000.0,4888527178.0,-112600000.0,-927500000.0,27200000.0,365700000.0,0.0,390900000.0,-753500000.0,131900000.0,270900000.0,-20900000.0,223200000.0,223200000.0,223200000.0,-24900000.0,0.0,0.085,931400000.0,263500000.0,153475000.0,0.0,1.75,21.902,21.833,280654000.0,0.0,30.13,1.857,1.849,560172000.0,1604475000.0,2633000000.0,2633000000.0,152800000.0,0.056,0.082,0.226,0.118,2800000.0,761700000.0,1.0,162247832.0,161600000,165300000.0,16.293,1834634000.0,79586000.0,87600000.0,120162000.0,11.353,562238000.0
63,TMO,MRT,2005-09-30,2005-10-01,2005-10-01,2021-08-25,58873000.0,4145845000.0,3852851750.0,1261826000.0,2884019000.0,0.65,17.066,-32962000.0,193459000.0,193459000.0,1369412000.0,287912000.0,1.726,0.501,627918000.0,167415000.0,460503000.0,627918000.0,82771000.0,104092000.0,0.0,0.0,0.0,332561000.0,436653000.0,0.174,436653000.0,332561000.0,332561000.0,1.78,1.74,1.78,2761212000.0,2699127250.0,2761212000.0,5523386420.0,17.0,12.649,200715000.0,1.241,1.0,1136167000.0,0.453,2417264000.0,0.0,1432124000.0,1326665250.0,395559000.0,8690000.0,8690000.0,0.0,1384633000.0,730916000.0,653717000.0,4993866420.0,90869000.0,-932699000.0,21739000.0,402706000.0,0.0,422125000.0,-745275000.0,184192000.0,233677000.0,-17684000.0,287912000.0,287912000.0,287912000.0,-124325000.0,0.0,0.115,897871000.0,238296000.0,138900000.0,0.0,1.809,17.345,17.36,288212000.0,0.0,30.9,1.993,1.995,521381000.0,1548070000.0,2505579000.0,2505579000.0,149489000.0,0.075,0.107,0.251,0.133,3824000.0,726383000.0,1.0,161613800.0,161794000,165635000.0,15.486,1728581000.0,55675000.0,44649000.0,74077000.0,10.684,530910000.0
64,TMO,MRT,2005-06-30,2005-07-02,2005-07-02,2021-08-25,65538000.0,4134374000.0,3658266750.0,1237595000.0,2896779000.0,0.647,16.701,-32669000.0,159744000.0,159744000.0,1287060000.0,336714000.0,1.571,0.535,689264000.0,228259000.0,461005000.0,689264000.0,87324000.0,82466000.0,0.0,0.0,0.0,382052000.0,464518000.0,0.196,464518000.0,382052000.0,382052000.0,2.08,2.04,2.08,2693054000.0,2616161250.0,2693054000.0,4194832760.0,11.0,9.031,215705000.0,1.338,1.0,1081423000.0,0.457,2437959000.0,0.0,1438390000.0,1212684500.0,399699000.0,11061000.0,11061000.0,0.0,1441320000.0,787545000.0,653775000.0,4319977760.0,80508000.0,-976566000.0,-134594000.0,462631000.0,0.0,324819000.0,-672140000.0,165653000.0,248374000.0,-18571000.0,336714000.0,336714000.0,336714000.0,-106248000.0,0.0,0.142,842865000.0,238558000.0,138029000.0,0.0,1.604,12.83,12.885,294520000.0,0.0,26.8,1.824,1.825,512648000.0,1490336000.0,2368483000.0,2368483000.0,143579000.0,0.092,0.129,0.315,0.161,3096000.0,685485000.0,1.0,161193200.0,161255000,164658000.0,14.688,1696415000.0,94753000.0,45338000.0,106578000.0,10.52,450050000.0
65,TMO,MRT,2005-03-31,2005-04-02,2005-04-02,2021-08-25,116192000.0,3554463000.0,3498656250.0,1485618000.0,2068845000.0,0.64,16.63,-35303000.0,351560000.0,351560000.0,1207318000.0,367571000.0,2.708,0.328,226415000.0,15500000.0,210915000.0,226415000.0,90628000.0,69023000.0,0.0,0.0,0.0,410009000.0,479032000.0,0.214,479032000.0,410009000.0,410009000.0,2.26,2.21,2.26,2676693000.0,2556497750.0,2676693000.0,3921307875.0,10.0,8.186,212885000.0,1.323,1.0,1032853000.0,0.461,1671644000.0,0.0,1209155000.0,1135523500.0,345605000.0,177043000.0,177043000.0,0.0,877770000.0,548519000.0,329251000.0,4020710875.0,295712000.0,-177634000.0,-169324000.0,-11127000.0,0.0,-181158000.0,44997000.0,83758000.0,248188000.0,-14341000.0,367571000.0,367571000.0,367571000.0,-143286000.0,0.0,0.164,788539000.0,244314000.0,123692000.0,0.0,1.502,10.939,11.062,238030000.0,0.0,25.0,1.795,1.796,458558000.0,1430113000.0,2240171000.0,2240171000.0,136739000.0,0.105,0.144,0.361,0.183,2398000.0,639400000.0,1.0,160828435.0,160957000,164730000.0,13.918,1882819000.0,91558000.0,42438000.0,44974000.0,11.698,937099000.0
66,TMO,MRT,2004-12-31,2004-12-31,2004-12-31,2021-08-25,161366000.0,3576725000.0,3473417250.0,1469654000.0,2107071000.0,0.635,16.34,-44474000.0,326886000.0,326886000.0,1191516000.0,361837000.0,2.539,0.342,227483000.0,15017000.0,212466000.0,227483000.0,77778000.0,66141000.0,47786000.0,0.0,0.0,402689000.0,468830000.0,0.213,468830000.0,402689000.0,402689000.0,2.22,2.17,2.22,2665550000.0,2493790250.0,2665550000.0,4723706557.0,12.0,10.076,220036000.0,1.349,1.0,1014479000.0,0.46,1671602000.0,0.0,1226992000.0,1091327250.0,336711000.0,185369000.0,185369000.0,0.0,911175000.0,578728000.0,332447000.0,4828899557.0,298663000.0,-143010000.0,0.0,0.0,0.0,0.0,34153000.0,53895000.0,264510000.0,0.0,361837000.0,361837000.0,361837000.0,-143470000.0,0.0,0.164,776967000.0,237512000.0,131175000.0,0.0,1.812,13.346,13.599,261041000.0,0.0,30.19,2.189,2.233,469553000.0,1381257000.0,2205995000.0,2205995000.0,134680000.0,0.104,0.145,0.369,0.183,1757000.0,626458000.0,1.0,159950300.0,163133000,167641000.0,13.523,1905123000.0,92929000.0,40852000.0,38042000.0,11.678,890926000.0
67,TMO,MRT,2004-09-30,2004-10-02,2004-10-02,2021-08-25,71692000.0,3367505000.0,3426566500.0,1365792000.0,2001713000.0,0.577,15.041,-43351000.0,335664000.0,335664000.0,1050592000.0,302666000.0,2.162,0.386,230471000.0,15378000.0,215093000.0,230471000.0,73471000.0,59376000.0,0.0,0.0,0.0,369875000.0,429251000.0,0.217,429251000.0,369875000.0,369875000.0,1.85,1.82,1.85,2429348000.0,2422826000.0,2429348000.0,4523039266.0,12.0,10.537,244281000.0,1.512,1.0,927716000.0,0.469,1654278000.0,0.0,976201000.0,1100362000.0,331144000.0,90233000.0,90233000.0,0.0,938157000.0,631833000.0,306324000.0,4583376266.0,100346000.0,-259463000.0,-219831000.0,630765000.0,0.0,-163857000.0,-47176000.0,60396000.0,287632000.0,23747000.0,302666000.0,302666000.0,302666000.0,-67817000.0,0.0,0.153,698826000.0,228890000.0,121240000.0,0.0,1.887,15.143,15.173,246513000.0,0.0,28.07,2.317,2.292,429388000.0,1260158000.0,1978308000.0,1978308000.0,118378000.0,0.088,0.125,0.336,0.187,0.0,553487000.0,1.0,163283800.0,161514000,165570000.0,12.249,1713227000.0,111881000.0,67209000.0,80708000.0,10.607,733959000.0
68,TMO,MRT,2004-06-30,2004-07-03,2004-07-03,2021-08-25,70915000.0,3495932000.0,3365386750.0,1413368000.0,2082564000.0,0.56,14.824,-41272000.0,306617000.0,306617000.0,999056000.0,244645000.0,2.03,0.424,246280000.0,35061000.0,211219000.0,246280000.0,68442000.0,54627000.0,0.0,0.0,0.0,305790000.0,360417000.0,0.191,360417000.0,305790000.0,305790000.0,1.49,1.46,1.49,2454400000.0,2374356500.0,2454400000.0,4826326293.0,16.0,13.391,212523000.0,1.284,1.0,885504000.0,0.47,1609652000.0,0.0,1129746000.0,1140064750.0,323872000.0,65168000.0,65168000.0,0.0,1041532000.0,696197000.0,345335000.0,4920141293.0,20096000.0,-191467000.0,-63397000.0,444064000.0,0.0,-203946000.0,-49851000.0,185045000.0,253795000.0,20098000.0,244645000.0,244645000.0,244645000.0,-68759000.0,0.0,0.13,674389000.0,211115000.0,119815000.0,0.0,2.005,20.111,19.926,246208000.0,0.0,29.69,2.611,2.608,414368000.0,1153622000.0,1884560000.0,1884560000.0,115948000.0,0.073,0.103,0.268,0.162,0.0,522696000.0,1.0,165717120.0,165571000,170521000.0,11.382,1886280000.0,119944000.0,61145000.0,156864000.0,11.393,717171000.0
69,TMO,MRT,2004-03-31,2004-04-03,2004-04-03,2021-08-25,94464000.0,3453507000.0,3311371500.0,1451677000.0,2001830000.0,0.538,14.684,-33370000.0,352994000.0,352994000.0,930473000.0,206704000.0,2.115,0.424,259179000.0,40189000.0,218990000.0,259179000.0,75847000.0,47366000.0,0.0,0.0,0.0,257523000.0,304889000.0,0.171,304889000.0,257523000.0,257523000.0,1.27,1.24,1.27,2425863000.0,2307531000.0,2425863000.0,4815047794.0,19.0,15.793,215616000.0,1.305,1.0,850469000.0,0.478,1640949000.0,0.0,1032370000.0,1162921500.0,364238000.0,91063000.0,91063000.0,0.0,1027644000.0,686373000.0,341271000.0,4857870794.0,12039000.0,-116261000.0,-20996000.0,235457000.0,0.0,-399543000.0,130139000.0,284467000.0,248986000.0,32457000.0,206704000.0,206704000.0,206704000.0,-24059000.0,0.0,0.116,644973000.0,205496000.0,132845000.0,0.0,2.003,23.502,23.094,291592000.0,0.0,29.33,2.728,2.721,458128000.0,1062542000.0,1780942000.0,1780942000.0,111354000.0,0.062,0.09,0.221,0.145,0.0,495153000.0,1.0,165628053.0,165206000,169996000.0,10.78,1812558000.0,115241000.0,50819000.0,132897000.0,10.972,765304000.0
70,TMO,MRT,2003-12-31,2003-12-31,2003-12-31,2021-08-25,83215000.0,3389322000.0,3299638250.0,1395256000.0,1994066000.0,0.576,14.637,-37418000.0,195773000.0,195773000.0,1019476000.0,200009000.0,2.037,0.423,261089000.0,45981000.0,215108000.0,261089000.0,59055000.0,46716000.0,0.0,0.0,0.0,247430000.0,294146000.0,0.155,294146000.0,247430000.0,247430000.0,1.23,1.2,1.23,2381693000.0,2220577500.0,2381693000.0,4150582045.0,17.0,14.111,177327000.0,1.09,1.0,879902000.0,0.463,1506714000.0,0.0,1263131000.0,1300835000.0,302161000.0,222465000.0,222465000.0,0.0,1007629000.0,684793000.0,322836000.0,4103120045.0,-105542000.0,-118497000.0,0.0,0.0,0.0,-663632000.0,308403000.0,465837000.0,214745000.0,34942000.0,200009000.0,200009000.0,200009000.0,-24799000.0,0.0,0.105,692518000.0,187384000.0,102617000.0,0.0,1.723,20.515,20.488,252252000.0,0.0,25.2,2.16,2.159,419625000.0,1019420000.0,1899378000.0,1899378000.0,127996000.0,0.061,0.09,0.19,0.13,0.0,519322000.0,1.0,162822224.0,162713000,170730000.0,11.673,1882608000.0,113006000.0,47421000.0,109867000.0,11.57,710463000.0
71,TMO,MRT,2003-09-30,2003-09-27,2003-09-27,2021-08-25,46905000.0,3122786000.0,3365176500.0,1297750000.0,1825036000.0,0.506,13.754,-26997000.0,207546000.0,207546000.0,898988000.0,225233000.0,2.184,0.397,255008000.0,36165000.0,218843000.0,255008000.0,62484000.0,36011000.0,0.0,0.0,0.0,284156000.0,320167000.0,0.188,320167000.0,284156000.0,284156000.0,1.38,1.33,1.38,2235470000.0,2132723500.0,2235470000.0,3710531668.0,13.0,11.589,179839000.0,1.106,1.0,803225000.0,0.472,1440986000.0,0.0,1135012000.0,1415695500.0,338439000.0,185840000.0,185840000.0,0.0,887316000.0,594250000.0,293066000.0,3524817668.0,-68239000.0,16451000.0,45759000.0,-722679000.0,0.0,-827386000.0,535397000.0,536708000.0,206836000.0,16914000.0,225233000.0,225233000.0,225233000.0,8220000.0,0.0,0.132,615651000.0,187574000.0,94054000.0,0.0,1.577,15.65,15.739,267357000.0,0.0,21.72,2.071,2.074,423945000.0,957492000.0,1702213000.0,1702213000.0,110806000.0,0.067,0.106,0.201,0.167,0.0,472474000.0,1.0,162284423.0,162531000,169155000.0,10.473,1681800000.0,78914000.0,58923000.0,122541000.0,10.348,703500000.0
72,TMO,MRT,2003-06-30,2003-06-28,2003-06-28,2021-08-25,50768000.0,3279871000.0,3502946500.0,1439025000.0,1840846000.0,0.506,13.497,-26653000.0,264442000.0,264442000.0,947678000.0,215735000.0,1.798,0.5,450156000.0,228786000.0,221370000.0,450156000.0,65977000.0,38304000.0,0.0,0.0,0.0,278915000.0,317219000.0,0.179,317219000.0,278915000.0,278915000.0,1.33,1.3,1.33,2187098000.0,2064598500.0,2187098000.0,3892359317.0,14.0,12.27,195352000.0,1.206,1.0,823139000.0,0.465,1444054000.0,0.0,1221173000.0,1613086000.0,343276000.0,281918000.0,281918000.0,0.0,1092773000.0,800358000.0,292415000.0,3464678317.0,-11643000.0,4446000.0,35130000.0,-604170000.0,0.0,-792514000.0,536667000.0,551046000.0,222005000.0,22199000.0,215735000.0,215735000.0,215735000.0,78592000.0,0.0,0.122,632540000.0,190599000.0,93863000.0,0.0,1.584,16.06,16.105,273684000.0,0.0,21.42,1.957,1.96,405598000.0,908977000.0,1770817000.0,1770817000.0,117915000.0,0.062,0.104,0.173,0.158,0.0,489166000.0,1.0,161749688.0,162048000,180340000.0,10.928,1835817000.0,86088000.0,63180000.0,130391000.0,11.329,638667000.0
73,TMO,MRT,2003-03-31,2003-03-29,2003-03-29,2021-08-25,-6122000.0,3406574000.0,3632147500.0,1555769000.0,1850805000.0,0.512,12.761,-30659000.0,249111000.0,249111000.0,1009162000.0,231113000.0,1.871,0.639,676792000.0,246086000.0,430706000.0,676792000.0,70033000.0,42975000.0,0.0,0.0,0.0,309550000.0,352525000.0,0.19,352525000.0,309550000.0,309550000.0,1.4,1.36,1.4,2078049000.0,2021234250.0,2078049000.0,3544711646.0,11.0,10.055,106664000.0,0.655,1.0,849077000.0,0.457,1418926000.0,0.0,1584024000.0,1852127000.0,342246000.0,379100000.0,379100000.0,0.0,1328525000.0,831305000.0,497220000.0,2953688646.0,-106662000.0,-40497000.0,25182000.0,-415212000.0,0.0,-688528000.0,425407000.0,488837000.0,137323000.0,19136000.0,231113000.0,231113000.0,231113000.0,55393000.0,0.0,0.124,676653000.0,172424000.0,105510000.0,0.0,1.421,12.78,12.929,273026000.0,0.0,18.1,1.59,1.586,412411000.0,855838000.0,1858239000.0,1858239000.0,129671000.0,0.064,0.114,0.167,0.167,0.0,509572000.0,1.0,163187218.0,162844000,165614000.0,11.411,1987648000.0,78184000.0,78437000.0,121579000.0,12.206,724464000.0
74,TMO,MRT,2002-12-31,2002-12-28,2002-12-28,2021-08-25,-36704000.0,3651475000.0,3750915250.0,1771559000.0,1879916000.0,0.493,12.044,-31723000.0,339038000.0,339038000.0,1000465000.0,309730000.0,1.605,0.799,930061000.0,484480000.0,445581000.0,930061000.0,58490000.0,43477000.0,0.0,0.0,0.0,407673000.0,451150000.0,0.244,451150000.0,407673000.0,407673000.0,1.84,1.73,1.84,2030277000.0,2003170500.0,2030277000.0,4073850140.0,10.0,9.03,75125000.0,0.446,1.0,848895000.0,0.459,1416205000.0,0.0,1722573000.0,2015729250.0,332804000.0,536430000.0,536430000.0,0.0,1621198000.0,1103720000.0,517478000.0,3270370140.0,-3885000.0,-56359000.0,25335000.0,-264639000.0,0.0,-589525000.0,463330000.0,442915000.0,106848000.0,15462000.0,309730000.0,309730000.0,309730000.0,9059000.0,0.0,0.167,679033000.0,169862000.0,111994000.0,0.0,1.611,10.559,10.87,272908000.0,0.0,20.0,1.768,1.823,429740000.0,819411000.0,1849360000.0,1849360000.0,131976000.0,0.083,0.155,0.202,0.22,0.0,509366000.0,1.0,163518507.0,168572000,186611000.0,10.971,2235270000.0,79057000.0,97943000.0,54663000.0,13.26,667839000.0
75,TMO,MRT,2002-09-30,2002-09-28,2002-09-28,2021-08-25,-33873000.0,3673866000.0,3794314000.0,1783682000.0,1890184000.0,0.547,11.523,-45539000.0,233604000.0,233604000.0,1158397000.0,215710000.0,1.57,0.872,1037084000.0,513975000.0,523109000.0,1037084000.0,57675000.0,66640000.0,0.0,0.0,0.0,283463000.0,350103000.0,0.169,350103000.0,283463000.0,283463000.0,,,,1962970000.0,1972636750.0,1962970000.0,3575021509.0,13.0,10.211,21606000.0,0.127,1.0,918921000.0,0.442,1416979000.0,0.0,1924574000.0,2156482250.0,353418000.0,622653000.0,622653000.0,0.0,1710896000.0,1135793000.0,575103000.0,2708868509.0,-115803000.0,-111348000.0,-472915000.0,-223743000.0,0.0,-680133000.0,493787000.0,595726000.0,67145000.0,3398000.0,215710000.0,215710000.0,215710000.0,0.0,0.0,0.104,850578000.0,68343000.0,101565000.0,,1.38,12.558,,271649000.0,0.0,16.27,1.304,1.334,430321000.0,732259000.0,2077318000.0,2077318000.0,157514000.0,0.057,0.109,0.131,0.136,0.0,573731000.0,1.0,166494684.0,170358000,190399000.0,12.194,2256887000.0,90106000.0,67753000.0,123214000.0,13.248,647889000.0
76,TMO,MRT,2002-06-30,2002-06-29,2002-06-29,2021-08-25,-16928000.0,3796675000.0,3969814750.0,1899745000.0,1896930000.0,0.522,11.767,-56716000.0,234910000.0,234910000.0,1154338000.0,202972000.0,1.761,0.885,1101063000.0,451748000.0,649315000.0,1101063000.0,53021000.0,78357000.0,0.0,0.0,0.0,268171000.0,346528000.0,0.167,346528000.0,268171000.0,268171000.0,,,,2013641000.0,2043634000.0,2013641000.0,3667980638.0,14.0,10.585,-16295000.0,-0.095,1.0,918750000.0,0.443,1406776000.0,0.0,2177337000.0,2537462250.0,360207000.0,741522000.0,741522000.0,0.0,1783034000.0,1078715000.0,704319000.0,2843726638.0,-433934000.0,-86914000.0,-463203000.0,-144779000.0,0.0,-871543000.0,383909000.0,365907000.0,40421000.0,13279000.0,202972000.0,202972000.0,202972000.0,-70370000.0,0.0,0.098,866643000.0,52107000.0,100315000.0,,1.412,14.01,,270802000.0,0.0,16.5,1.372,1.362,431970000.0,693242000.0,2073088000.0,2073088000.0,161923000.0,0.051,0.099,0.106,0.129,0.0,582723000.0,1.0,172347069.0,171122000,186740000.0,12.115,2389899000.0,85055000.0,65199000.0,121327000.0,13.966,821030000.0
77,TMO,MRT,2002-03-31,2002-03-30,2002-03-30,2021-08-25,-44312000.0,3881645000.0,4194876750.0,2050137000.0,1831508000.0,0.502,11.511,-68733000.0,314995000.0,314995000.0,1179423000.0,159438000.0,1.844,0.935,1139249000.0,429872000.0,709377000.0,1139249000.0,53096000.0,89115000.0,0.0,0.007,0.15,206059000.0,295174000.0,0.14,295174000.0,206059000.0,206059000.0,,,,2005794000.0,2153911500.0,2005794000.0,4583054653.0,22.0,15.527,72349000.0,0.415,1.0,927024000.0,0.44,1355644000.0,0.0,2238433000.0,2929532250.0,342473000.0,853805000.0,844230000.0,9575000.0,1875851000.0,1111822000.0,764029000.0,3632107653.0,-169606000.0,-27464000.0,-452141000.0,-137537000.0,0.0,-857705000.0,554299000.0,238070000.0,141082000.0,-7282000.0,159438000.0,159438000.0,159438000.0,-51370000.0,0.0,0.076,895928000.0,31096000.0,104137000.0,,1.811,22.781,,268425000.0,0.0,20.73,1.724,1.715,419556000.0,624725000.0,2106447000.0,2106447000.0,166875000.0,0.038,0.074,0.07,0.098,0.0,598850000.0,1.0,175210210.0,174250000,204189000.0,12.089,2526001000.0,53798000.0,46621000.0,149347000.0,14.496,938315000.0
78,TMO,MRT,2001-12-31,2001-12-29,2001-12-29,2021-08-25,-99290000.0,3825070000.0,4420417000.0,1965210000.0,1859860000.0,0.495,10.568,-73161000.0,297557000.0,297557000.0,1229588000.0,-781000.0,1.721,1.005,1248504000.0,528988000.0,719516000.0,1248504000.0,48166000.0,98521000.0,0.0,0.006,0.15,26785000.0,125306000.0,0.057,125306000.0,26785000.0,26785000.0,,,,1908142000.0,2269852500.0,1908142000.0,5312371490.0,198.0,42.395,117276000.0,0.65,1.0,958622000.0,0.438,1348393000.0,0.0,2285585000.0,3362083000.0,337041000.0,753681000.0,744321000.0,9360000.0,1916928000.0,1142039000.0,774889000.0,4208305490.0,-331052000.0,-52979000.0,-441520000.0,-59999000.0,0.0,-696313000.0,174120000.0,-138701000.0,190437000.0,704000.0,-781000.0,-781000.0,-781000.0,0.0,0.0,0.0,924420000.0,34202000.0,111950000.0,,2.205,-5388.355,,270712000.0,0.0,23.67,1.923,1.953,410960000.0,509681000.0,2188210000.0,2188210000.0,171614000.0,0.0,0.0,0.008,0.012,0.0,620104000.0,1.0,177790684.0,180560000,183916000.0,12.119,2476677000.0,82766000.0,27566000.0,38704000.0,13.717,823171000.0
79,TMO,MRT,2001-09-30,2001-09-29,2001-09-29,2021-08-25,-86529000.0,4375869000.0,4679893750.0,2321888000.0,2053981000.0,0.471,12.464,-78659000.0,340188000.0,340188000.0,1223075000.0,-70112000.0,3.323,0.947,1444254000.0,96050000.0,1348204000.0,1444254000.0,48433000.0,96973000.0,0.0,0.008,0.15,-23105000.0,73868000.0,0.033,73868000.0,-23105000.0,-23105000.0,-0.43,-0.42,-0.43,2246959000.0,2426311000.0,2246959000.0,4337494630.0,-188.0,58.72,132581000.0,0.735,1.0,982446000.0,0.445,1332771000.0,0.0,3448494000.0,3754101750.0,391430000.0,903940000.0,893037000.0,10903000.0,2128910000.0,698670000.0,1430240000.0,3279257630.0,-152286000.0,-20840000.0,79906000.0,-37344000.0,0.0,-448307000.0,74122000.0,-423680000.0,211240000.0,10659000.0,-70112000.0,-70112000.0,-70112000.0,-5212000.0,0.0,-0.032,823645000.0,158801000.0,115610000.0,-0.349,1.459,-46.772,-41.977,293446000.0,0.0,18.05,1.487,1.475,436869000.0,814548000.0,2205521000.0,2205521000.0,172632000.0,-0.015,-0.029,-0.006,-0.01,0.0,621262000.0,1.0,181676323.0,180280000,182823000.0,12.234,3043098000.0,156236000.0,47007000.0,158102000.0,16.88,1623218000.0
80,TMO,MRT,2001-06-30,2001-06-30,2001-06-30,2021-08-25,-126182000.0,4696923000.0,4846485250.0,2428608000.0,2268315000.0,0.462,13.515,-66570000.0,506351000.0,506351000.0,1259221000.0,-84112000.0,3.665,0.913,1564588000.0,84569000.0,1480019000.0,1564588000.0,51402000.0,98067000.0,0.0,0.007,0.15,13848000.0,111915000.0,0.05,111915000.0,13848000.0,13848000.0,-0.51,-0.49,-0.51,2454751000.0,2507018500.0,2454751000.0,5258438705.0,380.0,46.986,181789000.0,1.001,1.0,980308000.0,0.438,1346931000.0,0.0,3745617000.0,3938519500.0,389952000.0,787670000.0,776198000.0,11472000.0,2242172000.0,662612000.0,1579560000.0,3991650705.0,323374000.0,65483000.0,80486000.0,-69511000.0,0.0,-119817000.0,199138000.0,-488215000.0,248359000.0,-4306000.0,-84112000.0,-84112000.0,-84112000.0,-10210000.0,0.0,-0.038,740611000.0,239697000.0,117834000.0,-0.294,1.626,-47.456,-43.176,287148000.0,0.0,22.02,1.782,1.786,427605000.0,985665000.0,2239529000.0,2239529000.0,171281000.0,-0.017,-0.034,0.004,0.006,0.0,625931000.0,1.0,181273874.0,181628000,185056000.0,12.33,3349992000.0,149917000.0,97960000.0,158361000.0,18.444,1765996000.0
81,TMO,MRT,2001-03-31,2001-03-31,2001-03-31,2021-08-25,-115715000.0,4783806000.0,4958884250.0,2314620000.0,2469186000.0,0.459,13.505,-56870000.0,324402000.0,324402000.0,1268512000.0,-84840000.0,3.208,0.937,1591190000.0,93675000.0,1497515000.0,1591190000.0,56822000.0,98168000.0,0.0,0.0,0.0,25549000.0,123717000.0,0.054,123717000.0,25549000.0,25549000.0,-0.49,-0.48,-0.49,2469558000.0,2512069750.0,2469558000.0,5202560934.0,204.0,42.052,141757000.0,0.775,1.0,1008495000.0,0.443,1360409000.0,0.0,3968636000.0,4012577500.0,405150000.0,779382000.0,763364000.0,16018000.0,2314248000.0,721549000.0,1592699000.0,4104663934.0,-103867000.0,-217255000.0,45429000.0,-172217000.0,0.0,-151899000.0,-148073000.0,-330914000.0,198627000.0,-2522000.0,-84840000.0,-84840000.0,-84840000.0,-12767000.0,0.0,-0.037,738943000.0,269552000.0,135430000.0,0.0,1.662,-48.381,-45.878,288156000.0,0.0,22.48,1.803,1.805,450055000.0,960682000.0,2277007000.0,2277007000.0,172677000.0,-0.017,-0.034,0.006,0.011,0.0,637404000.0,1.0,182591812.0,182856000,187177000.0,12.452,3423397000.0,148133000.0,110389000.0,158789000.0,18.722,1593071000.0
82,TMO,MRT,2000-12-31,2000-12-30,2000-12-30,2021-08-25,-96342000.0,4862977000.0,5057229500.0,2465529000.0,2397448000.0,0.451,15.132,-52211000.0,505524000.0,505524000.0,1258686000.0,-36111000.0,3.384,0.919,1603421000.0,103356000.0,1500065000.0,1603421000.0,50341000.0,97486000.0,0.0,0.0,0.0,76106000.0,173592000.0,0.076,173592000.0,76106000.0,76106000.0,-0.22,-0.22,-0.22,2533976000.0,2398243000.0,2533976000.0,6655292332.0,87.0,38.339,147710000.0,0.882,1.0,1021836000.0,0.448,1378663000.0,0.0,3853660000.0,4059222750.0,394152000.0,538439000.0,521329000.0,17110000.0,2329001000.0,728551000.0,1600450000.0,5355241332.0,279037000.0,-165825000.0,14679000.0,-165797000.0,0.0,-137581000.0,229577000.0,49145000.0,199921000.0,-12880000.0,-36111000.0,-36111000.0,-36111000.0,-14228000.0,0.0,-0.016,755821000.0,266015000.0,139662000.0,0.0,2.113,-148.299,-135.227,285878000.0,0.0,29.75,2.348,2.185,449996000.0,1005857000.0,2280522000.0,2280522000.0,176756000.0,-0.007,-0.015,0.019,0.033,0.0,646920000.0,1.0,180008112.0,167462000,170519000.0,13.618,3484314000.0,148051000.0,112217000.0,106035000.0,20.807,1736978000.0
83,TMO,MRT,2000-09-30,2000-09-30,2000-09-30,2021-08-25,-122660000.0,5042235000.0,5109424500.0,2337191000.0,2705044000.0,0.428,14.603,-34575000.0,320958000.0,320958000.0,1177529000.0,36075000.0,3.161,0.962,1621009000.0,120944000.0,1500065000.0,1621009000.0,49594000.0,80318000.0,0.0,0.0,0.0,69978000.0,150296000.0,0.069,150296000.0,69978000.0,193779000.0,0.23,0.22,0.23,2569789000.0,2268128500.0,2569789000.0,5879923866.0,84.0,39.122,197909000.0,1.125,1.0,1008386000.0,0.461,1416739000.0,-123801000.0,4186165000.0,4181710000.0,366147000.0,476675000.0,434422000.0,42253000.0,2472446000.0,739382000.0,1733064000.0,4508668866.0,81846000.0,-189093000.0,-75153000.0,-137280000.0,0.0,-259835000.0,131216000.0,151333000.0,232484000.0,-22019000.0,36075000.0,36075000.0,36075000.0,20619000.0,0.0,0.017,617386000.0,391000000.0,133453000.0,0.0,1.754,124.98,113.043,407090000.0,0.0,26.0,2.063,2.093,487653000.0,1096540000.0,2185915000.0,2185915000.0,180428000.0,0.007,0.016,0.017,0.032,0.0,649508000.0,1.0,173410341.0,175978000,180440000.0,12.422,3625496000.0,154195000.0,157704000.0,243156000.0,20.602,1597809000.0
84,TMO,MRT,2000-06-30,2000-07-01,2000-07-01,2021-08-25,-93031000.0,5146519000.0,5365726000.0,2262943000.0,2883576000.0,0.422,15.863,-49344000.0,281174000.0,281174000.0,1204388000.0,60125000.0,2.537,1.079,1652429000.0,145896000.0,1506533000.0,1652429000.0,51574000.0,83075000.0,0.0,0.0,0.0,52702000.0,135777000.0,0.06,135777000.0,52702000.0,176503000.0,0.39,0.37,0.39,2474956000.0,2131176500.0,2474956000.0,4524446666.0,86.0,33.323,250129000.0,1.603,1.0,1058870000.0,0.468,1583985000.0,-123801000.0,4041849000.0,4515554000.0,408428000.0,340691000.0,298093000.0,42598000.0,2671563000.0,891940000.0,1779623000.0,3282779666.0,-37971000.0,-291893000.0,-107166000.0,-112101000.0,0.0,-268793000.0,-55674000.0,327648000.0,299473000.0,-12977000.0,60125000.0,60125000.0,60125000.0,20700000.0,0.0,0.027,714462000.0,344408000.0,135655000.0,0.0,1.326,54.599,54.0,432353000.0,0.0,21.06,1.45,1.452,525142000.0,1083052000.0,2263258000.0,2263258000.0,183169000.0,0.011,0.028,0.012,0.023,0.0,664358000.0,1.0,155877477.0,156018000,157767000.0,14.506,3562534000.0,160013000.0,116378000.0,215550000.0,22.834,1371003000.0
85,TMO,MRT,2000-03-31,2000-04-01,2000-04-01,2021-08-25,-72910000.0,5177187000.0,5562844000.0,2686787000.0,2490400000.0,0.416,12.845,-58312000.0,533471000.0,533471000.0,1241670000.0,-199318000.0,2.541,1.57,1775138000.0,268605000.0,1506533000.0,1775138000.0,56325000.0,87447000.0,0.0,0.0,0.0,-136240000.0,-48793000.0,-0.021,-48793000.0,-136240000.0,-136240000.0,-1.26,-1.27,-1.26,2014251000.0,2000721250.0,2014251000.0,4748605001.0,-35.0,-97.321,240497000.0,1.534,1.0,1073804000.0,0.464,1206238000.0,0.0,4155217000.0,4628762250.0,387538000.0,477712000.0,426015000.0,51697000.0,3162936000.0,1057399000.0,2105537000.0,3195598001.0,187299000.0,-28169000.0,-113938000.0,-12683000.0,0.0,-183573000.0,75656000.0,235495000.0,298809000.0,-3593000.0,-199318000.0,-199318000.0,-199318000.0,172094000.0,0.0,-0.086,897217000.0,176587000.0,157950000.0,0.0,1.586,-16.033,-16.175,424874000.0,0.0,20.38,1.38,1.38,534569000.0,1057791000.0,2315474000.0,2315474000.0,181512000.0,-0.036,-0.1,-0.029,-0.059,0.0,673788000.0,1.0,156800687.0,156813000,157464000.0,14.766,3970949000.0,165032000.0,63078000.0,258010000.0,25.323,1629388000.0
86,TMO,MRT,1999-12-31,2000-01-01,2000-01-01,2021-08-25,-55925000.0,5071757000.0,5856146750.0,2364141000.0,2707616000.0,0.392,12.745,-51634000.0,237844000.0,237844000.0,1245773000.0,-174573000.0,2.204,1.519,1807113000.0,275308000.0,1531805000.0,1807113000.0,47440000.0,91429000.0,0.0,0.0,0.0,-110145000.0,-18716000.0,-0.008,-18716000.0,-110145000.0,-110145000.0,-1.1,-1.12,-1.1,2013518000.0,2049056000.0,2013518000.0,3804307715.0,-35.0,-203.265,285487000.0,1.807,1.0,1048847000.0,0.457,1224827000.0,0.0,4343609000.0,4794627750.0,365876000.0,561646000.0,555501000.0,6145000.0,3058239000.0,1072590000.0,1985649000.0,2373551715.0,-39455000.0,-378761000.0,-175516000.0,10536000.0,0.0,-286883000.0,-73568000.0,524644000.0,337121000.0,-16125000.0,-174573000.0,-174573000.0,-174573000.0,163325000.0,0.0,-0.076,866743000.0,182104000.0,135442000.0,0.0,1.179,-13.596,-13.636,315647000.0,0.0,15.0,1.034,1.033,552816000.0,1041968000.0,2294620000.0,2294620000.0,171100000.0,-0.03,-0.085,-0.023,-0.048,0.0,658297000.0,1.0,158236781.0,157987000,158223000.0,14.524,3846930000.0,119671000.0,64428000.0,136728000.0,24.35,1291551000.0
87,TMO,MRT,1999-09-30,1999-10-02,1999-10-02,2021-08-25,-57434000.0,6067441000.0,5943472500.0,3016351000.0,3051090000.0,0.139,12.781,24632000.0,424279000.0,424279000.0,410151000.0,-133519000.0,,2.001,1855035000.0,,,1855035000.0,61979000.0,35475000.0,0.0,0.0,0.0,-42604000.0,-7129000.0,-0.009,-7129000.0,-42604000.0,-166405000.0,-0.85,-0.83,-0.85,2021981000.0,2109377000.0,2021981000.0,3869649905.0,-91.0,-542.804,353666000.0,2.236,1.0,413732000.0,0.502,1976656000.0,123801000.0,5521541000.0,4898758000.0,640610000.0,787241000.0,709844000.0,77397000.0,4045460000.0,,,2144978905.0,8192000.0,-366588000.0,-141720000.0,144912000.0,0.0,-214817000.0,-94005000.0,486474000.0,329034000.0,-12020000.0,-133519000.0,-133519000.0,-133519000.0,45989000.0,0.0,-0.162,490478000.0,-76746000.0,289064000.0,0.0,1.061,-16.065,-15.953,725020000.0,0.0,13.56,2.603,2.604,1011930000.0,1045981000.0,823883000.0,823883000.0,-24857000.0,-0.022,-0.063,-0.009,-0.052,0.0,343536000.0,1.0,158184285.0,158198000,158384000.0,5.208,4090785000.0,156287000.0,-32886000.0,184892000.0,25.859,
88,TMO,MRT,1999-06-30,1999-07-03,1999-07-03,2021-08-25,-83604000.0,5934991000.0,5987644000.0,2941764000.0,2993227000.0,0.197,12.361,14695000.0,386864000.0,386864000.0,617165000.0,-152266000.0,2.373,2.039,2111535000.0,171922000.0,1939613000.0,2111535000.0,65824000.0,52878000.0,0.0,0.0,0.0,-47886000.0,4992000.0,0.004,4992000.0,-47886000.0,-171687000.0,-0.97,-0.95,-0.97,1953135000.0,2159200250.0,1953135000.0,4849845638.0,-101.0,971.524,301081000.0,1.905,1.0,559595000.0,0.476,1925437000.0,123801000.0,4494682000.0,4721024000.0,645992000.0,778629000.0,681197000.0,97432000.0,3981856000.0,1239543000.0,2742313000.0,3118237638.0,-224086000.0,-418149000.0,-463924000.0,132997000.0,0.0,-548506000.0,46792000.0,647473000.0,286386000.0,-8758000.0,-152266000.0,-152266000.0,-152266000.0,50906000.0,0.0,-0.129,645747000.0,-86152000.0,282057000.0,0.0,1.597,-20.479,-20.361,710848000.0,0.0,19.75,2.65,2.652,1012740000.0,1009652000.0,1176760000.0,1176760000.0,24968000.0,-0.025,-0.071,-0.01,-0.041,0.0,409945000.0,1.0,157885450.0,158010000,158010000.0,7.447,4009554000.0,156878000.0,-19421000.0,169090000.0,25.375,1702221000.0
89,TMO,MRT,1999-03-31,1999-04-03,1999-04-03,2021-08-25,-64615000.0,6350398000.0,6112948500.0,3067635000.0,3282763000.0,0.244,13.968,325000.0,404195000.0,404195000.0,786533000.0,144707000.0,2.503,1.877,2135803000.0,159800000.0,1976003000.0,2135803000.0,68859000.0,64352000.0,0.0,0.0,0.0,211839000.0,276191000.0,0.185,276191000.0,211839000.0,211839000.0,0.89,0.88,0.89,2207590000.0,2260899750.0,2207590000.0,3863801057.0,18.0,13.99,329914000.0,2.087,1.0,705860000.0,0.473,2037664000.0,0.0,4818679000.0,4849146500.0,683526000.0,828088000.0,753801000.0,74287000.0,4142808000.0,1225663000.0,2917145000.0,2134806057.0,-191469000.0,-529202000.0,-171914000.0,122127000.0,0.0,-253414000.0,-256018000.0,458146000.0,329589000.0,-11626000.0,144707000.0,144707000.0,144707000.0,-97931000.0,0.0,0.097,562727000.0,143133000.0,277387000.0,0.0,0.967,14.753,15.169,894030000.0,0.0,13.5,1.43,1.43,999319000.0,1244840000.0,1492393000.0,1492393000.0,74175000.0,0.024,0.064,0.044,0.142,0.0,457744000.0,1.0,158133782.0,158045000,158270000.0,9.443,4312734000.0,159281000.0,67132000.0,301008000.0,27.288,1841972000.0
90,TMO,MRT,1998-12-31,1999-01-02,1999-01-02,2021-08-25,-10866000.0,5421060000.0,6053075000.0,2926383000.0,2494677000.0,0.311,13.93,-26233000.0,268340000.0,268340000.0,1008115000.0,181901000.0,2.571,1.404,1869027000.0,1869027000.0,1991594000.0,1869027000.0,47441000.0,75169000.0,0.0,0.0,0.0,272392000.0,347561000.0,0.185,347561000.0,272392000.0,272392000.0,1.12,1.08,1.12,2254802000.0,2216632750.0,2254802000.0,4259675111.0,16.0,12.256,302229000.0,1.867,1.0,872791000.0,0.464,1123294000.0,0.0,4760130000.0,4849826250.0,330507000.0,1107224000.0,1059069000.0,48155000.0,3166258000.0,1138323000.0,2945198000.0,2690651111.0,-196910000.0,-192052000.0,-55806000.0,308641000.0,0.0,102178000.0,-632316000.0,-256085000.0,328462000.0,4766000.0,181901000.0,181901000.0,181901000.0,-87701000.0,0.0,0.097,681450000.0,191341000.0,123956000.0,0.0,1.193,14.792,15.125,534249000.0,0.0,16.94,1.431,1.458,501797000.0,1216541000.0,1880906000.0,1880906000.0,127461000.0,0.03,0.082,0.056,0.145,0.0,530406000.0,1.0,158834186.0,161866000,162973000.0,11.62,4297766000.0,86835000.0,90491000.0,169265000.0,26.551,1788060000.0
91,TMO,MRT,1998-09-30,1998-10-03,1998-10-03,2021-08-25,-7022000.0,6244127000.0,6146777250.0,3269275000.0,2974852000.0,0.374,13.597,-75838000.0,416084000.0,416084000.0,1253450000.0,214113000.0,2.913,1.811,1985108000.0,122252000.0,1862856000.0,1985108000.0,60495000.0,112268000.0,0.0,0.0,0.0,357779000.0,470047000.0,0.204,470047000.0,357779000.0,357779000.0,1.33,1.21,1.33,2221274000.0,2152409500.0,2221274000.0,3909151865.0,11.0,8.317,269574000.0,1.65,1.0,1047012000.0,0.455,1880069000.0,0.0,4810605000.0,4733092250.0,619315000.0,1232124000.0,1135876000.0,96248000.0,4022853000.0,1122477000.0,2900376000.0,2490806865.0,-77203000.0,8244000.0,86496000.0,44440000.0,0.0,149662000.0,-578824000.0,-106206000.0,345412000.0,6547000.0,214113000.0,214113000.0,214113000.0,-64663000.0,0.0,0.093,775903000.0,271109000.0,250612000.0,0.0,1.121,11.633,11.278,825020000.0,0.0,15.0,1.083,1.065,915477000.0,1179500000.0,2300462000.0,2300462000.0,158042000.0,0.035,0.099,0.076,0.156,0.0,592829000.0,1.0,166053791.0,163362000,163936000.0,14.082,4364058000.0,134259000.0,143666000.0,265090000.0,26.714,2146798000.0
92,TMO,MRT,1998-06-30,1998-07-04,1998-07-04,2021-08-25,-43948000.0,6436209000.0,,3555566000.0,2880643000.0,,14.202,-71885000.0,610950000.0,610950000.0,1199715000.0,258390000.0,3.419,1.727,2029295000.0,119120000.0,1910175000.0,2029295000.0,60120000.0,101089000.0,0.0,0.0,0.0,411824000.0,512913000.0,0.23,512913000.0,411824000.0,411824000.0,1.63,1.47,1.63,2359933000.0,,2359933000.0,7098393234.0,17.0,13.839,272204000.0,1.638,1.0,1033428000.0,0.463,1807433000.0,0.0,5007172000.0,,599120000.0,1405579000.0,1310377000.0,95202000.0,4076276000.0,1039949000.0,3036327000.0,5625873234.0,322212000.0,30046000.0,214378000.0,304148000.0,0.0,703969000.0,-725607000.0,-293164000.0,344089000.0,-239000.0,258390000.0,258390000.0,258390000.0,-64663000.0,0.0,0.116,703879000.0,329549000.0,248104000.0,0.0,2.384,21.773,21.663,816221000.0,0.0,35.31,2.519,2.627,868700000.0,1161918000.0,2233143000.0,2233143000.0,148839000.0,,,,0.184,0.0,564467000.0,1.0,159328044.0,166168000,183329000.0,13.439,4628776000.0,119649000.0,153434000.0,236743000.0,27.856,2515617000.0
93,TMO,MRT,1998-03-31,1998-04-04,1998-04-04,2021-08-25,-40183000.0,6110904000.0,,3365481000.0,2745423000.0,,12.76,-58013000.0,595664000.0,595664000.0,1161223000.0,252763000.0,3.192,2.01,2068184000.0,136346000.0,1931838000.0,2068184000.0,64983000.0,94235000.0,0.0,0.0,0.0,397130000.0,491365000.0,0.227,491365000.0,397130000.0,397130000.0,1.63,1.47,1.63,2030522000.0,,2030522000.0,7828589682.0,20.0,15.932,248597000.0,1.562,1.0,999137000.0,0.462,1707840000.0,0.0,4821398000.0,,561639000.0,1276930000.0,1194587000.0,82343000.0,4080382000.0,1054186000.0,3026196000.0,6546818682.0,253911000.0,-107523000.0,-9548000.0,433368000.0,0.0,494214000.0,-543726000.0,5148000.0,306610000.0,-3187000.0,252763000.0,252763000.0,252763000.0,-64663000.0,0.0,0.117,673713000.0,325424000.0,249103000.0,0.0,3.224,25.901,25.233,796683000.0,0.0,41.13,3.03,3.03,847708000.0,1100133000.0,2160360000.0,2160360000.0,136667000.0,,,,0.184,0.0,553434000.0,1.0,159173807.0,159131000,176580000.0,13.576,4403064000.0,118384000.0,144367000.0,236036000.0,27.669,2311295000.0
94,TMO,MRT,1997-12-31,1998-01-03,1998-01-03,2021-08-25,-35807000.0,5795869000.0,5468556500.0,3094198000.0,2701671000.0,0.362,13.102,-46379000.0,593580000.0,593580000.0,1058331000.0,239328000.0,2.833,1.901,1875351000.0,176912000.0,1698439000.0,1875351000.0,54999000.0,86093000.0,0.0,0.0,0.0,371298000.0,457391000.0,0.231,457391000.0,371298000.0,371298000.0,1.57,1.41,1.57,1997909000.0,1876139000.0,1997909000.0,,,,222640000.0,1.46,1.0,921271000.0,0.465,1692211000.0,0.0,4293194000.0,4317520500.0,543589000.0,992424000.0,929118000.0,63306000.0,3797960000.0,1092235000.0,2705725000.0,6874716724.0,179176000.0,-450936000.0,8174000.0,211314000.0,0.0,237750000.0,-319828000.0,566791000.0,269019000.0,-7765000.0,239328000.0,239328000.0,239328000.0,-64663000.0,0.0,0.121,624843000.0,296428000.0,251677000.0,0.0,3.441,28.725,27.51,789046000.0,0.0,43.19,3.473,3.327,866774000.0,1034640000.0,1979602000.0,1979602000.0,123890000.0,0.044,0.128,0.086,0.188,0.0,511910000.0,1.0,159173807.0,152489000,176082000.0,12.982,4103658000.0,118182000.0,131970000.0,148725000.0,26.911,2001963000.0
95,TMO,MRT,1997-09-30,1997-09-27,1997-09-27,2021-08-25,,,,,,,,,,,,,,,,,,,,,,0.0,0.0,,,,,,,,,,,,,,,,,,1.0,,,,,,,,,,,,,,,,,,,,,,,,,,,,,,,,,,,,,,,,39.25,,,,,,,,,,,,,,1.0,,150345000,,,,,,,,
96,TMO,MRT,1997-06-30,1997-06-28,1997-06-28,2021-08-25,,,,,,,,,,,,,,,,,,,,,,0.0,0.0,,,,,,,,,,,,,,,,,,1.0,,,,,,,,,,,,,,,,,,,,,,,,,,,,,,,,,,,,,,,,34.13,,,,,,,,,,,,,,1.0,,150174000,,,,,,,,
97,TMO,MRT,1997-03-31,1997-03-29,1997-03-29,2021-08-25,,,,,,,,,,,,,,,,,,,,,,0.0,0.0,,,,,,,,,,,,,,,,,,1.0,,,,,,,,,,,,,,,,,,,,,,,,,,,,,,,,,,,,,,,,32.63,,,,,,,,,,,,,,1.0,,150070000,,,,,,,,
98,TMO,MRT,1996-12-31,1997-01-03,1997-01-03,2021-08-25,7895000.0,5141244000.0,,3131829000.0,2009415000.0,,12.396,-114041000.0,414404000.0,414404000.0,1657746000.0,190816000.0,3.429,1.931,1611154000.0,153787000.0,1457367000.0,1611154000.0,45715000.0,115167000.0,0.0,0.0,0.009,301661000.0,416828000.0,0.142,416828000.0,301661000.0,301661000.0,1.35,1.17,1.35,1754369000.0,,1754369000.0,,,,110464000.0,0.781,1.0,1274812000.0,0.435,1082935000.0,0.0,4341847000.0,,432960000.0,1526282000.0,1431881000.0,94401000.0,3386875000.0,913212000.0,2473663000.0,,-48457000.0,-366317000.0,159901000.0,879342000.0,0.0,1037964000.0,-1311276000.0,-808159000.0,224505000.0,350000.0,190816000.0,190816000.0,190816000.0,0.0,0.0,0.065,1028346000.0,246466000.0,203643000.0,0.007,,,29.356,704447000.0,0.0,39.63,,1.913,693700000.0,795312000.0,2932558000.0,2932558000.0,299271000.0,,,,0.103,0.0,691434000.0,1.0,,141525000,175605000.0,20.721,4058309000.0,129802000.0,110845000.0,143260000.0,28.676,2218617000.0
99,TMO,MRT,1995-12-31,1996-01-03,1996-01-03,2021-08-25,,,,,,,,-58314000.0,,,1239762000.0,139582000.0,,,,,,,,85869000.0,,0.0,0.0,238293000.0,324162000.0,0.143,324162000.0,238293000.0,238293000.0,1.1,0.95,1.1,,,,,,,140782000.0,1.112,1.0,1030529000.0,0.454,,0.0,,,,,,,,,,,79856000.0,-330698000.0,173326000.0,190123000.0,0.0,262124000.0,-384128000.0,24781000.0,199096000.0,2764000.0,139582000.0,139582000.0,139582000.0,0.0,0.0,0.061,805311000.0,225218000.0,,0.0,,,30.527,,0.0,33.58,,1.873,,,2270291000.0,2270291000.0,272809000.0,,,,0.105,0.0,510564000.0,1.0,,126626000,158562000.0,17.929,,,98711000.0,,,
