None,ticker,dimension,calendardate,datekey,reportperiod,lastupdated,accoci,assets,assetsavg,assetsc,assetsnc,assetturnover,bvps,capex,cashneq,cashnequsd,cor,consolinc,currentratio,de,debt,debtc,debtnc,debtusd,deferredrev,depamor,deposits,divyield,dps,ebit,ebitda,ebitdamargin,ebitdausd,ebitusd,ebt,eps,epsdil,epsusd,equity,equityavg,equityusd,ev,evebit,evebitda,fcf,fcfps,fxusd,gp,grossmargin,intangibles,intexp,invcap,invcapavg,inventory,investments,investmentsc,investmentsnc,liabilities,liabilitiesc,liabilitiesnc,marketcap,ncf,ncfbus,ncfcommon,ncfdebt,ncfdiv,ncff,ncfi,ncfinv,ncfo,ncfx,netinc,netinccmn,netinccmnusd,netincdis,netincnci,netmargin,opex,opinc,payables,payoutratio,pb,pe,pe1,ppnenet,prefdivis,price,ps,ps1,receivables,retearn,revenue,revenueusd,rnd,roa,roe,roic,ros,sbcomp,sgna,sharefactor,sharesbas,shareswa,shareswadil,sps,tangibles,taxassets,taxexp,taxliabilities,tbvps,workingcapital
0,NLSN,MRY,2020-12-31,2020-12-31,2020-12-31,2021-07-29,-1105000000.0,14135000000.0,14556250000.0,2224000000.0,11911000000.0,0.432,5.747,-519000000.0,500000000.0,500000000.0,2760000000.0,7000000.0,1.162,5.798,7100000000.0,276000000.0,6824000000.0,7100000000.0,135000000.0,864000000.0,0.0,0.011,0.24,432000000.0,1296000000.0,0.206,1296000000.0,432000000.0,61000000.0,-0.02,-0.02,-0.02,2051000000.0,2037000000.0,2051000000.0,15573564998.0,36.0,12.017,480000000.0,1.345,1.0,3530000000.0,0.561,9343000000.0,371000000.0,9478000000.0,9652750000.0,0.0,0.0,0.0,0.0,11892000000.0,1914000000.0,9978000000.0,7450564998.0,156000000.0,-17000000.0,-9000000.0,-181000000.0,-86000000.0,-307000000.0,-537000000.0,0.0,999000000.0,1000000.0,-6000000.0,-6000000.0,-6000000.0,0.0,13000000.0,-0.001,3064000000.0,466000000.0,499000000.0,-12.0,3.633,-1241.761,-1043.5,431000000.0,0.0,20.87,1.185,1.184,465000000.0,-1216000000.0,6290000000.0,6290000000.0,0.0,0.0,-0.003,0.045,0.069,53000000.0,1872000000.0,1.0,356998802.0,356860635,356860635.0,17.626,4792000000.0,53000000.0,67000000.0,903000000.0,13.428,310000000.0
1,NLSN,MRY,2019-12-31,2019-12-31,2019-12-31,2021-07-29,-1005000000.0,14319000000.0,14998000000.0,1977000000.0,12342000000.0,0.433,6.17,-519000000.0,454000000.0,454000000.0,2822000000.0,-403000000.0,0.79,5.436,8679000000.0,914000000.0,7765000000.0,8679000000.0,345000000.0,756000000.0,0.0,0.055,1.11,-278000000.0,478000000.0,0.074,478000000.0,-278000000.0,-675000000.0,-1.17,-1.17,-1.17,2195000000.0,2482250000.0,2195000000.0,15713948298.0,-57.0,32.874,547000000.0,1.538,1.0,3676000000.0,0.566,10874000000.0,397000000.0,9169000000.0,10051000000.0,0.0,0.0,0.0,0.0,11931000000.0,2501000000.0,9430000000.0,7222948298.0,-70000000.0,-44000000.0,-4000000.0,-117000000.0,-395000000.0,-544000000.0,-582000000.0,0.0,1066000000.0,-10000000.0,-415000000.0,-415000000.0,-415000000.0,0.0,12000000.0,-0.064,3769000000.0,-93000000.0,1182000000.0,-0.949,3.291,-17.405,-17.35,859000000.0,0.0,20.3,1.112,1.111,1103000000.0,-1210000000.0,6498000000.0,6498000000.0,0.0,-0.028,-0.167,-0.028,-0.043,50000000.0,1929000000.0,1.0,355810261.0,355731862,355731862.0,18.267,3445000000.0,276000000.0,-260000000.0,1112000000.0,9.684,-524000000.0
2,NLSN,MRY,2018-12-31,2018-12-31,2018-12-31,2021-07-29,-1110000000.0,15179000000.0,16358750000.0,2003000000.0,13176000000.0,0.398,8.006,-516000000.0,524000000.0,524000000.0,2805000000.0,-700000000.0,1.209,4.263,8387000000.0,107000000.0,8280000000.0,8387000000.0,355000000.0,675000000.0,0.0,0.06,1.39,-500000000.0,175000000.0,0.027,175000000.0,-500000000.0,-894000000.0,-2.0,-2.0,-2.0,2847000000.0,3792750000.0,2847000000.0,16446760856.0,-33.0,93.981,542000000.0,1.524,1.0,3710000000.0,0.569,12011000000.0,394000000.0,9374000000.0,9551250000.0,0.0,0.0,0.0,0.0,12136000000.0,1657000000.0,10479000000.0,8281760856.0,-132000000.0,8000000.0,-50000000.0,-114000000.0,-494000000.0,-676000000.0,-506000000.0,0.0,1058000000.0,-8000000.0,-712000000.0,-712000000.0,-712000000.0,0.0,12000000.0,-0.109,4185000000.0,-475000000.0,1119000000.0,-0.695,2.909,-11.632,-11.665,468000000.0,0.0,23.33,1.271,1.273,1118000000.0,-795000000.0,6515000000.0,6515000000.0,0.0,-0.044,-0.188,-0.052,-0.077,35000000.0,1958000000.0,1.0,354983320.0,355601564,355601564.0,18.321,3168000000.0,333000000.0,-182000000.0,1184000000.0,8.909,346000000.0
3,NLSN,MRY,2017-12-31,2017-12-31,2017-12-31,2021-07-29,-940000000.0,16866000000.0,16569250000.0,2282000000.0,14584000000.0,0.397,11.9,-447000000.0,656000000.0,656000000.0,2765000000.0,440000000.0,1.345,2.927,8441000000.0,84000000.0,8357000000.0,8441000000.0,361000000.0,640000000.0,0.0,0.037,1.33,1191000000.0,1831000000.0,0.279,1831000000.0,1191000000.0,817000000.0,1.2,1.2,1.2,4245000000.0,4204500000.0,4245000000.0,20746515200.0,17.0,11.331,863000000.0,2.419,1.0,3807000000.0,0.579,13572000000.0,374000000.0,9382000000.0,9423500000.0,0.0,0.0,0.0,0.0,12423000000.0,1697000000.0,10726000000.0,12964515200.0,-98000000.0,-776000000.0,-113000000.0,394000000.0,-474000000.0,-215000000.0,-1236000000.0,0.0,1310000000.0,43000000.0,429000000.0,429000000.0,429000000.0,0.0,11000000.0,0.065,2593000000.0,1214000000.0,1141000000.0,1.108,3.054,30.22,30.333,482000000.0,0.0,36.4,1.973,1.976,1280000000.0,411000000.0,6572000000.0,6572000000.0,0.0,0.026,0.102,0.126,0.181,45000000.0,1873000000.0,1.0,356168000.0,356714940,358052433.0,18.424,3294000000.0,170000000.0,388000000.0,1546000000.0,9.234,585000000.0
4,NLSN,MRY,2016-12-31,2016-12-31,2016-12-31,2021-07-29,-1211000000.0,15730000000.0,15684000000.0,2222000000.0,13508000000.0,0.402,11.432,-391000000.0,754000000.0,754000000.0,2607000000.0,507000000.0,1.394,2.788,7926000000.0,188000000.0,7738000000.0,7926000000.0,297000000.0,603000000.0,0.0,0.029,1.21,1144000000.0,1747000000.0,0.277,1747000000.0,1144000000.0,811000000.0,1.4,1.39,1.4,4102000000.0,4284750000.0,4102000000.0,22505184641.0,20.0,12.882,905000000.0,2.522,1.0,3702000000.0,0.587,12581000000.0,333000000.0,8727000000.0,8471750000.0,0.0,0.0,0.0,0.0,11437000000.0,1594000000.0,9843000000.0,14994184641.0,397000000.0,-251000000.0,-336000000.0,533000000.0,-434000000.0,-248000000.0,-642000000.0,0.0,1296000000.0,-9000000.0,502000000.0,502000000.0,502000000.0,0.0,5000000.0,0.08,2572000000.0,1130000000.0,1012000000.0,0.864,3.655,29.869,29.964,471000000.0,0.0,41.95,2.377,2.386,1171000000.0,456000000.0,6309000000.0,6309000000.0,0.0,0.032,0.117,0.135,0.181,51000000.0,1864000000.0,1.0,357429908.0,358830080,362167129.0,17.582,3149000000.0,127000000.0,309000000.0,1272000000.0,8.776,628000000.0
5,NLSN,MRY,2015-12-31,2015-12-31,2015-12-31,2021-07-29,-1059000000.0,15303000000.0,15358250000.0,1908000000.0,13395000000.0,0.402,12.079,-401000000.0,357000000.0,357000000.0,2539000000.0,575000000.0,1.131,2.408,7338000000.0,310000000.0,7028000000.0,7338000000.0,322000000.0,574000000.0,0.0,0.023,1.09,1264000000.0,1838000000.0,0.298,1838000000.0,1264000000.0,953000000.0,1.55,1.54,1.55,4433000000.0,4576000000.0,4433000000.0,24060100097.0,19.0,13.09,808000000.0,2.202,1.0,3633000000.0,0.589,12555000000.0,311000000.0,8042000000.0,8393750000.0,0.0,0.0,0.0,0.0,10676000000.0,1687000000.0,8989000000.0,16965100097.0,84000000.0,-216000000.0,-595000000.0,510000000.0,-408000000.0,-492000000.0,-581000000.0,0.0,1209000000.0,-52000000.0,570000000.0,570000000.0,570000000.0,0.0,5000000.0,0.092,2540000000.0,1093000000.0,1013000000.0,0.703,3.827,29.763,30.065,490000000.0,0.0,46.6,2.749,2.771,1235000000.0,341000000.0,6172000000.0,6172000000.0,0.0,0.037,0.125,0.151,0.205,48000000.0,1915000000.0,1.0,364057942.0,366996788,370957804.0,16.818,2748000000.0,78000000.0,383000000.0,1116000000.0,7.488,221000000.0
6,NLSN,MRY,2014-12-31,2014-12-31,2014-12-31,2021-07-29,-777000000.0,15326000000.0,15429000000.0,2011000000.0,13315000000.0,0.408,13.329,-412000000.0,273000000.0,273000000.0,2620000000.0,381000000.0,1.121,2.016,6812000000.0,393000000.0,6419000000.0,6812000000.0,304000000.0,573000000.0,0.0,0.021,0.95,920000000.0,1493000000.0,0.237,1493000000.0,920000000.0,620000000.0,1.01,1.0,1.01,5056000000.0,5537250000.0,5056000000.0,23296440065.0,25.0,15.604,681000000.0,1.795,1.0,3668000000.0,0.583,12386000000.0,300000000.0,7685000000.0,7702750000.0,0.0,0.0,0.0,0.0,10193000000.0,1794000000.0,8399000000.0,17045440065.0,-291000000.0,-320000000.0,-363000000.0,212000000.0,-356000000.0,-585000000.0,-732000000.0,0.0,1093000000.0,-67000000.0,384000000.0,384000000.0,384000000.0,0.0,-3000000.0,0.061,2579000000.0,1089000000.0,1035000000.0,0.941,3.371,44.389,44.287,533000000.0,0.0,44.73,2.711,2.698,1241000000.0,-128000000.0,6288000000.0,6288000000.0,0.0,0.025,0.069,0.119,0.146,47000000.0,1917000000.0,1.0,381074001.0,379333037,384371452.0,16.576,2940000000.0,83000000.0,236000000.0,1087000000.0,7.75,217000000.0
7,NLSN,MRY,2013-12-31,2013-12-31,2013-12-31,2021-07-29,-387000000.0,15530000000.0,15050250000.0,2134000000.0,13396000000.0,0.379,15.245,-374000000.0,564000000.0,564000000.0,2398000000.0,736000000.0,1.39,1.697,6640000000.0,148000000.0,6492000000.0,6640000000.0,306000000.0,521000000.0,0.0,0.016,0.72,1140000000.0,1661000000.0,0.291,1661000000.0,1140000000.0,831000000.0,1.97,1.94,1.97,5729000000.0,5531750000.0,5729000000.0,23476920641.0,21.0,14.134,527000000.0,1.402,1.0,3305000000.0,0.58,12465000000.0,309000000.0,7606000000.0,7314250000.0,0.0,0.0,0.0,0.0,9723000000.0,1535000000.0,8188000000.0,17331920641.0,276000000.0,-314000000.0,74000000.0,309000000.0,-265000000.0,83000000.0,-687000000.0,0.0,901000000.0,-21000000.0,740000000.0,740000000.0,740000000.0,-305000000.0,-4000000.0,0.13,2444000000.0,861000000.0,1026000000.0,0.365,3.025,23.422,23.294,560000000.0,0.0,45.89,3.039,3.024,1196000000.0,-512000000.0,5703000000.0,5703000000.0,0.0,0.049,0.134,0.156,0.2,47000000.0,1815000000.0,1.0,377684041.0,375797629,380927966.0,15.176,3065000000.0,115000000.0,91000000.0,919000000.0,8.156,599000000.0
8,NLSN,MRY,2012-12-31,2012-12-31,2012-12-31,2021-07-29,-333000000.0,14585000000.0,14505750000.0,1676000000.0,12909000000.0,0.373,13.627,-358000000.0,288000000.0,288000000.0,2225000000.0,272000000.0,0.957,1.949,6584000000.0,355000000.0,6229000000.0,6584000000.0,373000000.0,520000000.0,0.0,0.0,0.0,785000000.0,1305000000.0,0.241,1305000000.0,785000000.0,395000000.0,0.75,0.75,0.75,4930000000.0,4862750000.0,4930000000.0,17433789569.0,22.0,13.359,426000000.0,1.177,1.0,3182000000.0,0.588,11907000000.0,390000000.0,7223000000.0,7417750000.0,0.0,0.0,0.0,0.0,9607000000.0,1751000000.0,7856000000.0,11078789569.0,-31000000.0,-164000000.0,29000000.0,-229000000.0,0.0,-298000000.0,-522000000.0,0.0,784000000.0,5000000.0,273000000.0,273000000.0,273000000.0,-30000000.0,-1000000.0,0.05,2302000000.0,880000000.0,967000000.0,0.0,2.247,40.582,40.787,560000000.0,0.0,30.59,2.049,2.047,1110000000.0,-1252000000.0,5407000000.0,5407000000.0,0.0,0.019,0.056,0.106,0.145,34000000.0,1724000000.0,1.0,362170303.0,361787868,366310984.0,14.945,2678000000.0,170000000.0,122000000.0,1062000000.0,7.402,-75000000.0
9,NLSN,MRY,2011-12-31,2011-12-31,2011-12-31,2021-07-29,-299000000.0,14504000000.0,14640500000.0,1665000000.0,12839000000.0,0.364,13.144,-367000000.0,319000000.0,319000000.0,2188000000.0,87000000.0,0.984,2.129,6763000000.0,144000000.0,6619000000.0,6763000000.0,443000000.0,529000000.0,0.0,0.0,0.0,539000000.0,1068000000.0,0.2,1068000000.0,539000000.0,90000000.0,0.24,0.23,0.24,4633000000.0,4592750000.0,4633000000.0,17272399691.0,32.0,16.173,274000000.0,0.777,1.0,3140000000.0,0.589,11716000000.0,449000000.0,7540000000.0,7815750000.0,0.0,0.0,0.0,0.0,9863000000.0,1692000000.0,8171000000.0,10665399691.0,-102000000.0,-118000000.0,1809000000.0,-1839000000.0,0.0,-250000000.0,-486000000.0,0.0,641000000.0,-7000000.0,84000000.0,84000000.0,84000000.0,-26000000.0,3000000.0,0.016,2414000000.0,726000000.0,1025000000.0,0.0,2.302,126.969,123.708,609000000.0,0.0,29.69,2.002,1.964,1080000000.0,-1525000000.0,5328000000.0,5328000000.0,0.0,0.006,0.018,0.069,0.101,27000000.0,1829000000.0,1.0,359225318.0,352469181,357501954.0,15.116,2788000000.0,198000000.0,6000000.0,1076000000.0,7.91,-27000000.0
10,NLSN,MRY,2010-12-31,2010-12-31,2010-12-31,2021-07-29,-96000000.0,14429000000.0,14514500000.0,1654000000.0,12775000000.0,0.353,10.441,-334000000.0,421000000.0,421000000.0,2129000000.0,132000000.0,1.029,3.995,8558000000.0,94000000.0,8464000000.0,8558000000.0,452000000.0,558000000.0,0.0,,0.0,744000000.0,1302000000.0,0.254,1302000000.0,744000000.0,84000000.0,0.47,0.46,0.47,2887000000.0,2842500000.0,2887000000.0,,,,209000000.0,0.756,1.0,2997000000.0,0.585,11703000000.0,660000000.0,9256000000.0,9280000000.0,0.0,0.0,0.0,0.0,11533000000.0,1607000000.0,9926000000.0,,-93000000.0,-38000000.0,-10000000.0,-167000000.0,-2000000.0,-263000000.0,-365000000.0,0.0,543000000.0,-8000000.0,130000000.0,130000000.0,130000000.0,22000000.0,2000000.0,0.025,2267000000.0,730000000.0,962000000.0,0.0,,,,599000000.0,0.0,,,,1014000000.0,-1609000000.0,5126000000.0,5126000000.0,0.0,0.009,0.046,0.08,0.145,18000000.0,1648000000.0,1.0,347629277.0,276499073,279652586.0,18.539,2726000000.0,61000000.0,-46000000.0,1041000000.0,9.859,47000000.0
11,NLSN,MRY,2009-12-31,2009-12-31,2009-12-31,2021-07-29,-48000000.0,14600000000.0,14845500000.0,1646000000.0,12954000000.0,0.324,10.215,-282000000.0,514000000.0,514000000.0,2023000000.0,-489000000.0,1.014,4.213,8655000000.0,107000000.0,8548000000.0,8655000000.0,435000000.0,562000000.0,0.0,,0.0,-41000000.0,521000000.0,0.108,521000000.0,-41000000.0,-688000000.0,-1.79,-1.79,-1.79,2798000000.0,2395500000.0,2798000000.0,,,,235000000.0,0.858,1.0,2785000000.0,0.579,11813000000.0,647000000.0,9304000000.0,9521000000.0,0.0,0.0,0.0,0.0,11788000000.0,1624000000.0,10164000000.0,,47000000.0,34000000.0,-1000000.0,-98000000.0,0.0,-271000000.0,-227000000.0,0.0,517000000.0,28000000.0,-491000000.0,-491000000.0,-491000000.0,61000000.0,2000000.0,-0.102,2669000000.0,116000000.0,1000000000.0,0.0,,,,593000000.0,0.0,,,,937000000.0,-1739000000.0,4808000000.0,4808000000.0,0.0,-0.033,-0.205,-0.004,-0.009,14000000.0,1523000000.0,1.0,347629277.0,273905810,273905810.0,17.553,2787000000.0,50000000.0,-197000000.0,1147000000.0,10.175,22000000.0
12,NLSN,MRY,2008-12-31,2008-12-31,2008-12-31,2021-07-29,-474000000.0,15091000000.0,,1614000000.0,13477000000.0,,8.792,-370000000.0,467000000.0,467000000.0,2057000000.0,-589000000.0,0.801,6.564,9384000000.0,419000000.0,8965000000.0,9384000000.0,438000000.0,504000000.0,0.0,,0.0,148000000.0,652000000.0,0.136,652000000.0,148000000.0,-553000000.0,-2.61,-2.61,-2.61,1993000000.0,,1993000000.0,,,,-53000000.0,-0.234,1.0,2749000000.0,0.572,12255000000.0,701000000.0,9738000000.0,,0.0,0.0,0.0,0.0,13082000000.0,2015000000.0,11067000000.0,,65000000.0,-215000000.0,7000000.0,439000000.0,0.0,367000000.0,-591000000.0,0.0,317000000.0,-28000000.0,-589000000.0,-589000000.0,-589000000.0,275000000.0,0.0,-0.123,2329000000.0,420000000.0,1020000000.0,0.0,,,,603000000.0,0.0,,,,958000000.0,-1248000000.0,4806000000.0,4806000000.0,0.0,,,,0.031,18000000.0,1616000000.0,1.0,,226674754,226674754.0,21.202,2836000000.0,43000000.0,36000000.0,1454000000.0,12.511,-401000000.0
13,NLSN,MRY,2007-12-31,2007-12-31,2007-12-31,2021-07-29,,,,,,,,-266000000.0,,,1992000000.0,-354000000.0,,,,,,,,457000000.0,,,0.0,349000000.0,806000000.0,0.181,806000000.0,349000000.0,-342000000.0,-1.57,-1.57,-1.57,,,,,,,-33000000.0,-0.147,1.0,2466000000.0,0.553,,691000000.0,,,,,,,,,,,-230000000.0,-392000000.0,45000000.0,-85000000.0,0.0,9000000.0,-517000000.0,135000000.0,233000000.0,45000000.0,-354000000.0,-354000000.0,-354000000.0,-10000000.0,0.0,-0.079,2090000000.0,376000000.0,,0.0,,,,,0.0,,,,,,4458000000.0,4458000000.0,0.0,,,,0.078,52000000.0,1506000000.0,1.0,,225017365,225017365.0,19.812,,,12000000.0,,,
0,NLSN,MRQ,2021-06-30,2021-06-30,2021-06-30,2021-07-29,-750000000.0,11031000000.0,,1196000000.0,9835000000.0,,8.41,-72000000.0,410000000.0,410000000.0,292000000.0,78000000.0,1.623,2.593,6021000000.0,36000000.0,5985000000.0,6021000000.0,139000000.0,126000000.0,0.0,0.01,0.06,181000000.0,307000000.0,0.357,307000000.0,181000000.0,112000000.0,0.21,0.21,0.21,3016000000.0,,3016000000.0,14530124222.0,12.0,7.525,141000000.0,0.393,1.0,569000000.0,0.661,9207000000.0,69000000.0,6698000000.0,,0.0,0.0,0.0,0.0,7821000000.0,737000000.0,7084000000.0,8844124222.0,-787000000.0,34000000.0,-1000000.0,-935000000.0,-22000000.0,-961000000.0,-38000000.0,0.0,213000000.0,-1000000.0,76000000.0,76000000.0,76000000.0,10000000.0,2000000.0,0.088,350000000.0,219000000.0,479000000.0,0.286,2.932,12.799,12.849,406000000.0,0.0,24.67,1.783,1.784,507000000.0,-567000000.0,861000000.0,861000000.0,0.0,,,,,9000000.0,218000000.0,1.0,358497131.0,358620131,360417035.0,2.401,1824000000.0,50000000.0,36000000.0,763000000.0,5.086,459000000.0
1,NLSN,MRQ,2021-03-31,2021-03-31,2021-03-31,2021-07-29,-726000000.0,11884000000.0,,2020000000.0,9864000000.0,,8.317,-86000000.0,1197000000.0,1197000000.0,277000000.0,576000000.0,1.281,2.927,6883000000.0,866000000.0,6017000000.0,6883000000.0,148000000.0,163000000.0,0.0,0.01,0.06,713000000.0,876000000.0,1.015,876000000.0,713000000.0,633000000.0,1.6,1.59,1.6,2977000000.0,,2977000000.0,17053457759.0,16.0,8.929,-131000000.0,-0.366,1.0,586000000.0,0.679,9248000000.0,80000000.0,6745000000.0,,0.0,0.0,0.0,0.0,8714000000.0,1577000000.0,7137000000.0,8998457759.0,587000000.0,2245000000.0,-7000000.0,-1492000000.0,-21000000.0,-1523000000.0,2158000000.0,0.0,-45000000.0,-3000000.0,573000000.0,573000000.0,573000000.0,-467000000.0,3000000.0,0.664,333000000.0,253000000.0,487000000.0,0.037,3.023,15.382,15.429,403000000.0,0.0,25.15,1.833,1.834,504000000.0,-643000000.0,863000000.0,863000000.0,0.0,,,,,8000000.0,206000000.0,1.0,357791561.0,357944731,360189322.0,2.411,2636000000.0,48000000.0,60000000.0,763000000.0,7.364,443000000.0
2,NLSN,MRQ,2020-12-31,2020-12-31,2020-12-31,2021-07-29,-1105000000.0,14135000000.0,,2224000000.0,11911000000.0,,5.738,-174000000.0,500000000.0,500000000.0,712000000.0,36000000.0,1.162,5.798,7100000000.0,276000000.0,6824000000.0,7100000000.0,135000000.0,209000000.0,0.0,0.011,0.06,154000000.0,363000000.0,0.217,363000000.0,154000000.0,60000000.0,0.09,0.09,0.09,2051000000.0,,2051000000.0,15573564998.0,36.0,12.017,163000000.0,0.456,1.0,960000000.0,0.574,9343000000.0,94000000.0,9478000000.0,,0.0,0.0,0.0,0.0,11892000000.0,1914000000.0,9978000000.0,7450564998.0,-1640000000.0,-1000000.0,-6000000.0,-1793000000.0,-22000000.0,-1823000000.0,-172000000.0,0.0,337000000.0,18000000.0,35000000.0,35000000.0,35000000.0,0.0,1000000.0,0.021,794000000.0,166000000.0,499000000.0,0.667,3.633,-1241.761,-1043.5,431000000.0,0.0,20.87,1.185,1.184,465000000.0,-1216000000.0,1672000000.0,1672000000.0,0.0,,,,,9000000.0,455000000.0,1.0,356998802.0,357459039,357459039.0,4.677,4792000000.0,53000000.0,25000000.0,903000000.0,13.406,310000000.0
3,NLSN,MRQ,2020-09-30,2020-09-30,2020-09-30,2021-07-29,-1105000000.0,15775000000.0,,3778000000.0,11997000000.0,,5.693,-113000000.0,2250000000.0,2250000000.0,663000000.0,10000000.0,1.104,6.671,10373000000.0,1885000000.0,8488000000.0,10373000000.0,324000000.0,217000000.0,0.0,0.017,0.06,168000000.0,385000000.0,0.246,385000000.0,168000000.0,76000000.0,0.02,0.02,0.02,2032000000.0,,2032000000.0,13413771210.0,36.0,10.861,304000000.0,0.852,1.0,900000000.0,0.576,10644000000.0,92000000.0,9833000000.0,,0.0,0.0,0.0,0.0,13555000000.0,3421000000.0,10134000000.0,5058771210.0,1812000000.0,12000000.0,0.0,1534000000.0,-21000000.0,1495000000.0,-103000000.0,0.0,417000000.0,3000000.0,7000000.0,7000000.0,7000000.0,0.0,3000000.0,0.004,726000000.0,174000000.0,1161000000.0,3.0,2.49,-33.725,-33.762,759000000.0,0.0,14.18,1.031,1.031,1094000000.0,-1251000000.0,1563000000.0,1563000000.0,0.0,,,,,17000000.0,451000000.0,1.0,356753964.0,356913312,358443308.0,4.379,5131000000.0,288000000.0,69000000.0,1055000000.0,14.376,357000000.0
4,NLSN,MRQ,2020-06-30,2020-06-30,2020-06-30,2021-07-29,-1112000000.0,14122000000.0,,2073000000.0,12049000000.0,,5.666,-120000000.0,438000000.0,438000000.0,302000000.0,-26000000.0,1.183,5.896,8793000000.0,291000000.0,8502000000.0,8793000000.0,361000000.0,224000000.0,0.0,0.036,0.06,62000000.0,286000000.0,0.353,286000000.0,62000000.0,-21000000.0,-0.08,-0.08,-0.08,2021000000.0,,2021000000.0,13714227282.0,-25.0,48.29,130000000.0,0.364,1.0,509000000.0,0.628,10682000000.0,83000000.0,10043000000.0,,0.0,0.0,0.0,0.0,11915000000.0,1752000000.0,10163000000.0,5297227282.0,79000000.0,-1000000.0,0.0,-32000000.0,-22000000.0,-61000000.0,-120000000.0,0.0,250000000.0,10000000.0,-30000000.0,-30000000.0,-30000000.0,58000000.0,4000000.0,-0.037,390000000.0,119000000.0,1100000000.0,-0.75,2.621,-8.422,-8.395,779000000.0,0.0,14.86,1.068,1.069,1131000000.0,-1258000000.0,811000000.0,811000000.0,0.0,,,,,11000000.0,173000000.0,1.0,356475591.0,356672845,357358150.0,2.274,3440000000.0,276000000.0,9000000.0,1016000000.0,9.645,321000000.0
5,NLSN,MRQ,2020-03-31,2020-03-31,2020-03-31,2021-07-29,-1130000000.0,14193000000.0,,2014000000.0,12179000000.0,,5.735,-112000000.0,359000000.0,359000000.0,324000000.0,-13000000.0,0.784,5.852,8776000000.0,1054000000.0,7722000000.0,8776000000.0,402000000.0,214000000.0,0.0,0.065,0.06,90000000.0,304000000.0,0.361,304000000.0,90000000.0,7000000.0,-0.05,-0.05,-0.05,2044000000.0,,2044000000.0,12693865856.0,-35.0,29.589,-117000000.0,-0.328,1.0,518000000.0,0.615,10785000000.0,83000000.0,9257000000.0,,0.0,0.0,0.0,0.0,11962000000.0,2568000000.0,9394000000.0,4468865856.0,-95000000.0,-27000000.0,-3000000.0,110000000.0,-21000000.0,82000000.0,-142000000.0,0.0,-5000000.0,-30000000.0,-18000000.0,-18000000.0,-18000000.0,73000000.0,5000000.0,-0.021,341000000.0,177000000.0,1077000000.0,-1.2,2.186,-9.388,-9.358,804000000.0,0.0,12.54,0.774,0.774,1182000000.0,-1228000000.0,842000000.0,842000000.0,0.0,,,,,16000000.0,202000000.0,1.0,356368888.0,356389022,357661380.0,2.363,3408000000.0,267000000.0,25000000.0,1066000000.0,9.563,-554000000.0
6,NLSN,MRQ,2019-12-31,2019-12-31,2019-12-31,2021-07-29,-1005000000.0,14319000000.0,,1977000000.0,12342000000.0,,6.165,-177000000.0,454000000.0,454000000.0,734000000.0,-108000000.0,0.79,5.436,8679000000.0,914000000.0,7765000000.0,8679000000.0,345000000.0,206000000.0,0.0,0.055,0.06,54000000.0,260000000.0,0.154,260000000.0,54000000.0,-44000000.0,-0.31,-0.31,-0.31,2195000000.0,,2195000000.0,15713948298.0,-57.0,32.874,293000000.0,0.823,1.0,957000000.0,0.566,10874000000.0,98000000.0,9169000000.0,,0.0,0.0,0.0,0.0,11931000000.0,2501000000.0,9430000000.0,7222948298.0,65000000.0,18000000.0,-2000000.0,-219000000.0,-22000000.0,-254000000.0,-160000000.0,0.0,470000000.0,9000000.0,-109000000.0,-109000000.0,-109000000.0,0.0,1000000.0,-0.064,733000000.0,224000000.0,1182000000.0,-0.194,3.291,-17.405,-17.35,859000000.0,0.0,20.3,1.112,1.111,1103000000.0,-1210000000.0,1691000000.0,1691000000.0,0.0,,,,,11000000.0,499000000.0,1.0,355810261.0,356064985,356064985.0,4.749,3445000000.0,276000000.0,65000000.0,1112000000.0,9.675,-524000000.0
7,NLSN,MRQ,2019-09-30,2019-09-30,2019-09-30,2021-07-29,-1166000000.0,14343000000.0,,1947000000.0,12396000000.0,,6.057,-112000000.0,389000000.0,389000000.0,694000000.0,-468000000.0,1.097,5.564,8880000000.0,298000000.0,8582000000.0,8880000000.0,316000000.0,186000000.0,0.0,0.066,0.35,-752000000.0,-566000000.0,-0.35,-566000000.0,-752000000.0,-852000000.0,-1.33,-1.33,-1.33,2155000000.0,,2155000000.0,16228063299.0,-11.0,-20.594,301000000.0,0.846,1.0,922000000.0,0.571,10884000000.0,100000000.0,10175000000.0,,0.0,0.0,0.0,0.0,11990000000.0,1775000000.0,10215000000.0,7558063299.0,-4000000.0,-2000000.0,0.0,-135000000.0,-124000000.0,-268000000.0,-132000000.0,0.0,413000000.0,-17000000.0,-472000000.0,-472000000.0,-472000000.0,0.0,4000000.0,-0.292,1662000000.0,-740000000.0,1087000000.0,-0.263,3.507,-6.008,-6.02,848000000.0,0.0,21.25,1.169,1.169,1146000000.0,-1101000000.0,1616000000.0,1616000000.0,0.0,,,,,13000000.0,467000000.0,1.0,355673567.0,355779274,355779274.0,4.542,3459000000.0,322000000.0,-380000000.0,1142000000.0,9.722,172000000.0
8,NLSN,MRQ,2019-06-30,2019-06-30,2019-06-30,2021-07-29,-1115000000.0,15588000000.0,,2026000000.0,13562000000.0,,7.842,-108000000.0,393000000.0,393000000.0,699000000.0,126000000.0,1.073,4.518,9063000000.0,412000000.0,8651000000.0,9063000000.0,363000000.0,185000000.0,0.0,0.062,0.35,246000000.0,431000000.0,0.265,431000000.0,246000000.0,146000000.0,0.35,0.34,0.35,2789000000.0,,2789000000.0,16727164716.0,-33.0,80.808,118000000.0,0.332,1.0,929000000.0,0.571,11998000000.0,100000000.0,10371000000.0,,0.0,0.0,0.0,0.0,12600000000.0,1889000000.0,10711000000.0,8034164716.0,-9000000.0,-1000000.0,0.0,4000000.0,-125000000.0,-126000000.0,-110000000.0,0.0,226000000.0,1000000.0,123000000.0,123000000.0,123000000.0,0.0,3000000.0,0.076,680000000.0,249000000.0,1024000000.0,1.0,2.881,-11.644,-11.71,903000000.0,0.0,22.6,1.246,1.246,1227000000.0,-629000000.0,1628000000.0,1628000000.0,0.0,,,,,11000000.0,483000000.0,1.0,355494014.0,355630327,356627708.0,4.578,3590000000.0,329000000.0,23000000.0,1168000000.0,10.095,137000000.0
9,NLSN,MRQ,2019-03-31,2019-03-31,2019-03-31,2021-07-29,-1104000000.0,15742000000.0,,2047000000.0,13695000000.0,,7.849,-122000000.0,402000000.0,402000000.0,695000000.0,47000000.0,1.068,4.571,9095000000.0,385000000.0,8710000000.0,9095000000.0,376000000.0,179000000.0,0.0,0.059,0.35,174000000.0,353000000.0,0.226,353000000.0,174000000.0,75000000.0,0.12,0.12,0.12,2790000000.0,,2790000000.0,16276434585.0,-31.0,105.691,-165000000.0,-0.464,1.0,868000000.0,0.555,12029000000.0,99000000.0,10489000000.0,,0.0,0.0,0.0,0.0,12753000000.0,1917000000.0,10836000000.0,8413434585.0,-122000000.0,-59000000.0,-2000000.0,233000000.0,-124000000.0,104000000.0,-180000000.0,0.0,-43000000.0,-3000000.0,43000000.0,43000000.0,43000000.0,0.0,4000000.0,0.028,694000000.0,174000000.0,1071000000.0,2.917,3.016,-11.354,-11.38,979000000.0,0.0,23.67,1.301,1.301,1221000000.0,-752000000.0,1563000000.0,1563000000.0,0.0,,,,,15000000.0,480000000.0,1.0,355447173.0,355444756,356357083.0,4.397,3713000000.0,334000000.0,32000000.0,1185000000.0,10.446,130000000.0
10,NLSN,MRQ,2018-12-31,2018-12-31,2018-12-31,2021-07-29,-1110000000.0,15179000000.0,,2003000000.0,13176000000.0,,8.015,-149000000.0,524000000.0,524000000.0,707000000.0,-949000000.0,1.209,4.263,8387000000.0,107000000.0,8280000000.0,8387000000.0,355000000.0,171000000.0,0.0,0.06,0.35,-1177000000.0,-1006000000.0,-0.607,-1006000000.0,-1177000000.0,-1276000000.0,-2.67,-2.67,-2.67,2847000000.0,,2847000000.0,16446760856.0,-33.0,93.981,397000000.0,1.118,1.0,951000000.0,0.574,12011000000.0,99000000.0,9374000000.0,,0.0,0.0,0.0,0.0,12136000000.0,1657000000.0,10479000000.0,8281760856.0,78000000.0,47000000.0,-1000000.0,-235000000.0,-124000000.0,-363000000.0,-103000000.0,0.0,546000000.0,-2000000.0,-952000000.0,-952000000.0,-952000000.0,0.0,3000000.0,-0.574,2122000000.0,-1171000000.0,1119000000.0,-0.131,2.909,-11.632,-11.665,468000000.0,0.0,23.33,1.271,1.273,1118000000.0,-795000000.0,1658000000.0,1658000000.0,0.0,,,,,14000000.0,507000000.0,1.0,354983320.0,355195013,353210699.0,4.668,3168000000.0,333000000.0,-324000000.0,1184000000.0,8.919,346000000.0
11,NLSN,MRQ,2018-09-30,2018-09-30,2018-09-30,2021-07-29,-1010000000.0,16635000000.0,,2047000000.0,14588000000.0,,11.316,-121000000.0,446000000.0,446000000.0,681000000.0,98000000.0,1.141,3.092,8611000000.0,307000000.0,8304000000.0,8611000000.0,345000000.0,175000000.0,0.0,0.05,0.35,254000000.0,429000000.0,0.268,429000000.0,254000000.0,155000000.0,0.27,0.27,0.27,4017000000.0,,4017000000.0,18095042465.0,18.0,10.745,266000000.0,0.749,1.0,919000000.0,0.574,13507000000.0,99000000.0,9499000000.0,,0.0,0.0,0.0,0.0,12420000000.0,1794000000.0,10626000000.0,9825042465.0,52000000.0,-9000000.0,-10000000.0,-67000000.0,-124000000.0,-205000000.0,-127000000.0,0.0,387000000.0,-3000000.0,96000000.0,96000000.0,96000000.0,0.0,2000000.0,0.06,658000000.0,261000000.0,996000000.0,1.296,2.446,30.608,31.079,461000000.0,0.0,27.66,1.485,1.484,1249000000.0,281000000.0,1600000000.0,1600000000.0,0.0,,,,,1000000.0,464000000.0,1.0,355207609.0,354993315,355561704.0,4.507,3128000000.0,166000000.0,59000000.0,1552000000.0,8.811,253000000.0
12,NLSN,MRQ,2018-06-30,2018-06-30,2018-06-30,2021-07-29,-1015000000.0,16698000000.0,,2120000000.0,14578000000.0,,11.381,-118000000.0,394000000.0,394000000.0,698000000.0,76000000.0,1.185,3.076,8664000000.0,343000000.0,8321000000.0,8664000000.0,361000000.0,162000000.0,0.0,0.044,0.35,216000000.0,378000000.0,0.23,378000000.0,216000000.0,116000000.0,0.2,0.2,0.2,4049000000.0,,4049000000.0,19202052426.0,18.0,10.985,124000000.0,0.349,1.0,949000000.0,0.576,13509000000.0,100000000.0,9670000000.0,,0.0,0.0,0.0,0.0,12453000000.0,1789000000.0,10664000000.0,11018052426.0,-68000000.0,-28000000.0,-34000000.0,20000000.0,-125000000.0,-148000000.0,-144000000.0,0.0,242000000.0,-18000000.0,72000000.0,72000000.0,72000000.0,0.0,4000000.0,0.044,721000000.0,228000000.0,977000000.0,1.75,2.721,29.698,30.029,471000000.0,0.0,30.93,1.655,1.653,1320000000.0,309000000.0,1647000000.0,1647000000.0,0.0,,,,,7000000.0,494000000.0,1.0,356225426.0,355773490,356376160.0,4.629,3189000000.0,169000000.0,44000000.0,1524000000.0,8.964,331000000.0
13,NLSN,MRQ,2018-03-31,2018-03-31,2018-03-31,2021-07-29,-886000000.0,16923000000.0,,2264000000.0,14659000000.0,,11.945,-128000000.0,462000000.0,462000000.0,719000000.0,75000000.0,1.231,2.927,8646000000.0,360000000.0,8286000000.0,8646000000.0,389000000.0,167000000.0,0.0,0.043,0.34,207000000.0,374000000.0,0.232,374000000.0,207000000.0,111000000.0,0.2,0.2,0.2,4258000000.0,,4258000000.0,19122716638.0,16.0,10.359,-245000000.0,-0.687,1.0,891000000.0,0.553,13606000000.0,96000000.0,9662000000.0,,0.0,0.0,0.0,0.0,12465000000.0,1839000000.0,10626000000.0,11337716638.0,-194000000.0,-2000000.0,-5000000.0,168000000.0,-121000000.0,40000000.0,-132000000.0,0.0,-117000000.0,15000000.0,72000000.0,72000000.0,72000000.0,0.0,3000000.0,0.045,684000000.0,207000000.0,969000000.0,1.7,2.663,26.367,26.492,468000000.0,0.0,31.79,1.703,1.703,1374000000.0,362000000.0,1610000000.0,1610000000.0,0.0,,,,,13000000.0,493000000.0,1.0,356644122.0,356460561,357273815.0,4.517,3317000000.0,171000000.0,39000000.0,1544000000.0,9.305,425000000.0
14,NLSN,MRQ,2017-12-31,2017-12-31,2017-12-31,2021-07-29,-940000000.0,16866000000.0,,2282000000.0,14584000000.0,,11.917,-156000000.0,656000000.0,656000000.0,734000000.0,84000000.0,1.345,2.927,8441000000.0,84000000.0,8357000000.0,8441000000.0,361000000.0,163000000.0,0.0,0.037,0.34,340000000.0,503000000.0,0.286,503000000.0,340000000.0,243000000.0,0.22,0.23,0.22,4245000000.0,,4245000000.0,20746515200.0,17.0,11.331,350000000.0,0.983,1.0,1027000000.0,0.583,13572000000.0,97000000.0,9382000000.0,,0.0,0.0,0.0,0.0,12423000000.0,1697000000.0,10726000000.0,12964515200.0,-6000000.0,-181000000.0,-22000000.0,-15000000.0,-121000000.0,-167000000.0,-348000000.0,0.0,506000000.0,3000000.0,81000000.0,81000000.0,81000000.0,0.0,3000000.0,0.046,673000000.0,354000000.0,1141000000.0,1.545,3.054,30.22,30.333,482000000.0,0.0,36.4,1.973,1.976,1280000000.0,411000000.0,1761000000.0,1761000000.0,0.0,,,,,10000000.0,478000000.0,1.0,356168000.0,356214045,357388272.0,4.944,3294000000.0,170000000.0,162000000.0,1546000000.0,9.247,585000000.0
15,NLSN,MRQ,2017-09-30,2017-09-30,2017-09-30,2021-07-29,-979000000.0,16585000000.0,,2272000000.0,14313000000.0,,11.949,-113000000.0,662000000.0,662000000.0,692000000.0,150000000.0,1.413,2.847,8444000000.0,67000000.0,8377000000.0,8444000000.0,328000000.0,160000000.0,0.0,0.031,0.34,333000000.0,493000000.0,0.3,493000000.0,333000000.0,238000000.0,0.41,0.41,0.41,4259000000.0,,4259000000.0,22793133686.0,19.0,12.476,425000000.0,1.192,1.0,949000000.0,0.578,13394000000.0,95000000.0,9365000000.0,,0.0,0.0,0.0,0.0,12125000000.0,1608000000.0,10517000000.0,14780133686.0,152000000.0,-14000000.0,-26000000.0,-119000000.0,-121000000.0,-271000000.0,-128000000.0,0.0,538000000.0,13000000.0,146000000.0,146000000.0,146000000.0,0.0,4000000.0,0.089,615000000.0,334000000.0,1015000000.0,0.829,3.47,29.152,28.986,458000000.0,0.0,41.45,2.285,2.285,1282000000.0,451000000.0,1641000000.0,1641000000.0,0.0,,,,,8000000.0,448000000.0,1.0,356577411.0,356426891,357692115.0,4.604,3191000000.0,131000000.0,92000000.0,1417000000.0,8.953,664000000.0
16,NLSN,MRQ,2017-06-30,2017-06-30,2017-06-30,2021-07-29,-1051000000.0,16494000000.0,,2217000000.0,14277000000.0,,11.745,-64000000.0,510000000.0,510000000.0,678000000.0,133000000.0,1.408,2.888,8523000000.0,163000000.0,8360000000.0,8523000000.0,352000000.0,162000000.0,0.0,0.033,0.34,314000000.0,476000000.0,0.29,476000000.0,314000000.0,222000000.0,0.37,0.37,0.37,4191000000.0,,4191000000.0,21778303632.0,19.0,12.221,162000000.0,0.454,1.0,966000000.0,0.588,13349000000.0,92000000.0,9583000000.0,,0.0,0.0,0.0,0.0,12103000000.0,1575000000.0,10528000000.0,13813303632.0,59000000.0,-9000000.0,-36000000.0,56000000.0,-121000000.0,-106000000.0,-74000000.0,0.0,226000000.0,13000000.0,131000000.0,131000000.0,131000000.0,0.0,2000000.0,0.08,645000000.0,321000000.0,925000000.0,0.919,3.296,28.133,28.014,454000000.0,0.0,38.66,2.16,2.157,1367000000.0,426000000.0,1644000000.0,1644000000.0,0.0,,,,,12000000.0,474000000.0,1.0,357302215.0,356829766,358085067.0,4.607,3145000000.0,133000000.0,91000000.0,1380000000.0,8.814,642000000.0
17,NLSN,MRQ,2017-03-31,2017-03-31,2017-03-31,2021-07-29,-1134000000.0,16332000000.0,,2101000000.0,14231000000.0,,11.536,-114000000.0,451000000.0,451000000.0,661000000.0,73000000.0,1.285,2.914,8416000000.0,236000000.0,8180000000.0,8416000000.0,364000000.0,155000000.0,0.0,0.03,0.31,204000000.0,359000000.0,0.235,359000000.0,204000000.0,114000000.0,0.2,0.2,0.2,4123000000.0,,4123000000.0,21941975293.0,20.0,12.639,-74000000.0,-0.207,1.0,865000000.0,0.567,13298000000.0,90000000.0,9364000000.0,,0.0,0.0,0.0,0.0,12015000000.0,1635000000.0,10380000000.0,14769975293.0,-303000000.0,-572000000.0,-29000000.0,472000000.0,-111000000.0,329000000.0,-686000000.0,0.0,40000000.0,14000000.0,71000000.0,71000000.0,71000000.0,0.0,2000000.0,0.047,660000000.0,205000000.0,933000000.0,1.55,3.582,31.226,31.295,464000000.0,0.0,41.31,2.327,2.326,1287000000.0,416000000.0,1526000000.0,1526000000.0,0.0,,,,,15000000.0,473000000.0,1.0,357539949.0,357399749,359054968.0,4.27,3034000000.0,133000000.0,43000000.0,1374000000.0,8.489,466000000.0
18,NLSN,MRQ,2016-12-31,2016-12-31,2016-12-31,2021-07-29,-1211000000.0,15730000000.0,,2222000000.0,13508000000.0,,11.477,-67000000.0,754000000.0,754000000.0,670000000.0,160000000.0,1.394,2.788,7926000000.0,188000000.0,7738000000.0,7926000000.0,297000000.0,153000000.0,0.0,0.029,0.31,346000000.0,499000000.0,0.301,499000000.0,346000000.0,260000000.0,0.45,0.45,0.45,4102000000.0,,4102000000.0,22505184641.0,20.0,12.882,476000000.0,1.332,1.0,986000000.0,0.595,12581000000.0,86000000.0,8727000000.0,,0.0,0.0,0.0,0.0,11437000000.0,1594000000.0,9843000000.0,14994184641.0,308000000.0,12000000.0,-14000000.0,-29000000.0,-111000000.0,-158000000.0,-51000000.0,0.0,543000000.0,-26000000.0,159000000.0,159000000.0,159000000.0,0.0,1000000.0,0.096,658000000.0,328000000.0,1012000000.0,0.689,3.655,29.869,29.964,471000000.0,0.0,41.95,2.377,2.386,1171000000.0,456000000.0,1656000000.0,1656000000.0,0.0,,,,,14000000.0,473000000.0,1.0,357429908.0,357411023,359700028.0,4.633,3149000000.0,127000000.0,101000000.0,1272000000.0,8.811,628000000.0
19,NLSN,MRQ,2016-09-30,2016-09-30,2016-09-30,2021-07-29,-1021000000.0,15700000000.0,,2051000000.0,13649000000.0,,11.891,-103000000.0,446000000.0,446000000.0,642000000.0,132000000.0,1.02,2.653,7957000000.0,578000000.0,7379000000.0,7957000000.0,301000000.0,151000000.0,0.0,0.022,0.31,297000000.0,448000000.0,0.285,448000000.0,297000000.0,212000000.0,0.36,0.36,0.36,4246000000.0,,4246000000.0,26805012256.0,21.0,14.123,353000000.0,0.989,1.0,928000000.0,0.591,12797000000.0,85000000.0,8403000000.0,,0.0,0.0,0.0,0.0,11265000000.0,2011000000.0,9254000000.0,19143012256.0,100000000.0,-11000000.0,-47000000.0,-81000000.0,-111000000.0,-241000000.0,-119000000.0,0.0,456000000.0,4000000.0,130000000.0,130000000.0,130000000.0,0.0,2000000.0,0.083,632000000.0,296000000.0,925000000.0,0.861,4.508,32.227,32.865,485000000.0,0.0,53.57,3.05,3.048,1240000000.0,408000000.0,1570000000.0,1570000000.0,0.0,,,,,11000000.0,452000000.0,1.0,357345758.0,357088498,360574807.0,4.397,2903000000.0,96000000.0,82000000.0,1229000000.0,8.13,40000000.0
20,NLSN,MRQ,2016-06-30,2016-06-30,2016-06-30,2021-07-29,-1011000000.0,15718000000.0,,2035000000.0,13683000000.0,,11.899,-112000000.0,346000000.0,346000000.0,654000000.0,114000000.0,0.843,2.632,8008000000.0,1075000000.0,6933000000.0,8008000000.0,324000000.0,152000000.0,0.0,0.022,0.31,278000000.0,430000000.0,0.269,430000000.0,278000000.0,195000000.0,0.31,0.31,0.31,4275000000.0,,4275000000.0,25994918038.0,20.0,13.703,98000000.0,0.273,1.0,942000000.0,0.59,12834000000.0,83000000.0,8131000000.0,,0.0,0.0,0.0,0.0,11250000000.0,2415000000.0,8835000000.0,18766918038.0,-86000000.0,-205000000.0,-210000000.0,344000000.0,-111000000.0,21000000.0,-316000000.0,0.0,210000000.0,-1000000.0,113000000.0,113000000.0,113000000.0,0.0,1000000.0,0.071,660000000.0,282000000.0,868000000.0,1.0,4.39,30.969,31.307,478000000.0,0.0,51.97,3.008,2.993,1313000000.0,389000000.0,1596000000.0,1596000000.0,0.0,,,,,13000000.0,474000000.0,1.0,361110603.0,359264465,363216877.0,4.442,2884000000.0,97000000.0,82000000.0,1186000000.0,8.028,-380000000.0
21,NLSN,MRQ,2016-03-31,2016-03-31,2016-03-31,2021-07-29,-969000000.0,15588000000.0,,2054000000.0,13534000000.0,,12.49,-109000000.0,432000000.0,432000000.0,641000000.0,101000000.0,1.366,2.408,7660000000.0,189000000.0,7471000000.0,7660000000.0,316000000.0,147000000.0,0.0,0.021,0.28,223000000.0,370000000.0,0.249,370000000.0,223000000.0,144000000.0,0.28,0.27,0.28,4516000000.0,,4516000000.0,26037546508.0,20.0,13.762,-22000000.0,-0.061,1.0,846000000.0,0.569,12686000000.0,79000000.0,8626000000.0,,0.0,0.0,0.0,0.0,10876000000.0,1504000000.0,9372000000.0,19056546508.0,75000000.0,-47000000.0,-65000000.0,299000000.0,-101000000.0,130000000.0,-156000000.0,0.0,87000000.0,14000000.0,100000000.0,100000000.0,100000000.0,0.0,1000000.0,0.067,622000000.0,224000000.0,915000000.0,1.0,4.22,31.395,31.723,482000000.0,0.0,52.66,3.073,3.071,1239000000.0,387000000.0,1487000000.0,1487000000.0,0.0,,,,,13000000.0,465000000.0,1.0,361878969.0,361580670,365201139.0,4.112,2902000000.0,93000000.0,44000000.0,1108000000.0,8.026,550000000.0
22,NLSN,MRQ,2015-12-31,2015-12-31,2015-12-31,2021-07-29,-1059000000.0,15303000000.0,,1908000000.0,13395000000.0,,12.212,-95000000.0,357000000.0,357000000.0,654000000.0,254000000.0,1.131,2.408,7338000000.0,310000000.0,7028000000.0,7338000000.0,322000000.0,142000000.0,0.0,0.023,0.28,508000000.0,650000000.0,0.4,650000000.0,508000000.0,428000000.0,0.68,0.68,0.68,4433000000.0,,4433000000.0,24060100097.0,19.0,13.09,306000000.0,0.843,1.0,970000000.0,0.597,12555000000.0,80000000.0,8042000000.0,,0.0,0.0,0.0,0.0,10676000000.0,1687000000.0,8989000000.0,16965100097.0,-1000000.0,-18000000.0,-142000000.0,-92000000.0,-101000000.0,-318000000.0,-77000000.0,0.0,401000000.0,-7000000.0,251000000.0,251000000.0,251000000.0,0.0,3000000.0,0.155,660000000.0,310000000.0,1013000000.0,0.412,3.827,29.763,30.065,490000000.0,0.0,46.6,2.749,2.771,1235000000.0,341000000.0,1624000000.0,1624000000.0,0.0,,,,,9000000.0,510000000.0,1.0,364057942.0,363016526,366452605.0,4.474,2748000000.0,78000000.0,177000000.0,1116000000.0,7.57,221000000.0
23,NLSN,MRQ,2015-09-30,2015-09-30,2015-09-30,2021-07-29,-1046000000.0,15277000000.0,,2106000000.0,13171000000.0,,12.109,-107000000.0,358000000.0,358000000.0,615000000.0,142000000.0,1.2,2.435,7453000000.0,339000000.0,7114000000.0,7453000000.0,299000000.0,144000000.0,0.0,0.024,0.28,303000000.0,447000000.0,0.292,447000000.0,303000000.0,224000000.0,0.39,0.38,0.39,4426000000.0,,4426000000.0,23456262866.0,23.0,14.642,347000000.0,0.949,1.0,916000000.0,0.598,12243000000.0,79000000.0,8374000000.0,,0.0,0.0,0.0,0.0,10779000000.0,1755000000.0,9024000000.0,16314262866.0,27000000.0,-1000000.0,-159000000.0,-23000000.0,-115000000.0,-301000000.0,-111000000.0,0.0,454000000.0,-15000000.0,142000000.0,142000000.0,142000000.0,0.0,0.0,0.093,618000000.0,298000000.0,918000000.0,0.718,3.686,33.988,34.473,486000000.0,0.0,44.47,2.639,2.63,1163000000.0,191000000.0,1531000000.0,1531000000.0,0.0,,,,,12000000.0,459000000.0,1.0,366859970.0,365498696,369497939.0,4.189,3034000000.0,73000000.0,82000000.0,1192000000.0,8.301,351000000.0
24,NLSN,MRQ,2015-06-30,2015-06-30,2015-06-30,2021-07-29,-898000000.0,15465000000.0,,2114000000.0,13351000000.0,,12.697,-97000000.0,331000000.0,331000000.0,648000000.0,116000000.0,1.295,2.291,7473000000.0,331000000.0,7142000000.0,7473000000.0,332000000.0,146000000.0,0.0,0.023,0.28,279000000.0,425000000.0,0.273,425000000.0,279000000.0,200000000.0,0.31,0.31,0.31,4677000000.0,,4677000000.0,23563920099.0,24.0,15.163,156000000.0,0.423,1.0,911000000.0,0.584,12392000000.0,79000000.0,8582000000.0,,0.0,0.0,0.0,0.0,10713000000.0,1633000000.0,9080000000.0,16559920099.0,-12000000.0,-6000000.0,-159000000.0,109000000.0,-102000000.0,-161000000.0,-102000000.0,0.0,253000000.0,-2000000.0,114000000.0,114000000.0,114000000.0,0.0,2000000.0,0.073,625000000.0,286000000.0,831000000.0,0.903,3.541,38.601,39.272,508000000.0,0.0,44.77,2.662,2.651,1227000000.0,49000000.0,1559000000.0,1559000000.0,0.0,,,,,13000000.0,465000000.0,1.0,369888767.0,368364597,372581033.0,4.232,3073000000.0,70000000.0,86000000.0,1156000000.0,8.342,481000000.0
25,NLSN,MRQ,2015-03-31,2015-03-31,2015-03-31,2021-07-29,-940000000.0,15388000000.0,,2065000000.0,13323000000.0,,12.846,-102000000.0,343000000.0,343000000.0,622000000.0,63000000.0,1.436,2.212,7347000000.0,188000000.0,7159000000.0,7347000000.0,320000000.0,142000000.0,0.0,0.022,0.25,174000000.0,316000000.0,0.217,316000000.0,174000000.0,101000000.0,0.17,0.17,0.17,4768000000.0,,4768000000.0,23136211833.0,25.0,15.424,-1000000.0,-0.003,1.0,836000000.0,0.573,12377000000.0,73000000.0,8577000000.0,,0.0,0.0,0.0,0.0,10545000000.0,1438000000.0,9107000000.0,16547211833.0,70000000.0,-191000000.0,-135000000.0,516000000.0,-90000000.0,288000000.0,-291000000.0,0.0,101000000.0,-28000000.0,63000000.0,63000000.0,63000000.0,0.0,0.0,0.043,637000000.0,199000000.0,858000000.0,1.471,3.47,42.538,43.696,512000000.0,0.0,44.57,2.645,2.644,1168000000.0,-65000000.0,1458000000.0,1458000000.0,0.0,,,,,14000000.0,481000000.0,1.0,371263447.0,371169651,375361957.0,3.928,3011000000.0,67000000.0,38000000.0,1098000000.0,8.112,627000000.0
26,NLSN,MRQ,2014-12-31,2014-12-31,2014-12-31,2021-07-29,-777000000.0,15326000000.0,,2011000000.0,13315000000.0,,13.388,-138000000.0,273000000.0,273000000.0,653000000.0,158000000.0,1.121,2.016,6812000000.0,393000000.0,6419000000.0,6812000000.0,304000000.0,148000000.0,0.0,0.021,0.25,266000000.0,414000000.0,0.254,414000000.0,266000000.0,195000000.0,0.42,0.42,0.42,5056000000.0,,5056000000.0,23296440065.0,25.0,15.604,263000000.0,0.696,1.0,980000000.0,0.6,12386000000.0,71000000.0,7685000000.0,,0.0,0.0,0.0,0.0,10193000000.0,1794000000.0,8399000000.0,17045440065.0,-96000000.0,-117000000.0,-368000000.0,241000000.0,-95000000.0,-209000000.0,-255000000.0,0.0,401000000.0,-33000000.0,161000000.0,161000000.0,161000000.0,0.0,-3000000.0,0.099,672000000.0,308000000.0,1035000000.0,0.595,3.371,44.389,44.287,533000000.0,0.0,44.73,2.711,2.698,1241000000.0,-128000000.0,1633000000.0,1633000000.0,0.0,,,,,11000000.0,478000000.0,1.0,381074001.0,377658425,381962302.0,4.324,2940000000.0,83000000.0,34000000.0,1087000000.0,7.785,217000000.0
27,NLSN,MRQ,2014-09-30,2014-09-30,2014-09-30,2021-07-29,-509000000.0,15361000000.0,,1982000000.0,13379000000.0,,14.742,-103000000.0,369000000.0,369000000.0,648000000.0,92000000.0,1.285,1.721,6620000000.0,112000000.0,6508000000.0,6620000000.0,312000000.0,139000000.0,0.0,0.02,0.25,260000000.0,399000000.0,0.254,399000000.0,260000000.0,186000000.0,0.24,0.24,0.24,5615000000.0,,5615000000.0,23240497166.0,27.0,16.173,289000000.0,0.759,1.0,924000000.0,0.588,12431000000.0,74000000.0,7639000000.0,,0.0,0.0,0.0,0.0,9661000000.0,1542000000.0,8119000000.0,16858497166.0,59000000.0,-11000000.0,-4000000.0,-54000000.0,-94000000.0,-202000000.0,-114000000.0,0.0,392000000.0,-17000000.0,91000000.0,91000000.0,91000000.0,0.0,1000000.0,0.058,613000000.0,311000000.0,917000000.0,1.042,3.002,45.811,46.177,525000000.0,0.0,44.33,2.69,2.695,1189000000.0,-289000000.0,1572000000.0,1572000000.0,0.0,,,,,12000000.0,468000000.0,1.0,380295447.0,380884561,385891391.0,4.127,2930000000.0,96000000.0,95000000.0,1040000000.0,7.693,440000000.0
28,NLSN,MRQ,2014-06-30,2014-06-30,2014-06-30,2021-07-29,-349000000.0,15556000000.0,,1987000000.0,13569000000.0,,15.173,-94000000.0,310000000.0,310000000.0,677000000.0,76000000.0,1.322,1.686,6692000000.0,136000000.0,6556000000.0,6692000000.0,339000000.0,145000000.0,0.0,0.018,0.25,226000000.0,371000000.0,0.233,371000000.0,226000000.0,148000000.0,0.19,0.19,0.19,5762000000.0,,5762000000.0,24688289189.0,29.0,17.547,116000000.0,0.305,1.0,917000000.0,0.575,12606000000.0,78000000.0,7829000000.0,,0.0,0.0,0.0,0.0,9712000000.0,1503000000.0,8209000000.0,18343289189.0,9000000.0,-8000000.0,14000000.0,19000000.0,-93000000.0,-99000000.0,-102000000.0,0.0,210000000.0,0.0,74000000.0,74000000.0,74000000.0,0.0,2000000.0,0.046,640000000.0,277000000.0,883000000.0,1.316,3.183,44.631,45.243,530000000.0,0.0,48.41,3.016,3.023,1266000000.0,-380000000.0,1594000000.0,1594000000.0,0.0,,,,,12000000.0,482000000.0,1.0,378915290.0,379755766,385356813.0,4.197,2950000000.0,119000000.0,74000000.0,1004000000.0,7.768,484000000.0
29,NLSN,MRQ,2014-03-31,2014-03-31,2014-03-31,2021-07-29,-390000000.0,15473000000.0,,1933000000.0,13540000000.0,,15.081,-77000000.0,301000000.0,301000000.0,642000000.0,55000000.0,1.263,1.693,6646000000.0,185000000.0,6461000000.0,6646000000.0,345000000.0,141000000.0,0.0,0.017,0.2,168000000.0,309000000.0,0.208,309000000.0,168000000.0,91000000.0,0.15,0.15,0.15,5716000000.0,,5716000000.0,22984799711.0,20.0,13.434,13000000.0,0.034,1.0,847000000.0,0.569,12629000000.0,77000000.0,7658000000.0,,0.0,0.0,0.0,0.0,9676000000.0,1531000000.0,8145000000.0,16908799711.0,-263000000.0,-184000000.0,-5000000.0,6000000.0,-74000000.0,-75000000.0,-261000000.0,0.0,90000000.0,-17000000.0,58000000.0,58000000.0,58000000.0,0.0,-3000000.0,0.039,654000000.0,193000000.0,918000000.0,1.333,2.958,22.161,22.094,530000000.0,0.0,44.63,2.879,2.88,1186000000.0,-454000000.0,1489000000.0,1489000000.0,0.0,,,,,12000000.0,489000000.0,1.0,378866227.0,379012826,384739599.0,3.929,2844000000.0,116000000.0,33000000.0,954000000.0,7.504,402000000.0
30,NLSN,MRQ,2013-12-31,2013-12-31,2013-12-31,2021-07-29,-387000000.0,15530000000.0,,2134000000.0,13396000000.0,,15.142,-119000000.0,564000000.0,564000000.0,666000000.0,145000000.0,1.39,1.697,6640000000.0,148000000.0,6492000000.0,6640000000.0,306000000.0,146000000.0,0.0,0.016,0.2,212000000.0,358000000.0,0.222,358000000.0,212000000.0,132000000.0,0.38,0.37,0.38,5729000000.0,,5729000000.0,23476920641.0,21.0,14.134,201000000.0,0.531,1.0,945000000.0,0.587,12465000000.0,80000000.0,7606000000.0,,0.0,0.0,0.0,0.0,9723000000.0,1535000000.0,8188000000.0,17331920641.0,-173000000.0,-46000000.0,15000000.0,-255000000.0,-76000000.0,-327000000.0,-164000000.0,0.0,320000000.0,-2000000.0,145000000.0,145000000.0,145000000.0,14000000.0,0.0,0.09,707000000.0,238000000.0,1026000000.0,0.526,3.025,23.422,23.294,560000000.0,0.0,45.89,3.039,3.024,1196000000.0,-512000000.0,1611000000.0,1611000000.0,0.0,,,,,15000000.0,505000000.0,1.0,377684041.0,378359647,384304097.0,4.258,3065000000.0,115000000.0,-13000000.0,919000000.0,8.101,599000000.0
31,NLSN,MRQ,2013-09-30,2013-09-30,2013-09-30,2021-07-29,-379000000.0,15715000000.0,,2211000000.0,13504000000.0,,15.006,-85000000.0,737000000.0,737000000.0,573000000.0,131000000.0,1.246,1.765,6882000000.0,361000000.0,6521000000.0,6882000000.0,324000000.0,117000000.0,0.0,0.014,0.2,252000000.0,369000000.0,0.266,369000000.0,252000000.0,174000000.0,0.35,0.35,0.35,5666000000.0,,5666000000.0,18843950043.0,17.0,11.837,236000000.0,0.625,1.0,814000000.0,0.587,12541000000.0,78000000.0,7545000000.0,,0.0,0.0,0.0,0.0,10003000000.0,1774000000.0,8229000000.0,13745950043.0,-420000000.0,-1183000000.0,8000000.0,604000000.0,-74000000.0,524000000.0,-1268000000.0,0.0,321000000.0,3000000.0,134000000.0,134000000.0,134000000.0,0.0,-3000000.0,0.097,571000000.0,243000000.0,990000000.0,0.571,2.426,21.681,21.696,555000000.0,0.0,36.45,2.484,2.487,1138000000.0,-657000000.0,1387000000.0,1387000000.0,0.0,,,,,11000000.0,434000000.0,1.0,377117971.0,377590584,382302017.0,3.673,3174000000.0,166000000.0,40000000.0,1235000000.0,8.406,437000000.0
32,NLSN,MRQ,2013-06-30,2013-06-30,2013-06-30,2021-07-29,-432000000.0,14540000000.0,,2541000000.0,11999000000.0,,14.693,-100000000.0,1157000000.0,1157000000.0,580000000.0,426000000.0,1.656,1.619,6255000000.0,335000000.0,5920000000.0,6255000000.0,281000000.0,130000000.0,0.0,0.01,0.16,545000000.0,675000000.0,0.487,675000000.0,545000000.0,472000000.0,1.14,1.12,1.14,5533000000.0,,5533000000.0,18681487398.0,17.0,11.56,106000000.0,0.281,1.0,806000000.0,0.582,11021000000.0,73000000.0,7083000000.0,,0.0,0.0,0.0,0.0,8960000000.0,1534000000.0,7426000000.0,12594487398.0,924000000.0,926000000.0,35000000.0,-73000000.0,-59000000.0,-102000000.0,827000000.0,0.0,206000000.0,-7000000.0,426000000.0,426000000.0,426000000.0,-307000000.0,0.0,0.307,568000000.0,238000000.0,829000000.0,0.14,2.276,20.817,20.735,535000000.0,0.0,33.59,2.291,2.301,1104000000.0,-791000000.0,1386000000.0,1386000000.0,0.0,,,,,11000000.0,434000000.0,1.0,374947526.0,376580064,381559390.0,3.68,3519000000.0,167000000.0,46000000.0,1040000000.0,9.345,1007000000.0
33,NLSN,MRQ,2013-03-31,2013-03-31,2013-03-31,2021-07-29,-353000000.0,14416000000.0,,1609000000.0,12807000000.0,,14.029,-70000000.0,233000000.0,233000000.0,579000000.0,34000000.0,0.982,1.763,6320000000.0,372000000.0,5948000000.0,6320000000.0,345000000.0,128000000.0,0.0,0.004,0.16,131000000.0,259000000.0,0.196,259000000.0,131000000.0,53000000.0,0.09,0.09,0.09,5199000000.0,,5199000000.0,19294216708.0,24.0,14.728,-16000000.0,-0.043,1.0,740000000.0,0.561,11841000000.0,78000000.0,7023000000.0,,0.0,0.0,0.0,0.0,9168000000.0,1639000000.0,7529000000.0,12998216708.0,-55000000.0,-11000000.0,16000000.0,33000000.0,-56000000.0,-12000000.0,-82000000.0,0.0,54000000.0,-15000000.0,35000000.0,35000000.0,35000000.0,-12000000.0,-1000000.0,0.027,598000000.0,142000000.0,848000000.0,1.778,2.5,45.93,46.519,537000000.0,0.0,35.82,2.384,2.434,1076000000.0,-1217000000.0,1319000000.0,1319000000.0,0.0,,,,,10000000.0,442000000.0,1.0,362875955.0,370583217,375557021.0,3.559,2575000000.0,170000000.0,18000000.0,1070000000.0,6.949,-30000000.0
34,NLSN,MRQ,2012-12-31,2012-12-31,2012-12-31,2021-07-29,-333000000.0,14585000000.0,,1676000000.0,12909000000.0,,13.592,-133000000.0,288000000.0,288000000.0,576000000.0,36000000.0,0.957,1.949,6584000000.0,355000000.0,6229000000.0,6584000000.0,373000000.0,132000000.0,0.0,0.0,0.0,157000000.0,289000000.0,0.201,289000000.0,157000000.0,68000000.0,0.1,0.11,0.1,4930000000.0,,4930000000.0,17433789569.0,22.0,13.359,207000000.0,0.571,1.0,865000000.0,0.6,11907000000.0,89000000.0,7223000000.0,,0.0,0.0,0.0,0.0,9607000000.0,1751000000.0,7856000000.0,11078789569.0,-37000000.0,-27000000.0,1000000.0,-132000000.0,0.0,-218000000.0,-160000000.0,0.0,340000000.0,1000000.0,39000000.0,39000000.0,39000000.0,7000000.0,-3000000.0,0.027,583000000.0,282000000.0,967000000.0,0.0,2.247,40.582,40.787,560000000.0,0.0,30.59,2.049,2.047,1110000000.0,-1252000000.0,1441000000.0,1441000000.0,0.0,,,,,10000000.0,429000000.0,1.0,362170303.0,362718810,367276717.0,3.973,2678000000.0,170000000.0,29000000.0,1062000000.0,7.383,-75000000.0
35,NLSN,MRQ,2012-09-30,2012-09-30,2012-09-30,2021-07-29,-236000000.0,14496000000.0,,1683000000.0,12813000000.0,,13.745,-73000000.0,325000000.0,325000000.0,550000000.0,106000000.0,0.932,1.912,6680000000.0,428000000.0,6252000000.0,6680000000.0,370000000.0,130000000.0,0.0,0.0,0.0,263000000.0,393000000.0,0.291,393000000.0,263000000.0,163000000.0,0.29,0.29,0.29,4976000000.0,,4976000000.0,17387647013.0,20.0,12.438,258000000.0,0.713,1.0,801000000.0,0.593,11832000000.0,100000000.0,7213000000.0,,0.0,0.0,0.0,0.0,9515000000.0,1806000000.0,7709000000.0,10827647013.0,42000000.0,-63000000.0,15000000.0,-170000000.0,0.0,-157000000.0,-136000000.0,0.0,331000000.0,4000000.0,105000000.0,105000000.0,105000000.0,-20000000.0,1000000.0,0.078,557000000.0,244000000.0,914000000.0,0.0,2.176,32.911,32.587,555000000.0,0.0,29.98,2.065,2.07,1079000000.0,-1291000000.0,1351000000.0,1351000000.0,0.0,,,,,10000000.0,429000000.0,1.0,361162342.0,362016373,366221520.0,3.732,2664000000.0,114000000.0,58000000.0,1030000000.0,7.359,-123000000.0
36,NLSN,MRQ,2012-06-30,2012-06-30,2012-06-30,2021-07-29,-301000000.0,14405000000.0,,1644000000.0,12761000000.0,,13.224,-70000000.0,283000000.0,283000000.0,549000000.0,105000000.0,1.008,2.012,6843000000.0,324000000.0,6519000000.0,6843000000.0,405000000.0,127000000.0,0.0,0.0,0.0,242000000.0,369000000.0,0.275,369000000.0,242000000.0,141000000.0,0.29,0.28,0.29,4781000000.0,,4781000000.0,16020448657.0,18.0,11.526,46000000.0,0.127,1.0,793000000.0,0.591,11739000000.0,101000000.0,7595000000.0,,0.0,0.0,0.0,0.0,9620000000.0,1631000000.0,7989000000.0,9459448657.0,-12000000.0,-58000000.0,3000000.0,9000000.0,0.0,7000000.0,-128000000.0,0.0,116000000.0,-7000000.0,104000000.0,104000000.0,104000000.0,-3000000.0,1000000.0,0.077,564000000.0,229000000.0,850000000.0,0.0,1.979,29.017,28.813,572000000.0,0.0,26.22,1.783,1.787,1089000000.0,-1396000000.0,1342000000.0,1342000000.0,0.0,,,,,6000000.0,428000000.0,1.0,360772260.0,361528675,365875719.0,3.712,2666000000.0,128000000.0,37000000.0,994000000.0,7.374,13000000.0
37,NLSN,MRQ,2012-03-31,2012-03-31,2012-03-31,2021-07-29,-211000000.0,14537000000.0,,1649000000.0,12888000000.0,,13.201,-82000000.0,295000000.0,295000000.0,564000000.0,25000000.0,0.98,2.05,6856000000.0,293000000.0,6563000000.0,6856000000.0,424000000.0,131000000.0,0.0,0.0,0.0,139000000.0,270000000.0,0.202,270000000.0,139000000.0,33000000.0,0.07,0.07,0.07,4764000000.0,,4764000000.0,17300170906.0,20.0,12.555,-85000000.0,-0.236,1.0,770000000.0,0.577,11776000000.0,106000000.0,7640000000.0,,0.0,0.0,0.0,0.0,9765000000.0,1682000000.0,8083000000.0,10856170906.0,-24000000.0,-16000000.0,10000000.0,64000000.0,0.0,70000000.0,-98000000.0,0.0,-3000000.0,7000000.0,25000000.0,25000000.0,25000000.0,2000000.0,0.0,0.019,613000000.0,157000000.0,898000000.0,0.0,2.279,37.306,37.21,611000000.0,0.0,30.14,2.025,2.029,1057000000.0,-1500000000.0,1334000000.0,1334000000.0,0.0,,,,,8000000.0,447000000.0,1.0,360191470.0,360881693,365721058.0,3.697,2761000000.0,179000000.0,8000000.0,1039000000.0,7.651,-33000000.0
38,NLSN,MRQ,2011-12-31,2011-12-31,2011-12-31,2021-07-29,-299000000.0,14504000000.0,,1665000000.0,12839000000.0,,12.864,-154000000.0,319000000.0,319000000.0,515000000.0,96000000.0,0.984,2.129,6763000000.0,144000000.0,6619000000.0,6763000000.0,443000000.0,133000000.0,0.0,0.0,0.0,233000000.0,366000000.0,0.301,366000000.0,233000000.0,152000000.0,0.27,0.26,0.27,4633000000.0,,4633000000.0,17272399691.0,32.0,16.173,148000000.0,0.411,1.0,702000000.0,0.577,11716000000.0,81000000.0,7540000000.0,,0.0,0.0,0.0,0.0,9863000000.0,1692000000.0,8171000000.0,10665399691.0,-85000000.0,-7000000.0,5000000.0,-224000000.0,0.0,-223000000.0,-160000000.0,0.0,302000000.0,-4000000.0,95000000.0,95000000.0,95000000.0,-27000000.0,1000000.0,0.078,510000000.0,192000000.0,1025000000.0,0.0,2.302,126.969,123.708,609000000.0,0.0,29.69,2.002,1.964,1080000000.0,-1525000000.0,1217000000.0,1217000000.0,0.0,,,,,9000000.0,376000000.0,1.0,359225318.0,360145611,380276703.0,3.379,2788000000.0,198000000.0,57000000.0,1076000000.0,7.741,-27000000.0
39,NLSN,MRQ,2011-09-30,2011-09-30,2011-09-30,2021-07-29,-258000000.0,14498000000.0,,1700000000.0,12798000000.0,,12.641,-71000000.0,404000000.0,404000000.0,554000000.0,103000000.0,1.007,2.189,7011000000.0,204000000.0,6807000000.0,7011000000.0,425000000.0,125000000.0,0.0,0.0,0.0,260000000.0,385000000.0,0.272,385000000.0,260000000.0,146000000.0,0.28,0.28,0.28,4543000000.0,,4543000000.0,16168632096.0,39.0,16.966,198000000.0,0.551,1.0,859000000.0,0.608,11724000000.0,114000000.0,7693000000.0,,0.0,0.0,0.0,0.0,9944000000.0,1688000000.0,8256000000.0,9354632096.0,30000000.0,-18000000.0,3000000.0,-126000000.0,0.0,-124000000.0,-92000000.0,0.0,269000000.0,-23000000.0,102000000.0,102000000.0,102000000.0,0.0,1000000.0,0.072,594000000.0,265000000.0,939000000.0,0.0,2.059,-1169.329,-372.571,557000000.0,0.0,26.08,1.706,1.71,1052000000.0,-1620000000.0,1413000000.0,1413000000.0,0.0,,,,,8000000.0,460000000.0,1.0,358689881.0,359381233,364471804.0,3.932,2774000000.0,191000000.0,44000000.0,1036000000.0,7.719,12000000.0
40,NLSN,MRQ,2011-06-30,2011-06-30,2011-06-30,2021-07-29,-40000000.0,14870000000.0,,1764000000.0,13106000000.0,,12.932,-90000000.0,374000000.0,374000000.0,570000000.0,69000000.0,0.995,2.202,7188000000.0,225000000.0,6963000000.0,7188000000.0,465000000.0,135000000.0,0.0,0.0,0.0,222000000.0,357000000.0,0.256,357000000.0,222000000.0,108000000.0,0.19,0.19,0.19,4640000000.0,,4640000000.0,17963566138.0,53.0,20.139,32000000.0,0.089,1.0,826000000.0,0.592,11933000000.0,114000000.0,7979000000.0,,0.0,0.0,0.0,0.0,10219000000.0,1772000000.0,8447000000.0,11160566138.0,-22000000.0,-33000000.0,2000000.0,-27000000.0,0.0,-28000000.0,-121000000.0,0.0,122000000.0,5000000.0,69000000.0,69000000.0,69000000.0,0.0,0.0,0.049,608000000.0,218000000.0,966000000.0,0.0,2.405,-112.733,-100.516,595000000.0,0.0,31.16,2.083,2.087,1136000000.0,-1722000000.0,1396000000.0,1396000000.0,0.0,,,,,6000000.0,450000000.0,1.0,358169645.0,358792103,364203419.0,3.891,2937000000.0,226000000.0,39000000.0,1059000000.0,8.186,-8000000.0
41,NLSN,MRQ,2011-03-31,2011-03-31,2011-03-31,2021-07-29,-48000000.0,14690000000.0,,1647000000.0,13043000000.0,,13.751,-52000000.0,396000000.0,396000000.0,549000000.0,-181000000.0,1.036,2.223,7199000000.0,149000000.0,7050000000.0,7199000000.0,447000000.0,136000000.0,0.0,0.0,0.0,-176000000.0,-40000000.0,-0.031,-40000000.0,-176000000.0,-316000000.0,-0.55,-0.55,-0.55,4555000000.0,,4555000000.0,17920462001.0,49.0,19.521,-104000000.0,-0.314,1.0,753000000.0,0.578,11852000000.0,140000000.0,8051000000.0,,0.0,0.0,0.0,0.0,10124000000.0,1590000000.0,8534000000.0,9783462001.0,-25000000.0,-60000000.0,1799000000.0,-1462000000.0,0.0,125000000.0,-113000000.0,0.0,-52000000.0,15000000.0,-182000000.0,-182000000.0,-182000000.0,1000000.0,1000000.0,-0.14,702000000.0,51000000.0,889000000.0,0.0,2.148,-104.079,-118.739,586000000.0,0.0,27.31,1.87,1.729,997000000.0,-1791000000.0,1302000000.0,1302000000.0,0.0,,,,,4000000.0,543000000.0,1.0,358237349.0,331248626,331248626.0,3.931,2838000000.0,222000000.0,-134000000.0,1039000000.0,8.568,57000000.0
42,NLSN,MRQ,2010-12-31,2010-12-31,2010-12-31,2021-07-29,-96000000.0,14429000000.0,,1654000000.0,12775000000.0,,10.44,-108000000.0,421000000.0,421000000.0,560000000.0,4000000.0,1.029,3.995,8558000000.0,94000000.0,8464000000.0,8558000000.0,452000000.0,139000000.0,0.0,,0.0,112000000.0,251000000.0,0.183,251000000.0,112000000.0,-57000000.0,0.01,0.01,0.01,2887000000.0,,2887000000.0,,,,141000000.0,0.51,1.0,811000000.0,0.592,11703000000.0,169000000.0,9256000000.0,,0.0,0.0,0.0,0.0,11533000000.0,1607000000.0,9926000000.0,,-2000000.0,-18000000.0,-6000000.0,-51000000.0,-2000000.0,-123000000.0,-124000000.0,0.0,249000000.0,-4000000.0,3000000.0,3000000.0,3000000.0,3000000.0,1000000.0,0.002,596000000.0,215000000.0,962000000.0,0.0,,,,599000000.0,0.0,,,,1014000000.0,-1609000000.0,1371000000.0,1371000000.0,0.0,,,,,5000000.0,429000000.0,1.0,347629277.0,276545786,280379828.0,4.958,2726000000.0,61000000.0,-60000000.0,1041000000.0,9.857,47000000.0
43,NLSN,MRQ,2010-09-30,2010-09-30,2010-09-30,2021-07-29,,,,,,,,-80000000.0,,,521000000.0,11000000.0,,,,,,,,142000000.0,,,0.0,182000000.0,324000000.0,0.251,324000000.0,182000000.0,13000000.0,0.04,0.04,0.04,,,,,,,85000000.0,0.307,1.0,768000000.0,0.596,,169000000.0,,,,,,,,,,,52000000.0,-7000000.0,-4000000.0,-25000000.0,0.0,-43000000.0,-87000000.0,0.0,165000000.0,17000000.0,11000000.0,11000000.0,11000000.0,11000000.0,0.0,0.009,567000000.0,201000000.0,,0.0,,,,,0.0,,,,,,1289000000.0,1289000000.0,0.0,,,,,4000000.0,414000000.0,1.0,347629277.0,276651344,280176824.0,4.659,,,2000000.0,,,
44,NLSN,MRQ,2010-06-30,2010-06-30,2010-06-30,2021-07-29,,,,,,,,-93000000.0,,,528000000.0,74000000.0,,,,,,,,136000000.0,,,0.0,247000000.0,383000000.0,0.302,383000000.0,247000000.0,87000000.0,0.27,0.27,0.27,,,,,,,65000000.0,0.235,1.0,742000000.0,0.584,,160000000.0,,,,,,,,,,,-39000000.0,-28000000.0,1000000.0,-61000000.0,0.0,-65000000.0,-122000000.0,0.0,158000000.0,-10000000.0,74000000.0,74000000.0,74000000.0,3000000.0,0.0,0.058,560000000.0,182000000.0,,0.0,,,,,0.0,,,,,,1270000000.0,1270000000.0,0.0,,,,,4000000.0,405000000.0,1.0,347629277.0,276748497,279585358.0,4.589,,,13000000.0,,,
45,NLSN,MRQ,2010-03-31,2010-03-31,2010-03-31,2021-07-29,,,,,,,,-53000000.0,,,520000000.0,43000000.0,,,,,,,,141000000.0,,,0.0,203000000.0,344000000.0,0.288,344000000.0,203000000.0,41000000.0,0.15,0.15,0.15,,,,,,,-82000000.0,-0.297,1.0,676000000.0,0.565,,162000000.0,,,,,,,,,,,-104000000.0,15000000.0,-1000000.0,-30000000.0,0.0,-32000000.0,-32000000.0,0.0,-29000000.0,-11000000.0,42000000.0,42000000.0,42000000.0,5000000.0,1000000.0,0.035,544000000.0,132000000.0,,0.0,,,,,0.0,,,,,,1196000000.0,1196000000.0,0.0,,,,,5000000.0,400000000.0,1.0,347629277.0,276154291,278726675.0,4.331,,,-1000000.0,,,
46,NLSN,MRQ,2009-12-31,2009-12-31,2009-12-31,2021-07-29,-48000000.0,14600000000.0,,1646000000.0,12954000000.0,,10.215,,514000000.0,514000000.0,,,1.014,4.213,8655000000.0,107000000.0,8548000000.0,8655000000.0,435000000.0,,0.0,,0.0,,,,,,,,,,2798000000.0,,2798000000.0,,,,,,1.0,,,11813000000.0,,9304000000.0,,0.0,0.0,0.0,0.0,11788000000.0,1624000000.0,10164000000.0,,,,,,,,,,,,,,,,,,,,1000000000.0,,,,,593000000.0,,,,,937000000.0,-1739000000.0,,,,,,,,,,1.0,347629277.0,273905810,,,2787000000.0,50000000.0,,1147000000.0,10.175,22000000.0
47,NLSN,MRQ,2008-12-31,2008-12-31,2008-12-31,2021-07-29,-474000000.0,15091000000.0,,1614000000.0,13477000000.0,,8.792,,467000000.0,467000000.0,,,0.801,6.564,9384000000.0,419000000.0,8965000000.0,9384000000.0,438000000.0,,0.0,,0.0,,,,,,,,,,1993000000.0,,1993000000.0,,,,,,1.0,,,12255000000.0,,9738000000.0,,0.0,0.0,0.0,0.0,13082000000.0,2015000000.0,11067000000.0,,,,,,,,,,,,,,,,,,,,1020000000.0,,,,,603000000.0,,,,,958000000.0,-1248000000.0,,,,,,,,,,1.0,,226674754,,,2836000000.0,43000000.0,,1454000000.0,12.511,-401000000.0
0,NLSN,MRT,2021-06-30,2021-06-30,2021-06-30,2021-07-29,-750000000.0,11031000000.0,13206250000.0,1196000000.0,9835000000.0,0.376,8.41,-445000000.0,410000000.0,410000000.0,1944000000.0,700000000.0,1.623,2.593,6021000000.0,36000000.0,5985000000.0,6021000000.0,139000000.0,715000000.0,0.0,0.01,0.24,1216000000.0,1931000000.0,0.389,1931000000.0,1216000000.0,881000000.0,1.92,1.91,1.92,3016000000.0,2519000000.0,3016000000.0,14530124222.0,12.0,7.525,477000000.0,1.33,1.0,3015000000.0,0.608,9207000000.0,335000000.0,6698000000.0,8188500000.0,0.0,0.0,0.0,0.0,7821000000.0,737000000.0,7084000000.0,8844124222.0,-28000000.0,2290000000.0,-14000000.0,-2686000000.0,-86000000.0,-2812000000.0,1845000000.0,0.0,922000000.0,17000000.0,691000000.0,691000000.0,691000000.0,-457000000.0,9000000.0,0.139,2203000000.0,812000000.0,479000000.0,0.125,2.932,12.799,12.849,406000000.0,0.0,24.67,1.783,1.784,507000000.0,-567000000.0,4959000000.0,4959000000.0,0.0,0.052,0.274,0.149,0.245,43000000.0,1330000000.0,1.0,358497131.0,358620131,360417035.0,13.828,1824000000.0,50000000.0,190000000.0,763000000.0,5.086,459000000.0
1,NLSN,MRT,2021-03-31,2021-03-31,2021-03-31,2021-07-29,-726000000.0,11884000000.0,13979000000.0,2020000000.0,9864000000.0,0.351,8.317,-493000000.0,1197000000.0,1197000000.0,1954000000.0,596000000.0,1.281,2.927,6883000000.0,866000000.0,6017000000.0,6883000000.0,148000000.0,813000000.0,0.0,0.01,0.24,1097000000.0,1910000000.0,0.389,1910000000.0,1097000000.0,748000000.0,1.63,1.62,1.63,2977000000.0,2270250000.0,2977000000.0,17053457759.0,16.0,8.929,466000000.0,1.302,1.0,2955000000.0,0.602,9248000000.0,349000000.0,6745000000.0,9024750000.0,0.0,0.0,0.0,0.0,8714000000.0,1577000000.0,7137000000.0,8998457759.0,838000000.0,2255000000.0,-13000000.0,-1783000000.0,-86000000.0,-1912000000.0,1763000000.0,0.0,959000000.0,28000000.0,585000000.0,585000000.0,585000000.0,-409000000.0,11000000.0,0.119,2243000000.0,712000000.0,487000000.0,0.147,3.023,15.382,15.429,403000000.0,0.0,25.15,1.833,1.834,504000000.0,-643000000.0,4909000000.0,4909000000.0,0.0,0.042,0.258,0.122,0.223,45000000.0,1285000000.0,1.0,357791561.0,357944731,360189322.0,13.714,2636000000.0,48000000.0,163000000.0,763000000.0,7.364,443000000.0
2,NLSN,MRT,2020-12-31,2020-12-31,2020-12-31,2021-07-29,-1105000000.0,14135000000.0,14556250000.0,2224000000.0,11911000000.0,0.432,5.747,-519000000.0,500000000.0,500000000.0,2760000000.0,7000000.0,1.162,5.798,7100000000.0,276000000.0,6824000000.0,7100000000.0,135000000.0,864000000.0,0.0,0.011,0.24,432000000.0,1296000000.0,0.206,1296000000.0,432000000.0,61000000.0,-0.02,-0.02,-0.02,2051000000.0,2037000000.0,2051000000.0,15573564998.0,36.0,12.017,480000000.0,1.345,1.0,3530000000.0,0.561,9343000000.0,371000000.0,9478000000.0,9652750000.0,0.0,0.0,0.0,0.0,11892000000.0,1914000000.0,9978000000.0,7450564998.0,156000000.0,-17000000.0,-9000000.0,-181000000.0,-86000000.0,-307000000.0,-537000000.0,0.0,999000000.0,1000000.0,-6000000.0,-6000000.0,-6000000.0,0.0,13000000.0,-0.001,3064000000.0,466000000.0,499000000.0,-12.0,3.633,-1241.761,-1043.5,431000000.0,0.0,20.87,1.185,1.184,465000000.0,-1216000000.0,6290000000.0,6290000000.0,0.0,0.0,-0.003,0.045,0.069,53000000.0,1872000000.0,1.0,356998802.0,356860635,356860635.0,17.626,4792000000.0,53000000.0,67000000.0,903000000.0,13.428,310000000.0
3,NLSN,MRT,2020-09-30,2020-09-30,2020-09-30,2021-07-29,-1105000000.0,15775000000.0,14602250000.0,3778000000.0,11997000000.0,0.336,5.693,-522000000.0,2250000000.0,2250000000.0,2023000000.0,-137000000.0,1.104,6.671,10373000000.0,1885000000.0,8488000000.0,10373000000.0,324000000.0,861000000.0,0.0,0.017,0.24,374000000.0,1235000000.0,0.252,1235000000.0,374000000.0,18000000.0,-0.42,-0.42,-0.42,2032000000.0,2073000000.0,2032000000.0,13413771210.0,36.0,10.861,610000000.0,1.709,1.0,2884000000.0,0.588,10644000000.0,356000000.0,9833000000.0,9575500000.0,0.0,0.0,0.0,0.0,13555000000.0,3421000000.0,10134000000.0,5058771210.0,1861000000.0,2000000.0,-5000000.0,1393000000.0,-86000000.0,1262000000.0,-525000000.0,0.0,1132000000.0,-8000000.0,-150000000.0,-150000000.0,-150000000.0,131000000.0,13000000.0,-0.031,2190000000.0,694000000.0,1161000000.0,-0.571,2.49,-33.725,-33.762,759000000.0,0.0,14.18,1.031,1.031,1094000000.0,-1251000000.0,4907000000.0,4907000000.0,0.0,-0.01,-0.072,0.039,0.076,55000000.0,1325000000.0,1.0,356753964.0,356913312,358443308.0,13.748,5131000000.0,288000000.0,168000000.0,1055000000.0,14.376,357000000.0
4,NLSN,MRT,2020-06-30,2020-06-30,2020-06-30,2021-07-29,-1112000000.0,14122000000.0,14244250000.0,2073000000.0,12049000000.0,0.348,5.666,-521000000.0,438000000.0,438000000.0,2054000000.0,-615000000.0,1.183,5.896,8793000000.0,291000000.0,8502000000.0,8793000000.0,361000000.0,830000000.0,0.0,0.036,0.53,-546000000.0,284000000.0,0.057,284000000.0,-546000000.0,-910000000.0,-1.77,-1.77,-1.77,2021000000.0,2103750000.0,2021000000.0,13714227282.0,-25.0,48.29,607000000.0,1.702,1.0,2906000000.0,0.586,10682000000.0,364000000.0,10043000000.0,9661000000.0,0.0,0.0,0.0,0.0,11915000000.0,1752000000.0,10163000000.0,5297227282.0,45000000.0,-12000000.0,-5000000.0,-276000000.0,-189000000.0,-501000000.0,-554000000.0,0.0,1128000000.0,-28000000.0,-629000000.0,-629000000.0,-629000000.0,131000000.0,14000000.0,-0.127,3126000000.0,-220000000.0,1100000000.0,-0.299,2.621,-8.422,-8.395,779000000.0,0.0,14.86,1.068,1.069,1131000000.0,-1258000000.0,4960000000.0,4960000000.0,0.0,-0.044,-0.299,-0.057,-0.11,51000000.0,1341000000.0,1.0,356475591.0,356672845,357358150.0,13.906,3440000000.0,276000000.0,-281000000.0,1016000000.0,9.645,321000000.0
5,NLSN,MRT,2020-03-31,2020-03-31,2020-03-31,2021-07-29,-1130000000.0,14193000000.0,14610750000.0,2014000000.0,12179000000.0,0.395,5.735,-509000000.0,359000000.0,359000000.0,2451000000.0,-463000000.0,0.784,5.852,8776000000.0,1054000000.0,7722000000.0,8776000000.0,402000000.0,791000000.0,0.0,0.065,0.82,-362000000.0,429000000.0,0.074,429000000.0,-362000000.0,-743000000.0,-1.34,-1.35,-1.34,2044000000.0,2295750000.0,2044000000.0,12693865856.0,-35.0,29.589,595000000.0,1.67,1.0,3326000000.0,0.576,10785000000.0,381000000.0,9257000000.0,9743000000.0,0.0,0.0,0.0,0.0,11962000000.0,2568000000.0,9394000000.0,4468865856.0,-43000000.0,-12000000.0,-5000000.0,-240000000.0,-292000000.0,-566000000.0,-544000000.0,0.0,1104000000.0,-37000000.0,-476000000.0,-476000000.0,-476000000.0,73000000.0,13000000.0,-0.082,3416000000.0,-90000000.0,1077000000.0,-0.612,2.186,-9.388,-9.358,804000000.0,0.0,12.54,0.774,0.774,1182000000.0,-1228000000.0,5777000000.0,5777000000.0,0.0,-0.033,-0.207,-0.037,-0.063,51000000.0,1651000000.0,1.0,356368888.0,356389022,357661380.0,16.21,3408000000.0,267000000.0,-267000000.0,1066000000.0,9.563,-554000000.0
6,NLSN,MRT,2019-12-31,2019-12-31,2019-12-31,2021-07-29,-1005000000.0,14319000000.0,14998000000.0,1977000000.0,12342000000.0,0.433,6.17,-519000000.0,454000000.0,454000000.0,2822000000.0,-403000000.0,0.79,5.436,8679000000.0,914000000.0,7765000000.0,8679000000.0,345000000.0,756000000.0,0.0,0.055,1.11,-278000000.0,478000000.0,0.074,478000000.0,-278000000.0,-675000000.0,-1.17,-1.17,-1.17,2195000000.0,2482250000.0,2195000000.0,15713948298.0,-57.0,32.874,547000000.0,1.538,1.0,3676000000.0,0.566,10874000000.0,397000000.0,9169000000.0,10051000000.0,0.0,0.0,0.0,0.0,11931000000.0,2501000000.0,9430000000.0,7222948298.0,-70000000.0,-44000000.0,-4000000.0,-117000000.0,-395000000.0,-544000000.0,-582000000.0,0.0,1066000000.0,-10000000.0,-415000000.0,-415000000.0,-415000000.0,0.0,12000000.0,-0.064,3769000000.0,-93000000.0,1182000000.0,-0.949,3.291,-17.405,-17.35,859000000.0,0.0,20.3,1.112,1.111,1103000000.0,-1210000000.0,6498000000.0,6498000000.0,0.0,-0.028,-0.167,-0.028,-0.043,50000000.0,1929000000.0,1.0,355810261.0,355731862,355731862.0,18.267,3445000000.0,276000000.0,-260000000.0,1112000000.0,9.684,-524000000.0
7,NLSN,MRT,2019-09-30,2019-09-30,2019-09-30,2021-07-29,-1166000000.0,14343000000.0,15213000000.0,1947000000.0,12396000000.0,0.425,6.057,-491000000.0,389000000.0,389000000.0,2795000000.0,-1244000000.0,1.097,5.564,8880000000.0,298000000.0,8582000000.0,8880000000.0,316000000.0,721000000.0,0.0,0.066,1.4,-1509000000.0,-788000000.0,-0.122,-788000000.0,-1509000000.0,-1907000000.0,-3.53,-3.54,-3.53,2155000000.0,2645250000.0,2155000000.0,16228063299.0,-11.0,-20.594,651000000.0,1.83,1.0,3670000000.0,0.568,10884000000.0,398000000.0,10175000000.0,10102250000.0,0.0,0.0,0.0,0.0,11990000000.0,1775000000.0,10215000000.0,7558063299.0,-57000000.0,-15000000.0,-3000000.0,-133000000.0,-497000000.0,-653000000.0,-525000000.0,0.0,1142000000.0,-21000000.0,-1258000000.0,-1258000000.0,-1258000000.0,0.0,14000000.0,-0.195,5158000000.0,-1488000000.0,1087000000.0,-0.397,3.507,-6.008,-6.02,848000000.0,0.0,21.25,1.169,1.169,1146000000.0,-1101000000.0,6465000000.0,6465000000.0,0.0,-0.083,-0.476,-0.149,-0.233,53000000.0,1937000000.0,1.0,355673567.0,355779274,355779274.0,18.171,3459000000.0,322000000.0,-649000000.0,1142000000.0,9.722,172000000.0
8,NLSN,MRT,2019-06-30,2019-06-30,2019-06-30,2021-07-29,-1115000000.0,15588000000.0,15786000000.0,2026000000.0,13562000000.0,0.409,7.842,-500000000.0,393000000.0,393000000.0,2782000000.0,-678000000.0,1.073,4.518,9063000000.0,412000000.0,8651000000.0,9063000000.0,363000000.0,710000000.0,0.0,0.062,1.4,-503000000.0,207000000.0,0.032,207000000.0,-503000000.0,-900000000.0,-1.93,-1.94,-1.93,2789000000.0,3110750000.0,2789000000.0,16727164716.0,-33.0,80.808,616000000.0,1.732,1.0,3667000000.0,0.569,11998000000.0,397000000.0,10371000000.0,9933250000.0,0.0,0.0,0.0,0.0,12600000000.0,1889000000.0,10711000000.0,8034164716.0,-1000000.0,-22000000.0,-13000000.0,-65000000.0,-497000000.0,-590000000.0,-520000000.0,0.0,1116000000.0,-7000000.0,-690000000.0,-690000000.0,-690000000.0,0.0,12000000.0,-0.107,4154000000.0,-487000000.0,1024000000.0,-0.725,2.881,-11.644,-11.71,903000000.0,0.0,22.6,1.246,1.246,1227000000.0,-629000000.0,6449000000.0,6449000000.0,0.0,-0.044,-0.222,-0.051,-0.078,41000000.0,1934000000.0,1.0,355494014.0,355630327,356627708.0,18.134,3590000000.0,329000000.0,-210000000.0,1168000000.0,10.095,137000000.0
9,NLSN,MRT,2019-03-31,2019-03-31,2019-03-31,2021-07-29,-1104000000.0,15742000000.0,16063500000.0,2047000000.0,13695000000.0,0.403,7.849,-510000000.0,402000000.0,402000000.0,2781000000.0,-728000000.0,1.068,4.571,9095000000.0,385000000.0,8710000000.0,9095000000.0,376000000.0,687000000.0,0.0,0.059,1.4,-533000000.0,154000000.0,0.024,154000000.0,-533000000.0,-930000000.0,-2.08,-2.08,-2.08,2790000000.0,3425750000.0,2790000000.0,16276434585.0,-31.0,105.691,622000000.0,1.75,1.0,3687000000.0,0.57,12029000000.0,397000000.0,10489000000.0,9758000000.0,0.0,0.0,0.0,0.0,12753000000.0,1917000000.0,10836000000.0,8413434585.0,-60000000.0,-49000000.0,-47000000.0,-49000000.0,-497000000.0,-612000000.0,-554000000.0,0.0,1132000000.0,-26000000.0,-741000000.0,-741000000.0,-741000000.0,0.0,13000000.0,-0.115,4195000000.0,-508000000.0,1071000000.0,-0.673,3.016,-11.354,-11.38,979000000.0,0.0,23.67,1.301,1.301,1221000000.0,-752000000.0,6468000000.0,6468000000.0,0.0,-0.046,-0.216,-0.055,-0.082,37000000.0,1945000000.0,1.0,355447173.0,355444756,356357083.0,18.197,3713000000.0,334000000.0,-189000000.0,1185000000.0,10.446,130000000.0
10,NLSN,MRT,2018-12-31,2018-12-31,2018-12-31,2021-07-29,-1110000000.0,15179000000.0,16358750000.0,2003000000.0,13176000000.0,0.398,8.006,-516000000.0,524000000.0,524000000.0,2805000000.0,-700000000.0,1.209,4.263,8387000000.0,107000000.0,8280000000.0,8387000000.0,355000000.0,675000000.0,0.0,0.06,1.39,-500000000.0,175000000.0,0.027,175000000.0,-500000000.0,-894000000.0,-2.0,-2.0,-2.0,2847000000.0,3792750000.0,2847000000.0,16446760856.0,-33.0,93.981,542000000.0,1.524,1.0,3710000000.0,0.569,12011000000.0,394000000.0,9374000000.0,9551250000.0,0.0,0.0,0.0,0.0,12136000000.0,1657000000.0,10479000000.0,8281760856.0,-132000000.0,8000000.0,-50000000.0,-114000000.0,-494000000.0,-676000000.0,-506000000.0,0.0,1058000000.0,-8000000.0,-712000000.0,-712000000.0,-712000000.0,0.0,12000000.0,-0.109,4185000000.0,-475000000.0,1119000000.0,-0.695,2.909,-11.632,-11.665,468000000.0,0.0,23.33,1.271,1.273,1118000000.0,-795000000.0,6515000000.0,6515000000.0,0.0,-0.044,-0.188,-0.052,-0.077,35000000.0,1958000000.0,1.0,354983320.0,355601564,355601564.0,18.321,3168000000.0,333000000.0,-182000000.0,1184000000.0,8.909,346000000.0
11,NLSN,MRT,2018-09-30,2018-09-30,2018-09-30,2021-07-29,-1010000000.0,16635000000.0,16780500000.0,2047000000.0,14588000000.0,0.394,11.316,-523000000.0,446000000.0,446000000.0,2832000000.0,333000000.0,1.141,3.092,8611000000.0,307000000.0,8304000000.0,8611000000.0,345000000.0,667000000.0,0.0,0.05,1.38,1017000000.0,1684000000.0,0.254,1684000000.0,1017000000.0,625000000.0,0.89,0.9,0.89,4017000000.0,4142250000.0,4017000000.0,18095042465.0,18.0,10.745,495000000.0,1.394,1.0,3786000000.0,0.572,13507000000.0,392000000.0,9499000000.0,9553250000.0,0.0,0.0,0.0,0.0,12420000000.0,1794000000.0,10626000000.0,9825042465.0,-216000000.0,-220000000.0,-71000000.0,106000000.0,-491000000.0,-480000000.0,-751000000.0,0.0,1018000000.0,-3000000.0,321000000.0,321000000.0,321000000.0,0.0,12000000.0,0.049,2736000000.0,1050000000.0,996000000.0,1.551,2.446,30.608,31.079,461000000.0,0.0,27.66,1.485,1.484,1249000000.0,281000000.0,6618000000.0,6618000000.0,0.0,0.019,0.077,0.106,0.154,31000000.0,1929000000.0,1.0,355207609.0,354993315,355561704.0,18.643,3128000000.0,166000000.0,304000000.0,1552000000.0,8.811,253000000.0
12,NLSN,MRT,2018-06-30,2018-06-30,2018-06-30,2021-07-29,-1015000000.0,16698000000.0,16768000000.0,2120000000.0,14578000000.0,0.397,11.381,-515000000.0,394000000.0,394000000.0,2843000000.0,385000000.0,1.185,3.076,8664000000.0,343000000.0,8321000000.0,8664000000.0,361000000.0,652000000.0,0.0,0.044,1.37,1096000000.0,1748000000.0,0.263,1748000000.0,1096000000.0,708000000.0,1.03,1.04,1.03,4049000000.0,4202750000.0,4049000000.0,19202052426.0,18.0,10.985,654000000.0,1.838,1.0,3816000000.0,0.573,13509000000.0,388000000.0,9670000000.0,9519750000.0,0.0,0.0,0.0,0.0,12453000000.0,1789000000.0,10664000000.0,11018052426.0,-116000000.0,-225000000.0,-87000000.0,54000000.0,-488000000.0,-546000000.0,-752000000.0,0.0,1169000000.0,13000000.0,371000000.0,371000000.0,371000000.0,0.0,14000000.0,0.056,2693000000.0,1123000000.0,977000000.0,1.33,2.721,29.698,30.029,471000000.0,0.0,30.93,1.655,1.653,1320000000.0,309000000.0,6659000000.0,6659000000.0,0.0,0.022,0.088,0.115,0.165,38000000.0,1913000000.0,1.0,356225426.0,355773490,356376160.0,18.717,3189000000.0,169000000.0,337000000.0,1524000000.0,8.964,331000000.0
13,NLSN,MRT,2018-03-31,2018-03-31,2018-03-31,2021-07-29,-886000000.0,16923000000.0,16717000000.0,2264000000.0,14659000000.0,0.398,11.945,-461000000.0,462000000.0,462000000.0,2823000000.0,442000000.0,1.231,2.927,8646000000.0,360000000.0,8286000000.0,8646000000.0,389000000.0,652000000.0,0.0,0.043,1.36,1194000000.0,1846000000.0,0.277,1846000000.0,1194000000.0,814000000.0,1.2,1.21,1.2,4258000000.0,4238250000.0,4258000000.0,19122716638.0,16.0,10.359,692000000.0,1.941,1.0,3833000000.0,0.576,13606000000.0,380000000.0,9662000000.0,9498000000.0,0.0,0.0,0.0,0.0,12465000000.0,1839000000.0,10626000000.0,11337716638.0,11000000.0,-206000000.0,-89000000.0,90000000.0,-484000000.0,-504000000.0,-682000000.0,0.0,1153000000.0,44000000.0,430000000.0,430000000.0,430000000.0,0.0,12000000.0,0.065,2617000000.0,1216000000.0,969000000.0,1.133,2.663,26.367,26.492,468000000.0,0.0,31.79,1.703,1.703,1374000000.0,362000000.0,6656000000.0,6656000000.0,0.0,0.026,0.101,0.126,0.179,43000000.0,1893000000.0,1.0,356644122.0,356460561,357273815.0,18.672,3317000000.0,171000000.0,384000000.0,1544000000.0,9.305,425000000.0
14,NLSN,MRT,2017-12-31,2017-12-31,2017-12-31,2021-07-29,-940000000.0,16866000000.0,16569250000.0,2282000000.0,14584000000.0,0.397,11.9,-447000000.0,656000000.0,656000000.0,2765000000.0,440000000.0,1.345,2.927,8441000000.0,84000000.0,8357000000.0,8441000000.0,361000000.0,640000000.0,0.0,0.037,1.33,1191000000.0,1831000000.0,0.279,1831000000.0,1191000000.0,817000000.0,1.2,1.2,1.2,4245000000.0,4204500000.0,4245000000.0,20746515200.0,17.0,11.331,863000000.0,2.419,1.0,3807000000.0,0.579,13572000000.0,374000000.0,9382000000.0,9423500000.0,0.0,0.0,0.0,0.0,12423000000.0,1697000000.0,10726000000.0,12964515200.0,-98000000.0,-776000000.0,-113000000.0,394000000.0,-474000000.0,-215000000.0,-1236000000.0,0.0,1310000000.0,43000000.0,429000000.0,429000000.0,429000000.0,0.0,11000000.0,0.065,2593000000.0,1214000000.0,1141000000.0,1.108,3.054,30.22,30.333,482000000.0,0.0,36.4,1.973,1.976,1280000000.0,411000000.0,6572000000.0,6572000000.0,0.0,0.026,0.102,0.126,0.181,45000000.0,1873000000.0,1.0,356168000.0,356714940,358052433.0,18.424,3294000000.0,170000000.0,388000000.0,1546000000.0,9.234,585000000.0
15,NLSN,MRT,2017-09-30,2017-09-30,2017-09-30,2021-07-29,-979000000.0,16585000000.0,16285250000.0,2272000000.0,14313000000.0,0.397,11.949,-358000000.0,662000000.0,662000000.0,2701000000.0,516000000.0,1.413,2.847,8444000000.0,67000000.0,8377000000.0,8444000000.0,328000000.0,630000000.0,0.0,0.031,1.3,1197000000.0,1827000000.0,0.283,1827000000.0,1197000000.0,834000000.0,1.43,1.43,1.43,4259000000.0,4168750000.0,4259000000.0,22793133686.0,19.0,12.476,989000000.0,2.775,1.0,3766000000.0,0.582,13394000000.0,363000000.0,9365000000.0,9259750000.0,0.0,0.0,0.0,0.0,12125000000.0,1608000000.0,10517000000.0,14780133686.0,216000000.0,-583000000.0,-105000000.0,380000000.0,-464000000.0,-206000000.0,-939000000.0,0.0,1347000000.0,14000000.0,507000000.0,507000000.0,507000000.0,0.0,9000000.0,0.078,2578000000.0,1188000000.0,1015000000.0,0.909,3.47,29.152,28.986,458000000.0,0.0,41.45,2.285,2.285,1282000000.0,451000000.0,6467000000.0,6467000000.0,0.0,0.031,0.122,0.129,0.185,49000000.0,1868000000.0,1.0,356577411.0,356426891,357692115.0,18.144,3191000000.0,131000000.0,327000000.0,1417000000.0,8.953,664000000.0
16,NLSN,MRT,2017-06-30,2017-06-30,2017-06-30,2021-07-29,-1051000000.0,16494000000.0,16064000000.0,2217000000.0,14277000000.0,0.398,11.745,-348000000.0,510000000.0,510000000.0,2651000000.0,498000000.0,1.408,2.888,8523000000.0,163000000.0,8360000000.0,8523000000.0,352000000.0,621000000.0,0.0,0.033,1.27,1161000000.0,1782000000.0,0.279,1782000000.0,1161000000.0,808000000.0,1.38,1.38,1.38,4191000000.0,4165500000.0,4191000000.0,21778303632.0,19.0,12.221,917000000.0,2.57,1.0,3745000000.0,0.586,13349000000.0,353000000.0,9583000000.0,9019250000.0,0.0,0.0,0.0,0.0,12103000000.0,1575000000.0,10528000000.0,13813303632.0,164000000.0,-580000000.0,-126000000.0,418000000.0,-454000000.0,-176000000.0,-930000000.0,0.0,1265000000.0,5000000.0,491000000.0,491000000.0,491000000.0,0.0,7000000.0,0.077,2595000000.0,1150000000.0,925000000.0,0.92,3.296,28.133,28.014,454000000.0,0.0,38.66,2.16,2.157,1367000000.0,426000000.0,6396000000.0,6396000000.0,0.0,0.031,0.118,0.129,0.182,52000000.0,1872000000.0,1.0,357302215.0,356829766,358085067.0,17.925,3145000000.0,133000000.0,317000000.0,1380000000.0,8.814,642000000.0
17,NLSN,MRT,2017-03-31,2017-03-31,2017-03-31,2021-07-29,-1134000000.0,16332000000.0,15870000000.0,2101000000.0,14231000000.0,0.4,11.536,-396000000.0,451000000.0,451000000.0,2627000000.0,479000000.0,1.285,2.914,8416000000.0,236000000.0,8180000000.0,8416000000.0,364000000.0,611000000.0,0.0,0.03,1.24,1125000000.0,1736000000.0,0.273,1736000000.0,1125000000.0,781000000.0,1.32,1.32,1.32,4123000000.0,4186500000.0,4123000000.0,21941975293.0,20.0,12.639,853000000.0,2.387,1.0,3721000000.0,0.586,13298000000.0,344000000.0,9364000000.0,8656250000.0,0.0,0.0,0.0,0.0,12015000000.0,1635000000.0,10380000000.0,14769975293.0,19000000.0,-776000000.0,-300000000.0,706000000.0,-444000000.0,-49000000.0,-1172000000.0,0.0,1249000000.0,-9000000.0,473000000.0,473000000.0,473000000.0,0.0,6000000.0,0.075,2610000000.0,1111000000.0,933000000.0,0.939,3.582,31.226,31.295,464000000.0,0.0,41.31,2.327,2.326,1287000000.0,416000000.0,6348000000.0,6348000000.0,0.0,0.03,0.113,0.13,0.177,53000000.0,1872000000.0,1.0,357539949.0,357399749,359054968.0,17.762,3034000000.0,133000000.0,308000000.0,1374000000.0,8.489,466000000.0
18,NLSN,MRT,2016-12-31,2016-12-31,2016-12-31,2021-07-29,-1211000000.0,15730000000.0,15684000000.0,2222000000.0,13508000000.0,0.402,11.432,-391000000.0,754000000.0,754000000.0,2607000000.0,507000000.0,1.394,2.788,7926000000.0,188000000.0,7738000000.0,7926000000.0,297000000.0,603000000.0,0.0,0.029,1.21,1144000000.0,1747000000.0,0.277,1747000000.0,1144000000.0,811000000.0,1.4,1.39,1.4,4102000000.0,4284750000.0,4102000000.0,22505184641.0,20.0,12.882,905000000.0,2.522,1.0,3702000000.0,0.587,12581000000.0,333000000.0,8727000000.0,8471750000.0,0.0,0.0,0.0,0.0,11437000000.0,1594000000.0,9843000000.0,14994184641.0,397000000.0,-251000000.0,-336000000.0,533000000.0,-434000000.0,-248000000.0,-642000000.0,0.0,1296000000.0,-9000000.0,502000000.0,502000000.0,502000000.0,0.0,5000000.0,0.08,2572000000.0,1130000000.0,1012000000.0,0.864,3.655,29.869,29.964,471000000.0,0.0,41.95,2.377,2.386,1171000000.0,456000000.0,6309000000.0,6309000000.0,0.0,0.032,0.117,0.135,0.181,51000000.0,1864000000.0,1.0,357429908.0,358830080,362167129.0,17.582,3149000000.0,127000000.0,309000000.0,1272000000.0,8.776,628000000.0
19,NLSN,MRT,2016-09-30,2016-09-30,2016-09-30,2021-07-29,-1021000000.0,15700000000.0,15577250000.0,2051000000.0,13649000000.0,0.403,11.891,-419000000.0,446000000.0,446000000.0,2591000000.0,601000000.0,1.02,2.653,7957000000.0,578000000.0,7379000000.0,7957000000.0,301000000.0,592000000.0,0.0,0.022,1.18,1306000000.0,1898000000.0,0.302,1898000000.0,1306000000.0,979000000.0,1.63,1.62,1.63,4246000000.0,4367500000.0,4246000000.0,26805012256.0,21.0,14.123,735000000.0,2.058,1.0,3686000000.0,0.587,12797000000.0,327000000.0,8403000000.0,8300500000.0,0.0,0.0,0.0,0.0,11265000000.0,2011000000.0,9254000000.0,19143012256.0,88000000.0,-281000000.0,-464000000.0,470000000.0,-424000000.0,-408000000.0,-668000000.0,0.0,1154000000.0,10000000.0,594000000.0,594000000.0,594000000.0,0.0,7000000.0,0.095,2574000000.0,1112000000.0,925000000.0,0.724,4.508,32.227,32.865,485000000.0,0.0,53.57,3.05,3.048,1240000000.0,408000000.0,6277000000.0,6277000000.0,0.0,0.038,0.136,0.157,0.208,46000000.0,1901000000.0,1.0,357345758.0,357088498,360574807.0,17.578,2903000000.0,96000000.0,385000000.0,1229000000.0,8.13,40000000.0
20,NLSN,MRT,2016-06-30,2016-06-30,2016-06-30,2021-07-29,-1011000000.0,15718000000.0,15471500000.0,2035000000.0,13683000000.0,0.403,11.899,-423000000.0,346000000.0,346000000.0,2564000000.0,611000000.0,0.843,2.632,8008000000.0,1075000000.0,6933000000.0,8008000000.0,324000000.0,585000000.0,0.0,0.022,1.15,1312000000.0,1897000000.0,0.304,1897000000.0,1312000000.0,991000000.0,1.66,1.64,1.66,4275000000.0,4412500000.0,4275000000.0,25994918038.0,20.0,13.703,729000000.0,2.029,1.0,3674000000.0,0.589,12834000000.0,321000000.0,8131000000.0,8293250000.0,0.0,0.0,0.0,0.0,11250000000.0,2415000000.0,8835000000.0,18766918038.0,15000000.0,-271000000.0,-576000000.0,528000000.0,-428000000.0,-468000000.0,-660000000.0,0.0,1152000000.0,-9000000.0,606000000.0,606000000.0,606000000.0,0.0,5000000.0,0.097,2560000000.0,1114000000.0,868000000.0,0.693,4.39,30.969,31.307,478000000.0,0.0,51.97,3.008,2.993,1313000000.0,389000000.0,6238000000.0,6238000000.0,0.0,0.039,0.137,0.158,0.21,47000000.0,1908000000.0,1.0,361110603.0,359264465,363216877.0,17.363,2884000000.0,97000000.0,385000000.0,1186000000.0,8.028,-380000000.0
21,NLSN,MRT,2016-03-31,2016-03-31,2016-03-31,2021-07-29,-969000000.0,15588000000.0,15408250000.0,2054000000.0,13534000000.0,0.402,12.49,-408000000.0,432000000.0,432000000.0,2558000000.0,613000000.0,1.366,2.408,7660000000.0,189000000.0,7471000000.0,7660000000.0,316000000.0,579000000.0,0.0,0.021,1.12,1313000000.0,1892000000.0,0.305,1892000000.0,1313000000.0,996000000.0,1.66,1.64,1.66,4516000000.0,4513000000.0,4516000000.0,26037546508.0,20.0,13.762,787000000.0,2.177,1.0,3643000000.0,0.587,12686000000.0,317000000.0,8626000000.0,8406000000.0,0.0,0.0,0.0,0.0,10876000000.0,1504000000.0,9372000000.0,19056546508.0,89000000.0,-72000000.0,-525000000.0,293000000.0,-419000000.0,-650000000.0,-446000000.0,0.0,1195000000.0,-10000000.0,607000000.0,607000000.0,607000000.0,0.0,6000000.0,0.098,2525000000.0,1118000000.0,915000000.0,0.675,4.22,31.395,31.723,482000000.0,0.0,52.66,3.073,3.071,1239000000.0,387000000.0,6201000000.0,6201000000.0,0.0,0.039,0.135,0.156,0.212,47000000.0,1899000000.0,1.0,361878969.0,361580670,365201139.0,17.15,2902000000.0,93000000.0,389000000.0,1108000000.0,8.026,550000000.0
22,NLSN,MRT,2015-12-31,2015-12-31,2015-12-31,2021-07-29,-1059000000.0,15303000000.0,15358250000.0,1908000000.0,13395000000.0,0.402,12.079,-401000000.0,357000000.0,357000000.0,2539000000.0,575000000.0,1.131,2.408,7338000000.0,310000000.0,7028000000.0,7338000000.0,322000000.0,574000000.0,0.0,0.023,1.09,1264000000.0,1838000000.0,0.298,1838000000.0,1264000000.0,953000000.0,1.55,1.54,1.55,4433000000.0,4576000000.0,4433000000.0,24060100097.0,19.0,13.09,808000000.0,2.202,1.0,3633000000.0,0.589,12555000000.0,311000000.0,8042000000.0,8393750000.0,0.0,0.0,0.0,0.0,10676000000.0,1687000000.0,8989000000.0,16965100097.0,84000000.0,-216000000.0,-595000000.0,510000000.0,-408000000.0,-492000000.0,-581000000.0,0.0,1209000000.0,-52000000.0,570000000.0,570000000.0,570000000.0,0.0,5000000.0,0.092,2540000000.0,1093000000.0,1013000000.0,0.703,3.827,29.763,30.065,490000000.0,0.0,46.6,2.749,2.771,1235000000.0,341000000.0,6172000000.0,6172000000.0,0.0,0.037,0.125,0.151,0.205,48000000.0,1915000000.0,1.0,364057942.0,366996788,370957804.0,16.818,2748000000.0,78000000.0,383000000.0,1116000000.0,7.488,221000000.0
23,NLSN,MRT,2015-09-30,2015-09-30,2015-09-30,2021-07-29,-1046000000.0,15277000000.0,15364000000.0,2106000000.0,13171000000.0,0.402,12.109,-444000000.0,358000000.0,358000000.0,2538000000.0,479000000.0,1.2,2.435,7453000000.0,339000000.0,7114000000.0,7453000000.0,299000000.0,580000000.0,0.0,0.024,1.06,1022000000.0,1602000000.0,0.259,1602000000.0,1022000000.0,720000000.0,1.29,1.28,1.29,4426000000.0,4731750000.0,4426000000.0,23456262866.0,23.0,14.642,765000000.0,2.093,1.0,3643000000.0,0.589,12243000000.0,302000000.0,8374000000.0,8304500000.0,0.0,0.0,0.0,0.0,10779000000.0,1755000000.0,9024000000.0,16314262866.0,-11000000.0,-315000000.0,-821000000.0,843000000.0,-402000000.0,-383000000.0,-759000000.0,0.0,1209000000.0,-78000000.0,480000000.0,480000000.0,480000000.0,0.0,-1000000.0,0.078,2552000000.0,1091000000.0,918000000.0,0.822,3.686,33.988,34.473,486000000.0,0.0,44.47,2.639,2.63,1163000000.0,191000000.0,6181000000.0,6181000000.0,0.0,0.031,0.101,0.123,0.165,50000000.0,1883000000.0,1.0,366859970.0,365498696,369497939.0,16.911,3034000000.0,73000000.0,240000000.0,1192000000.0,8.301,351000000.0
24,NLSN,MRT,2015-06-30,2015-06-30,2015-06-30,2021-07-29,-898000000.0,15465000000.0,15385000000.0,2114000000.0,13351000000.0,0.404,12.697,-440000000.0,331000000.0,331000000.0,2571000000.0,429000000.0,1.295,2.291,7473000000.0,331000000.0,7142000000.0,7473000000.0,332000000.0,575000000.0,0.0,0.023,1.03,979000000.0,1554000000.0,0.25,1554000000.0,979000000.0,682000000.0,1.14,1.14,1.14,4677000000.0,5029000000.0,4677000000.0,23563920099.0,24.0,15.163,707000000.0,1.919,1.0,3651000000.0,0.587,12392000000.0,297000000.0,8582000000.0,8120750000.0,0.0,0.0,0.0,0.0,10713000000.0,1633000000.0,9080000000.0,16559920099.0,21000000.0,-325000000.0,-666000000.0,812000000.0,-381000000.0,-284000000.0,-762000000.0,0.0,1147000000.0,-80000000.0,429000000.0,429000000.0,429000000.0,0.0,0.0,0.069,2547000000.0,1104000000.0,831000000.0,0.904,3.541,38.601,39.272,508000000.0,0.0,44.77,2.662,2.651,1227000000.0,49000000.0,6222000000.0,6222000000.0,0.0,0.028,0.085,0.121,0.157,50000000.0,1892000000.0,1.0,369888767.0,368364597,372581033.0,16.891,3073000000.0,70000000.0,253000000.0,1156000000.0,8.342,481000000.0
25,NLSN,MRT,2015-03-31,2015-03-31,2015-03-31,2021-07-29,-940000000.0,15388000000.0,15407750000.0,2065000000.0,13323000000.0,0.406,12.846,-437000000.0,343000000.0,343000000.0,2600000000.0,389000000.0,1.436,2.212,7347000000.0,188000000.0,7159000000.0,7347000000.0,320000000.0,574000000.0,0.0,0.022,1.0,926000000.0,1500000000.0,0.24,1500000000.0,926000000.0,630000000.0,1.02,1.02,1.02,4768000000.0,5300250000.0,4768000000.0,23136211833.0,25.0,15.424,667000000.0,1.797,1.0,3657000000.0,0.584,12377000000.0,296000000.0,8577000000.0,7932500000.0,0.0,0.0,0.0,0.0,10545000000.0,1438000000.0,9107000000.0,16547211833.0,42000000.0,-327000000.0,-493000000.0,722000000.0,-372000000.0,-222000000.0,-762000000.0,0.0,1104000000.0,-78000000.0,389000000.0,389000000.0,389000000.0,0.0,0.0,0.062,2562000000.0,1095000000.0,858000000.0,0.98,3.47,42.538,43.696,512000000.0,0.0,44.57,2.645,2.644,1168000000.0,-65000000.0,6257000000.0,6257000000.0,0.0,0.025,0.073,0.117,0.148,49000000.0,1909000000.0,1.0,371263447.0,371169651,375361957.0,16.858,3011000000.0,67000000.0,241000000.0,1098000000.0,8.112,627000000.0
26,NLSN,MRT,2014-12-31,2014-12-31,2014-12-31,2021-07-29,-777000000.0,15326000000.0,15429000000.0,2011000000.0,13315000000.0,0.408,13.329,-412000000.0,273000000.0,273000000.0,2620000000.0,381000000.0,1.121,2.016,6812000000.0,393000000.0,6419000000.0,6812000000.0,304000000.0,573000000.0,0.0,0.021,0.95,920000000.0,1493000000.0,0.237,1493000000.0,920000000.0,620000000.0,1.01,1.0,1.01,5056000000.0,5537250000.0,5056000000.0,23296440065.0,25.0,15.604,681000000.0,1.795,1.0,3668000000.0,0.583,12386000000.0,300000000.0,7685000000.0,7702750000.0,0.0,0.0,0.0,0.0,10193000000.0,1794000000.0,8399000000.0,17045440065.0,-291000000.0,-320000000.0,-363000000.0,212000000.0,-356000000.0,-585000000.0,-732000000.0,0.0,1093000000.0,-67000000.0,384000000.0,384000000.0,384000000.0,0.0,-3000000.0,0.061,2579000000.0,1089000000.0,1035000000.0,0.941,3.371,44.389,44.287,533000000.0,0.0,44.73,2.711,2.698,1241000000.0,-128000000.0,6288000000.0,6288000000.0,0.0,0.025,0.069,0.119,0.146,47000000.0,1917000000.0,1.0,381074001.0,379333037,384371452.0,16.576,2940000000.0,83000000.0,236000000.0,1087000000.0,7.75,217000000.0
27,NLSN,MRT,2014-09-30,2014-09-30,2014-09-30,2021-07-29,-509000000.0,15361000000.0,15480000000.0,1982000000.0,13379000000.0,0.405,14.742,-393000000.0,369000000.0,369000000.0,2633000000.0,368000000.0,1.285,1.721,6620000000.0,112000000.0,6508000000.0,6620000000.0,312000000.0,571000000.0,0.0,0.02,0.9,866000000.0,1437000000.0,0.229,1437000000.0,866000000.0,557000000.0,0.96,0.95,0.96,5615000000.0,5705500000.0,5615000000.0,23240497166.0,27.0,16.173,619000000.0,1.625,1.0,3633000000.0,0.58,12431000000.0,309000000.0,7639000000.0,7683000000.0,0.0,0.0,0.0,0.0,9661000000.0,1542000000.0,8119000000.0,16858497166.0,-368000000.0,-249000000.0,20000000.0,-284000000.0,-337000000.0,-703000000.0,-641000000.0,0.0,1012000000.0,-36000000.0,368000000.0,368000000.0,368000000.0,14000000.0,0.0,0.059,2614000000.0,1019000000.0,917000000.0,0.938,3.002,45.811,46.177,525000000.0,0.0,44.33,2.69,2.695,1189000000.0,-289000000.0,6266000000.0,6266000000.0,0.0,0.024,0.064,0.113,0.138,51000000.0,1944000000.0,1.0,380295447.0,380884561,385891391.0,16.451,2930000000.0,96000000.0,189000000.0,1040000000.0,7.693,440000000.0
28,NLSN,MRT,2014-06-30,2014-06-30,2014-06-30,2021-07-29,-349000000.0,15556000000.0,15568500000.0,1987000000.0,13569000000.0,0.391,15.173,-375000000.0,310000000.0,310000000.0,2558000000.0,407000000.0,1.322,1.686,6692000000.0,136000000.0,6556000000.0,6692000000.0,339000000.0,549000000.0,0.0,0.018,0.85,858000000.0,1407000000.0,0.231,1407000000.0,858000000.0,545000000.0,1.07,1.06,1.07,5762000000.0,5718250000.0,5762000000.0,24688289189.0,29.0,17.547,566000000.0,1.49,1.0,3523000000.0,0.579,12606000000.0,313000000.0,7829000000.0,7659500000.0,0.0,0.0,0.0,0.0,9712000000.0,1503000000.0,8209000000.0,18343289189.0,-847000000.0,-1421000000.0,32000000.0,374000000.0,-317000000.0,23000000.0,-1795000000.0,0.0,941000000.0,-16000000.0,411000000.0,411000000.0,411000000.0,14000000.0,-4000000.0,0.068,2572000000.0,951000000.0,883000000.0,0.794,3.183,44.631,45.243,530000000.0,0.0,48.41,3.016,3.023,1266000000.0,-380000000.0,6081000000.0,6081000000.0,0.0,0.026,0.072,0.112,0.141,50000000.0,1910000000.0,1.0,378915290.0,379755766,385356813.0,16.013,2950000000.0,119000000.0,134000000.0,1004000000.0,7.768,484000000.0
29,NLSN,MRT,2014-03-31,2014-03-31,2014-03-31,2021-07-29,-390000000.0,15473000000.0,15314500000.0,1933000000.0,13540000000.0,0.383,15.081,-381000000.0,301000000.0,301000000.0,2461000000.0,757000000.0,1.263,1.693,6646000000.0,185000000.0,6461000000.0,6646000000.0,345000000.0,534000000.0,0.0,0.017,0.76,1177000000.0,1711000000.0,0.291,1711000000.0,1177000000.0,869000000.0,2.02,1.99,2.02,5716000000.0,5661000000.0,5716000000.0,22984799711.0,20.0,13.434,556000000.0,1.467,1.0,3412000000.0,0.581,12629000000.0,308000000.0,7658000000.0,7473000000.0,0.0,0.0,0.0,0.0,9676000000.0,1531000000.0,8145000000.0,16908799711.0,68000000.0,-487000000.0,53000000.0,282000000.0,-283000000.0,20000000.0,-866000000.0,0.0,937000000.0,-23000000.0,763000000.0,763000000.0,763000000.0,-293000000.0,-6000000.0,0.13,2500000000.0,912000000.0,918000000.0,0.376,2.958,22.161,22.094,530000000.0,0.0,44.63,2.879,2.88,1186000000.0,-454000000.0,5873000000.0,5873000000.0,0.0,0.05,0.135,0.158,0.2,49000000.0,1862000000.0,1.0,378866227.0,379012826,384739599.0,15.496,2844000000.0,116000000.0,106000000.0,954000000.0,7.504,402000000.0
30,NLSN,MRT,2013-12-31,2013-12-31,2013-12-31,2021-07-29,-387000000.0,15530000000.0,15050250000.0,2134000000.0,13396000000.0,0.379,15.245,-374000000.0,564000000.0,564000000.0,2398000000.0,736000000.0,1.39,1.697,6640000000.0,148000000.0,6492000000.0,6640000000.0,306000000.0,521000000.0,0.0,0.016,0.72,1140000000.0,1661000000.0,0.291,1661000000.0,1140000000.0,831000000.0,1.97,1.94,1.97,5729000000.0,5531750000.0,5729000000.0,23476920641.0,21.0,14.134,527000000.0,1.402,1.0,3305000000.0,0.58,12465000000.0,309000000.0,7606000000.0,7314250000.0,0.0,0.0,0.0,0.0,9723000000.0,1535000000.0,8188000000.0,17331920641.0,276000000.0,-314000000.0,74000000.0,309000000.0,-265000000.0,83000000.0,-687000000.0,0.0,901000000.0,-21000000.0,740000000.0,740000000.0,740000000.0,-305000000.0,-4000000.0,0.13,2444000000.0,861000000.0,1026000000.0,0.365,3.025,23.422,23.294,560000000.0,0.0,45.89,3.039,3.024,1196000000.0,-512000000.0,5703000000.0,5703000000.0,0.0,0.049,0.134,0.156,0.2,47000000.0,1815000000.0,1.0,377684041.0,375797629,380927966.0,15.176,3065000000.0,115000000.0,91000000.0,919000000.0,8.156,599000000.0
31,NLSN,MRT,2013-09-30,2013-09-30,2013-09-30,2021-07-29,-379000000.0,15715000000.0,14814000000.0,2211000000.0,13504000000.0,0.373,15.006,-388000000.0,737000000.0,737000000.0,2308000000.0,627000000.0,1.246,1.765,6882000000.0,361000000.0,6521000000.0,6882000000.0,324000000.0,507000000.0,0.0,0.014,0.52,1085000000.0,1592000000.0,0.288,1592000000.0,1085000000.0,767000000.0,1.68,1.67,1.68,5666000000.0,5332000000.0,5666000000.0,18843950043.0,17.0,11.837,533000000.0,1.412,1.0,3225000000.0,0.583,12541000000.0,318000000.0,7545000000.0,7218500000.0,0.0,0.0,0.0,0.0,10003000000.0,1774000000.0,8229000000.0,13745950043.0,412000000.0,-295000000.0,60000000.0,432000000.0,-189000000.0,192000000.0,-683000000.0,0.0,921000000.0,-18000000.0,634000000.0,634000000.0,634000000.0,-312000000.0,-7000000.0,0.115,2320000000.0,905000000.0,990000000.0,0.31,2.426,21.681,21.696,555000000.0,0.0,36.45,2.484,2.487,1138000000.0,-657000000.0,5533000000.0,5533000000.0,0.0,0.043,0.119,0.15,0.196,42000000.0,1739000000.0,1.0,377117971.0,377590584,382302017.0,14.653,3174000000.0,166000000.0,133000000.0,1235000000.0,8.406,437000000.0
32,NLSN,MRT,2013-06-30,2013-06-30,2013-06-30,2021-07-29,-432000000.0,14540000000.0,14509250000.0,2541000000.0,11999000000.0,0.379,14.693,-376000000.0,1157000000.0,1157000000.0,2285000000.0,602000000.0,1.656,1.619,6255000000.0,335000000.0,5920000000.0,6255000000.0,281000000.0,520000000.0,0.0,0.01,0.32,1096000000.0,1616000000.0,0.294,1616000000.0,1096000000.0,756000000.0,1.62,1.61,1.62,5533000000.0,5159500000.0,5533000000.0,18681487398.0,17.0,11.56,555000000.0,1.474,1.0,3212000000.0,0.584,11021000000.0,340000000.0,7083000000.0,7135500000.0,0.0,0.0,0.0,0.0,8960000000.0,1534000000.0,7426000000.0,12594487398.0,874000000.0,825000000.0,67000000.0,-342000000.0,-115000000.0,-489000000.0,449000000.0,0.0,931000000.0,-17000000.0,605000000.0,605000000.0,605000000.0,-332000000.0,-3000000.0,0.11,2306000000.0,906000000.0,829000000.0,0.198,2.276,20.817,20.735,535000000.0,0.0,33.59,2.291,2.301,1104000000.0,-791000000.0,5497000000.0,5497000000.0,0.0,0.042,0.117,0.154,0.199,41000000.0,1734000000.0,1.0,374947526.0,376580064,381559390.0,14.597,3519000000.0,167000000.0,151000000.0,1040000000.0,9.345,1007000000.0
33,NLSN,MRT,2013-03-31,2013-03-31,2013-03-31,2021-07-29,-353000000.0,14416000000.0,14475500000.0,1609000000.0,12807000000.0,0.377,14.029,-346000000.0,233000000.0,233000000.0,2254000000.0,281000000.0,0.982,1.763,6320000000.0,372000000.0,5948000000.0,6320000000.0,345000000.0,517000000.0,0.0,0.004,0.16,793000000.0,1310000000.0,0.24,1310000000.0,793000000.0,425000000.0,0.77,0.77,0.77,5199000000.0,4971500000.0,5199000000.0,19294216708.0,24.0,14.728,495000000.0,1.336,1.0,3199000000.0,0.587,11841000000.0,368000000.0,7023000000.0,7263500000.0,0.0,0.0,0.0,0.0,9168000000.0,1639000000.0,7529000000.0,12998216708.0,-62000000.0,-159000000.0,35000000.0,-260000000.0,-56000000.0,-380000000.0,-506000000.0,0.0,841000000.0,-17000000.0,283000000.0,283000000.0,283000000.0,-28000000.0,-2000000.0,0.052,2302000000.0,897000000.0,848000000.0,0.208,2.5,45.93,46.519,537000000.0,0.0,35.82,2.384,2.434,1076000000.0,-1217000000.0,5453000000.0,5453000000.0,0.0,0.02,0.057,0.109,0.145,36000000.0,1728000000.0,1.0,362875955.0,370583217,375557021.0,14.715,2575000000.0,170000000.0,142000000.0,1070000000.0,6.949,-30000000.0
34,NLSN,MRT,2012-12-31,2012-12-31,2012-12-31,2021-07-29,-333000000.0,14585000000.0,14505750000.0,1676000000.0,12909000000.0,0.373,13.627,-358000000.0,288000000.0,288000000.0,2225000000.0,272000000.0,0.957,1.949,6584000000.0,355000000.0,6229000000.0,6584000000.0,373000000.0,520000000.0,0.0,0.0,0.0,785000000.0,1305000000.0,0.241,1305000000.0,785000000.0,395000000.0,0.75,0.75,0.75,4930000000.0,4862750000.0,4930000000.0,17433789569.0,22.0,13.359,426000000.0,1.177,1.0,3182000000.0,0.588,11907000000.0,390000000.0,7223000000.0,7417750000.0,0.0,0.0,0.0,0.0,9607000000.0,1751000000.0,7856000000.0,11078789569.0,-31000000.0,-164000000.0,29000000.0,-229000000.0,0.0,-298000000.0,-522000000.0,0.0,784000000.0,5000000.0,273000000.0,273000000.0,273000000.0,-30000000.0,-1000000.0,0.05,2302000000.0,880000000.0,967000000.0,0.0,2.247,40.582,40.787,560000000.0,0.0,30.59,2.049,2.047,1110000000.0,-1252000000.0,5407000000.0,5407000000.0,0.0,0.019,0.056,0.106,0.145,34000000.0,1724000000.0,1.0,362170303.0,361787868,366310984.0,14.945,2678000000.0,170000000.0,122000000.0,1062000000.0,7.402,-75000000.0
35,NLSN,MRT,2012-09-30,2012-09-30,2012-09-30,2021-07-29,-236000000.0,14496000000.0,14485500000.0,1683000000.0,12813000000.0,0.362,13.745,-379000000.0,325000000.0,325000000.0,2178000000.0,332000000.0,0.932,1.912,6680000000.0,428000000.0,6252000000.0,6680000000.0,370000000.0,521000000.0,0.0,0.0,0.0,877000000.0,1398000000.0,0.267,1398000000.0,877000000.0,489000000.0,0.92,0.9,0.92,4976000000.0,4788500000.0,4976000000.0,17387647013.0,20.0,12.438,367000000.0,1.014,1.0,3066000000.0,0.585,11832000000.0,388000000.0,7213000000.0,7497000000.0,0.0,0.0,0.0,0.0,9515000000.0,1806000000.0,7709000000.0,10827647013.0,-79000000.0,-144000000.0,33000000.0,-321000000.0,0.0,-303000000.0,-522000000.0,0.0,746000000.0,0.0,329000000.0,329000000.0,329000000.0,-48000000.0,3000000.0,0.063,2244000000.0,822000000.0,914000000.0,0.0,2.176,32.911,32.587,555000000.0,0.0,29.98,2.065,2.07,1079000000.0,-1291000000.0,5244000000.0,5244000000.0,0.0,0.023,0.069,0.117,0.167,33000000.0,1680000000.0,1.0,361162342.0,362016373,366221520.0,14.486,2664000000.0,114000000.0,160000000.0,1030000000.0,7.359,-123000000.0
36,NLSN,MRT,2012-06-30,2012-06-30,2012-06-30,2021-07-29,-301000000.0,14405000000.0,14486000000.0,1644000000.0,12761000000.0,0.366,13.224,-377000000.0,283000000.0,283000000.0,2182000000.0,329000000.0,1.008,2.012,6843000000.0,324000000.0,6519000000.0,6843000000.0,405000000.0,516000000.0,0.0,0.0,0.0,874000000.0,1390000000.0,0.262,1390000000.0,874000000.0,472000000.0,0.91,0.89,0.91,4781000000.0,4680250000.0,4781000000.0,16020448657.0,18.0,11.526,307000000.0,0.849,1.0,3124000000.0,0.589,11739000000.0,402000000.0,7595000000.0,7617000000.0,0.0,0.0,0.0,0.0,9620000000.0,1631000000.0,7989000000.0,9459448657.0,-91000000.0,-99000000.0,21000000.0,-277000000.0,0.0,-270000000.0,-478000000.0,0.0,684000000.0,-27000000.0,326000000.0,326000000.0,326000000.0,-28000000.0,3000000.0,0.061,2281000000.0,843000000.0,850000000.0,0.0,1.979,29.017,28.813,572000000.0,0.0,26.22,1.783,1.787,1089000000.0,-1396000000.0,5306000000.0,5306000000.0,0.0,0.023,0.07,0.115,0.165,31000000.0,1711000000.0,1.0,360772260.0,361528675,365875719.0,14.677,2666000000.0,128000000.0,146000000.0,994000000.0,7.374,13000000.0
37,NLSN,MRT,2012-03-31,2012-03-31,2012-03-31,2021-07-29,-211000000.0,14537000000.0,14602250000.0,1649000000.0,12888000000.0,0.367,13.201,-397000000.0,295000000.0,295000000.0,2203000000.0,293000000.0,0.98,2.05,6856000000.0,293000000.0,6563000000.0,6856000000.0,424000000.0,524000000.0,0.0,0.0,0.0,854000000.0,1378000000.0,0.257,1378000000.0,854000000.0,439000000.0,0.81,0.8,0.81,4764000000.0,4645000000.0,4764000000.0,17300170906.0,20.0,12.555,293000000.0,0.812,1.0,3157000000.0,0.589,11776000000.0,415000000.0,7640000000.0,7713000000.0,0.0,0.0,0.0,0.0,9765000000.0,1682000000.0,8083000000.0,10856170906.0,-101000000.0,-74000000.0,20000000.0,-313000000.0,0.0,-305000000.0,-471000000.0,0.0,690000000.0,-15000000.0,291000000.0,291000000.0,291000000.0,-25000000.0,2000000.0,0.054,2325000000.0,832000000.0,898000000.0,0.0,2.279,37.306,37.21,611000000.0,0.0,30.14,2.025,2.029,1057000000.0,-1500000000.0,5360000000.0,5360000000.0,0.0,0.02,0.063,0.111,0.159,31000000.0,1733000000.0,1.0,360191470.0,360881693,365721058.0,14.853,2761000000.0,179000000.0,148000000.0,1039000000.0,7.651,-33000000.0
38,NLSN,MRT,2011-12-31,2011-12-31,2011-12-31,2021-07-29,-299000000.0,14504000000.0,14640500000.0,1665000000.0,12839000000.0,0.364,13.144,-367000000.0,319000000.0,319000000.0,2188000000.0,87000000.0,0.984,2.129,6763000000.0,144000000.0,6619000000.0,6763000000.0,443000000.0,529000000.0,0.0,0.0,0.0,539000000.0,1068000000.0,0.2,1068000000.0,539000000.0,90000000.0,0.24,0.23,0.24,4633000000.0,4592750000.0,4633000000.0,17272399691.0,32.0,16.173,274000000.0,0.777,1.0,3140000000.0,0.589,11716000000.0,449000000.0,7540000000.0,7815750000.0,0.0,0.0,0.0,0.0,9863000000.0,1692000000.0,8171000000.0,10665399691.0,-102000000.0,-118000000.0,1809000000.0,-1839000000.0,0.0,-250000000.0,-486000000.0,0.0,641000000.0,-7000000.0,84000000.0,84000000.0,84000000.0,-26000000.0,3000000.0,0.016,2414000000.0,726000000.0,1025000000.0,0.0,2.302,126.969,123.708,609000000.0,0.0,29.69,2.002,1.964,1080000000.0,-1525000000.0,5328000000.0,5328000000.0,0.0,0.006,0.018,0.069,0.101,27000000.0,1829000000.0,1.0,359225318.0,352469181,357501954.0,15.116,2788000000.0,198000000.0,6000000.0,1076000000.0,7.91,-27000000.0
39,NLSN,MRT,2011-09-30,2011-09-30,2011-09-30,2021-07-29,-258000000.0,14498000000.0,14621750000.0,1700000000.0,12798000000.0,0.375,12.641,-321000000.0,404000000.0,404000000.0,2233000000.0,-5000000.0,1.007,2.189,7011000000.0,204000000.0,6807000000.0,7011000000.0,425000000.0,535000000.0,0.0,0.0,0.0,418000000.0,953000000.0,0.174,953000000.0,418000000.0,-119000000.0,-0.07,-0.07,-0.07,4543000000.0,4156250000.0,4543000000.0,16168632096.0,39.0,16.966,267000000.0,0.743,1.0,3249000000.0,0.593,11724000000.0,537000000.0,7693000000.0,8244750000.0,0.0,0.0,0.0,0.0,9944000000.0,1688000000.0,8256000000.0,9354632096.0,-19000000.0,-129000000.0,1798000000.0,-1666000000.0,-2000000.0,-150000000.0,-450000000.0,0.0,588000000.0,-7000000.0,-8000000.0,-8000000.0,-8000000.0,4000000.0,3000000.0,-0.001,2500000000.0,749000000.0,939000000.0,0.0,2.059,-1169.329,-372.571,557000000.0,0.0,26.08,1.706,1.71,1052000000.0,-1620000000.0,5482000000.0,5482000000.0,0.0,-0.001,-0.002,0.051,0.076,23000000.0,1882000000.0,1.0,358689881.0,359381233,364471804.0,15.254,2774000000.0,191000000.0,-111000000.0,1036000000.0,7.719,12000000.0
40,NLSN,MRT,2011-06-30,2011-06-30,2011-06-30,2021-07-29,-40000000.0,14870000000.0,,1764000000.0,13106000000.0,,12.932,-330000000.0,374000000.0,374000000.0,2200000000.0,-97000000.0,0.995,2.202,7188000000.0,225000000.0,6963000000.0,7188000000.0,465000000.0,552000000.0,0.0,0.0,0.0,340000000.0,892000000.0,0.166,892000000.0,340000000.0,-252000000.0,-0.31,-0.31,-0.31,4640000000.0,,4640000000.0,17963566138.0,53.0,20.139,154000000.0,0.429,1.0,3158000000.0,0.589,11933000000.0,592000000.0,7979000000.0,,0.0,0.0,0.0,0.0,10219000000.0,1772000000.0,8447000000.0,11160566138.0,3000000.0,-118000000.0,1791000000.0,-1565000000.0,-2000000.0,-69000000.0,-445000000.0,0.0,484000000.0,33000000.0,-99000000.0,-99000000.0,-99000000.0,15000000.0,2000000.0,-0.018,2473000000.0,685000000.0,966000000.0,0.0,2.405,-112.733,-100.516,595000000.0,0.0,31.16,2.083,2.087,1136000000.0,-1722000000.0,5358000000.0,5358000000.0,0.0,,,,0.063,19000000.0,1836000000.0,1.0,358169645.0,358792103,364203419.0,14.933,2937000000.0,226000000.0,-153000000.0,1059000000.0,8.186,-8000000.0
41,NLSN,MRT,2011-03-31,2011-03-31,2011-03-31,2021-07-29,-48000000.0,14690000000.0,,1647000000.0,13043000000.0,,13.751,-333000000.0,396000000.0,396000000.0,2158000000.0,-92000000.0,1.036,2.223,7199000000.0,149000000.0,7050000000.0,7199000000.0,447000000.0,553000000.0,0.0,0.0,0.0,365000000.0,918000000.0,0.175,918000000.0,365000000.0,-273000000.0,-0.23,-0.23,-0.23,4555000000.0,,4555000000.0,17920462001.0,49.0,19.521,187000000.0,0.565,1.0,3074000000.0,0.588,11852000000.0,638000000.0,8051000000.0,,0.0,0.0,0.0,0.0,10124000000.0,1590000000.0,8534000000.0,9783462001.0,-14000000.0,-113000000.0,1790000000.0,-1599000000.0,-2000000.0,-106000000.0,-446000000.0,0.0,520000000.0,18000000.0,-94000000.0,-94000000.0,-94000000.0,18000000.0,2000000.0,-0.018,2425000000.0,649000000.0,889000000.0,0.0,2.148,-104.079,-118.739,586000000.0,0.0,27.31,1.87,1.729,997000000.0,-1791000000.0,5232000000.0,5232000000.0,0.0,,,,0.07,17000000.0,1791000000.0,1.0,358237349.0,331248626,331248626.0,15.795,2838000000.0,222000000.0,-179000000.0,1039000000.0,8.568,57000000.0
42,NLSN,MRT,2010-12-31,2010-12-31,2010-12-31,2021-07-29,-96000000.0,14429000000.0,14514500000.0,1654000000.0,12775000000.0,0.353,10.441,-334000000.0,421000000.0,421000000.0,2129000000.0,132000000.0,1.029,3.995,8558000000.0,94000000.0,8464000000.0,8558000000.0,452000000.0,558000000.0,0.0,,0.0,744000000.0,1302000000.0,0.254,1302000000.0,744000000.0,84000000.0,0.47,0.46,0.47,2887000000.0,2842500000.0,2887000000.0,,,,209000000.0,0.756,1.0,2997000000.0,0.585,11703000000.0,660000000.0,9256000000.0,9280000000.0,0.0,0.0,0.0,0.0,11533000000.0,1607000000.0,9926000000.0,,-93000000.0,-38000000.0,-10000000.0,-167000000.0,-2000000.0,-263000000.0,-365000000.0,0.0,543000000.0,-8000000.0,130000000.0,130000000.0,130000000.0,22000000.0,2000000.0,0.025,2267000000.0,730000000.0,962000000.0,0.0,,,,599000000.0,0.0,,,,1014000000.0,-1609000000.0,5126000000.0,5126000000.0,0.0,0.009,0.046,0.08,0.145,18000000.0,1648000000.0,1.0,347629277.0,276499073,279652586.0,18.539,2726000000.0,61000000.0,-46000000.0,1041000000.0,9.859,47000000.0
43,NLSN,MRT,2010-09-30,2010-09-30,2010-09-30,2021-07-29,,,,,,,,,,,,,,,,,,,,,,,0.0,,,,,,,,,,,,,,,,,,1.0,,,,,,,,,,,,,,,,,,,,,,,,,,,,,,,,,,,,,,,,,,,,,,,,,,,,,,1.0,347629277.0,276651344,,,,,,,,
44,NLSN,MRT,2010-06-30,2010-06-30,2010-06-30,2021-07-29,,,,,,,,,,,,,,,,,,,,,,,0.0,,,,,,,,,,,,,,,,,,1.0,,,,,,,,,,,,,,,,,,,,,,,,,,,,,,,,,,,,,,,,,,,,,,,,,,,,,,1.0,347629277.0,276748497,,,,,,,,
45,NLSN,MRT,2010-03-31,2010-03-31,2010-03-31,2021-07-29,,,,,,,,,,,,,,,,,,,,,,,0.0,,,,,,,,,,,,,,,,,,1.0,,,,,,,,,,,,,,,,,,,,,,,,,,,,,,,,,,,,,,,,,,,,,,,,,,,,,,1.0,347629277.0,276154291,,,,,,,,
46,NLSN,MRT,2009-12-31,2009-12-31,2009-12-31,2021-07-29,-48000000.0,14600000000.0,14845500000.0,1646000000.0,12954000000.0,0.324,10.215,-282000000.0,514000000.0,514000000.0,2023000000.0,-489000000.0,1.014,4.213,8655000000.0,107000000.0,8548000000.0,8655000000.0,435000000.0,562000000.0,0.0,,0.0,-41000000.0,521000000.0,0.108,521000000.0,-41000000.0,-688000000.0,-1.79,-1.79,-1.79,2798000000.0,2395500000.0,2798000000.0,,,,235000000.0,0.858,1.0,2785000000.0,0.579,11813000000.0,647000000.0,9304000000.0,9521000000.0,0.0,0.0,0.0,0.0,11788000000.0,1624000000.0,10164000000.0,,47000000.0,34000000.0,-1000000.0,-98000000.0,0.0,-271000000.0,-227000000.0,0.0,517000000.0,28000000.0,-491000000.0,-491000000.0,-491000000.0,61000000.0,2000000.0,-0.102,2669000000.0,116000000.0,1000000000.0,0.0,,,,593000000.0,0.0,,,,937000000.0,-1739000000.0,4808000000.0,4808000000.0,0.0,-0.033,-0.205,-0.004,-0.009,14000000.0,1523000000.0,1.0,347629277.0,273905810,273905810.0,17.553,2787000000.0,50000000.0,-197000000.0,1147000000.0,10.175,22000000.0
47,NLSN,MRT,2008-12-31,2008-12-31,2008-12-31,2021-07-29,-474000000.0,15091000000.0,,1614000000.0,13477000000.0,,8.792,-370000000.0,467000000.0,467000000.0,2057000000.0,-589000000.0,0.801,6.564,9384000000.0,419000000.0,8965000000.0,9384000000.0,438000000.0,504000000.0,0.0,,0.0,148000000.0,652000000.0,0.136,652000000.0,148000000.0,-553000000.0,-2.61,-2.61,-2.61,1993000000.0,,1993000000.0,,,,-53000000.0,-0.234,1.0,2749000000.0,0.572,12255000000.0,701000000.0,9738000000.0,,0.0,0.0,0.0,0.0,13082000000.0,2015000000.0,11067000000.0,,65000000.0,-215000000.0,7000000.0,439000000.0,0.0,367000000.0,-591000000.0,0.0,317000000.0,-28000000.0,-589000000.0,-589000000.0,-589000000.0,275000000.0,0.0,-0.123,2329000000.0,420000000.0,1020000000.0,0.0,,,,603000000.0,0.0,,,,958000000.0,-1248000000.0,4806000000.0,4806000000.0,0.0,,,,0.031,18000000.0,1616000000.0,1.0,,226674754,226674754.0,21.202,2836000000.0,43000000.0,36000000.0,1454000000.0,12.511,-401000000.0
48,NLSN,MRT,2007-12-31,2007-12-31,2007-12-31,2021-07-29,,,,,,,,-266000000.0,,,1992000000.0,-354000000.0,,,,,,,,457000000.0,,,0.0,349000000.0,806000000.0,0.181,806000000.0,349000000.0,-342000000.0,-1.57,-1.57,-1.57,,,,,,,-33000000.0,-0.147,1.0,2466000000.0,0.553,,691000000.0,,,,,,,,,,,-230000000.0,-392000000.0,45000000.0,-85000000.0,0.0,9000000.0,-517000000.0,135000000.0,233000000.0,45000000.0,-354000000.0,-354000000.0,-354000000.0,-10000000.0,0.0,-0.079,2090000000.0,376000000.0,,0.0,,,,,0.0,,,,,,4458000000.0,4458000000.0,0.0,,,,0.078,52000000.0,1506000000.0,1.0,,225017365,225017365.0,19.812,,,12000000.0,,,
