None,ticker,dimension,calendardate,datekey,reportperiod,lastupdated,accoci,assets,assetsavg,assetsc,assetsnc,assetturnover,bvps,capex,cashneq,cashnequsd,cor,consolinc,currentratio,de,debt,debtc,debtnc,debtusd,deferredrev,depamor,deposits,divyield,dps,ebit,ebitda,ebitdamargin,ebitdausd,ebitusd,ebt,eps,epsdil,epsusd,equity,equityavg,equityusd,ev,evebit,evebitda,fcf,fcfps,fxusd,gp,grossmargin,intangibles,intexp,invcap,invcapavg,inventory,investments,investmentsc,investmentsnc,liabilities,liabilitiesc,liabilitiesnc,marketcap,ncf,ncfbus,ncfcommon,ncfdebt,ncfdiv,ncff,ncfi,ncfinv,ncfo,ncfx,netinc,netinccmn,netinccmnusd,netincdis,netincnci,netmargin,opex,opinc,payables,payoutratio,pb,pe,pe1,ppnenet,prefdivis,price,ps,ps1,receivables,retearn,revenue,revenueusd,rnd,roa,roe,roic,ros,sbcomp,sgna,sharefactor,sharesbas,shareswa,shareswadil,sps,tangibles,taxassets,taxexp,taxliabilities,tbvps,workingcapital
0,NLSN,ARY,2020-12-31,2021-02-25,2020-12-31,2021-07-29,-1105000000,14135000000,14556250000.0,2224000000,11911000000,0.432,5.747,-519000000.0,610000000,610000000,2760000000.0,7000000.0,1.162,5.798,8665000000,293000000,8372000000,8665000000,370000000,864000000.0,0,0.011,0.24,432000000.0,1296000000.0,0.206,1296000000.0,432000000.0,61000000.0,-0.02,-0.02,-0.02,2051000000,2037000000.0,2051000000,16176868435.0,37.0,12.482,480000000.0,1.345,1.0,3530000000.0,0.561,10510000000,371000000.0,9766000000,9724750000.0,0,0,0,0,11892000000,1914000000,9978000000,8121868435.0,156000000.0,-17000000.0,-9000000.0,-181000000.0,-86000000.0,-307000000.0,-537000000.0,0.0,999000000.0,1000000.0,-6000000.0,-6000000.0,-6000000.0,0.0,13000000.0,-0.001,3064000000.0,466000000.0,1209000000,-12.0,3.96,-1353.645,-1135.0,825000000,0.0,22.7,1.291,1.288,1154000000,-1216000000,6290000000.0,6290000000.0,0.0,0.0,-0.003,0.044,0.069,53000000.0,1872000000.0,1.0,357791561,356860635,356860635.0,17.626,3625000000,281000000,67000000.0,995000000,10.158,310000000
1,NLSN,ARY,2019-12-31,2020-02-27,2019-12-31,2021-07-29,-1005000000,14319000000,14998000000.0,1977000000,12342000000,0.433,6.17,-519000000.0,454000000,454000000,2822000000.0,-403000000.0,0.79,5.436,8679000000,914000000,7765000000,8679000000,345000000,756000000.0,0,0.06,1.11,-278000000.0,478000000.0,0.074,478000000.0,-278000000.0,-675000000.0,-1.17,-1.17,-1.17,2195000000,2482250000.0,2195000000,14846333939.0,-53.0,31.059,547000000.0,1.538,1.0,3676000000.0,0.566,10874000000,397000000.0,9169000000,10051000000.0,0,0,0,0,11931000000,2501000000,9430000000,6621333939.0,-70000000.0,-44000000.0,-4000000.0,-117000000.0,-395000000.0,-544000000.0,-582000000.0,0.0,1066000000.0,-10000000.0,-415000000.0,-415000000.0,-415000000.0,0.0,12000000.0,-0.064,3769000000.0,-93000000.0,1182000000,-0.949,3.017,-15.955,-15.88,859000000,0.0,18.58,1.019,1.017,1103000000,-1210000000,6498000000.0,6498000000.0,0.0,-0.028,-0.167,-0.028,-0.043,50000000.0,1929000000.0,1.0,356368888,355731862,355731862.0,18.267,3445000000,276000000,-260000000.0,1112000000,9.684,-524000000
2,NLSN,ARY,2018-12-31,2019-02-28,2018-12-31,2021-07-29,-1110000000,15179000000,16358750000.0,2003000000,13176000000,0.398,8.006,-516000000.0,524000000,524000000,2805000000.0,-700000000.0,1.209,4.263,8387000000,107000000,8280000000,8387000000,355000000,675000000.0,0,0.053,1.39,-500000000.0,175000000.0,0.027,175000000.0,-500000000.0,-894000000.0,-2.0,-2.0,-2.0,2847000000,3792750000.0,2847000000,17175715933.0,-34.0,98.147,542000000.0,1.524,1.0,3710000000.0,0.569,12011000000,394000000.0,9374000000,9551250000.0,0,0,0,0,12136000000,1657000000,10479000000,9312715933.0,-132000000.0,8000000.0,-50000000.0,-114000000.0,-494000000.0,-676000000.0,-506000000.0,0.0,1058000000.0,-8000000.0,-712000000.0,-712000000.0,-712000000.0,0.0,12000000.0,-0.109,4185000000.0,-475000000.0,1119000000,-0.695,3.271,-13.08,-13.1,468000000,0.0,26.2,1.429,1.43,1118000000,-795000000,6515000000.0,6515000000.0,0.0,-0.044,-0.188,-0.052,-0.077,35000000.0,1958000000.0,1.0,355447173,355601564,355601564.0,18.321,3168000000,333000000,-182000000.0,1184000000,8.909,346000000
3,NLSN,ARY,2017-12-31,2018-02-08,2017-12-31,2021-07-29,-940000000,16866000000,16569250000.0,2282000000,14584000000,0.397,11.9,-447000000.0,656000000,656000000,2765000000.0,440000000.0,1.345,2.927,8441000000,84000000,8357000000,8441000000,361000000,640000000.0,0,0.039,1.33,1191000000.0,1831000000.0,0.279,1831000000.0,1191000000.0,817000000.0,1.2,1.2,1.2,4245000000,4204500000.0,4245000000,19875235736.0,17.0,10.855,863000000.0,2.419,1.0,3807000000.0,0.579,13572000000,374000000.0,9382000000,9423500000.0,0,0,0,0,12423000000,1697000000,10726000000,12090235736.0,-98000000.0,-776000000.0,-113000000.0,389000000.0,-474000000.0,-215000000.0,-1236000000.0,0.0,1310000000.0,43000000.0,429000000.0,429000000.0,429000000.0,0.0,11000000.0,0.065,2582000000.0,1225000000.0,1141000000,1.108,2.848,28.182,28.25,482000000,0.0,33.9,1.84,1.84,1280000000,411000000,6572000000.0,6572000000.0,0.0,0.026,0.102,0.126,0.181,45000000.0,1862000000.0,1.0,356644122,356714940,358052433.0,18.424,3294000000,170000000,388000000.0,1546000000,9.234,585000000
4,NLSN,ARY,2016-12-31,2017-02-17,2016-12-31,2021-07-29,-1211000000,15730000000,15684000000.0,2222000000,13508000000,0.402,11.432,-391000000.0,754000000,754000000,2607000000.0,507000000.0,1.394,2.788,7926000000,188000000,7738000000,7926000000,297000000,603000000.0,0,0.027,1.21,1144000000.0,1747000000.0,0.277,1747000000.0,1144000000.0,811000000.0,1.4,1.39,1.4,4102000000,4284750000.0,4102000000,23289900901.0,20.0,13.331,905000000.0,2.522,1.0,3702000000.0,0.587,12581000000,333000000.0,8727000000,8471750000.0,0,0,0,0,11437000000,1594000000,9843000000,16117900901.0,397000000.0,-251000000.0,-337000000.0,537000000.0,-434000000.0,-248000000.0,-642000000.0,0.0,1296000000.0,-9000000.0,502000000.0,502000000.0,502000000.0,0.0,5000000.0,0.08,2559000000.0,1143000000.0,1012000000,0.864,3.929,32.107,32.2,471000000,0.0,45.08,2.555,2.564,1171000000,456000000,6309000000.0,6309000000.0,0.0,0.032,0.117,0.135,0.181,51000000.0,1851000000.0,1.0,357539949,358830080,362167129.0,17.582,3149000000,127000000,309000000.0,1272000000,8.776,628000000
5,NLSN,ARY,2015-12-31,2016-02-19,2015-12-31,2021-07-29,-1059000000,15303000000,15358250000.0,1908000000,13395000000,0.402,12.079,-401000000.0,357000000,357000000,2539000000.0,575000000.0,1.131,2.408,7338000000,310000000,7028000000,7338000000,322000000,574000000.0,0,0.023,1.09,1264000000.0,1838000000.0,0.298,1838000000.0,1264000000.0,953000000.0,1.55,1.54,1.55,4433000000,4576000000.0,4433000000,24383759619.0,19.0,13.266,778000000.0,2.12,1.0,3633000000.0,0.589,12555000000,311000000.0,8042000000,8393750000.0,0,0,0,0,10676000000,1687000000,8989000000,17402759619.0,84000000.0,-216000000.0,-595000000.0,532000000.0,-408000000.0,-462000000.0,-581000000.0,0.0,1179000000.0,-52000000.0,570000000.0,570000000.0,570000000.0,0.0,5000000.0,0.092,2540000000.0,1093000000.0,1013000000,0.703,3.926,30.531,31.026,490000000,0.0,48.09,2.82,2.86,1235000000,341000000,6172000000.0,6172000000.0,0.0,0.037,0.125,0.151,0.205,18000000.0,1915000000.0,1.0,361878969,366996788,370957804.0,16.818,2748000000,78000000,383000000.0,1116000000,7.488,221000000
6,NLSN,ARY,2014-12-31,2015-02-20,2014-12-31,2021-07-29,-777000000,15376000000,15441500000.0,2019000000,13357000000,0.407,13.329,-412000000.0,273000000,273000000,2620000000.0,381000000.0,1.123,2.026,6862000000,397000000,6465000000,6862000000,304000000,573000000.0,0,0.021,0.95,920000000.0,1493000000.0,0.237,1493000000.0,920000000.0,620000000.0,1.01,1.0,1.01,5056000000,5537250000.0,5056000000,23399808880.0,25.0,15.673,681000000.0,1.795,1.0,3668000000.0,0.583,12386000000,300000000.0,7781000000,7726750000.0,0,0,0,0,10243000000,1798000000,8445000000,16810808880.0,-291000000.0,-320000000.0,-363000000.0,226000000.0,-356000000.0,-585000000.0,-732000000.0,0.0,1093000000.0,-67000000.0,384000000.0,384000000.0,384000000.0,0.0,-3000000.0,0.061,2579000000.0,1089000000.0,1035000000,0.941,3.325,43.778,44.832,533000000,0.0,45.28,2.673,2.732,1241000000,-128000000,6288000000.0,6288000000.0,0.0,0.025,0.069,0.119,0.146,47000000.0,1917000000.0,1.0,371263447,379333037,384371452.0,16.576,2990000000,83000000,236000000.0,1087000000,7.882,221000000
7,NLSN,ARY,2013-12-31,2014-02-21,2013-12-31,2021-07-29,-387000000,15530000000,15050250000.0,2134000000,13396000000,0.379,15.245,-374000000.0,564000000,564000000,2398000000.0,736000000.0,1.39,1.697,6640000000,148000000,6492000000,6640000000,306000000,521000000.0,0,0.016,0.72,1140000000.0,1661000000.0,0.291,1661000000.0,1140000000.0,831000000.0,1.97,1.94,1.97,5729000000,5531750000.0,5729000000,23621294972.0,21.0,14.221,527000000.0,1.402,1.0,3305000000.0,0.58,12465000000,309000000.0,7606000000,7314250000.0,0,0,0,0,9723000000,1535000000,8188000000,17545294972.0,276000000.0,-314000000.0,74000000.0,309000000.0,-265000000.0,83000000.0,-687000000.0,0.0,901000000.0,-21000000.0,740000000.0,740000000.0,740000000.0,-305000000.0,-4000000.0,0.13,2444000000.0,861000000.0,1026000000,0.365,3.063,23.71,23.508,560000000,0.0,46.31,3.077,3.052,1196000000,-512000000,5703000000.0,5703000000.0,0.0,0.049,0.134,0.156,0.2,47000000.0,1815000000.0,1.0,378866227,375797629,380927966.0,15.176,3065000000,115000000,91000000.0,919000000,8.156,599000000
8,NLSN,ARY,2012-12-31,2013-02-22,2012-12-31,2021-07-29,-333000000,14585000000,14505750000.0,1676000000,12909000000,0.387,13.627,-358000000.0,288000000,288000000,2278000000.0,273000000.0,0.957,1.949,6584000000,355000000,6229000000,6584000000,373000000,520000000.0,0,0.0,0.0,826000000.0,1346000000.0,0.24,1346000000.0,826000000.0,413000000.0,0.75,0.75,0.75,4930000000,4862750000.0,4930000000,18002378308.0,22.0,13.375,426000000.0,1.177,1.0,3334000000.0,0.594,11907000000,413000000.0,7223000000,7417750000.0,0,0,0,0,9607000000,1751000000,7856000000,11706378308.0,-31000000.0,-164000000.0,29000000.0,-229000000.0,0.0,-298000000.0,-522000000.0,0.0,784000000.0,5000000.0,273000000.0,273000000.0,273000000.0,0.0,0.0,0.049,2382000000.0,952000000.0,967000000,0.0,2.375,42.881,43.013,560000000,0.0,32.26,2.086,2.08,1110000000,-1252000000,5612000000.0,5612000000.0,0.0,0.019,0.056,0.111,0.147,34000000.0,1778000000.0,1.0,362875955,361787868,366310984.0,15.512,2678000000,170000000,140000000.0,1062000000,7.402,-75000000
9,NLSN,ARY,2011-12-31,2012-02-22,2011-12-31,2021-07-29,-299000000,14504000000,14640500000.0,1665000000,12839000000,0.378,13.144,-367000000.0,319000000,319000000,2237000000.0,86000000.0,0.984,2.129,6763000000,144000000,6619000000,6763000000,443000000,529000000.0,0,0.0,0.0,583000000.0,1112000000.0,0.201,1112000000.0,583000000.0,106000000.0,0.24,0.24,0.24,4633000000,4592750000.0,4633000000,16468128610.0,28.0,14.809,274000000.0,0.777,1.0,3295000000.0,0.596,11716000000,477000000.0,7540000000,7815750000.0,0,0,0,0,9863000000,1692000000,8171000000,10024128610.0,-102000000.0,-118000000.0,1809000000.0,-1839000000.0,0.0,-250000000.0,-486000000.0,0.0,641000000.0,-7000000.0,84000000.0,84000000.0,84000000.0,-1000000.0,2000000.0,0.015,2501000000.0,794000000.0,1025000000,0.0,2.164,119.335,115.958,609000000,0.0,27.83,1.812,1.773,1080000000,-1525000000,5532000000.0,5532000000.0,0.0,0.006,0.018,0.075,0.105,27000000.0,1888000000.0,1.0,360191470,352469181,357501954.0,15.695,2788000000,198000000,22000000.0,1076000000,7.91,-27000000
10,NLSN,ARY,2010-12-31,2011-03-01,2010-12-31,2021-07-29,-96000000,14429000000,14514500000.0,1654000000,12775000000,0.353,10.441,-334000000.0,421000000,421000000,2129000000.0,132000000.0,1.029,3.995,8558000000,94000000,8464000000,8558000000,452000000,558000000.0,0,0.0,0.0,744000000.0,1302000000.0,0.254,1302000000.0,744000000.0,84000000.0,0.47,0.46,0.47,2887000000,2842500000.0,2887000000,17855979278.0,24.0,13.714,209000000.0,0.756,1.0,2997000000.0,0.585,11703000000,660000000.0,9256000000,9280000000.0,0,0,0,0,11533000000,1607000000,9926000000,9718979278.0,-93000000.0,-38000000.0,-10000000.0,-167000000.0,-2000000.0,-263000000.0,-365000000.0,0.0,543000000.0,-8000000.0,130000000.0,130000000.0,130000000.0,22000000.0,2000000.0,0.025,2267000000.0,730000000.0,962000000,0.0,3.366,74.761,57.723,599000000,0.0,27.13,1.896,1.463,1014000000,-1609000000,5126000000.0,5126000000.0,0.0,0.009,0.046,0.08,0.145,18000000.0,1648000000.0,1.0,358237349,276499073,279652586.0,18.539,2726000000,61000000,-46000000.0,1041000000,9.859,47000000
11,NLSN,ARY,2009-12-31,2011-01-19,2009-12-31,2021-07-29,-48000000,14600000000,,1646000000,12954000000,,10.215,-282000000.0,514000000,514000000,2023000000.0,-489000000.0,1.014,4.213,8655000000,107000000,8548000000,8655000000,435000000,562000000.0,0,,0.0,-41000000.0,521000000.0,0.108,521000000.0,-41000000.0,-688000000.0,-1.79,-1.79,-1.79,2798000000,,2798000000,,,,235000000.0,0.858,1.0,2785000000.0,0.579,11813000000,647000000.0,9304000000,,0,0,0,0,11788000000,1624000000,10164000000,,47000000.0,34000000.0,-1000000.0,-98000000.0,0.0,-271000000.0,-227000000.0,0.0,517000000.0,28000000.0,-491000000.0,-491000000.0,-491000000.0,61000000.0,2000000.0,-0.102,2669000000.0,116000000.0,1000000000,0.0,,,,593000000,0.0,,,,937000000,-1739000000,4808000000.0,4808000000.0,0.0,,,,-0.009,14000000.0,1523000000.0,1.0,347629277,273905810,273905810.0,17.553,2787000000,50000000,-197000000.0,1147000000,10.175,22000000
0,NLSN,ARQ,2021-06-30,2021-07-29,2021-06-30,2021-07-29,-750000000,11031000000,,1196000000,9835000000,,8.41,-72000000.0,410000000,410000000,292000000.0,78000000.0,1.623,2.593,6021000000,36000000,5985000000,6021000000,139000000,126000000.0,0,0.01,0.06,181000000.0,307000000.0,0.357,307000000.0,181000000.0,112000000.0,0.21,0.21,0.21,3016000000,,3016000000,14093035522.0,12.0,7.298,141000000.0,0.393,1.0,569000000.0,0.661,9207000000,69000000.0,6698000000,,0,0,0,0,7821000000,737000000,7084000000,8482035522.0,-787000000.0,34000000.0,-1000000.0,-935000000.0,-22000000.0,-961000000.0,-38000000.0,0.0,213000000.0,-1000000.0,76000000.0,76000000.0,76000000.0,10000000.0,2000000.0,0.088,350000000.0,219000000.0,479000000,0.286,2.812,12.275,12.312,406000000,0.0,23.64,1.71,1.71,507000000,-567000000,861000000.0,861000000.0,0.0,,,,,9000000.0,218000000.0,1.0,358800149,358620131,360417035.0,2.401,1824000000,50000000,36000000.0,763000000,5.086,459000000
1,NLSN,ARQ,2021-03-31,2021-05-06,2021-03-31,2021-07-29,-726000000,11884000000,,2020000000,9864000000,,8.317,-86000000.0,1197000000,1197000000,277000000.0,576000000.0,1.281,2.927,6883000000,866000000,6017000000,6883000000,148000000,163000000.0,0,0.009,0.06,713000000.0,876000000.0,1.015,876000000.0,713000000.0,633000000.0,1.6,1.59,1.6,2977000000,,2977000000,15236363570.0,14.0,8.143,-131000000.0,-0.366,1.0,586000000.0,0.679,9248000000,80000000.0,6745000000,,0,0,0,0,8714000000,1577000000,7137000000,9550363570.0,587000000.0,2245000000.0,-7000000.0,-1492000000.0,-21000000.0,-1523000000.0,2158000000.0,0.0,-45000000.0,-3000000.0,573000000.0,573000000.0,573000000.0,-467000000.0,3000000.0,0.664,333000000.0,253000000.0,487000000,0.037,3.208,16.325,16.344,403000000,0.0,26.64,1.707,1.705,504000000,-643000000,863000000.0,863000000.0,0.0,,,,,8000000.0,206000000.0,1.0,358497131,357944731,360189322.0,2.411,2636000000,48000000,60000000.0,763000000,7.364,443000000
2,NLSN,ARQ,2020-12-31,2021-02-25,2020-12-31,2021-07-29,-1105000000,14135000000,,2224000000,11911000000,,5.738,-174000000.0,610000000,610000000,712000000.0,36000000.0,1.162,5.798,8665000000,293000000,8372000000,8665000000,370000000,209000000.0,0,0.011,0.06,154000000.0,363000000.0,0.217,363000000.0,154000000.0,60000000.0,0.09,0.09,0.09,2051000000,,2051000000,16176868435.0,37.0,12.482,163000000.0,0.456,1.0,960000000.0,0.574,10510000000,94000000.0,9766000000,,0,0,0,0,11892000000,1914000000,9978000000,8121868435.0,-1640000000.0,-1000000.0,-6000000.0,-1793000000.0,-22000000.0,-1823000000.0,-172000000.0,0.0,337000000.0,18000000.0,35000000.0,35000000.0,35000000.0,0.0,1000000.0,0.021,794000000.0,166000000.0,1209000000,0.667,3.96,-1353.645,-1135.0,825000000,0.0,22.7,1.291,1.288,1154000000,-1216000000,1672000000.0,1672000000.0,0.0,,,,,9000000.0,455000000.0,1.0,357791561,357459039,357459039.0,4.677,3625000000,281000000,25000000.0,995000000,10.141,310000000
3,NLSN,ARQ,2020-09-30,2020-11-02,2020-09-30,2021-07-29,-1105000000,15775000000,,3778000000,11997000000,,5.693,-113000000.0,2250000000,2250000000,663000000.0,10000000.0,1.104,6.671,10373000000,1885000000,8488000000,10373000000,324000000,217000000.0,0,0.017,0.06,168000000.0,385000000.0,0.246,385000000.0,168000000.0,76000000.0,0.02,0.02,0.02,2032000000,,2032000000,13131693192.0,40.0,11.007,304000000.0,0.852,1.0,900000000.0,0.576,10644000000,92000000.0,9833000000,,0,0,0,0,13555000000,3421000000,10134000000,5008693192.0,1812000000.0,12000000.0,0.0,1534000000.0,-21000000.0,1495000000.0,-103000000.0,0.0,417000000.0,3000000.0,7000000.0,7000000.0,7000000.0,0.0,3000000.0,0.004,726000000.0,174000000.0,1161000000,3.0,2.465,-33.391,-33.405,759000000,0.0,14.03,0.794,0.794,1094000000,-1251000000,1563000000.0,1563000000.0,0.0,,,,,17000000.0,451000000.0,1.0,356998802,356913312,358443308.0,4.379,5131000000,288000000,69000000.0,1055000000,14.376,357000000
4,NLSN,ARQ,2020-06-30,2020-08-05,2020-06-30,2021-07-29,-1112000000,14122000000,,2073000000,12049000000,,5.666,-120000000.0,438000000,438000000,664000000.0,-26000000.0,1.183,5.896,8793000000,291000000,8502000000,8793000000,361000000,224000000.0,0,0.035,0.06,23000000.0,247000000.0,0.165,247000000.0,23000000.0,-68000000.0,-0.08,-0.08,-0.08,2021000000,,2021000000,13709877000.0,-23.0,56.652,130000000.0,0.364,1.0,832000000.0,0.556,10682000000,91000000.0,10043000000,,0,0,0,0,11915000000,1752000000,10163000000,5354877000.0,79000000.0,-1000000.0,0.0,-32000000.0,-22000000.0,-61000000.0,-120000000.0,0.0,250000000.0,10000000.0,-30000000.0,-30000000.0,-30000000.0,0.0,4000000.0,-0.02,804000000.0,28000000.0,1100000000,-0.75,2.65,-8.513,-8.48,779000000,0.0,15.01,0.842,0.842,1131000000,-1258000000,1496000000.0,1496000000.0,0.0,,,,,11000000.0,451000000.0,1.0,356753964,356672845,356672845.0,4.194,3440000000,276000000,-38000000.0,1016000000,9.645,321000000
5,NLSN,ARQ,2020-03-31,2020-04-30,2020-03-31,2021-07-29,-1130000000,14193000000,,2014000000,12179000000,,5.735,-112000000.0,359000000,359000000,721000000.0,-13000000.0,0.784,5.852,8776000000,1054000000,7722000000,8776000000,402000000,214000000.0,0,0.056,0.06,87000000.0,301000000.0,0.193,301000000.0,87000000.0,-7000000.0,-0.05,-0.05,-0.05,2044000000,,2044000000,13667885455.0,-37.0,32.084,-117000000.0,-0.328,1.0,838000000.0,0.538,10785000000,94000000.0,9257000000,,0,0,0,0,11962000000,2568000000,9394000000,5250885455.0,-95000000.0,-27000000.0,-3000000.0,110000000.0,-21000000.0,82000000.0,-142000000.0,0.0,-5000000.0,-30000000.0,-18000000.0,-18000000.0,-18000000.0,0.0,5000000.0,-0.012,740000000.0,98000000.0,1077000000,-1.2,2.569,-11.031,-10.993,804000000,0.0,14.73,0.809,0.808,1182000000,-1228000000,1559000000.0,1559000000.0,0.0,,,,,16000000.0,515000000.0,1.0,356475591,356389022,356389022.0,4.374,3408000000,267000000,11000000.0,1066000000,9.563,-554000000
6,NLSN,ARQ,2019-12-31,2020-02-27,2019-12-31,2021-07-29,-1005000000,14319000000,,1977000000,12342000000,,6.165,-177000000.0,454000000,454000000,734000000.0,-108000000.0,0.79,5.436,8679000000,914000000,7765000000,8679000000,345000000,206000000.0,0,0.06,0.06,54000000.0,260000000.0,0.154,260000000.0,54000000.0,-44000000.0,-0.31,-0.31,-0.31,2195000000,,2195000000,14846333939.0,-53.0,31.059,293000000.0,0.823,1.0,957000000.0,0.566,10874000000,98000000.0,9169000000,,0,0,0,0,11931000000,2501000000,9430000000,6621333939.0,65000000.0,18000000.0,-2000000.0,-219000000.0,-22000000.0,-254000000.0,-160000000.0,0.0,470000000.0,9000000.0,-109000000.0,-109000000.0,-109000000.0,0.0,1000000.0,-0.064,733000000.0,224000000.0,1182000000,-0.194,3.017,-15.955,-15.88,859000000,0.0,18.58,1.019,1.017,1103000000,-1210000000,1691000000.0,1691000000.0,0.0,,,,,11000000.0,499000000.0,1.0,356368888,356064985,356064985.0,4.749,3445000000,276000000,65000000.0,1112000000,9.675,-524000000
7,NLSN,ARQ,2019-09-30,2019-11-07,2019-09-30,2021-07-29,-1166000000,14343000000,,1947000000,12396000000,,6.057,-112000000.0,389000000,389000000,694000000.0,-468000000.0,1.097,5.564,8880000000,298000000,8582000000,8880000000,316000000,186000000.0,0,0.07,0.35,-752000000.0,-566000000.0,-0.35,-566000000.0,-752000000.0,-852000000.0,-1.33,-1.33,-1.33,2155000000,,2155000000,15575182297.0,-10.0,-19.765,301000000.0,0.846,1.0,922000000.0,0.571,10884000000,100000000.0,10175000000,,0,0,0,0,11990000000,1775000000,10215000000,7084182297.0,-4000000.0,-2000000.0,0.0,-135000000.0,-124000000.0,-268000000.0,-132000000.0,0.0,413000000.0,-17000000.0,-472000000.0,-472000000.0,-472000000.0,0.0,4000000.0,-0.292,1662000000.0,-740000000.0,1087000000,-0.263,3.287,-5.631,-5.64,848000000,0.0,19.91,1.096,1.096,1146000000,-1101000000,1616000000.0,1616000000.0,0.0,,,,,13000000.0,467000000.0,1.0,355810261,355779274,355779274.0,4.542,3459000000,322000000,-380000000.0,1142000000,9.722,172000000
8,NLSN,ARQ,2019-06-30,2019-07-31,2019-06-30,2021-07-29,-1115000000,15588000000,,2026000000,13562000000,,7.842,-108000000.0,393000000,393000000,699000000.0,126000000.0,1.073,4.518,9063000000,412000000,8651000000,9063000000,363000000,185000000.0,0,0.06,0.35,246000000.0,431000000.0,0.265,431000000.0,246000000.0,146000000.0,0.35,0.34,0.35,2789000000,,2789000000,16907399812.0,-34.0,81.678,118000000.0,0.332,1.0,929000000.0,0.571,11998000000,100000000.0,10371000000,,0,0,0,0,12600000000,1889000000,10711000000,8237399812.0,-9000000.0,-1000000.0,0.0,4000000.0,-125000000.0,-126000000.0,-110000000.0,0.0,226000000.0,1000000.0,123000000.0,123000000.0,123000000.0,0.0,3000000.0,0.076,680000000.0,249000000.0,1024000000,1.0,2.954,-11.938,-12.0,903000000,0.0,23.16,1.277,1.277,1227000000,-629000000,1628000000.0,1628000000.0,0.0,,,,,11000000.0,483000000.0,1.0,355673567,355630327,356627708.0,4.578,3590000000,329000000,23000000.0,1168000000,10.095,137000000
9,NLSN,ARQ,2019-03-31,2019-04-30,2019-03-31,2021-07-29,-1104000000,15742000000,,2047000000,13695000000,,7.849,-122000000.0,402000000,402000000,695000000.0,47000000.0,1.068,4.571,9095000000,385000000,8710000000,9095000000,376000000,179000000.0,0,0.055,0.35,174000000.0,353000000.0,0.226,353000000.0,174000000.0,75000000.0,0.12,0.12,0.12,2790000000,,2790000000,17768762177.0,-33.0,115.382,-165000000.0,-0.464,1.0,868000000.0,0.555,12029000000,99000000.0,10489000000,,0,0,0,0,12753000000,1917000000,10836000000,9075762177.0,-122000000.0,-59000000.0,-2000000.0,233000000.0,-124000000.0,104000000.0,-180000000.0,0.0,-43000000.0,-3000000.0,43000000.0,43000000.0,43000000.0,0.0,4000000.0,0.028,694000000.0,174000000.0,1071000000,2.917,3.253,-12.248,-12.274,979000000,0.0,25.53,1.403,1.403,1221000000,-752000000,1563000000.0,1563000000.0,0.0,,,,,15000000.0,480000000.0,1.0,355494014,355444756,356357083.0,4.397,3713000000,334000000,32000000.0,1185000000,10.446,130000000
10,NLSN,ARQ,2018-12-31,2019-02-28,2018-12-31,2021-07-29,-1110000000,15179000000,,2003000000,13176000000,,8.015,-149000000.0,524000000,524000000,707000000.0,-949000000.0,1.209,4.263,8387000000,107000000,8280000000,8387000000,355000000,171000000.0,0,0.053,0.0,-1177000000.0,-1006000000.0,-0.607,-1006000000.0,-1177000000.0,-1276000000.0,-2.67,-2.67,-2.67,2847000000,,2847000000,17175715933.0,-34.0,98.147,397000000.0,1.118,1.0,951000000.0,0.574,12011000000,99000000.0,9374000000,,0,0,0,0,12136000000,1657000000,10479000000,9312715933.0,78000000.0,47000000.0,-1000000.0,-235000000.0,-124000000.0,-363000000.0,-103000000.0,0.0,546000000.0,-2000000.0,-952000000.0,-952000000.0,-952000000.0,0.0,3000000.0,-0.574,2122000000.0,-1171000000.0,1119000000,0.0,3.271,-13.08,-13.1,468000000,0.0,26.2,1.429,1.43,1118000000,-795000000,1658000000.0,1658000000.0,0.0,,,,,14000000.0,507000000.0,1.0,355447173,355195013,353210699.0,4.668,3168000000,333000000,-324000000.0,1184000000,8.919,346000000
11,NLSN,ARQ,2018-09-30,2018-10-25,2018-09-30,2021-07-29,-1010000000,16635000000,,2047000000,14588000000,,11.316,-121000000.0,446000000,446000000,681000000.0,98000000.0,1.141,3.092,8611000000,307000000,8304000000,8611000000,345000000,175000000.0,0,0.055,0.35,254000000.0,429000000.0,0.268,429000000.0,254000000.0,155000000.0,0.27,0.27,0.27,4017000000,,4017000000,17036033167.0,17.0,10.116,266000000.0,0.749,1.0,919000000.0,0.574,13507000000,99000000.0,9499000000,,0,0,0,0,12420000000,1794000000,10626000000,8871033167.0,52000000.0,-9000000.0,-10000000.0,-67000000.0,-124000000.0,-205000000.0,-127000000.0,0.0,387000000.0,-3000000.0,96000000.0,96000000.0,96000000.0,0.0,2000000.0,0.06,658000000.0,261000000.0,996000000,1.296,2.208,27.636,28.079,461000000,0.0,24.99,1.34,1.34,1249000000,281000000,1600000000.0,1600000000.0,0.0,,,,,1000000.0,464000000.0,1.0,354983320,354993315,355561704.0,4.507,3128000000,166000000,59000000.0,1552000000,8.811,253000000
12,NLSN,ARQ,2018-06-30,2018-07-26,2018-06-30,2021-07-29,-1015000000,16698000000,,2120000000,14578000000,,11.381,-118000000.0,394000000,394000000,698000000.0,76000000.0,1.185,3.076,8664000000,343000000,8321000000,8664000000,361000000,162000000.0,0,0.062,0.35,216000000.0,378000000.0,0.23,378000000.0,216000000.0,116000000.0,0.2,0.2,0.2,4049000000,,4049000000,16123640235.0,15.0,9.224,124000000.0,0.349,1.0,949000000.0,0.576,13509000000,100000000.0,9670000000,,0,0,0,0,12453000000,1789000000,10664000000,7853640235.0,-68000000.0,-28000000.0,-34000000.0,20000000.0,-125000000.0,-148000000.0,-144000000.0,0.0,242000000.0,-18000000.0,72000000.0,72000000.0,72000000.0,0.0,4000000.0,0.044,721000000.0,228000000.0,977000000,1.75,1.94,21.169,21.466,471000000,0.0,22.11,1.179,1.181,1320000000,309000000,1647000000.0,1647000000.0,0.0,,,,,7000000.0,494000000.0,1.0,355207609,355773490,356376160.0,4.629,3189000000,169000000,44000000.0,1524000000,8.964,331000000
13,NLSN,ARQ,2018-03-31,2018-04-26,2018-03-31,2021-07-29,-886000000,16923000000,,2264000000,14659000000,,11.945,-128000000.0,462000000,462000000,719000000.0,75000000.0,1.231,2.927,8646000000,360000000,8286000000,8646000000,389000000,167000000.0,0,0.043,0.34,207000000.0,374000000.0,0.232,374000000.0,207000000.0,111000000.0,0.2,0.2,0.2,4258000000,,4258000000,19551153344.0,16.0,10.591,-245000000.0,-0.687,1.0,891000000.0,0.553,13606000000,96000000.0,9662000000,,0,0,0,0,12465000000,1839000000,10626000000,11367153344.0,-194000000.0,-2000000.0,-5000000.0,168000000.0,-121000000.0,40000000.0,-132000000.0,0.0,-117000000.0,15000000.0,72000000.0,72000000.0,72000000.0,0.0,3000000.0,0.045,684000000.0,207000000.0,969000000,1.7,2.67,26.435,26.592,468000000,0.0,31.91,1.708,1.709,1374000000,362000000,1610000000.0,1610000000.0,0.0,,,,,13000000.0,493000000.0,1.0,356225426,356460561,357273815.0,4.517,3317000000,171000000,39000000.0,1544000000,9.305,425000000
14,NLSN,ARQ,2017-12-31,2018-02-08,2017-12-31,2021-07-29,-940000000,16866000000,,2282000000,14584000000,,11.917,-156000000.0,656000000,656000000,734000000.0,84000000.0,1.345,2.927,8441000000,84000000,8357000000,8441000000,361000000,163000000.0,0,0.039,0.34,340000000.0,503000000.0,0.286,503000000.0,340000000.0,243000000.0,0.22,0.23,0.22,4245000000,,4245000000,19875235736.0,17.0,10.855,350000000.0,0.983,1.0,1027000000.0,0.583,13572000000,97000000.0,9382000000,,0,0,0,0,12423000000,1697000000,10726000000,12090235736.0,-6000000.0,-181000000.0,-22000000.0,-20000000.0,-121000000.0,-167000000.0,-348000000.0,0.0,506000000.0,3000000.0,81000000.0,81000000.0,81000000.0,0.0,3000000.0,0.046,670000000.0,357000000.0,1141000000,1.545,2.848,28.182,28.25,482000000,0.0,33.9,1.84,1.84,1280000000,411000000,1761000000.0,1761000000.0,0.0,,,,,10000000.0,475000000.0,1.0,356644122,356214045,357388272.0,4.944,3294000000,170000000,162000000.0,1546000000,9.247,585000000
15,NLSN,ARQ,2017-09-30,2017-10-25,2017-09-30,2021-07-29,-979000000,16585000000,,2272000000,14313000000,,11.949,-113000000.0,662000000,662000000,692000000.0,150000000.0,1.413,2.847,8444000000,67000000,8377000000,8444000000,328000000,160000000.0,0,0.034,0.34,333000000.0,493000000.0,0.3,493000000.0,333000000.0,238000000.0,0.41,0.41,0.41,4259000000,,4259000000,21514057240.0,18.0,11.776,425000000.0,1.192,1.0,949000000.0,0.578,13394000000,95000000.0,9365000000,,0,0,0,0,12125000000,1608000000,10517000000,13732057240.0,152000000.0,-14000000.0,-26000000.0,-119000000.0,-121000000.0,-271000000.0,-128000000.0,0.0,538000000.0,13000000.0,146000000.0,146000000.0,146000000.0,0.0,4000000.0,0.089,612000000.0,337000000.0,1015000000,0.829,3.224,27.085,26.962,458000000,0.0,38.555,2.123,2.125,1282000000,451000000,1641000000.0,1641000000.0,0.0,,,,,8000000.0,445000000.0,1.0,356168000,356426891,357692115.0,4.604,3191000000,131000000,92000000.0,1417000000,8.953,664000000
16,NLSN,ARQ,2017-06-30,2017-07-27,2017-06-30,2021-07-29,-1051000000,16494000000,,2217000000,14277000000,,11.745,-64000000.0,510000000,510000000,678000000.0,133000000.0,1.408,2.888,8523000000,163000000,8360000000,8523000000,352000000,162000000.0,0,0.031,0.34,314000000.0,476000000.0,0.29,476000000.0,314000000.0,222000000.0,0.37,0.37,0.37,4191000000,,4191000000,22707555107.0,20.0,12.743,162000000.0,0.454,1.0,966000000.0,0.588,13349000000,92000000.0,9583000000,,0,0,0,0,12103000000,1575000000,10528000000,14694555107.0,59000000.0,-9000000.0,-36000000.0,56000000.0,-121000000.0,-106000000.0,-74000000.0,0.0,226000000.0,13000000.0,131000000.0,131000000.0,131000000.0,0.0,2000000.0,0.08,642000000.0,324000000.0,925000000,0.919,3.506,29.928,29.862,454000000,0.0,41.21,2.297,2.299,1367000000,426000000,1644000000.0,1644000000.0,0.0,,,,,12000000.0,471000000.0,1.0,356577411,356829766,358085067.0,4.607,3145000000,133000000,91000000.0,1380000000,8.814,642000000
17,NLSN,ARQ,2017-03-31,2017-04-25,2017-03-31,2021-07-29,-1134000000,16332000000,,2101000000,14231000000,,11.536,-114000000.0,451000000,451000000,661000000.0,73000000.0,1.285,2.914,8416000000,236000000,8180000000,8416000000,364000000,155000000.0,0,0.031,0.31,204000000.0,359000000.0,0.235,359000000.0,204000000.0,114000000.0,0.2,0.2,0.2,4123000000,,4123000000,22249942556.0,20.0,12.817,-74000000.0,-0.207,1.0,865000000.0,0.567,13298000000,90000000.0,9364000000,,0,0,0,0,12015000000,1635000000,10380000000,14284942556.0,-303000000.0,-572000000.0,-29000000.0,472000000.0,-111000000.0,329000000.0,-686000000.0,0.0,40000000.0,14000000.0,71000000.0,71000000.0,71000000.0,0.0,2000000.0,0.047,658000000.0,207000000.0,933000000,1.55,3.465,30.201,30.288,464000000,0.0,39.98,2.25,2.251,1287000000,416000000,1526000000.0,1526000000.0,0.0,,,,,15000000.0,471000000.0,1.0,357302215,357399749,359054968.0,4.27,3034000000,133000000,43000000.0,1374000000,8.489,466000000
18,NLSN,ARQ,2016-12-31,2017-02-17,2016-12-31,2021-07-29,-1211000000,15730000000,,2222000000,13508000000,,11.477,-67000000.0,754000000,754000000,670000000.0,160000000.0,1.394,2.788,7926000000,188000000,7738000000,7926000000,297000000,153000000.0,0,0.027,0.31,346000000.0,499000000.0,0.301,499000000.0,346000000.0,260000000.0,0.45,0.45,0.45,4102000000,,4102000000,23289900901.0,20.0,13.331,476000000.0,1.332,1.0,986000000.0,0.595,12581000000,86000000.0,8727000000,,0,0,0,0,11437000000,1594000000,9843000000,16117900901.0,308000000.0,12000000.0,-15000000.0,-51000000.0,-111000000.0,-158000000.0,-51000000.0,0.0,543000000.0,-26000000.0,159000000.0,159000000.0,159000000.0,0.0,1000000.0,0.096,645000000.0,341000000.0,1012000000,0.689,3.929,32.107,32.2,471000000,0.0,45.08,2.555,2.564,1171000000,456000000,1656000000.0,1656000000.0,0.0,,,,,14000000.0,460000000.0,1.0,357539949,357411023,359700028.0,4.633,3149000000,127000000,101000000.0,1272000000,8.811,628000000
19,NLSN,ARQ,2016-09-30,2016-10-25,2016-09-30,2021-07-29,-1021000000,15700000000,,2051000000,13649000000,,11.891,-103000000.0,446000000,446000000,642000000.0,132000000.0,1.02,2.653,7957000000,578000000,7379000000,7957000000,301000000,151000000.0,0,0.026,0.31,297000000.0,448000000.0,0.285,448000000.0,297000000.0,212000000.0,0.36,0.36,0.36,4246000000,,4246000000,23827675300.0,18.0,12.554,353000000.0,0.989,1.0,928000000.0,0.591,12797000000,85000000.0,8403000000,,0,0,0,0,11265000000,2011000000,9254000000,16316675300.0,100000000.0,-11000000.0,-47000000.0,-73000000.0,-111000000.0,-241000000.0,-119000000.0,0.0,456000000.0,4000000.0,130000000.0,130000000.0,130000000.0,0.0,2000000.0,0.083,632000000.0,296000000.0,925000000,0.861,3.843,27.469,28.006,485000000,0.0,45.65,2.599,2.597,1240000000,408000000,1570000000.0,1570000000.0,0.0,,,,,11000000.0,452000000.0,1.0,357429908,357088498,360574807.0,4.397,2903000000,96000000,82000000.0,1229000000,8.13,40000000
20,NLSN,ARQ,2016-06-30,2016-07-26,2016-06-30,2021-07-29,-1011000000,15718000000,,2035000000,13683000000,,11.899,-112000000.0,346000000,346000000,654000000.0,114000000.0,0.843,2.632,8008000000,1075000000,6933000000,8008000000,324000000,152000000.0,0,0.021,0.31,278000000.0,430000000.0,0.269,430000000.0,278000000.0,195000000.0,0.31,0.31,0.31,4275000000,,4275000000,27026566626.0,21.0,14.247,98000000.0,0.273,1.0,942000000.0,0.59,12834000000,83000000.0,8131000000,,0,0,0,0,11250000000,2415000000,8835000000,19364566626.0,-86000000.0,-205000000.0,-210000000.0,354000000.0,-111000000.0,21000000.0,-316000000.0,0.0,210000000.0,-1000000.0,113000000.0,113000000.0,113000000.0,0.0,1000000.0,0.071,660000000.0,282000000.0,868000000,1.0,4.53,31.955,32.645,478000000,0.0,54.19,3.104,3.121,1313000000,389000000,1596000000.0,1596000000.0,0.0,,,,,13000000.0,474000000.0,1.0,357345758,359264465,363216877.0,4.442,2884000000,97000000,82000000.0,1186000000,8.028,-380000000
21,NLSN,ARQ,2016-03-31,2016-04-20,2016-03-31,2021-07-29,-969000000,15588000000,,2054000000,13534000000,,12.49,-109000000.0,432000000,432000000,641000000.0,101000000.0,1.366,2.408,7660000000,189000000,7471000000,7660000000,316000000,147000000.0,0,0.021,0.28,223000000.0,370000000.0,0.249,370000000.0,223000000.0,144000000.0,0.28,0.27,0.28,4516000000,,4516000000,26316306475.0,20.0,13.909,-22000000.0,-0.061,1.0,846000000.0,0.569,12686000000,79000000.0,8626000000,,0,0,0,0,10876000000,1504000000,9372000000,19088306475.0,75000000.0,-47000000.0,-65000000.0,307000000.0,-101000000.0,130000000.0,-156000000.0,0.0,87000000.0,14000000.0,100000000.0,100000000.0,100000000.0,0.0,1000000.0,0.067,622000000.0,224000000.0,915000000,1.0,4.227,31.447,31.843,482000000,0.0,52.86,3.078,3.082,1239000000,387000000,1487000000.0,1487000000.0,0.0,,,,,13000000.0,465000000.0,1.0,361110603,361580670,365201139.0,4.112,2902000000,93000000,44000000.0,1108000000,8.026,550000000
22,NLSN,ARQ,2015-12-31,2016-02-19,2015-12-31,2021-07-29,-1059000000,15303000000,,1908000000,13395000000,,12.212,-95000000.0,357000000,357000000,654000000.0,254000000.0,1.131,2.408,7338000000,310000000,7028000000,7338000000,322000000,142000000.0,0,0.023,0.0,508000000.0,650000000.0,0.4,650000000.0,508000000.0,428000000.0,0.68,0.68,0.68,4433000000,,4433000000,24383759619.0,19.0,13.266,306000000.0,0.843,1.0,970000000.0,0.597,12555000000,80000000.0,8042000000,,0,0,0,0,10676000000,1687000000,8989000000,17402759619.0,-1000000.0,-18000000.0,-142000000.0,-70000000.0,-101000000.0,-318000000.0,-77000000.0,0.0,401000000.0,-7000000.0,251000000.0,251000000.0,251000000.0,0.0,3000000.0,0.155,660000000.0,310000000.0,1013000000,0.0,3.926,30.531,31.026,490000000,0.0,48.09,2.82,2.86,1235000000,341000000,1624000000.0,1624000000.0,0.0,,,,,9000000.0,510000000.0,1.0,361878969,363016526,366452605.0,4.474,2748000000,78000000,177000000.0,1116000000,7.57,221000000
23,NLSN,ARQ,2015-09-30,2015-10-21,2015-09-30,2021-07-29,-1046000000,15277000000,,2106000000,13171000000,,12.109,-107000000.0,358000000,358000000,615000000.0,142000000.0,1.2,2.435,7453000000,339000000,7114000000,7453000000,299000000,144000000.0,0,0.023,0.28,303000000.0,447000000.0,0.292,447000000.0,303000000.0,224000000.0,0.39,0.38,0.39,4426000000,,4426000000,23787056641.0,23.0,14.848,345000000.0,0.944,1.0,916000000.0,0.598,12243000000,79000000.0,8374000000,,0,0,0,0,10779000000,1755000000,9024000000,16692056641.0,27000000.0,-1000000.0,-159000000.0,-23000000.0,-115000000.0,-299000000.0,-111000000.0,0.0,452000000.0,-15000000.0,142000000.0,142000000.0,142000000.0,0.0,0.0,0.093,618000000.0,298000000.0,918000000,0.718,3.771,34.775,35.543,486000000,0.0,45.85,2.701,2.711,1163000000,191000000,1531000000.0,1531000000.0,0.0,,,,,10000000.0,459000000.0,1.0,364057942,365498696,369497939.0,4.189,3034000000,73000000,82000000.0,1192000000,8.301,351000000
24,NLSN,ARQ,2015-06-30,2015-07-28,2015-06-30,2021-07-29,-898000000,15465000000,,2114000000,13351000000,,12.697,-97000000.0,331000000,331000000,648000000.0,116000000.0,1.295,2.291,7473000000,331000000,7142000000,7473000000,332000000,146000000.0,0,0.022,0.28,279000000.0,425000000.0,0.273,425000000.0,279000000.0,200000000.0,0.31,0.31,0.31,4677000000,,4677000000,24450453385.0,25.0,15.734,154000000.0,0.418,1.0,911000000.0,0.584,12392000000,79000000.0,8582000000,,0,0,0,0,10713000000,1633000000,9080000000,17308453385.0,-12000000.0,-6000000.0,-159000000.0,109000000.0,-102000000.0,-159000000.0,-102000000.0,0.0,251000000.0,-2000000.0,114000000.0,114000000.0,114000000.0,0.0,2000000.0,0.073,625000000.0,286000000.0,831000000,0.903,3.701,40.346,41.386,508000000,0.0,47.18,2.782,2.793,1227000000,49000000,1559000000.0,1559000000.0,0.0,,,,,11000000.0,465000000.0,1.0,366859970,368364597,372581033.0,4.232,3073000000,70000000,86000000.0,1156000000,8.342,481000000
25,NLSN,ARQ,2015-03-31,2015-04-22,2015-03-31,2021-07-29,-940000000,15388000000,,2065000000,13323000000,,12.846,-102000000.0,343000000,343000000,622000000.0,63000000.0,1.436,2.212,7347000000,188000000,7159000000,7347000000,320000000,142000000.0,0,0.022,0.25,174000000.0,316000000.0,0.217,316000000.0,174000000.0,101000000.0,0.17,0.17,0.17,4768000000,,4768000000,24055872159.0,26.0,16.037,-27000000.0,-0.073,1.0,836000000.0,0.573,12377000000,73000000.0,8577000000,,0,0,0,0,10545000000,1438000000,9107000000,17051872159.0,70000000.0,-191000000.0,-135000000.0,516000000.0,-90000000.0,314000000.0,-291000000.0,0.0,75000000.0,-28000000.0,63000000.0,63000000.0,63000000.0,0.0,0.0,0.043,637000000.0,199000000.0,858000000,1.471,3.576,43.835,45.196,512000000,0.0,46.1,2.725,2.735,1168000000,-65000000,1458000000.0,1458000000.0,0.0,,,,,-12000000.0,481000000.0,1.0,369888767,371169651,375361957.0,3.928,3011000000,67000000,38000000.0,1098000000,8.112,627000000
26,NLSN,ARQ,2014-12-31,2015-02-20,2014-12-31,2021-07-29,-777000000,15376000000,,2019000000,13357000000,,13.388,-138000000.0,273000000,273000000,653000000.0,158000000.0,1.123,2.026,6862000000,397000000,6465000000,6862000000,304000000,148000000.0,0,0.021,0.25,266000000.0,414000000.0,0.254,414000000.0,266000000.0,195000000.0,0.42,0.42,0.42,5056000000,,5056000000,23399808880.0,25.0,15.673,263000000.0,0.696,1.0,980000000.0,0.6,12386000000,71000000.0,7781000000,,0,0,0,0,10243000000,1798000000,8445000000,16810808880.0,-96000000.0,-117000000.0,-368000000.0,255000000.0,-95000000.0,-209000000.0,-255000000.0,0.0,401000000.0,-33000000.0,161000000.0,161000000.0,161000000.0,0.0,-3000000.0,0.099,672000000.0,308000000.0,1035000000,0.595,3.325,43.778,44.832,533000000,0.0,45.28,2.673,2.732,1241000000,-128000000,1633000000.0,1633000000.0,0.0,,,,,11000000.0,478000000.0,1.0,371263447,377658425,381962302.0,4.324,2990000000,83000000,34000000.0,1087000000,7.917,221000000
27,NLSN,ARQ,2014-09-30,2014-10-23,2014-09-30,2021-07-29,-509000000,15361000000,,1982000000,13379000000,,14.742,-103000000.0,369000000,369000000,648000000.0,92000000.0,1.285,1.721,6620000000,112000000,6508000000,6620000000,312000000,139000000.0,0,0.022,0.25,260000000.0,399000000.0,0.254,399000000.0,260000000.0,186000000.0,0.24,0.24,0.24,5615000000,,5615000000,22187514722.0,26.0,15.44,289000000.0,0.759,1.0,924000000.0,0.588,12431000000,74000000.0,7639000000,,0,0,0,0,9661000000,1542000000,8119000000,15936514722.0,59000000.0,-11000000.0,-4000000.0,-54000000.0,-94000000.0,-202000000.0,-114000000.0,0.0,392000000.0,-17000000.0,91000000.0,91000000.0,91000000.0,0.0,1000000.0,0.058,613000000.0,311000000.0,917000000,1.042,2.838,43.306,43.562,525000000,0.0,41.82,2.543,2.542,1189000000,-289000000,1572000000.0,1572000000.0,0.0,,,,,12000000.0,468000000.0,1.0,381074001,380884561,385891391.0,4.127,2930000000,96000000,95000000.0,1040000000,7.693,440000000
28,NLSN,ARQ,2014-06-30,2014-07-29,2014-06-30,2021-07-29,-349000000,15556000000,,1987000000,13569000000,,15.173,-94000000.0,310000000,310000000,677000000.0,76000000.0,1.322,1.686,6692000000,136000000,6556000000,6692000000,339000000,145000000.0,0,0.018,0.25,226000000.0,371000000.0,0.233,371000000.0,226000000.0,148000000.0,0.19,0.19,0.19,5762000000,,5762000000,24343353962.0,28.0,17.302,116000000.0,0.305,1.0,917000000.0,0.575,12606000000,78000000.0,7829000000,,0,0,0,0,9712000000,1503000000,8209000000,17961353962.0,9000000.0,-8000000.0,14000000.0,19000000.0,-93000000.0,-99000000.0,-102000000.0,0.0,210000000.0,0.0,74000000.0,74000000.0,74000000.0,0.0,2000000.0,0.046,640000000.0,277000000.0,883000000,1.316,3.117,43.702,44.14,530000000,0.0,47.23,2.954,2.949,1266000000,-380000000,1594000000.0,1594000000.0,0.0,,,,,12000000.0,482000000.0,1.0,380295447,379755766,385356813.0,4.197,2950000000,119000000,74000000.0,1004000000,7.768,484000000
29,NLSN,ARQ,2014-03-31,2014-04-24,2014-03-31,2021-07-29,-390000000,15473000000,,1933000000,13540000000,,15.081,-77000000.0,301000000,301000000,642000000.0,55000000.0,1.263,1.693,6646000000,185000000,6461000000,6646000000,345000000,141000000.0,0,0.017,0.2,168000000.0,309000000.0,0.208,309000000.0,168000000.0,91000000.0,0.15,0.15,0.15,5716000000,,5716000000,23797838257.0,20.0,13.909,13000000.0,0.034,1.0,847000000.0,0.569,12629000000,77000000.0,7658000000,,0,0,0,0,9676000000,1531000000,8145000000,17452838257.0,-263000000.0,-184000000.0,-5000000.0,6000000.0,-74000000.0,-75000000.0,-261000000.0,0.0,90000000.0,-17000000.0,58000000.0,58000000.0,58000000.0,0.0,-3000000.0,0.039,654000000.0,193000000.0,918000000,1.333,3.053,22.874,22.802,530000000,0.0,46.06,2.972,2.972,1186000000,-454000000,1489000000.0,1489000000.0,0.0,,,,,12000000.0,489000000.0,1.0,378915290,379012826,384739599.0,3.929,2844000000,116000000,33000000.0,954000000,7.504,402000000
30,NLSN,ARQ,2013-12-31,2014-02-21,2013-12-31,2021-07-29,-387000000,15530000000,,2134000000,13396000000,,15.142,-119000000.0,564000000,564000000,666000000.0,145000000.0,1.39,1.697,6640000000,148000000,6492000000,6640000000,306000000,146000000.0,0,0.016,0.0,212000000.0,358000000.0,0.222,358000000.0,212000000.0,132000000.0,0.38,0.37,0.38,5729000000,,5729000000,23621294972.0,21.0,14.221,201000000.0,0.531,1.0,945000000.0,0.587,12465000000,80000000.0,7606000000,,0,0,0,0,9723000000,1535000000,8188000000,17545294972.0,-173000000.0,-46000000.0,15000000.0,-255000000.0,-76000000.0,-327000000.0,-164000000.0,0.0,320000000.0,-2000000.0,145000000.0,145000000.0,145000000.0,14000000.0,0.0,0.09,707000000.0,238000000.0,1026000000,0.0,3.063,23.71,23.508,560000000,0.0,46.31,3.077,3.052,1196000000,-512000000,1611000000.0,1611000000.0,0.0,,,,,15000000.0,505000000.0,1.0,378866227,378359647,384304097.0,4.258,3065000000,115000000,-13000000.0,919000000,8.101,599000000
31,NLSN,ARQ,2013-09-30,2013-10-23,2013-09-30,2021-07-29,-379000000,15715000000,,2211000000,13504000000,,15.006,-85000000.0,737000000,737000000,573000000.0,131000000.0,1.246,1.765,6882000000,361000000,6521000000,6882000000,324000000,117000000.0,0,0.014,0.2,252000000.0,369000000.0,0.266,369000000.0,252000000.0,174000000.0,0.35,0.35,0.35,5666000000,,5666000000,20606521930.0,19.0,12.815,236000000.0,0.625,1.0,814000000.0,0.587,12541000000,78000000.0,7545000000,,0,0,0,0,10003000000,1774000000,8229000000,14461521930.0,-420000000.0,-1183000000.0,8000000.0,604000000.0,-74000000.0,524000000.0,-1268000000.0,0.0,321000000.0,3000000.0,134000000.0,134000000.0,134000000.0,0.0,-3000000.0,0.097,571000000.0,243000000.0,990000000,0.571,2.552,22.81,22.792,555000000,0.0,38.29,2.576,2.576,1138000000,-657000000,1387000000.0,1387000000.0,0.0,,,,,11000000.0,434000000.0,1.0,377684041,377590584,382302017.0,3.673,3174000000,166000000,40000000.0,1235000000,8.406,437000000
32,NLSN,ARQ,2013-06-30,2013-07-30,2013-06-30,2021-07-29,-432000000,14540000000,,2541000000,11999000000,,14.693,-100000000.0,1157000000,1157000000,580000000.0,426000000.0,1.656,1.619,6255000000,335000000,5920000000,6255000000,281000000,130000000.0,0,0.01,0.16,545000000.0,675000000.0,0.487,675000000.0,545000000.0,472000000.0,1.14,1.12,1.14,5533000000,,5533000000,17754079107.0,16.0,10.767,106000000.0,0.281,1.0,806000000.0,0.582,11021000000,73000000.0,7083000000,,0,0,0,0,8960000000,1534000000,7426000000,12656079107.0,924000000.0,926000000.0,35000000.0,-73000000.0,-59000000.0,-102000000.0,827000000.0,0.0,206000000.0,-7000000.0,426000000.0,426000000.0,426000000.0,-307000000.0,0.0,0.307,568000000.0,238000000.0,829000000,0.14,2.287,20.919,20.716,535000000,0.0,33.56,2.24,2.237,1104000000,-791000000,1386000000.0,1386000000.0,0.0,,,,,11000000.0,434000000.0,1.0,377117971,376580064,381559390.0,3.68,3519000000,167000000,46000000.0,1040000000,9.345,1007000000
33,NLSN,ARQ,2013-03-31,2013-04-25,2013-03-31,2021-07-29,-353000000,14416000000,,1609000000,12807000000,,14.029,-70000000.0,233000000,233000000,593000000.0,34000000.0,0.982,1.763,6320000000,372000000,5948000000,6320000000,345000000,128000000.0,0,0.005,0.16,145000000.0,273000000.0,0.198,273000000.0,145000000.0,62000000.0,0.09,0.09,0.09,5199000000,,5199000000,19071432825.0,23.0,14.127,-16000000.0,-0.043,1.0,783000000.0,0.569,11841000000,83000000.0,7023000000,,0,0,0,0,9168000000,1639000000,7529000000,12984432825.0,-55000000.0,-11000000.0,16000000.0,33000000.0,-56000000.0,-12000000.0,-82000000.0,0.0,54000000.0,-15000000.0,35000000.0,35000000.0,35000000.0,3000000.0,-1000000.0,0.025,612000000.0,171000000.0,848000000,1.778,2.497,45.881,45.566,537000000,0.0,34.63,2.299,2.272,1076000000,-1217000000,1376000000.0,1376000000.0,0.0,,,,,10000000.0,451000000.0,1.0,374947526,370583217,375557021.0,3.713,2575000000,170000000,27000000.0,1070000000,6.949,-30000000
34,NLSN,ARQ,2012-12-31,2013-02-22,2012-12-31,2021-07-29,-333000000,14585000000,,1676000000,12909000000,,13.592,-133000000.0,288000000,288000000,584000000.0,39000000.0,0.957,1.949,6584000000,355000000,6229000000,6584000000,373000000,132000000.0,0,0.0,0.0,159000000.0,291000000.0,0.199,291000000.0,159000000.0,65000000.0,0.1,0.11,0.1,4930000000,,4930000000,18002378308.0,22.0,13.375,207000000.0,0.571,1.0,880000000.0,0.601,11907000000,94000000.0,7223000000,,0,0,0,0,9607000000,1751000000,7856000000,11706378308.0,-37000000.0,-27000000.0,1000000.0,-132000000.0,0.0,-218000000.0,-160000000.0,0.0,340000000.0,1000000.0,39000000.0,39000000.0,39000000.0,0.0,0.0,0.027,600000000.0,280000000.0,967000000,0.0,2.375,42.881,43.013,560000000,0.0,32.26,2.086,2.08,1110000000,-1252000000,1464000000.0,1464000000.0,0.0,,,,,10000000.0,440000000.0,1.0,362875955,362718810,367276717.0,4.036,2678000000,170000000,26000000.0,1062000000,7.383,-75000000
35,NLSN,ARQ,2012-09-30,2012-10-22,2012-09-30,2021-07-29,-236000000,14496000000,,1683000000,12813000000,,13.745,-73000000.0,325000000,325000000,565000000.0,106000000.0,0.932,1.912,6680000000,428000000,6252000000,6680000000,370000000,130000000.0,0,0.0,0.0,280000000.0,410000000.0,0.288,410000000.0,280000000.0,174000000.0,0.29,0.29,0.29,4976000000,,4976000000,17093349484.0,18.0,11.668,258000000.0,0.713,1.0,858000000.0,0.603,11832000000,106000000.0,7213000000,,0,0,0,0,9515000000,1806000000,7709000000,10738349484.0,42000000.0,-63000000.0,15000000.0,-170000000.0,0.0,-157000000.0,-136000000.0,0.0,331000000.0,4000000.0,105000000.0,105000000.0,105000000.0,0.0,1000000.0,0.074,577000000.0,281000000.0,914000000,0.0,2.158,32.639,32.582,555000000,0.0,29.65,1.928,1.927,1079000000,-1291000000,1423000000.0,1423000000.0,0.0,,,,,10000000.0,444000000.0,1.0,362170303,362016373,366221520.0,3.931,2664000000,114000000,69000000.0,1030000000,7.359,-123000000
36,NLSN,ARQ,2012-06-30,2012-07-25,2012-06-30,2021-07-29,-301000000,14405000000,,1644000000,12761000000,,13.224,-70000000.0,283000000,283000000,564000000.0,103000000.0,1.008,2.012,6843000000,324000000,6519000000,6843000000,405000000,127000000.0,0,0.0,0.0,249000000.0,376000000.0,0.271,376000000.0,249000000.0,142000000.0,0.28,0.28,0.28,4781000000,,4781000000,16502799275.0,18.0,11.46,46000000.0,0.127,1.0,821000000.0,0.593,11739000000,107000000.0,7595000000,,0,0,0,0,9620000000,1631000000,7989000000,9942799275.0,-12000000.0,-58000000.0,3000000.0,9000000.0,0.0,7000000.0,-128000000.0,0.0,116000000.0,-7000000.0,104000000.0,104000000.0,104000000.0,0.0,-1000000.0,0.075,584000000.0,237000000.0,850000000,0.0,2.08,30.499,30.589,572000000,0.0,27.53,1.789,1.79,1089000000,-1396000000,1385000000.0,1385000000.0,0.0,,,,,6000000.0,441000000.0,1.0,361162342,361528675,365875719.0,3.831,2666000000,128000000,38000000.0,994000000,7.374,13000000
37,NLSN,ARQ,2012-03-31,2012-04-25,2012-03-31,2021-07-29,-211000000,14537000000,,1649000000,12888000000,,13.201,-82000000.0,295000000,295000000,565000000.0,25000000.0,0.98,2.05,6856000000,293000000,6563000000,6856000000,424000000,131000000.0,0,0.0,0.0,138000000.0,269000000.0,0.201,269000000.0,138000000.0,32000000.0,0.07,0.07,0.07,4764000000,,4764000000,17084726824.0,19.0,12.023,-85000000.0,-0.236,1.0,775000000.0,0.578,11776000000,106000000.0,7640000000,,0,0,0,0,9765000000,1682000000,8083000000,10523726824.0,-24000000.0,-16000000.0,10000000.0,64000000.0,0.0,70000000.0,-98000000.0,0.0,-3000000.0,7000000.0,25000000.0,25000000.0,25000000.0,0.0,0.0,0.019,621000000.0,154000000.0,898000000,0.0,2.209,36.164,36.012,611000000,0.0,29.17,1.889,1.89,1057000000,-1500000000,1340000000.0,1340000000.0,0.0,,,,,8000000.0,453000000.0,1.0,360772260,360881693,365721058.0,3.713,2761000000,179000000,7000000.0,1039000000,7.651,-33000000
38,NLSN,ARQ,2011-12-31,2012-02-22,2011-12-31,2021-07-29,-299000000,14504000000,,1665000000,12839000000,,12.864,-154000000.0,319000000,319000000,564000000.0,95000000.0,0.984,2.129,6763000000,144000000,6619000000,6763000000,443000000,133000000.0,0,0.0,0.0,277000000.0,410000000.0,0.289,410000000.0,277000000.0,168000000.0,0.27,0.27,0.27,4633000000,,4633000000,16468128610.0,28.0,14.809,148000000.0,0.411,1.0,857000000.0,0.603,11716000000,109000000.0,7540000000,,0,0,0,0,9863000000,1692000000,8171000000,10024128610.0,-85000000.0,-7000000.0,5000000.0,-224000000.0,0.0,-223000000.0,-160000000.0,0.0,302000000.0,-4000000.0,95000000.0,95000000.0,95000000.0,-2000000.0,0.0,0.067,597000000.0,260000000.0,1025000000,0.0,2.164,119.335,115.958,609000000,0.0,27.83,1.812,1.773,1080000000,-1525000000,1421000000.0,1421000000.0,0.0,,,,,9000000.0,435000000.0,1.0,360191470,360145611,380276703.0,3.946,2788000000,198000000,73000000.0,1076000000,7.741,-27000000
39,NLSN,ARQ,2011-09-30,2011-10-27,2011-09-30,2021-07-29,-258000000,14498000000,,1700000000,12798000000,,12.641,-71000000.0,404000000,404000000,554000000.0,103000000.0,1.007,2.189,7011000000,204000000,6807000000,7011000000,425000000,125000000.0,0,0.0,0.0,260000000.0,385000000.0,0.272,385000000.0,260000000.0,146000000.0,0.28,0.28,0.28,4543000000,,4543000000,17340652502.0,,,198000000.0,0.551,1.0,859000000.0,0.608,11724000000,114000000.0,7693000000,,0,0,0,0,9944000000,1688000000,8256000000,10733652502.0,30000000.0,-18000000.0,3000000.0,-126000000.0,0.0,-124000000.0,-92000000.0,0.0,269000000.0,-23000000.0,102000000.0,102000000.0,102000000.0,0.0,1000000.0,0.072,594000000.0,265000000.0,939000000,0.0,2.363,,,557000000,0.0,29.88,,,1052000000,-1620000000,1413000000.0,1413000000.0,0.0,,,,,8000000.0,460000000.0,1.0,359225318,359381233,364471804.0,3.932,2774000000,191000000,44000000.0,1036000000,7.719,12000000
40,NLSN,ARQ,2011-06-30,2011-07-28,2011-06-30,2021-07-29,-40000000,14870000000,,1764000000,13106000000,,12.932,-90000000.0,374000000,374000000,570000000.0,69000000.0,0.995,2.202,7188000000,225000000,6963000000,7188000000,465000000,135000000.0,0,0.0,0.0,222000000.0,357000000.0,0.256,357000000.0,222000000.0,108000000.0,0.19,0.19,0.19,4640000000,,4640000000,17714585484.0,,,32000000.0,0.089,1.0,826000000.0,0.592,11933000000,114000000.0,7979000000,,0,0,0,0,10219000000,1772000000,8447000000,10900585484.0,-22000000.0,-33000000.0,2000000.0,-27000000.0,0.0,-28000000.0,-121000000.0,0.0,122000000.0,5000000.0,69000000.0,69000000.0,69000000.0,0.0,0.0,0.049,608000000.0,218000000.0,966000000,0.0,2.349,,,595000000,0.0,30.39,,,1136000000,-1722000000,1396000000.0,1396000000.0,0.0,,,,,6000000.0,450000000.0,1.0,358689881,358792103,364203419.0,3.891,2937000000,226000000,39000000.0,1059000000,8.186,-8000000
41,NLSN,ARQ,2011-03-31,2011-04-28,2011-03-31,2021-07-29,-48000000,14690000000,,1647000000,13043000000,,13.751,-52000000.0,396000000,396000000,549000000.0,-181000000.0,1.036,2.223,7199000000,149000000,7050000000,7199000000,447000000,136000000.0,0,0.0,0.0,-176000000.0,-40000000.0,-0.031,-40000000.0,-176000000.0,-316000000.0,-0.55,-0.55,-0.55,4555000000,,4555000000,17304533991.0,,,-104000000.0,-0.314,1.0,753000000.0,0.578,11852000000,140000000.0,8051000000,,0,0,0,0,10124000000,1590000000,8534000000,10501533991.0,-25000000.0,-60000000.0,1799000000.0,-1462000000.0,0.0,125000000.0,-113000000.0,0.0,-52000000.0,15000000.0,-182000000.0,-182000000.0,-182000000.0,1000000.0,1000000.0,-0.14,702000000.0,51000000.0,889000000,0.0,2.305,,,586000000,0.0,29.32,,,997000000,-1791000000,1302000000.0,1302000000.0,0.0,,,,,4000000.0,543000000.0,1.0,358169645,331248626,331248626.0,3.931,2838000000,222000000,-134000000.0,1039000000,8.568,57000000
42,NLSN,ARQ,2010-12-31,2011-03-01,2010-12-31,2021-07-29,-96000000,14429000000,,1654000000,12775000000,,10.441,,421000000,421000000,,,1.029,3.995,8558000000,94000000,8464000000,8558000000,452000000,,0,0.0,0.0,,,,,,,,,,2887000000,,2887000000,17855979278.0,24.0,13.714,,,1.0,,,11703000000,,9256000000,,0,0,0,0,11533000000,1607000000,9926000000,9718979278.0,,,,,,,,,,,,,,,,,,,962000000,,3.366,74.761,57.723,599000000,,27.13,1.896,1.463,1014000000,-1609000000,,,,,,,,,,1.0,358237349,276499073,,,2726000000,61000000,,1041000000,9.859,47000000
43,NLSN,ARQ,2009-12-31,2011-01-19,2009-12-31,2021-07-29,-48000000,14600000000,,1646000000,12954000000,,10.215,,514000000,514000000,,,1.014,4.213,8655000000,107000000,8548000000,8655000000,435000000,,0,,0.0,,,,,,,,,,2798000000,,2798000000,,,,,,1.0,,,11813000000,,9304000000,,0,0,0,0,11788000000,1624000000,10164000000,,,,,,,,,,,,,,,,,,,,1000000000,,,,,593000000,,,,,937000000,-1739000000,,,,,,,,,,1.0,347629277,273905810,,,2787000000,50000000,,1147000000,10.175,22000000
0,NLSN,ART,2021-06-30,2021-07-29,2021-06-30,2021-07-29,-750000000,11031000000,13206250000.0,1196000000,9835000000,0.376,8.41,-445000000.0,410000000,410000000,1944000000.0,700000000.0,1.623,2.593,6021000000,36000000,5985000000,6021000000,139000000,715000000.0,0,0.01,0.24,1216000000.0,1931000000.0,0.389,1931000000.0,1216000000.0,881000000.0,1.92,1.91,1.92,3016000000,2519000000.0,3016000000,14093035522.0,12.0,7.298,477000000.0,1.33,1.0,3015000000.0,0.608,9207000000,335000000.0,6698000000,8260500000.0,0,0,0,0,7821000000,737000000,7084000000,8482035522.0,-28000000.0,2290000000.0,-14000000.0,-2686000000.0,-86000000.0,-2812000000.0,1845000000.0,0.0,922000000.0,17000000.0,691000000.0,691000000.0,691000000.0,-457000000.0,9000000.0,0.139,2203000000.0,812000000.0,479000000,0.125,2.812,12.275,12.312,406000000,0.0,23.64,1.71,1.71,507000000,-567000000,4959000000.0,4959000000.0,0.0,0.052,0.274,0.147,0.245,43000000.0,1330000000.0,1.0,358800149,358620131,360417035.0,13.828,1824000000,50000000,190000000.0,763000000,5.086,459000000
1,NLSN,ART,2021-03-31,2021-05-06,2021-03-31,2021-07-29,-726000000,11884000000,13979000000.0,2020000000,9864000000,0.4,8.317,-493000000.0,1197000000,1197000000,2316000000.0,596000000.0,1.281,2.927,6883000000,866000000,6017000000,6883000000,148000000,813000000.0,0,0.009,0.24,1058000000.0,1871000000.0,0.334,1871000000.0,1058000000.0,701000000.0,1.63,1.62,1.63,2977000000,2270250000.0,2977000000,15236363570.0,14.0,8.143,466000000.0,1.302,1.0,3278000000.0,0.586,9248000000,357000000.0,6745000000,9096750000.0,0,0,0,0,8714000000,1577000000,7137000000,9550363570.0,838000000.0,2255000000.0,-13000000.0,-1783000000.0,-86000000.0,-1912000000.0,1763000000.0,0.0,959000000.0,28000000.0,585000000.0,585000000.0,585000000.0,-467000000.0,11000000.0,0.105,2657000000.0,621000000.0,487000000,0.147,3.208,16.325,16.344,403000000,0.0,26.64,1.707,1.705,504000000,-643000000,5594000000.0,5594000000.0,0.0,0.042,0.258,0.116,0.189,45000000.0,1563000000.0,1.0,358497131,357944731,360189322.0,15.628,2636000000,48000000,116000000.0,763000000,7.364,443000000
2,NLSN,ART,2020-12-31,2021-02-25,2020-12-31,2021-07-29,-1105000000,14135000000,14556250000.0,2224000000,11911000000,0.432,5.747,-519000000.0,610000000,610000000,2760000000.0,7000000.0,1.162,5.798,8665000000,293000000,8372000000,8665000000,370000000,864000000.0,0,0.011,0.24,432000000.0,1296000000.0,0.206,1296000000.0,432000000.0,61000000.0,-0.02,-0.02,-0.02,2051000000,2037000000.0,2051000000,16176868435.0,37.0,12.482,480000000.0,1.345,1.0,3530000000.0,0.561,10510000000,371000000.0,9766000000,9724750000.0,0,0,0,0,11892000000,1914000000,9978000000,8121868435.0,156000000.0,-17000000.0,-9000000.0,-181000000.0,-86000000.0,-307000000.0,-537000000.0,0.0,999000000.0,1000000.0,-6000000.0,-6000000.0,-6000000.0,0.0,13000000.0,-0.001,3064000000.0,466000000.0,1209000000,-12.0,3.96,-1353.645,-1135.0,825000000,0.0,22.7,1.291,1.288,1154000000,-1216000000,6290000000.0,6290000000.0,0.0,0.0,-0.003,0.044,0.069,53000000.0,1872000000.0,1.0,357791561,356860635,356860635.0,17.626,3625000000,281000000,67000000.0,995000000,10.158,310000000
3,NLSN,ART,2020-09-30,2020-11-02,2020-09-30,2021-07-29,-1105000000,15775000000,14602250000.0,3778000000,11997000000,0.432,5.693,-522000000.0,2250000000,2250000000,2782000000.0,-137000000.0,1.104,6.671,10373000000,1885000000,8488000000,10373000000,324000000,861000000.0,0,0.017,0.24,332000000.0,1193000000.0,0.189,1193000000.0,332000000.0,-43000000.0,-0.42,-0.42,-0.42,2032000000,2073000000.0,2032000000,13131693192.0,40.0,11.007,610000000.0,1.709,1.0,3527000000.0,0.559,10644000000,375000000.0,9833000000,9575500000.0,0,0,0,0,13555000000,3421000000,10134000000,5008693192.0,1861000000.0,2000000.0,-5000000.0,1393000000.0,-86000000.0,1262000000.0,-525000000.0,0.0,1132000000.0,-8000000.0,-150000000.0,-150000000.0,-150000000.0,0.0,13000000.0,-0.024,3003000000.0,524000000.0,1161000000,-0.571,2.465,-33.391,-33.405,759000000,0.0,14.03,0.794,0.794,1094000000,-1251000000,6309000000.0,6309000000.0,0.0,-0.01,-0.072,0.035,0.053,55000000.0,1916000000.0,1.0,356998802,356913312,358443308.0,17.677,5131000000,288000000,107000000.0,1055000000,14.376,357000000
4,NLSN,ART,2020-06-30,2020-08-05,2020-06-30,2021-07-29,-1112000000,14122000000,14244250000.0,2073000000,12049000000,0.447,5.666,-521000000.0,438000000,438000000,2813000000.0,-615000000.0,1.183,5.896,8793000000,291000000,8502000000,8793000000,361000000,830000000.0,0,0.035,0.53,-588000000.0,242000000.0,0.038,242000000.0,-588000000.0,-971000000.0,-1.77,-1.77,-1.77,2021000000,2103750000.0,2021000000,13709877000.0,-23.0,56.652,607000000.0,1.702,1.0,3549000000.0,0.558,10682000000,383000000.0,10043000000,9661000000.0,0,0,0,0,11915000000,1752000000,10163000000,5354877000.0,45000000.0,-12000000.0,-5000000.0,-276000000.0,-189000000.0,-501000000.0,-554000000.0,0.0,1128000000.0,-28000000.0,-629000000.0,-629000000.0,-629000000.0,0.0,14000000.0,-0.099,3939000000.0,-390000000.0,1100000000,-0.299,2.65,-8.513,-8.48,779000000,0.0,15.01,0.842,0.842,1131000000,-1258000000,6362000000.0,6362000000.0,0.0,-0.044,-0.299,-0.061,-0.092,51000000.0,1932000000.0,1.0,356753964,356672845,356672845.0,17.837,3440000000,276000000,-342000000.0,1016000000,9.645,321000000
5,NLSN,ART,2020-03-31,2020-04-30,2020-03-31,2021-07-29,-1130000000,14193000000,14610750000.0,2014000000,12179000000,0.444,5.735,-509000000.0,359000000,359000000,2848000000.0,-463000000.0,0.784,5.852,8776000000,1054000000,7722000000,8776000000,402000000,791000000.0,0,0.056,0.82,-365000000.0,426000000.0,0.066,426000000.0,-365000000.0,-757000000.0,-1.34,-1.35,-1.34,2044000000,2295750000.0,2044000000,13667885455.0,-37.0,32.084,595000000.0,1.67,1.0,3646000000.0,0.561,10785000000,392000000.0,9257000000,9743000000.0,0,0,0,0,11962000000,2568000000,9394000000,5250885455.0,-43000000.0,-12000000.0,-5000000.0,-240000000.0,-292000000.0,-566000000.0,-544000000.0,0.0,1104000000.0,-37000000.0,-476000000.0,-476000000.0,-476000000.0,0.0,13000000.0,-0.073,3815000000.0,-169000000.0,1077000000,-0.612,2.569,-11.031,-10.993,804000000,0.0,14.73,0.809,0.808,1182000000,-1228000000,6494000000.0,6494000000.0,0.0,-0.033,-0.207,-0.037,-0.056,51000000.0,1964000000.0,1.0,356475591,356389022,356389022.0,18.222,3408000000,267000000,-281000000.0,1066000000,9.563,-554000000
6,NLSN,ART,2019-12-31,2020-02-27,2019-12-31,2021-07-29,-1005000000,14319000000,14998000000.0,1977000000,12342000000,0.433,6.17,-519000000.0,454000000,454000000,2822000000.0,-403000000.0,0.79,5.436,8679000000,914000000,7765000000,8679000000,345000000,756000000.0,0,0.06,1.11,-278000000.0,478000000.0,0.074,478000000.0,-278000000.0,-675000000.0,-1.17,-1.17,-1.17,2195000000,2482250000.0,2195000000,14846333939.0,-53.0,31.059,547000000.0,1.538,1.0,3676000000.0,0.566,10874000000,397000000.0,9169000000,10051000000.0,0,0,0,0,11931000000,2501000000,9430000000,6621333939.0,-70000000.0,-44000000.0,-4000000.0,-117000000.0,-395000000.0,-544000000.0,-582000000.0,0.0,1066000000.0,-10000000.0,-415000000.0,-415000000.0,-415000000.0,0.0,12000000.0,-0.064,3769000000.0,-93000000.0,1182000000,-0.949,3.017,-15.955,-15.88,859000000,0.0,18.58,1.019,1.017,1103000000,-1210000000,6498000000.0,6498000000.0,0.0,-0.028,-0.167,-0.028,-0.043,50000000.0,1929000000.0,1.0,356368888,355731862,355731862.0,18.267,3445000000,276000000,-260000000.0,1112000000,9.684,-524000000
7,NLSN,ART,2019-09-30,2019-11-07,2019-09-30,2021-07-29,-1166000000,14343000000,15213000000.0,1947000000,12396000000,0.425,6.057,-491000000.0,389000000,389000000,2795000000.0,-1244000000.0,1.097,5.564,8880000000,298000000,8582000000,8880000000,316000000,721000000.0,0,0.07,1.4,-1509000000.0,-788000000.0,-0.122,-788000000.0,-1509000000.0,-1907000000.0,-3.53,-3.54,-3.53,2155000000,2645250000.0,2155000000,15575182297.0,-10.0,-19.765,651000000.0,1.83,1.0,3670000000.0,0.568,10884000000,398000000.0,10175000000,10102250000.0,0,0,0,0,11990000000,1775000000,10215000000,7084182297.0,-57000000.0,-15000000.0,-3000000.0,-133000000.0,-497000000.0,-653000000.0,-525000000.0,0.0,1142000000.0,-21000000.0,-1258000000.0,-1258000000.0,-1258000000.0,0.0,14000000.0,-0.195,5158000000.0,-1488000000.0,1087000000,-0.397,3.287,-5.631,-5.64,848000000,0.0,19.91,1.096,1.096,1146000000,-1101000000,6465000000.0,6465000000.0,0.0,-0.083,-0.476,-0.149,-0.233,53000000.0,1937000000.0,1.0,355810261,355779274,355779274.0,18.171,3459000000,322000000,-649000000.0,1142000000,9.722,172000000
8,NLSN,ART,2019-06-30,2019-07-31,2019-06-30,2021-07-29,-1115000000,15588000000,15786000000.0,2026000000,13562000000,0.409,7.842,-500000000.0,393000000,393000000,2782000000.0,-678000000.0,1.073,4.518,9063000000,412000000,8651000000,9063000000,363000000,710000000.0,0,0.06,1.4,-503000000.0,207000000.0,0.032,207000000.0,-503000000.0,-900000000.0,-1.93,-1.94,-1.93,2789000000,3110750000.0,2789000000,16907399812.0,-34.0,81.678,616000000.0,1.732,1.0,3667000000.0,0.569,11998000000,397000000.0,10371000000,9933250000.0,0,0,0,0,12600000000,1889000000,10711000000,8237399812.0,-1000000.0,-22000000.0,-13000000.0,-65000000.0,-497000000.0,-590000000.0,-520000000.0,0.0,1116000000.0,-7000000.0,-690000000.0,-690000000.0,-690000000.0,0.0,12000000.0,-0.107,4154000000.0,-487000000.0,1024000000,-0.725,2.954,-11.938,-12.0,903000000,0.0,23.16,1.277,1.277,1227000000,-629000000,6449000000.0,6449000000.0,0.0,-0.044,-0.222,-0.051,-0.078,41000000.0,1934000000.0,1.0,355673567,355630327,356627708.0,18.134,3590000000,329000000,-210000000.0,1168000000,10.095,137000000
9,NLSN,ART,2019-03-31,2019-04-30,2019-03-31,2021-07-29,-1104000000,15742000000,16063500000.0,2047000000,13695000000,0.403,7.849,-510000000.0,402000000,402000000,2781000000.0,-728000000.0,1.068,4.571,9095000000,385000000,8710000000,9095000000,376000000,687000000.0,0,0.055,1.4,-533000000.0,154000000.0,0.024,154000000.0,-533000000.0,-930000000.0,-2.08,-2.08,-2.08,2790000000,3425750000.0,2790000000,17768762177.0,-33.0,115.382,622000000.0,1.75,1.0,3687000000.0,0.57,12029000000,397000000.0,10489000000,9758000000.0,0,0,0,0,12753000000,1917000000,10836000000,9075762177.0,-60000000.0,-49000000.0,-47000000.0,-49000000.0,-497000000.0,-612000000.0,-554000000.0,0.0,1132000000.0,-26000000.0,-741000000.0,-741000000.0,-741000000.0,0.0,13000000.0,-0.115,4195000000.0,-508000000.0,1071000000,-0.673,3.253,-12.248,-12.274,979000000,0.0,25.53,1.403,1.403,1221000000,-752000000,6468000000.0,6468000000.0,0.0,-0.046,-0.216,-0.055,-0.082,37000000.0,1945000000.0,1.0,355494014,355444756,356357083.0,18.197,3713000000,334000000,-189000000.0,1185000000,10.446,130000000
10,NLSN,ART,2018-12-31,2019-02-28,2018-12-31,2021-07-29,-1110000000,15179000000,16358750000.0,2003000000,13176000000,0.398,8.006,-516000000.0,524000000,524000000,2805000000.0,-700000000.0,1.209,4.263,8387000000,107000000,8280000000,8387000000,355000000,675000000.0,0,0.053,1.39,-500000000.0,175000000.0,0.027,175000000.0,-500000000.0,-894000000.0,-2.0,-2.0,-2.0,2847000000,3792750000.0,2847000000,17175715933.0,-34.0,98.147,542000000.0,1.524,1.0,3710000000.0,0.569,12011000000,394000000.0,9374000000,9551250000.0,0,0,0,0,12136000000,1657000000,10479000000,9312715933.0,-132000000.0,8000000.0,-50000000.0,-114000000.0,-494000000.0,-676000000.0,-506000000.0,0.0,1058000000.0,-8000000.0,-712000000.0,-712000000.0,-712000000.0,0.0,12000000.0,-0.109,4185000000.0,-475000000.0,1119000000,-0.695,3.271,-13.08,-13.1,468000000,0.0,26.2,1.429,1.43,1118000000,-795000000,6515000000.0,6515000000.0,0.0,-0.044,-0.188,-0.052,-0.077,35000000.0,1958000000.0,1.0,355447173,355601564,355601564.0,18.321,3168000000,333000000,-182000000.0,1184000000,8.909,346000000
11,NLSN,ART,2018-09-30,2018-10-25,2018-09-30,2021-07-29,-1010000000,16635000000,16780500000.0,2047000000,14588000000,0.394,11.316,-523000000.0,446000000,446000000,2832000000.0,333000000.0,1.141,3.092,8611000000,307000000,8304000000,8611000000,345000000,667000000.0,0,0.055,1.38,1017000000.0,1684000000.0,0.254,1684000000.0,1017000000.0,625000000.0,0.89,0.9,0.89,4017000000,4142250000.0,4017000000,17036033167.0,17.0,10.116,495000000.0,1.394,1.0,3786000000.0,0.572,13507000000,392000000.0,9499000000,9553250000.0,0,0,0,0,12420000000,1794000000,10626000000,8871033167.0,-216000000.0,-220000000.0,-71000000.0,101000000.0,-491000000.0,-480000000.0,-751000000.0,0.0,1018000000.0,-3000000.0,321000000.0,321000000.0,321000000.0,0.0,12000000.0,0.049,2733000000.0,1053000000.0,996000000,1.551,2.208,27.636,28.079,461000000,0.0,24.99,1.34,1.34,1249000000,281000000,6618000000.0,6618000000.0,0.0,0.019,0.077,0.106,0.154,31000000.0,1926000000.0,1.0,354983320,354993315,355561704.0,18.643,3128000000,166000000,304000000.0,1552000000,8.811,253000000
12,NLSN,ART,2018-06-30,2018-07-26,2018-06-30,2021-07-29,-1015000000,16698000000,16768000000.0,2120000000,14578000000,0.397,11.381,-515000000.0,394000000,394000000,2843000000.0,385000000.0,1.185,3.076,8664000000,343000000,8321000000,8664000000,361000000,652000000.0,0,0.062,1.37,1096000000.0,1748000000.0,0.263,1748000000.0,1096000000.0,708000000.0,1.03,1.04,1.03,4049000000,4202750000.0,4049000000,16123640235.0,15.0,9.224,654000000.0,1.838,1.0,3816000000.0,0.573,13509000000,388000000.0,9670000000,9519750000.0,0,0,0,0,12453000000,1789000000,10664000000,7853640235.0,-116000000.0,-225000000.0,-87000000.0,49000000.0,-488000000.0,-546000000.0,-752000000.0,0.0,1169000000.0,13000000.0,371000000.0,371000000.0,371000000.0,0.0,14000000.0,0.056,2687000000.0,1129000000.0,977000000,1.33,1.94,21.169,21.466,471000000,0.0,22.11,1.179,1.181,1320000000,309000000,6659000000.0,6659000000.0,0.0,0.022,0.088,0.115,0.165,38000000.0,1907000000.0,1.0,355207609,355773490,356376160.0,18.717,3189000000,169000000,337000000.0,1524000000,8.964,331000000
13,NLSN,ART,2018-03-31,2018-04-26,2018-03-31,2021-07-29,-886000000,16923000000,16717000000.0,2264000000,14659000000,0.398,11.945,-461000000.0,462000000,462000000,2823000000.0,442000000.0,1.231,2.927,8646000000,360000000,8286000000,8646000000,389000000,652000000.0,0,0.043,1.36,1194000000.0,1846000000.0,0.277,1846000000.0,1194000000.0,814000000.0,1.2,1.21,1.2,4258000000,4238250000.0,4258000000,19551153344.0,16.0,10.591,692000000.0,1.941,1.0,3833000000.0,0.576,13606000000,380000000.0,9662000000,9498000000.0,0,0,0,0,12465000000,1839000000,10626000000,11367153344.0,11000000.0,-206000000.0,-89000000.0,85000000.0,-484000000.0,-504000000.0,-682000000.0,0.0,1153000000.0,44000000.0,430000000.0,430000000.0,430000000.0,0.0,12000000.0,0.065,2608000000.0,1225000000.0,969000000,1.133,2.67,26.435,26.592,468000000,0.0,31.91,1.708,1.709,1374000000,362000000,6656000000.0,6656000000.0,0.0,0.026,0.101,0.126,0.179,43000000.0,1884000000.0,1.0,356225426,356460561,357273815.0,18.672,3317000000,171000000,384000000.0,1544000000,9.305,425000000
14,NLSN,ART,2017-12-31,2018-02-08,2017-12-31,2021-07-29,-940000000,16866000000,16569250000.0,2282000000,14584000000,0.397,11.9,-447000000.0,656000000,656000000,2765000000.0,440000000.0,1.345,2.927,8441000000,84000000,8357000000,8441000000,361000000,640000000.0,0,0.039,1.33,1191000000.0,1831000000.0,0.279,1831000000.0,1191000000.0,817000000.0,1.2,1.2,1.2,4245000000,4204500000.0,4245000000,19875235736.0,17.0,10.855,863000000.0,2.419,1.0,3807000000.0,0.579,13572000000,374000000.0,9382000000,9423500000.0,0,0,0,0,12423000000,1697000000,10726000000,12090235736.0,-98000000.0,-776000000.0,-113000000.0,389000000.0,-474000000.0,-215000000.0,-1236000000.0,0.0,1310000000.0,43000000.0,429000000.0,429000000.0,429000000.0,0.0,11000000.0,0.065,2582000000.0,1225000000.0,1141000000,1.108,2.848,28.182,28.25,482000000,0.0,33.9,1.84,1.84,1280000000,411000000,6572000000.0,6572000000.0,0.0,0.026,0.102,0.126,0.181,45000000.0,1862000000.0,1.0,356644122,356714940,358052433.0,18.424,3294000000,170000000,388000000.0,1546000000,9.234,585000000
15,NLSN,ART,2017-09-30,2017-10-25,2017-09-30,2021-07-29,-979000000,16585000000,16285250000.0,2272000000,14313000000,0.397,11.949,-358000000.0,662000000,662000000,2701000000.0,516000000.0,1.413,2.847,8444000000,67000000,8377000000,8444000000,328000000,630000000.0,0,0.034,1.3,1197000000.0,1827000000.0,0.283,1827000000.0,1197000000.0,834000000.0,1.43,1.43,1.43,4259000000,4168750000.0,4259000000,21514057240.0,18.0,11.776,989000000.0,2.775,1.0,3766000000.0,0.582,13394000000,363000000.0,9365000000,9259750000.0,0,0,0,0,12125000000,1608000000,10517000000,13732057240.0,216000000.0,-583000000.0,-106000000.0,358000000.0,-464000000.0,-206000000.0,-939000000.0,0.0,1347000000.0,14000000.0,507000000.0,507000000.0,507000000.0,0.0,9000000.0,0.078,2557000000.0,1209000000.0,1015000000,0.909,3.224,27.085,26.962,458000000,0.0,38.555,2.123,2.125,1282000000,451000000,6467000000.0,6467000000.0,0.0,0.031,0.122,0.129,0.185,49000000.0,1847000000.0,1.0,356168000,356426891,357692115.0,18.144,3191000000,131000000,327000000.0,1417000000,8.953,664000000
16,NLSN,ART,2017-06-30,2017-07-27,2017-06-30,2021-07-29,-1051000000,16494000000,16064000000.0,2217000000,14277000000,0.398,11.745,-348000000.0,510000000,510000000,2651000000.0,498000000.0,1.408,2.888,8523000000,163000000,8360000000,8523000000,352000000,621000000.0,0,0.031,1.27,1161000000.0,1782000000.0,0.279,1782000000.0,1161000000.0,808000000.0,1.38,1.38,1.38,4191000000,4165500000.0,4191000000,22707555107.0,20.0,12.743,917000000.0,2.57,1.0,3745000000.0,0.586,13349000000,353000000.0,9583000000,9019250000.0,0,0,0,0,12103000000,1575000000,10528000000,14694555107.0,164000000.0,-580000000.0,-127000000.0,404000000.0,-454000000.0,-176000000.0,-930000000.0,0.0,1265000000.0,5000000.0,491000000.0,491000000.0,491000000.0,0.0,7000000.0,0.077,2577000000.0,1168000000.0,925000000,0.92,3.506,29.928,29.862,454000000,0.0,41.21,2.297,2.299,1367000000,426000000,6396000000.0,6396000000.0,0.0,0.031,0.118,0.129,0.182,52000000.0,1854000000.0,1.0,356577411,356829766,358085067.0,17.925,3145000000,133000000,317000000.0,1380000000,8.814,642000000
17,NLSN,ART,2017-03-31,2017-04-25,2017-03-31,2021-07-29,-1134000000,16332000000,15870000000.0,2101000000,14231000000,0.4,11.536,-396000000.0,451000000,451000000,2627000000.0,479000000.0,1.285,2.914,8416000000,236000000,8180000000,8416000000,364000000,611000000.0,0,0.031,1.24,1125000000.0,1736000000.0,0.273,1736000000.0,1125000000.0,781000000.0,1.32,1.32,1.32,4123000000,4186500000.0,4123000000,22249942556.0,20.0,12.817,853000000.0,2.387,1.0,3721000000.0,0.586,13298000000,344000000.0,9364000000,8656250000.0,0,0,0,0,12015000000,1635000000,10380000000,14284942556.0,19000000.0,-776000000.0,-301000000.0,702000000.0,-444000000.0,-49000000.0,-1172000000.0,0.0,1249000000.0,-9000000.0,473000000.0,473000000.0,473000000.0,0.0,6000000.0,0.075,2595000000.0,1126000000.0,933000000,0.939,3.465,30.201,30.288,464000000,0.0,39.98,2.25,2.251,1287000000,416000000,6348000000.0,6348000000.0,0.0,0.03,0.113,0.13,0.177,53000000.0,1857000000.0,1.0,357302215,357399749,359054968.0,17.762,3034000000,133000000,308000000.0,1374000000,8.489,466000000
18,NLSN,ART,2016-12-31,2017-02-17,2016-12-31,2021-07-29,-1211000000,15730000000,15684000000.0,2222000000,13508000000,0.402,11.432,-391000000.0,754000000,754000000,2607000000.0,507000000.0,1.394,2.788,7926000000,188000000,7738000000,7926000000,297000000,603000000.0,0,0.027,1.21,1144000000.0,1747000000.0,0.277,1747000000.0,1144000000.0,811000000.0,1.4,1.39,1.4,4102000000,4284750000.0,4102000000,23289900901.0,20.0,13.331,905000000.0,2.522,1.0,3702000000.0,0.587,12581000000,333000000.0,8727000000,8471750000.0,0,0,0,0,11437000000,1594000000,9843000000,16117900901.0,397000000.0,-251000000.0,-337000000.0,537000000.0,-434000000.0,-248000000.0,-642000000.0,0.0,1296000000.0,-9000000.0,502000000.0,502000000.0,502000000.0,0.0,5000000.0,0.08,2559000000.0,1143000000.0,1012000000,0.864,3.929,32.107,32.2,471000000,0.0,45.08,2.555,2.564,1171000000,456000000,6309000000.0,6309000000.0,0.0,0.032,0.117,0.135,0.181,51000000.0,1851000000.0,1.0,357539949,358830080,362167129.0,17.582,3149000000,127000000,309000000.0,1272000000,8.776,628000000
19,NLSN,ART,2016-09-30,2016-10-25,2016-09-30,2021-07-29,-1021000000,15700000000,15577250000.0,2051000000,13649000000,0.403,11.891,-419000000.0,446000000,446000000,2591000000.0,601000000.0,1.02,2.653,7957000000,578000000,7379000000,7957000000,301000000,592000000.0,0,0.026,1.18,1306000000.0,1898000000.0,0.302,1898000000.0,1306000000.0,979000000.0,1.63,1.62,1.63,4246000000,4367500000.0,4246000000,23827675300.0,18.0,12.554,735000000.0,2.058,1.0,3686000000.0,0.587,12797000000,327000000.0,8403000000,8300500000.0,0,0,0,0,11265000000,2011000000,9254000000,16316675300.0,88000000.0,-281000000.0,-464000000.0,518000000.0,-424000000.0,-408000000.0,-668000000.0,0.0,1154000000.0,10000000.0,594000000.0,594000000.0,594000000.0,0.0,7000000.0,0.095,2574000000.0,1112000000.0,925000000,0.724,3.843,27.469,28.006,485000000,0.0,45.65,2.599,2.597,1240000000,408000000,6277000000.0,6277000000.0,0.0,0.038,0.136,0.157,0.208,46000000.0,1901000000.0,1.0,357429908,357088498,360574807.0,17.578,2903000000,96000000,385000000.0,1229000000,8.13,40000000
20,NLSN,ART,2016-06-30,2016-07-26,2016-06-30,2021-07-29,-1011000000,15718000000,15471500000.0,2035000000,13683000000,0.403,11.899,-423000000.0,346000000,346000000,2564000000.0,611000000.0,0.843,2.632,8008000000,1075000000,6933000000,8008000000,324000000,585000000.0,0,0.021,1.15,1312000000.0,1897000000.0,0.304,1897000000.0,1312000000.0,991000000.0,1.66,1.64,1.66,4275000000,4412500000.0,4275000000,27026566626.0,21.0,14.247,727000000.0,2.024,1.0,3674000000.0,0.589,12834000000,321000000.0,8131000000,8293250000.0,0,0,0,0,11250000000,2415000000,8835000000,19364566626.0,15000000.0,-271000000.0,-576000000.0,568000000.0,-428000000.0,-466000000.0,-660000000.0,0.0,1150000000.0,-9000000.0,606000000.0,606000000.0,606000000.0,0.0,5000000.0,0.097,2560000000.0,1114000000.0,868000000,0.693,4.53,31.955,32.645,478000000,0.0,54.19,3.104,3.121,1313000000,389000000,6238000000.0,6238000000.0,0.0,0.039,0.137,0.158,0.21,45000000.0,1908000000.0,1.0,357345758,359264465,363216877.0,17.363,2884000000,97000000,385000000.0,1186000000,8.028,-380000000
21,NLSN,ART,2016-03-31,2016-04-20,2016-03-31,2021-07-29,-969000000,15588000000,15408250000.0,2054000000,13534000000,0.402,12.49,-408000000.0,432000000,432000000,2558000000.0,613000000.0,1.366,2.408,7660000000,189000000,7471000000,7660000000,316000000,579000000.0,0,0.021,1.12,1313000000.0,1892000000.0,0.305,1892000000.0,1313000000.0,996000000.0,1.66,1.64,1.66,4516000000,4513000000.0,4516000000,26316306475.0,20.0,13.909,783000000.0,2.165,1.0,3643000000.0,0.587,12686000000,317000000.0,8626000000,8406000000.0,0,0,0,0,10876000000,1504000000,9372000000,19088306475.0,89000000.0,-72000000.0,-525000000.0,323000000.0,-419000000.0,-646000000.0,-446000000.0,0.0,1191000000.0,-10000000.0,607000000.0,607000000.0,607000000.0,0.0,6000000.0,0.098,2525000000.0,1118000000.0,915000000,0.675,4.227,31.447,31.843,482000000,0.0,52.86,3.078,3.082,1239000000,387000000,6201000000.0,6201000000.0,0.0,0.039,0.135,0.156,0.212,43000000.0,1899000000.0,1.0,361110603,361580670,365201139.0,17.15,2902000000,93000000,389000000.0,1108000000,8.026,550000000
22,NLSN,ART,2015-12-31,2016-02-19,2015-12-31,2021-07-29,-1059000000,15303000000,15358250000.0,1908000000,13395000000,0.402,12.079,-401000000.0,357000000,357000000,2539000000.0,575000000.0,1.131,2.408,7338000000,310000000,7028000000,7338000000,322000000,574000000.0,0,0.023,1.09,1264000000.0,1838000000.0,0.298,1838000000.0,1264000000.0,953000000.0,1.55,1.54,1.55,4433000000,4576000000.0,4433000000,24383759619.0,19.0,13.266,778000000.0,2.12,1.0,3633000000.0,0.589,12555000000,311000000.0,8042000000,8393750000.0,0,0,0,0,10676000000,1687000000,8989000000,17402759619.0,84000000.0,-216000000.0,-595000000.0,532000000.0,-408000000.0,-462000000.0,-581000000.0,0.0,1179000000.0,-52000000.0,570000000.0,570000000.0,570000000.0,0.0,5000000.0,0.092,2540000000.0,1093000000.0,1013000000,0.703,3.926,30.531,31.026,490000000,0.0,48.09,2.82,2.86,1235000000,341000000,6172000000.0,6172000000.0,0.0,0.037,0.125,0.151,0.205,18000000.0,1915000000.0,1.0,361878969,366996788,370957804.0,16.818,2748000000,78000000,383000000.0,1116000000,7.488,221000000
23,NLSN,ART,2015-09-30,2015-10-21,2015-09-30,2021-07-29,-1046000000,15277000000,15376500000.0,2106000000,13171000000,0.402,12.109,-444000000.0,358000000,358000000,2538000000.0,479000000.0,1.2,2.435,7453000000,339000000,7114000000,7453000000,299000000,580000000.0,0,0.023,1.06,1022000000.0,1602000000.0,0.259,1602000000.0,1022000000.0,720000000.0,1.29,1.28,1.29,4426000000,4731750000.0,4426000000,23787056641.0,23.0,14.848,735000000.0,2.011,1.0,3643000000.0,0.589,12243000000,302000000.0,8374000000,8328500000.0,0,0,0,0,10779000000,1755000000,9024000000,16692056641.0,-11000000.0,-315000000.0,-821000000.0,857000000.0,-402000000.0,-353000000.0,-759000000.0,0.0,1179000000.0,-78000000.0,480000000.0,480000000.0,480000000.0,0.0,-1000000.0,0.078,2552000000.0,1091000000.0,918000000,0.822,3.771,34.775,35.543,486000000,0.0,45.85,2.701,2.711,1163000000,191000000,6181000000.0,6181000000.0,0.0,0.031,0.101,0.123,0.165,20000000.0,1883000000.0,1.0,364057942,365498696,369497939.0,16.911,3034000000,73000000,240000000.0,1192000000,8.301,351000000
24,NLSN,ART,2015-06-30,2015-07-28,2015-06-30,2021-07-29,-898000000,15465000000,15397500000.0,2114000000,13351000000,0.404,12.697,-440000000.0,331000000,331000000,2571000000.0,429000000.0,1.295,2.291,7473000000,331000000,7142000000,7473000000,332000000,575000000.0,0,0.022,1.03,979000000.0,1554000000.0,0.25,1554000000.0,979000000.0,682000000.0,1.14,1.14,1.14,4677000000,5029000000.0,4677000000,24450453385.0,25.0,15.734,679000000.0,1.843,1.0,3651000000.0,0.587,12392000000,297000000.0,8582000000,8144750000.0,0,0,0,0,10713000000,1633000000,9080000000,17308453385.0,21000000.0,-325000000.0,-666000000.0,826000000.0,-381000000.0,-256000000.0,-762000000.0,0.0,1119000000.0,-80000000.0,429000000.0,429000000.0,429000000.0,0.0,0.0,0.069,2547000000.0,1104000000.0,831000000,0.904,3.701,40.346,41.386,508000000,0.0,47.18,2.782,2.793,1227000000,49000000,6222000000.0,6222000000.0,0.0,0.028,0.085,0.12,0.157,22000000.0,1892000000.0,1.0,366859970,368364597,372581033.0,16.891,3073000000,70000000,253000000.0,1156000000,8.342,481000000
25,NLSN,ART,2015-03-31,2015-04-22,2015-03-31,2021-07-29,-940000000,15388000000,15420250000.0,2065000000,13323000000,0.406,12.846,-437000000.0,343000000,343000000,2600000000.0,389000000.0,1.436,2.212,7347000000,188000000,7159000000,7347000000,320000000,574000000.0,0,0.022,1.0,926000000.0,1500000000.0,0.24,1500000000.0,926000000.0,630000000.0,1.02,1.02,1.02,4768000000,5300250000.0,4768000000,24055872159.0,26.0,16.037,641000000.0,1.727,1.0,3657000000.0,0.584,12377000000,296000000.0,8577000000,7956500000.0,0,0,0,0,10545000000,1438000000,9107000000,17051872159.0,42000000.0,-327000000.0,-493000000.0,736000000.0,-372000000.0,-196000000.0,-762000000.0,0.0,1078000000.0,-78000000.0,389000000.0,389000000.0,389000000.0,0.0,0.0,0.062,2562000000.0,1095000000.0,858000000,0.98,3.576,43.835,45.196,512000000,0.0,46.1,2.725,2.735,1168000000,-65000000,6257000000.0,6257000000.0,0.0,0.025,0.073,0.116,0.148,23000000.0,1909000000.0,1.0,369888767,371169651,375361957.0,16.858,3011000000,67000000,241000000.0,1098000000,8.112,627000000
26,NLSN,ART,2014-12-31,2015-02-20,2014-12-31,2021-07-29,-777000000,15376000000,15441500000.0,2019000000,13357000000,0.407,13.329,-412000000.0,273000000,273000000,2620000000.0,381000000.0,1.123,2.026,6862000000,397000000,6465000000,6862000000,304000000,573000000.0,0,0.021,0.95,920000000.0,1493000000.0,0.237,1493000000.0,920000000.0,620000000.0,1.01,1.0,1.01,5056000000,5537250000.0,5056000000,23399808880.0,25.0,15.673,681000000.0,1.795,1.0,3668000000.0,0.583,12386000000,300000000.0,7781000000,7726750000.0,0,0,0,0,10243000000,1798000000,8445000000,16810808880.0,-291000000.0,-320000000.0,-363000000.0,226000000.0,-356000000.0,-585000000.0,-732000000.0,0.0,1093000000.0,-67000000.0,384000000.0,384000000.0,384000000.0,0.0,-3000000.0,0.061,2579000000.0,1089000000.0,1035000000,0.941,3.325,43.778,44.832,533000000,0.0,45.28,2.673,2.732,1241000000,-128000000,6288000000.0,6288000000.0,0.0,0.025,0.069,0.119,0.146,47000000.0,1917000000.0,1.0,371263447,379333037,384371452.0,16.576,2990000000,83000000,236000000.0,1087000000,7.882,221000000
27,NLSN,ART,2014-09-30,2014-10-23,2014-09-30,2021-07-29,-509000000,15361000000,15480000000.0,1982000000,13379000000,0.405,14.742,-393000000.0,369000000,369000000,2633000000.0,368000000.0,1.285,1.721,6620000000,112000000,6508000000,6620000000,312000000,571000000.0,0,0.022,0.9,866000000.0,1437000000.0,0.229,1437000000.0,866000000.0,557000000.0,0.96,0.95,0.96,5615000000,5705500000.0,5615000000,22187514722.0,26.0,15.44,619000000.0,1.625,1.0,3633000000.0,0.58,12431000000,309000000.0,7639000000,7683000000.0,0,0,0,0,9661000000,1542000000,8119000000,15936514722.0,-368000000.0,-249000000.0,20000000.0,-284000000.0,-337000000.0,-703000000.0,-641000000.0,0.0,1012000000.0,-36000000.0,368000000.0,368000000.0,368000000.0,14000000.0,0.0,0.059,2614000000.0,1019000000.0,917000000,0.938,2.838,43.306,43.562,525000000,0.0,41.82,2.543,2.542,1189000000,-289000000,6266000000.0,6266000000.0,0.0,0.024,0.064,0.113,0.138,51000000.0,1944000000.0,1.0,381074001,380884561,385891391.0,16.451,2930000000,96000000,189000000.0,1040000000,7.693,440000000
28,NLSN,ART,2014-06-30,2014-07-29,2014-06-30,2021-07-29,-349000000,15556000000,15568500000.0,1987000000,13569000000,0.391,15.173,-375000000.0,310000000,310000000,2558000000.0,407000000.0,1.322,1.686,6692000000,136000000,6556000000,6692000000,339000000,549000000.0,0,0.018,0.85,858000000.0,1407000000.0,0.231,1407000000.0,858000000.0,545000000.0,1.07,1.06,1.07,5762000000,5718250000.0,5762000000,24343353962.0,28.0,17.302,566000000.0,1.49,1.0,3523000000.0,0.579,12606000000,313000000.0,7829000000,7659500000.0,0,0,0,0,9712000000,1503000000,8209000000,17961353962.0,-847000000.0,-1421000000.0,32000000.0,374000000.0,-317000000.0,23000000.0,-1795000000.0,0.0,941000000.0,-16000000.0,411000000.0,411000000.0,411000000.0,14000000.0,-4000000.0,0.068,2572000000.0,951000000.0,883000000,0.794,3.117,43.702,44.14,530000000,0.0,47.23,2.954,2.949,1266000000,-380000000,6081000000.0,6081000000.0,0.0,0.026,0.072,0.112,0.141,50000000.0,1910000000.0,1.0,380295447,379755766,385356813.0,16.013,2950000000,119000000,134000000.0,1004000000,7.768,484000000
29,NLSN,ART,2014-03-31,2014-04-24,2014-03-31,2021-07-29,-390000000,15473000000,15314500000.0,1933000000,13540000000,0.383,15.081,-381000000.0,301000000,301000000,2461000000.0,757000000.0,1.263,1.693,6646000000,185000000,6461000000,6646000000,345000000,534000000.0,0,0.017,0.76,1177000000.0,1711000000.0,0.291,1711000000.0,1177000000.0,869000000.0,2.02,1.99,2.02,5716000000,5661000000.0,5716000000,23797838257.0,20.0,13.909,556000000.0,1.467,1.0,3412000000.0,0.581,12629000000,308000000.0,7658000000,7473000000.0,0,0,0,0,9676000000,1531000000,8145000000,17452838257.0,68000000.0,-487000000.0,53000000.0,282000000.0,-283000000.0,20000000.0,-866000000.0,0.0,937000000.0,-23000000.0,763000000.0,763000000.0,763000000.0,-293000000.0,-6000000.0,0.13,2500000000.0,912000000.0,918000000,0.376,3.053,22.874,22.802,530000000,0.0,46.06,2.972,2.972,1186000000,-454000000,5873000000.0,5873000000.0,0.0,0.05,0.135,0.158,0.2,49000000.0,1862000000.0,1.0,378915290,379012826,384739599.0,15.496,2844000000,116000000,106000000.0,954000000,7.504,402000000
30,NLSN,ART,2013-12-31,2014-02-21,2013-12-31,2021-07-29,-387000000,15530000000,15050250000.0,2134000000,13396000000,0.379,15.245,-374000000.0,564000000,564000000,2398000000.0,736000000.0,1.39,1.697,6640000000,148000000,6492000000,6640000000,306000000,521000000.0,0,0.016,0.72,1140000000.0,1661000000.0,0.291,1661000000.0,1140000000.0,831000000.0,1.97,1.94,1.97,5729000000,5531750000.0,5729000000,23621294972.0,21.0,14.221,527000000.0,1.402,1.0,3305000000.0,0.58,12465000000,309000000.0,7606000000,7314250000.0,0,0,0,0,9723000000,1535000000,8188000000,17545294972.0,276000000.0,-314000000.0,74000000.0,309000000.0,-265000000.0,83000000.0,-687000000.0,0.0,901000000.0,-21000000.0,740000000.0,740000000.0,740000000.0,-305000000.0,-4000000.0,0.13,2444000000.0,861000000.0,1026000000,0.365,3.063,23.71,23.508,560000000,0.0,46.31,3.077,3.052,1196000000,-512000000,5703000000.0,5703000000.0,0.0,0.049,0.134,0.156,0.2,47000000.0,1815000000.0,1.0,378866227,375797629,380927966.0,15.176,3065000000,115000000,91000000.0,919000000,8.156,599000000
31,NLSN,ART,2013-09-30,2013-10-23,2013-09-30,2021-07-29,-379000000,15715000000,14814000000.0,2211000000,13504000000,0.379,15.006,-388000000.0,737000000,737000000,2330000000.0,630000000.0,1.246,1.765,6882000000,361000000,6521000000,6882000000,324000000,507000000.0,0,0.014,0.52,1101000000.0,1608000000.0,0.286,1608000000.0,1101000000.0,773000000.0,1.68,1.67,1.68,5666000000,5332000000.0,5666000000,20606521930.0,19.0,12.815,533000000.0,1.412,1.0,3283000000.0,0.585,12541000000,328000000.0,7545000000,7218500000.0,0,0,0,0,10003000000,1774000000,8229000000,14461521930.0,412000000.0,-295000000.0,60000000.0,432000000.0,-189000000.0,192000000.0,-683000000.0,0.0,921000000.0,-18000000.0,634000000.0,634000000.0,634000000.0,-304000000.0,-4000000.0,0.113,2351000000.0,932000000.0,990000000,0.31,2.552,22.81,22.792,555000000,0.0,38.29,2.576,2.576,1138000000,-657000000,5613000000.0,5613000000.0,0.0,0.043,0.119,0.153,0.196,42000000.0,1759000000.0,1.0,377684041,377590584,382302017.0,14.865,3174000000,166000000,139000000.0,1235000000,8.406,437000000
32,NLSN,ART,2013-06-30,2013-07-30,2013-06-30,2021-07-29,-432000000,14540000000,14509250000.0,2541000000,11999000000,0.389,14.693,-376000000.0,1157000000,1157000000,2322000000.0,605000000.0,1.656,1.619,6255000000,335000000,5920000000,6255000000,281000000,520000000.0,0,0.01,0.32,1129000000.0,1649000000.0,0.292,1649000000.0,1129000000.0,773000000.0,1.62,1.61,1.62,5533000000,5159500000.0,5533000000,17754079107.0,16.0,10.767,555000000.0,1.474,1.0,3327000000.0,0.589,11021000000,356000000.0,7083000000,7135500000.0,0,0,0,0,8960000000,1534000000,7426000000,12656079107.0,874000000.0,825000000.0,67000000.0,-342000000.0,-115000000.0,-489000000.0,449000000.0,0.0,931000000.0,-17000000.0,605000000.0,605000000.0,605000000.0,-304000000.0,0.0,0.107,2357000000.0,970000000.0,829000000,0.198,2.287,20.919,20.716,535000000,0.0,33.56,2.24,2.237,1104000000,-791000000,5649000000.0,5649000000.0,0.0,0.042,0.117,0.158,0.2,41000000.0,1769000000.0,1.0,377117971,376580064,381559390.0,15.001,3519000000,167000000,168000000.0,1040000000,9.345,1007000000
33,NLSN,ART,2013-03-31,2013-04-25,2013-03-31,2021-07-29,-353000000,14416000000,14475500000.0,1609000000,12807000000,0.39,14.029,-346000000.0,233000000,233000000,2306000000.0,282000000.0,0.982,1.763,6320000000,372000000,5948000000,6320000000,345000000,517000000.0,0,0.005,0.16,833000000.0,1350000000.0,0.239,1350000000.0,833000000.0,443000000.0,0.76,0.77,0.76,5199000000,4971500000.0,5199000000,19071432825.0,23.0,14.127,495000000.0,1.336,1.0,3342000000.0,0.592,11841000000,390000000.0,7023000000,7263500000.0,0,0,0,0,9168000000,1639000000,7529000000,12984432825.0,-62000000.0,-159000000.0,35000000.0,-260000000.0,-56000000.0,-380000000.0,-506000000.0,0.0,841000000.0,-17000000.0,283000000.0,283000000.0,283000000.0,3000000.0,-1000000.0,0.05,2373000000.0,969000000.0,848000000,0.211,2.497,45.881,45.566,537000000,0.0,34.63,2.299,2.272,1076000000,-1217000000,5648000000.0,5648000000.0,0.0,0.02,0.057,0.115,0.147,36000000.0,1776000000.0,1.0,374947526,370583217,375557021.0,15.241,2575000000,170000000,160000000.0,1070000000,6.949,-30000000
34,NLSN,ART,2012-12-31,2013-02-22,2012-12-31,2021-07-29,-333000000,14585000000,14505750000.0,1676000000,12909000000,0.387,13.627,-358000000.0,288000000,288000000,2278000000.0,273000000.0,0.957,1.949,6584000000,355000000,6229000000,6584000000,373000000,520000000.0,0,0.0,0.0,826000000.0,1346000000.0,0.24,1346000000.0,826000000.0,413000000.0,0.75,0.75,0.75,4930000000,4862750000.0,4930000000,18002378308.0,22.0,13.375,426000000.0,1.177,1.0,3334000000.0,0.594,11907000000,413000000.0,7223000000,7417750000.0,0,0,0,0,9607000000,1751000000,7856000000,11706378308.0,-31000000.0,-164000000.0,29000000.0,-229000000.0,0.0,-298000000.0,-522000000.0,0.0,784000000.0,5000000.0,273000000.0,273000000.0,273000000.0,0.0,0.0,0.049,2382000000.0,952000000.0,967000000,0.0,2.375,42.881,43.013,560000000,0.0,32.26,2.086,2.08,1110000000,-1252000000,5612000000.0,5612000000.0,0.0,0.019,0.056,0.111,0.147,34000000.0,1778000000.0,1.0,362875955,361787868,366310984.0,15.512,2678000000,170000000,140000000.0,1062000000,7.402,-75000000
35,NLSN,ART,2012-09-30,2012-10-22,2012-09-30,2021-07-29,-236000000,14496000000,14485500000.0,1683000000,12813000000,0.384,13.745,-379000000.0,325000000,325000000,2258000000.0,329000000.0,0.932,1.912,6680000000,428000000,6252000000,6680000000,370000000,521000000.0,0,0.0,0.0,944000000.0,1465000000.0,0.263,1465000000.0,944000000.0,516000000.0,0.91,0.91,0.91,4976000000,4788500000.0,4976000000,17093349484.0,18.0,11.668,367000000.0,1.014,1.0,3311000000.0,0.595,11832000000,428000000.0,7213000000,7497000000.0,0,0,0,0,9515000000,1806000000,7709000000,10738349484.0,-79000000.0,-144000000.0,33000000.0,-321000000.0,0.0,-303000000.0,-522000000.0,0.0,746000000.0,0.0,329000000.0,329000000.0,329000000.0,-2000000.0,0.0,0.059,2379000000.0,932000000.0,914000000,0.0,2.158,32.639,32.582,555000000,0.0,29.65,1.928,1.927,1079000000,-1291000000,5569000000.0,5569000000.0,0.0,0.023,0.069,0.126,0.17,33000000.0,1773000000.0,1.0,362170303,362016373,366221520.0,15.383,2664000000,114000000,187000000.0,1030000000,7.359,-123000000
36,NLSN,ART,2012-06-30,2012-07-25,2012-06-30,2021-07-29,-301000000,14405000000,14486000000.0,1644000000,12761000000,0.384,13.224,-377000000.0,283000000,283000000,2247000000.0,326000000.0,1.008,2.012,6843000000,324000000,6519000000,6843000000,405000000,516000000.0,0,0.0,0.0,924000000.0,1440000000.0,0.259,1440000000.0,924000000.0,488000000.0,0.9,0.9,0.9,4781000000,4680250000.0,4781000000,16502799275.0,18.0,11.46,307000000.0,0.849,1.0,3312000000.0,0.596,11739000000,436000000.0,7595000000,7617000000.0,0,0,0,0,9620000000,1631000000,7989000000,9942799275.0,-91000000.0,-99000000.0,21000000.0,-277000000.0,0.0,-270000000.0,-478000000.0,0.0,684000000.0,-27000000.0,326000000.0,326000000.0,326000000.0,-2000000.0,0.0,0.059,2396000000.0,916000000.0,850000000,0.0,2.08,30.499,30.589,572000000,0.0,27.53,1.789,1.79,1089000000,-1396000000,5559000000.0,5559000000.0,0.0,0.023,0.07,0.121,0.166,31000000.0,1789000000.0,1.0,361162342,361528675,365875719.0,15.376,2666000000,128000000,162000000.0,994000000,7.374,13000000
37,NLSN,ART,2012-03-31,2012-04-25,2012-03-31,2021-07-29,-211000000,14537000000,14602250000.0,1649000000,12888000000,0.381,13.201,-397000000.0,295000000,295000000,2253000000.0,292000000.0,0.98,2.05,6856000000,293000000,6563000000,6856000000,424000000,524000000.0,0,0.0,0.0,897000000.0,1421000000.0,0.255,1421000000.0,897000000.0,454000000.0,0.81,0.81,0.81,4764000000,4645000000.0,4764000000,17084726824.0,19.0,12.023,293000000.0,0.812,1.0,3317000000.0,0.596,11776000000,443000000.0,7640000000,7713000000.0,0,0,0,0,9765000000,1682000000,8083000000,10523726824.0,-101000000.0,-74000000.0,20000000.0,-313000000.0,0.0,-305000000.0,-471000000.0,0.0,690000000.0,-15000000.0,291000000.0,291000000.0,291000000.0,-2000000.0,1000000.0,0.052,2420000000.0,897000000.0,898000000,0.0,2.209,36.164,36.012,611000000,0.0,29.17,1.889,1.89,1057000000,-1500000000,5570000000.0,5570000000.0,0.0,0.02,0.063,0.116,0.161,31000000.0,1798000000.0,1.0,360772260,360881693,365721058.0,15.434,2761000000,179000000,163000000.0,1039000000,7.651,-33000000
38,NLSN,ART,2011-12-31,2012-02-22,2011-12-31,2021-07-29,-299000000,14504000000,14640500000.0,1665000000,12839000000,0.378,13.144,-367000000.0,319000000,319000000,2237000000.0,86000000.0,0.984,2.129,6763000000,144000000,6619000000,6763000000,443000000,529000000.0,0,0.0,0.0,583000000.0,1112000000.0,0.201,1112000000.0,583000000.0,106000000.0,0.24,0.24,0.24,4633000000,4592750000.0,4633000000,16468128610.0,28.0,14.809,274000000.0,0.777,1.0,3295000000.0,0.596,11716000000,477000000.0,7540000000,7815750000.0,0,0,0,0,9863000000,1692000000,8171000000,10024128610.0,-102000000.0,-118000000.0,1809000000.0,-1839000000.0,0.0,-250000000.0,-486000000.0,0.0,641000000.0,-7000000.0,84000000.0,84000000.0,84000000.0,-1000000.0,2000000.0,0.015,2501000000.0,794000000.0,1025000000,0.0,2.164,119.335,115.958,609000000,0.0,27.83,1.812,1.773,1080000000,-1525000000,5532000000.0,5532000000.0,0.0,0.006,0.018,0.075,0.105,27000000.0,1888000000.0,1.0,360191470,352469181,357501954.0,15.695,2788000000,198000000,22000000.0,1076000000,7.91,-27000000
39,NLSN,ART,2011-09-30,2011-10-27,2011-09-30,2021-07-29,-258000000,14498000000,14621750000.0,1700000000,12798000000,,12.641,,404000000,404000000,,,1.007,2.189,7011000000,204000000,6807000000,7011000000,425000000,,0,0.0,0.0,,,,,,,,,,4543000000,4156250000.0,4543000000,17340652502.0,,,,,1.0,,,11724000000,,7693000000,8244750000.0,0,0,0,0,9944000000,1688000000,8256000000,10733652502.0,,,,,,,,,,,,,,,,,,,939000000,,2.363,,,557000000,,29.88,,,1052000000,-1620000000,,,,,,,,,,1.0,359225318,359381233,,,2774000000,191000000,,1036000000,7.719,12000000
40,NLSN,ART,2011-06-30,2011-07-28,2011-06-30,2021-07-29,-40000000,14870000000,,1764000000,13106000000,,12.932,,374000000,374000000,,,0.995,2.202,7188000000,225000000,6963000000,7188000000,465000000,,0,0.0,0.0,,,,,,,,,,4640000000,,4640000000,17714585484.0,,,,,1.0,,,11933000000,,7979000000,,0,0,0,0,10219000000,1772000000,8447000000,10900585484.0,,,,,,,,,,,,,,,,,,,966000000,,2.349,,,595000000,,30.39,,,1136000000,-1722000000,,,,,,,,,,1.0,358689881,358792103,,,2937000000,226000000,,1059000000,8.186,-8000000
41,NLSN,ART,2011-03-31,2011-04-28,2011-03-31,2021-07-29,-48000000,14690000000,,1647000000,13043000000,,13.751,,396000000,396000000,,,1.036,2.223,7199000000,149000000,7050000000,7199000000,447000000,,0,0.0,0.0,,,,,,,,,,4555000000,,4555000000,17304533991.0,,,,,1.0,,,11852000000,,8051000000,,0,0,0,0,10124000000,1590000000,8534000000,10501533991.0,,,,,,,,,,,,,,,,,,,889000000,,2.305,,,586000000,,29.32,,,997000000,-1791000000,,,,,,,,,,1.0,358169645,331248626,,,2838000000,222000000,,1039000000,8.568,57000000
42,NLSN,ART,2010-12-31,2011-03-01,2010-12-31,2021-07-29,-96000000,14429000000,14514500000.0,1654000000,12775000000,0.353,10.441,-334000000.0,421000000,421000000,2129000000.0,132000000.0,1.029,3.995,8558000000,94000000,8464000000,8558000000,452000000,558000000.0,0,0.0,0.0,744000000.0,1302000000.0,0.254,1302000000.0,744000000.0,84000000.0,0.47,0.46,0.47,2887000000,2842500000.0,2887000000,17855979278.0,24.0,13.714,209000000.0,0.756,1.0,2997000000.0,0.585,11703000000,660000000.0,9256000000,9280000000.0,0,0,0,0,11533000000,1607000000,9926000000,9718979278.0,-93000000.0,-38000000.0,-10000000.0,-167000000.0,-2000000.0,-263000000.0,-365000000.0,0.0,543000000.0,-8000000.0,130000000.0,130000000.0,130000000.0,22000000.0,2000000.0,0.025,2267000000.0,730000000.0,962000000,0.0,3.366,74.761,57.723,599000000,0.0,27.13,1.896,1.463,1014000000,-1609000000,5126000000.0,5126000000.0,0.0,0.009,0.046,0.08,0.145,18000000.0,1648000000.0,1.0,358237349,276499073,279652586.0,18.539,2726000000,61000000,-46000000.0,1041000000,9.859,47000000
43,NLSN,ART,2009-12-31,2011-01-19,2009-12-31,2021-07-29,-48000000,14600000000,,1646000000,12954000000,,10.215,-282000000.0,514000000,514000000,2023000000.0,-489000000.0,1.014,4.213,8655000000,107000000,8548000000,8655000000,435000000,562000000.0,0,,0.0,-41000000.0,521000000.0,0.108,521000000.0,-41000000.0,-688000000.0,-1.79,-1.79,-1.79,2798000000,,2798000000,,,,235000000.0,0.858,1.0,2785000000.0,0.579,11813000000,647000000.0,9304000000,,0,0,0,0,11788000000,1624000000,10164000000,,47000000.0,34000000.0,-1000000.0,-98000000.0,0.0,-271000000.0,-227000000.0,0.0,517000000.0,28000000.0,-491000000.0,-491000000.0,-491000000.0,61000000.0,2000000.0,-0.102,2669000000.0,116000000.0,1000000000,0.0,,,,593000000,0.0,,,,937000000,-1739000000,4808000000.0,4808000000.0,0.0,,,,-0.009,14000000.0,1523000000.0,1.0,347629277,273905810,273905810.0,17.553,2787000000,50000000,-197000000.0,1147000000,10.175,22000000
