None,ticker,dimension,calendardate,datekey,reportperiod,lastupdated,accoci,assets,assetsavg,assetsc,assetsnc,assetturnover,bvps,capex,cashneq,cashnequsd,cor,consolinc,currentratio,de,debt,debtc,debtnc,debtusd,deferredrev,depamor,deposits,divyield,dps,ebit,ebitda,ebitdamargin,ebitdausd,ebitusd,ebt,eps,epsdil,epsusd,equity,equityavg,equityusd,ev,evebit,evebitda,fcf,fcfps,fxusd,gp,grossmargin,intangibles,intexp,invcap,invcapavg,inventory,investments,investmentsc,investmentsnc,liabilities,liabilitiesc,liabilitiesnc,marketcap,ncf,ncfbus,ncfcommon,ncfdebt,ncfdiv,ncff,ncfi,ncfinv,ncfo,ncfx,netinc,netinccmn,netinccmnusd,netincdis,netincnci,netmargin,opex,opinc,payables,payoutratio,pb,pe,pe1,ppnenet,prefdivis,price,ps,ps1,receivables,retearn,revenue,revenueusd,rnd,roa,roe,roic,ros,sbcomp,sgna,sharefactor,sharesbas,shareswa,shareswadil,sps,tangibles,taxassets,taxexp,taxliabilities,tbvps,workingcapital
0,ASH,MRY,2020-12-31,2020-09-30,2020-09-30,2021-08-25,0.0,6877000000.0,7039250000.0,1547000000.0,5330000000.0,0.33,50.206,-133000000.0,454000000.0,454000000.0,1619000000.0,-508000000.0,1.903,1.265,2000000000.0,303000000.0,1697000000.0,2000000000.0,0.0,247000000.0,0.0,0.016,1.1,-401000000.0,-154000000.0,-0.066,-154000000.0,-401000000.0,-520000000.0,-8.39,-8.39,-8.39,3036000000.0,3164250000.0,3036000000.0,6014567789.0,-15.0,-39.056,70000000.0,1.158,1.0,707000000.0,0.304,2771000000.0,119000000.0,4839000000.0,4968250000.0,529000000.0,301000000.0,0.0,301000000.0,3841000000.0,813000000.0,3028000000.0,4288567789.0,222000000.0,9000000.0,0.0,82000000.0,-66000000.0,9000000.0,8000000.0,32000000.0,203000000.0,2000000.0,-508000000.0,-508000000.0,-508000000.0,17000000.0,0.0,-0.218,1103000000.0,-396000000.0,233000000.0,-0.131,1.413,-8.442,-8.453,1702000000.0,0.0,70.92,1.844,1.844,471000000.0,2649000000.0,2326000000.0,2326000000.0,64000000.0,-0.072,-0.161,-0.081,-0.172,15000000.0,424000000.0,1.0,60470499.0,60470499.0,,38.465,4106000000.0,26000000.0,-12000000.0,229000000.0,67.901,734000000.0
1,ASH,MRY,2019-12-31,2019-09-30,2019-09-30,2021-08-25,-410000000.0,7251000000.0,7779250000.0,1433000000.0,5818000000.0,0.32,59.003,-145000000.0,232000000.0,232000000.0,1726000000.0,505000000.0,1.893,1.031,1667000000.0,166000000.0,1501000000.0,1667000000.0,0.0,289000000.0,0.0,0.014,1.05,650000000.0,939000000.0,0.377,939000000.0,650000000.0,551000000.0,8.15,8.03,8.15,3571000000.0,3363750000.0,3571000000.0,7138251768.0,11.0,7.602,96000000.0,1.586,1.0,767000000.0,0.308,3341000000.0,99000000.0,4588000000.0,5639500000.0,597000000.0,310000000.0,0.0,310000000.0,3680000000.0,757000000.0,2923000000.0,4663251768.0,-62000000.0,-2000000.0,-200000000.0,-875000000.0,-64000000.0,-1149000000.0,849000000.0,29000000.0,241000000.0,-3000000.0,505000000.0,505000000.0,505000000.0,-481000000.0,0.0,0.203,605000000.0,162000000.0,313000000.0,0.129,1.306,9.234,9.454,1577000000.0,0.0,77.05,1.871,1.871,638000000.0,3224000000.0,2493000000.0,2493000000.0,66000000.0,0.065,0.15,0.115,0.261,32000000.0,453000000.0,1.0,60522411.0,60522411.0,,41.191,3910000000.0,23000000.0,46000000.0,264000000.0,64.604,676000000.0
2,ASH,MRY,2018-12-31,2018-09-30,2018-09-30,2021-08-25,-291000000.0,8259000000.0,8394750000.0,1712000000.0,6547000000.0,0.308,54.56,-153000000.0,294000000.0,294000000.0,1726000000.0,114000000.0,1.591,1.425,2529000000.0,254000000.0,2275000000.0,2529000000.0,0.0,277000000.0,0.0,0.011,0.95,208000000.0,485000000.0,0.187,485000000.0,208000000.0,106000000.0,1.82,1.79,1.82,3406000000.0,3428750000.0,3406000000.0,7585060377.0,36.0,15.639,144000000.0,2.307,1.0,863000000.0,0.333,3489000000.0,102000000.0,5929000000.0,6157750000.0,596000000.0,312000000.0,0.0,312000000.0,4853000000.0,1076000000.0,3777000000.0,5235060377.0,-272000000.0,-5000000.0,0.0,-298000000.0,-60000000.0,-368000000.0,-202000000.0,21000000.0,297000000.0,1000000.0,114000000.0,114000000.0,114000000.0,-95000000.0,0.0,0.044,765000000.0,98000000.0,331000000.0,0.522,1.537,45.922,46.077,1646000000.0,0.0,83.86,2.022,2.022,701000000.0,2750000000.0,2589000000.0,2589000000.0,73000000.0,0.014,0.033,0.034,0.08,31000000.0,599000000.0,1.0,62426191.0,62426191.0,,41.473,4770000000.0,28000000.0,-8000000.0,286000000.0,76.41,636000000.0
3,ASH,MRY,2017-12-31,2017-09-30,2017-09-30,2021-08-25,-222000000.0,8618000000.0,8843250000.0,1903000000.0,6715000000.0,0.261,54.581,-163000000.0,566000000.0,566000000.0,1580000000.0,28000000.0,1.966,1.53,2819000000.0,235000000.0,2584000000.0,2819000000.0,0.0,265000000.0,0.0,0.019,1.23,214000000.0,479000000.0,0.207,479000000.0,214000000.0,-15000000.0,0.01,0.01,0.01,3406000000.0,3320000000.0,3406000000.0,6401487443.0,30.0,13.364,220000000.0,3.526,1.0,729000000.0,0.316,3784000000.0,229000000.0,6119000000.0,6561750000.0,634000000.0,302000000.0,0.0,302000000.0,5212000000.0,968000000.0,4244000000.0,4080487443.0,-622000000.0,-662000000.0,0.0,228000000.0,-77000000.0,119000000.0,-1119000000.0,27000000.0,383000000.0,-5000000.0,1000000.0,1000000.0,1000000.0,-208000000.0,27000000.0,0.0,683000000.0,46000000.0,409000000.0,123.0,1.198,4080.487,6539.0,1970000000.0,0.0,65.39,1.767,1.767,821000000.0,2696000000.0,2309000000.0,2309000000.0,73000000.0,0.0,0.0,0.033,0.093,23000000.0,610000000.0,1.0,62402316.0,62402316.0,,37.002,4834000000.0,28000000.0,-16000000.0,375000000.0,77.465,935000000.0
4,ASH,MRY,2016-12-31,2016-09-30,2016-09-30,2021-08-25,-281000000.0,10000000000.0,9871500000.0,2888000000.0,7112000000.0,0.306,53.896,-229000000.0,1017000000.0,1017000000.0,2132000000.0,-28000000.0,2.333,2.042,2495000000.0,170000000.0,2325000000.0,2495000000.0,0.0,302000000.0,0.0,0.0,0.0,119000000.0,421000000.0,0.139,421000000.0,119000000.0,-54000000.0,-0.47,-0.47,-0.47,3347000000.0,2837750000.0,3347000000.0,10072592282.0,85.0,23.925,449000000.0,7.23,1.0,887000000.0,0.294,3199000000.0,173000000.0,7041000000.0,7363500000.0,539000000.0,292000000.0,0.0,292000000.0,6835000000.0,1238000000.0,5597000000.0,7200592282.0,-69000000.0,19000000.0,-500000000.0,-1251000000.0,-97000000.0,-407000000.0,-332000000.0,33000000.0,678000000.0,-8000000.0,-29000000.0,-29000000.0,-29000000.0,-255000000.0,1000000.0,-0.01,945000000.0,-58000000.0,376000000.0,0.0,2.151,-248.296,-246.702,1900000000.0,0.0,115.95,2.385,2.385,725000000.0,2704000000.0,3019000000.0,3019000000.0,87000000.0,-0.003,-0.01,0.016,0.039,33000000.0,858000000.0,1.0,62100839.0,62100839.0,,48.614,6801000000.0,35000000.0,-25000000.0,315000000.0,109.515,1650000000.0
5,ASH,MRY,2015-12-31,2015-09-30,2015-09-30,2021-08-25,-291000000.0,10054000000.0,10038500000.0,3093000000.0,6961000000.0,0.341,44.91,-219000000.0,1257000000.0,1257000000.0,2532000000.0,309000000.0,2.145,2.311,3729000000.0,381000000.0,3348000000.0,3729000000.0,0.0,306000000.0,0.0,0.0,0.0,344000000.0,650000000.0,0.19,650000000.0,344000000.0,170000000.0,4.54,4.54,4.54,3037000000.0,3137000000.0,3037000000.0,9389373870.0,27.0,14.445,114000000.0,1.686,1.0,888000000.0,0.26,3628000000.0,174000000.0,7456000000.0,7309750000.0,706000000.0,350000000.0,0.0,350000000.0,7017000000.0,1442000000.0,5575000000.0,6804373870.0,-136000000.0,131000000.0,-397000000.0,456000000.0,-98000000.0,-30000000.0,-392000000.0,-303000000.0,333000000.0,-47000000.0,309000000.0,309000000.0,309000000.0,-321000000.0,0.0,0.09,791000000.0,97000000.0,573000000.0,0.0,2.24,22.021,22.163,2182000000.0,0.0,100.62,1.99,1.99,1141000000.0,3281000000.0,3420000000.0,3420000000.0,99000000.0,0.031,0.099,0.047,0.101,30000000.0,692000000.0,1.0,67624467.0,67624467.0,,50.573,6426000000.0,212000000.0,-139000000.0,85000000.0,95.025,1651000000.0
6,ASH,MRY,2014-12-31,2014-09-30,2014-09-30,2021-08-25,107000000.0,10920000000.0,11804250000.0,3561000000.0,7359000000.0,0.519,45.905,-245000000.0,1393000000.0,1393000000.0,4605000000.0,233000000.0,2.111,2.048,3249000000.0,338000000.0,2911000000.0,3249000000.0,0.0,393000000.0,0.0,0.003,0.34,211000000.0,604000000.0,0.099,604000000.0,211000000.0,45000000.0,3.04,3.0,3.04,3583000000.0,4336750000.0,3583000000.0,10870274827.0,52.0,17.997,398000000.0,5.099,1.0,1516000000.0,0.248,3952000000.0,166000000.0,7137000000.0,8406250000.0,765000000.0,81000000.0,0.0,81000000.0,7337000000.0,1687000000.0,5650000000.0,8125274827.0,1047000000.0,92000000.0,-954000000.0,11000000.0,-103000000.0,-1034000000.0,1440000000.0,-15000000.0,643000000.0,-2000000.0,233000000.0,233000000.0,233000000.0,-161000000.0,0.0,0.038,1472000000.0,44000000.0,674000000.0,0.112,2.268,34.872,34.243,2414000000.0,0.0,104.1,1.327,1.327,1635000000.0,3475000000.0,6121000000.0,6121000000.0,114000000.0,0.02,0.054,0.025,0.034,34000000.0,1358000000.0,1.0,78052592.0,78052592.0,,78.421,6968000000.0,118000000.0,-188000000.0,110000000.0,89.273,1874000000.0
7,ASH,MRY,2013-12-31,2013-09-30,2013-09-30,2021-08-25,288000000.0,12088000000.0,12218500000.0,2873000000.0,9215000000.0,0.499,58.857,-259000000.0,346000000.0,346000000.0,4304000000.0,683000000.0,1.664,1.655,3267000000.0,320000000.0,2947000000.0,3267000000.0,0.0,356000000.0,0.0,0.012,1.13,1161000000.0,1517000000.0,0.249,1517000000.0,1161000000.0,879000000.0,8.71,8.57,8.71,4553000000.0,4240250000.0,4553000000.0,10199014664.0,9.0,6.723,474000000.0,6.127,1.0,1787000000.0,0.293,4146000000.0,282000000.0,9136000000.0,8513750000.0,758000000.0,213000000.0,0.0,213000000.0,7535000000.0,1727000000.0,5808000000.0,7154014664.0,-177000000.0,-13000000.0,-150000000.0,-367000000.0,-88000000.0,-592000000.0,-320000000.0,0.0,733000000.0,2000000.0,683000000.0,683000000.0,683000000.0,-130000000.0,0.0,0.112,812000000.0,975000000.0,714000000.0,0.13,1.571,10.474,10.618,2507000000.0,0.0,92.48,1.175,1.175,1550000000.0,3758000000.0,6091000000.0,6091000000.0,142000000.0,0.056,0.161,0.136,0.191,30000000.0,670000000.0,1.0,77357425.0,77357425.0,,78.738,7942000000.0,107000000.0,196000000.0,397000000.0,102.666,1146000000.0
8,ASH,MRY,2012-12-31,2012-09-30,2012-09-30,2021-08-25,218000000.0,12524000000.0,12585250000.0,3209000000.0,9315000000.0,0.514,51.297,-236000000.0,523000000.0,523000000.0,4813000000.0,26000000.0,1.677,2.108,3590000000.0,459000000.0,3131000000.0,3590000000.0,0.0,359000000.0,0.0,0.011,0.8,286000000.0,645000000.0,0.1,645000000.0,286000000.0,-31000000.0,0.33,0.33,0.33,4029000000.0,4123000000.0,4029000000.0,8747618083.0,31.0,13.562,118000000.0,1.502,1.0,1659000000.0,0.256,5278000000.0,317000000.0,8400000000.0,8785000000.0,1008000000.0,217000000.0,0.0,217000000.0,8495000000.0,1913000000.0,6582000000.0,5623618083.0,-214000000.0,21000000.0,0.0,-270000000.0,-63000000.0,-317000000.0,-242000000.0,10000000.0,354000000.0,-9000000.0,26000000.0,26000000.0,26000000.0,-12000000.0,0.0,0.004,1431000000.0,228000000.0,877000000.0,2.424,1.396,216.293,216.97,2832000000.0,0.0,71.6,0.869,0.869,1930000000.0,3163000000.0,6472000000.0,6472000000.0,104000000.0,0.002,0.006,0.033,0.044,28000000.0,1327000000.0,1.0,78542152.0,78542152.0,,82.402,7246000000.0,116000000.0,-57000000.0,208000000.0,92.256,1296000000.0
9,ASH,MRY,2011-12-31,2011-09-30,2011-09-30,2021-08-25,307000000.0,12966000000.0,10302250000.0,3387000000.0,9579000000.0,0.631,52.999,-187000000.0,737000000.0,737000000.0,4890000000.0,414000000.0,1.948,2.136,3832000000.0,184000000.0,3648000000.0,3832000000.0,0.0,299000000.0,0.0,0.015,0.65,482000000.0,781000000.0,0.12,781000000.0,482000000.0,361000000.0,5.28,5.17,5.28,4135000000.0,4269000000.0,4135000000.0,3319829461.0,7.0,4.251,58000000.0,0.743,1.0,1612000000.0,0.248,5425000000.0,121000000.0,8897000000.0,5980000000.0,925000000.0,193000000.0,0.0,193000000.0,8831000000.0,1739000000.0,7092000000.0,3443829461.0,320000000.0,-1926000000.0,-68000000.0,1327000000.0,-51000000.0,1212000000.0,-1147000000.0,11000000.0,245000000.0,10000000.0,414000000.0,414000000.0,414000000.0,-358000000.0,0.0,0.064,1537000000.0,75000000.0,911000000.0,0.123,0.833,8.318,8.36,2914000000.0,0.0,44.14,0.53,0.53,1930000000.0,3200000000.0,6502000000.0,6502000000.0,80000000.0,0.04,0.097,0.081,0.074,16000000.0,1451000000.0,1.0,78020604.0,78020604.0,,83.337,7541000000.0,163000000.0,-53000000.0,404000000.0,96.654,1648000000.0
10,ASH,MRY,2010-12-31,2010-09-30,2010-09-30,2021-08-25,304000000.0,9530000000.0,9286000000.0,2833000000.0,6697000000.0,0.618,48.355,-171000000.0,417000000.0,417000000.0,4124000000.0,141000000.0,1.679,1.503,1224000000.0,116000000.0,1108000000.0,1224000000.0,0.0,280000000.0,0.0,0.009,0.45,325000000.0,605000000.0,0.105,605000000.0,325000000.0,128000000.0,1.82,1.78,1.82,3807000000.0,3724750000.0,3807000000.0,4776683803.0,15.0,7.895,335000000.0,4.255,1.0,1617000000.0,0.282,3259000000.0,197000000.0,5391000000.0,5280000000.0,447000000.0,0.0,0.0,0.0,5723000000.0,1687000000.0,4036000000.0,3839683803.0,65000000.0,41000000.0,6000000.0,-398000000.0,-35000000.0,-435000000.0,4000000.0,150000000.0,506000000.0,-10000000.0,141000000.0,141000000.0,141000000.0,-53000000.0,0.0,0.025,1395000000.0,222000000.0,727000000.0,0.247,1.009,27.232,26.797,1838000000.0,0.0,48.77,0.669,0.669,1574000000.0,2837000000.0,5741000000.0,5741000000.0,78000000.0,0.015,0.038,0.062,0.057,14000000.0,1338000000.0,1.0,78730445.0,78730445.0,,72.92,6271000000.0,447000000.0,-13000000.0,145000000.0,79.652,1146000000.0
11,ASH,MRY,2009-12-31,2009-09-30,2009-09-30,2021-08-25,-123000000.0,9607000000.0,9437750000.0,2478000000.0,7129000000.0,0.859,48.152,-120000000.0,352000000.0,352000000.0,6317000000.0,71000000.0,1.571,1.681,1613000000.0,76000000.0,1537000000.0,1613000000.0,0.0,305000000.0,0.0,0.007,0.3,356000000.0,661000000.0,0.082,661000000.0,356000000.0,151000000.0,0.98,0.96,0.98,3584000000.0,3608500000.0,3584000000.0,4953885173.0,14.0,7.495,905000000.0,12.159,1.0,1789000000.0,0.221,3401000000.0,205000000.0,5890000000.0,6363750000.0,527000000.0,170000000.0,0.0,170000000.0,6023000000.0,1577000000.0,4446000000.0,3216885173.0,-534000000.0,-1966000000.0,9000000.0,747000000.0,-22000000.0,573000000.0,-2115000000.0,73000000.0,1025000000.0,-17000000.0,71000000.0,71000000.0,71000000.0,7000000.0,0.0,0.009,1437000000.0,352000000.0,973000000.0,0.306,0.898,45.308,44.102,2067000000.0,0.0,43.22,0.397,0.397,1902000000.0,3185000000.0,8106000000.0,8106000000.0,96000000.0,0.008,0.02,0.056,0.044,9000000.0,1341000000.0,1.0,74430476.0,74430476.0,,108.907,6206000000.0,428000000.0,80000000.0,149000000.0,83.38,901000000.0
12,ASH,MRY,2008-12-31,2008-09-30,2008-09-30,2021-08-25,30000000.0,5771000000.0,5759750000.0,3026000000.0,2745000000.0,1.455,50.821,-195000000.0,886000000.0,886000000.0,7056000000.0,167000000.0,2.46,0.802,66000000.0,21000000.0,45000000.0,66000000.0,0.0,145000000.0,0.0,0.038,1.1,225000000.0,370000000.0,0.044,370000000.0,225000000.0,253000000.0,2.65,2.63,2.65,3202000000.0,3265500000.0,3202000000.0,1054279592.0,5.0,2.849,275000000.0,4.365,1.0,1325000000.0,0.158,392000000.0,-28000000.0,3329000000.0,3465750000.0,476000000.0,243000000.0,0.0,243000000.0,2569000000.0,1230000000.0,1339000000.0,1842279592.0,-11000000.0,-103000000.0,3000000.0,-5000000.0,-69000000.0,-70000000.0,-418000000.0,-120000000.0,470000000.0,7000000.0,167000000.0,167000000.0,167000000.0,8000000.0,0.0,0.02,1166000000.0,159000000.0,918000000.0,0.415,0.575,11.032,11.034,1095000000.0,0.0,29.24,0.22,0.22,1869000000.0,3138000000.0,8381000000.0,8381000000.0,48000000.0,0.029,0.051,0.065,0.027,12000000.0,1118000000.0,1.0,63005458.0,63005458.0,,133.02,5379000000.0,250000000.0,86000000.0,0.0,85.374,1796000000.0
13,ASH,MRY,2007-12-31,2007-09-30,2007-09-30,2021-08-25,97000000.0,5686000000.0,5570250000.0,3276000000.0,2410000000.0,1.398,50.211,-127000000.0,897000000.0,897000000.0,6447000000.0,230000000.0,2.844,0.803,69000000.0,5000000.0,64000000.0,69000000.0,0.0,133000000.0,0.0,0.188,11.3,242000000.0,375000000.0,0.048,375000000.0,242000000.0,288000000.0,3.66,3.6,3.66,3154000000.0,2997750000.0,3154000000.0,3004060082.0,12.0,8.011,59000000.0,0.939,1.0,1338000000.0,0.172,377000000.0,-46000000.0,3329000000.0,3419250000.0,610000000.0,155000000.0,155000000.0,0.0,2532000000.0,1152000000.0,1380000000.0,3782060082.0,-923000000.0,-75000000.0,-269000000.0,-13000000.0,-743000000.0,-1016000000.0,-98000000.0,196000000.0,186000000.0,5000000.0,230000000.0,230000000.0,230000000.0,-29000000.0,0.0,0.03,1171000000.0,167000000.0,1141000000.0,3.087,1.199,16.444,16.451,983000000.0,0.0,60.21,0.486,0.486,1925000000.0,3040000000.0,7785000000.0,7785000000.0,45000000.0,0.041,0.077,0.071,0.031,16000000.0,1126000000.0,1.0,62814484.0,62814484.0,,123.936,5309000000.0,226000000.0,58000000.0,6000000.0,84.519,2124000000.0
14,ASH,MRY,2006-12-31,2006-09-30,2006-09-30,2021-08-25,-44000000.0,6590000000.0,6639250000.0,4250000000.0,2340000000.0,1.089,43.543,-154000000.0,1820000000.0,1820000000.0,6030000000.0,407000000.0,2.082,1.129,82000000.0,12000000.0,70000000.0,82000000.0,0.0,111000000.0,0.0,0.017,1.1,389000000.0,500000000.0,0.069,500000000.0,389000000.0,436000000.0,5.73,5.64,5.73,3096000000.0,3569250000.0,3096000000.0,4259937158.0,11.0,8.52,188000000.0,2.644,1.0,1203000000.0,0.166,310000000.0,-47000000.0,2501000000.0,4123250000.0,532000000.0,349000000.0,349000000.0,0.0,3494000000.0,2041000000.0,1453000000.0,4534937158.0,835000000.0,-183000000.0,-387000000.0,-13000000.0,-78000000.0,-472000000.0,963000000.0,52000000.0,342000000.0,2000000.0,407000000.0,407000000.0,407000000.0,-224000000.0,0.0,0.056,1077000000.0,126000000.0,1976000000.0,0.192,1.465,11.142,11.131,950000000.0,0.0,63.78,0.627,0.627,1845000000.0,2899000000.0,7233000000.0,7233000000.0,0.0,0.061,0.114,0.094,0.054,25000000.0,1077000000.0,1.0,71102809.0,71102809.0,,101.726,6280000000.0,279000000.0,29000000.0,53000000.0,88.323,2209000000.0
15,ASH,MRY,2005-12-31,2005-09-30,2005-09-30,2021-08-25,-118000000.0,6815000000.0,7278500000.0,3757000000.0,3058000000.0,1.002,50.391,-180000000.0,985000000.0,985000000.0,5545000000.0,2004000000.0,2.432,0.823,94000000.0,12000000.0,82000000.0,94000000.0,0.0,100000000.0,0.0,0.02,1.1,1774000000.0,1874000000.0,0.257,1874000000.0,1774000000.0,1774000000.0,27.49,26.85,27.49,3739000000.0,3307250000.0,3739000000.0,3574797836.0,2.0,1.908,-191000000.0,-2.574,1.0,1750000000.0,0.24,235000000.0,0.0,4144000000.0,5480000000.0,439000000.0,403000000.0,403000000.0,0.0,3076000000.0,1545000000.0,1531000000.0,4098797836.0,742000000.0,3168000000.0,15000000.0,-1592000000.0,-79000000.0,-1636000000.0,2389000000.0,-401000000.0,-11000000.0,0.0,2004000000.0,2004000000.0,2004000000.0,-46000000.0,0.0,0.275,1079000000.0,671000000.0,1239000000.0,0.04,1.096,2.045,2.009,830000000.0,0.0,55.24,0.562,0.562,1612000000.0,3251000000.0,7295000000.0,7295000000.0,0.0,0.275,0.606,0.324,0.243,0.0,1079000000.0,1.0,74199816.0,74199816.0,,98.316,6580000000.0,332000000.0,-230000000.0,13000000.0,88.679,2212000000.0
16,ASH,MRY,2004-12-31,2004-09-30,2004-09-30,2021-08-25,-106000000.0,7502000000.0,7113000000.0,2302000000.0,5200000000.0,0.874,38.077,-137000000.0,243000000.0,243000000.0,4721000000.0,378000000.0,1.268,1.772,1548000000.0,0.0,1548000000.0,1548000000.0,0.0,98000000.0,0.0,0.02,1.1,478000000.0,576000000.0,0.093,576000000.0,478000000.0,478000000.0,5.41,5.31,5.41,2706000000.0,2463500000.0,2706000000.0,5344419134.0,11.0,9.279,6000000.0,0.084,1.0,1493000000.0,0.24,529000000.0,0.0,6463000000.0,6048750000.0,458000000.0,2713000000.0,0.0,2713000000.0,4796000000.0,1815000000.0,2981000000.0,3985419134.0,20000000.0,-5000000.0,108000000.0,-60000000.0,-77000000.0,-26000000.0,-21000000.0,0.0,143000000.0,0.0,378000000.0,378000000.0,378000000.0,-67000000.0,0.0,0.061,968000000.0,525000000.0,1362000000.0,0.203,1.473,10.543,10.366,1256000000.0,0.0,56.08,0.641,0.641,1689000000.0,2262000000.0,6214000000.0,6214000000.0,0.0,0.053,0.153,0.079,0.077,0.0,968000000.0,1.0,71066675.0,71066675.0,,87.439,6973000000.0,103000000.0,100000000.0,381000000.0,98.119,487000000.0
17,ASH,MRY,2003-12-31,2003-09-30,2003-09-30,2021-08-25,-126000000.0,7006000000.0,6905750000.0,2085000000.0,4921000000.0,1.146,33.01,-112000000.0,223000000.0,223000000.0,6390000000.0,75000000.0,1.405,2.11,102000000.0,102000000.0,1512000000.0,102000000.0,0.0,204000000.0,0.0,0.033,1.1,247000000.0,451000000.0,0.057,451000000.0,247000000.0,119000000.0,1.1,1.1,1.1,2253000000.0,2131000000.0,2253000000.0,3990070053.0,16.0,8.847,130000000.0,1.905,1.0,1522000000.0,0.192,523000000.0,128000000.0,4878000000.0,6175500000.0,441000000.0,2448000000.0,0.0,2448000000.0,4753000000.0,1484000000.0,3269000000.0,2242070053.0,133000000.0,2000000.0,2000000.0,-226000000.0,-75000000.0,-299000000.0,-97000000.0,0.0,242000000.0,0.0,75000000.0,75000000.0,75000000.0,14000000.0,0.0,0.009,1256000000.0,266000000.0,1371000000.0,1.0,0.995,29.894,29.864,1272000000.0,0.0,32.85,0.283,0.283,1534000000.0,1961000000.0,7912000000.0,7912000000.0,0.0,0.011,0.035,0.04,0.031,0.0,1256000000.0,1.0,68251752.0,68251752.0,,115.924,6483000000.0,142000000.0,44000000.0,302000000.0,94.987,601000000.0
18,ASH,MRY,2002-12-31,2002-09-30,2002-09-30,2021-08-25,-194000000.0,6722000000.0,6760000000.0,2071000000.0,4651000000.0,1.127,31.51,-178000000.0,90000000.0,90000000.0,6115000000.0,117000000.0,1.363,2.093,201000000.0,201000000.0,1606000000.0,201000000.0,0.0,208000000.0,0.0,0.041,1.1,323000000.0,531000000.0,0.07,531000000.0,323000000.0,185000000.0,1.69,1.67,1.69,2173000000.0,2219250000.0,2173000000.0,3648517645.0,11.0,6.871,-10000000.0,-0.145,1.0,1502000000.0,0.197,510000000.0,138000000.0,4803000000.0,6043250000.0,456000000.0,2350000000.0,0.0,2350000000.0,4549000000.0,1520000000.0,3029000000.0,1847517645.0,-146000000.0,-15000000.0,-31000000.0,-75000000.0,-76000000.0,-182000000.0,-167000000.0,0.0,168000000.0,0.0,117000000.0,117000000.0,117000000.0,-13000000.0,0.0,0.015,1181000000.0,321000000.0,1256000000.0,0.651,0.85,15.791,15.852,1291000000.0,0.0,26.79,0.243,0.243,1227000000.0,1961000000.0,7617000000.0,7617000000.0,0.0,0.017,0.053,0.053,0.042,0.0,1181000000.0,1.0,68962958.0,68962958.0,,110.451,6212000000.0,119000000.0,68000000.0,270000000.0,90.077,551000000.0
19,ASH,MRY,2001-12-31,2001-09-30,2001-09-30,2021-08-25,-126000000.0,7131000000.0,6744750000.0,2237000000.0,4894000000.0,1.236,32.017,-186000000.0,236000000.0,236000000.0,6016000000.0,417000000.0,1.494,2.204,85000000.0,85000000.0,1786000000.0,85000000.0,0.0,240000000.0,0.0,0.029,1.1,858000000.0,1098000000.0,0.132,1098000000.0,858000000.0,683000000.0,5.99,5.93,5.99,2226000000.0,2105000000.0,2226000000.0,4606172906.0,5.0,4.195,628000000.0,9.033,1.0,2320000000.0,0.278,528000000.0,175000000.0,4955000000.0,6210500000.0,495000000.0,2387000000.0,0.0,2387000000.0,4905000000.0,1497000000.0,3222000000.0,2680172906.0,169000000.0,-82000000.0,-34000000.0,-362000000.0,-76000000.0,-472000000.0,-259000000.0,0.0,814000000.0,0.0,417000000.0,417000000.0,417000000.0,-32000000.0,0.0,0.05,1489000000.0,831000000.0,1429000000.0,0.184,1.204,6.427,6.436,1440000000.0,0.0,38.55,0.322,0.322,1201000000.0,1920000000.0,8336000000.0,8336000000.0,0.0,0.062,0.198,0.138,0.103,0.0,1249000000.0,1.0,69524589.0,69524589.0,,119.9,6603000000.0,134000000.0,266000000.0,468000000.0,94.974,740000000.0
20,ASH,MRY,2000-12-31,2000-09-30,2000-09-30,2021-08-25,-72000000.0,6771000000.0,6756750000.0,2131000000.0,4640000000.0,1.249,28.098,-232000000.0,67000000.0,67000000.0,6434000000.0,70000000.0,1.254,2.446,327000000.0,327000000.0,1899000000.0,327000000.0,0.0,237000000.0,0.0,0.033,1.1,453000000.0,690000000.0,0.082,690000000.0,453000000.0,259000000.0,0.99,0.98,0.99,1965000000.0,1917250000.0,1965000000.0,4752063725.0,10.0,6.887,252000000.0,3.603,1.0,2002000000.0,0.237,537000000.0,194000000.0,4795000000.0,6432750000.0,488000000.0,2330000000.0,0.0,2330000000.0,4806000000.0,1699000000.0,3107000000.0,2356063725.0,-43000000.0,-540000000.0,-84000000.0,376000000.0,-78000000.0,214000000.0,-701000000.0,0.0,484000000.0,0.0,70000000.0,70000000.0,70000000.0,218000000.0,0.0,0.008,1331000000.0,671000000.0,1330000000.0,1.111,1.199,33.658,34.03,1422000000.0,0.0,33.69,0.279,0.279,1243000000.0,1579000000.0,8436000000.0,8436000000.0,0.0,0.01,0.037,0.07,0.054,0.0,1094000000.0,1.0,69933622.0,69933622.0,,120.629,6234000000.0,135000000.0,189000000.0,330000000.0,89.142,432000000.0
21,ASH,MRY,1999-12-31,1999-09-30,1999-09-30,2021-08-25,-46000000.0,6424000000.0,6205500000.0,2059000000.0,4365000000.0,1.169,30.481,-248000000.0,110000000.0,110000000.0,5346000000.0,290000000.0,1.475,1.92,219000000.0,219000000.0,1627000000.0,219000000.0,0.0,228000000.0,0.0,0.033,1.1,624000000.0,852000000.0,0.117,852000000.0,624000000.0,484000000.0,3.94,3.89,3.94,2200000000.0,2112250000.0,2200000000.0,4330301412.0,7.0,5.083,135000000.0,1.87,1.0,1907000000.0,0.263,220000000.0,140000000.0,4917000000.0,5884500000.0,464000000.0,2589000000.0,0.0,2589000000.0,4224000000.0,1396000000.0,2828000000.0,2427301412.0,76000000.0,-43000000.0,-224000000.0,189000000.0,-81000000.0,-116000000.0,-193000000.0,0.0,383000000.0,0.0,290000000.0,290000000.0,290000000.0,1000000.0,0.0,0.04,1282000000.0,625000000.0,1135000000.0,0.279,1.103,8.37,8.536,1292000000.0,0.0,33.63,0.335,0.335,1219000000.0,1710000000.0,7253000000.0,7253000000.0,0.0,0.047,0.137,0.106,0.086,0.0,1054000000.0,1.0,72176670.0,72176670.0,,100.49,6204000000.0,107000000.0,194000000.0,268000000.0,85.956,663000000.0
22,ASH,MRY,1998-12-31,1998-09-30,1998-09-30,2021-08-25,-42000000.0,6082000000.0,5845000000.0,1828000000.0,4254000000.0,1.182,27.945,-274000000.0,34000000.0,34000000.0,5299000000.0,203000000.0,1.343,1.846,125000000.0,125000000.0,1507000000.0,125000000.0,0.0,181000000.0,0.0,0.024,1.1,447000000.0,628000000.0,0.091,628000000.0,447000000.0,317000000.0,2.68,2.63,2.68,2137000000.0,2108500000.0,2137000000.0,5231750681.0,12.0,8.331,80000000.0,1.046,1.0,1609000000.0,0.233,207000000.0,130000000.0,4605000000.0,5639750000.0,440000000.0,2524000000.0,0.0,2524000000.0,3945000000.0,1361000000.0,2584000000.0,3536750681.0,-216000000.0,-161000000.0,-36000000.0,178000000.0,-84000000.0,58000000.0,-578000000.0,0.0,354000000.0,0.0,203000000.0,203000000.0,203000000.0,-25000000.0,0.0,0.029,1187000000.0,422000000.0,1199000000.0,0.41,1.655,17.422,17.257,1161000000.0,0.0,46.25,0.512,0.512,1110000000.0,1501000000.0,6908000000.0,6908000000.0,0.0,0.035,0.096,0.079,0.065,0.0,1006000000.0,1.0,76470285.0,76470285.0,,90.336,5875000000.0,104000000.0,114000000.0,157000000.0,76.827,467000000.0
23,ASH,MRY,1997-12-31,1997-09-30,1997-09-30,2021-08-25,-35000000.0,6462000000.0,7276500000.0,2720000000.0,3742000000.0,1.781,,-356000000.0,250000000.0,250000000.0,10802000000.0,279000000.0,1.341,2.193,49000000.0,49000000.0,1356000000.0,49000000.0,0.0,348000000.0,0.0,0.02,1.1,548000000.0,896000000.0,0.069,896000000.0,548000000.0,406000000.0,3.86,3.64,3.86,2024000000.0,1828500000.0,2024000000.0,,,,209000000.0,,1.0,2159000000.0,0.167,120000000.0,142000000.0,4113000000.0,6357000000.0,660000000.0,403000000.0,0.0,403000000.0,4438000000.0,2028000000.0,2410000000.0,,180000000.0,-79000000.0,32000000.0,-376000000.0,-86000000.0,-430000000.0,-440000000.0,-32000000.0,565000000.0,0.0,279000000.0,279000000.0,279000000.0,-25000000.0,0.0,0.022,1698000000.0,461000000.0,1867000000.0,0.285,,,14.088,2678000000.0,0.0,54.38,,,1585000000.0,1379000000.0,12961000000.0,12961000000.0,0.0,0.038,0.153,0.086,0.042,0.0,1350000000.0,1.0,,,,,6342000000.0,103000000.0,127000000.0,112000000.0,,692000000.0
24,ASH,MRY,1996-12-31,1996-09-30,1996-09-30,2021-08-25,,,,,,,,-372000000.0,,,10497000000.0,211000000.0,,,,,,,,299000000.0,,0.028,1.1,434000000.0,733000000.0,0.059,733000000.0,434000000.0,283000000.0,3.0,2.96,3.0,,,,,,,172000000.0,,1.0,1915000000.0,0.154,,151000000.0,,,,,,,,,,,19000000.0,-83000000.0,15000000.0,-91000000.0,-89000000.0,-165000000.0,-395000000.0,35000000.0,544000000.0,0.0,211000000.0,192000000.0,192000000.0,-75000000.0,0.0,0.015,1556000000.0,359000000.0,,0.367,,,13.25,,19000000.0,39.75,,,,,12412000000.0,12412000000.0,0.0,,,,0.035,0.0,1257000000.0,1.0,,,,,,,72000000.0,,,
0,ASH,MRQ,2021-06-30,2021-06-30,2021-06-30,2021-08-25,0.0,6766000000.0,,1235000000.0,5531000000.0,,52.744,-23000000.0,262000000.0,262000000.0,439000000.0,80000000.0,2.051,1.113,1821000000.0,125000000.0,1696000000.0,1821000000.0,0.0,65000000.0,0.0,0.013,0.3,56000000.0,121000000.0,0.19,121000000.0,56000000.0,56000000.0,1.31,1.29,1.31,3202000000.0,,3202000000.0,6740028750.0,22.0,11.993,199000000.0,3.278,1.0,198000000.0,0.311,3034000000.0,0.0,4689000000.0,,517000000.0,315000000.0,0.0,315000000.0,3564000000.0,602000000.0,2962000000.0,5312028750.0,-111000000.0,-308000000.0,0.0,10000000.0,-19000000.0,-10000000.0,-323000000.0,7000000.0,222000000.0,0.0,80000000.0,80000000.0,80000000.0,7000000.0,0.0,0.126,137000000.0,61000000.0,236000000.0,0.229,1.659,29.187,29.362,1658000000.0,0.0,87.5,2.217,2.217,384000000.0,,637000000.0,637000000.0,15000000.0,,,,,4000000.0,98000000.0,1.0,60708900.0,60708900.0,,10.493,3732000000.0,26000000.0,-24000000.0,243000000.0,61.474,633000000.0
1,ASH,MRQ,2021-03-31,2021-03-31,2021-03-31,2021-08-25,0.0,6664000000.0,,1418000000.0,5246000000.0,,51.329,-25000000.0,373000000.0,373000000.0,407000000.0,41000000.0,2.492,1.14,1801000000.0,111000000.0,1690000000.0,1801000000.0,0.0,62000000.0,0.0,0.012,0.275,64000000.0,126000000.0,0.211,126000000.0,64000000.0,41000000.0,0.67,0.66,0.67,3114000000.0,,3114000000.0,6891444033.0,23.0,12.507,60000000.0,0.989,1.0,191000000.0,0.319,2731000000.0,23000000.0,4792000000.0,,512000000.0,302000000.0,0.0,302000000.0,3550000000.0,569000000.0,2981000000.0,5385444033.0,38000000.0,0.0,0.0,-8000000.0,-16000000.0,-26000000.0,-22000000.0,10000000.0,85000000.0,1000000.0,41000000.0,41000000.0,41000000.0,2000000.0,0.0,0.069,120000000.0,71000000.0,217000000.0,0.41,1.729,38.744,38.934,1664000000.0,0.0,88.77,2.308,2.308,447000000.0,,598000000.0,598000000.0,14000000.0,,,,,5000000.0,84000000.0,1.0,60667388.0,60667388.0,,9.857,3933000000.0,26000000.0,0.0,229000000.0,64.829,849000000.0
2,ASH,MRQ,2020-12-31,2020-12-31,2020-12-31,2021-08-25,0.0,6742000000.0,,1381000000.0,5361000000.0,,51.536,-25000000.0,335000000.0,335000000.0,374000000.0,56000000.0,2.361,1.16,1841000000.0,116000000.0,1725000000.0,1841000000.0,0.0,62000000.0,0.0,0.014,0.275,56000000.0,118000000.0,0.214,118000000.0,56000000.0,56000000.0,0.92,0.91,0.92,3122000000.0,,3122000000.0,6343820843.0,-27.0,576.711,67000000.0,1.106,1.0,178000000.0,0.322,2793000000.0,0.0,4870000000.0,,537000000.0,316000000.0,0.0,316000000.0,3620000000.0,585000000.0,3035000000.0,4797820843.0,-119000000.0,14000000.0,0.0,-187000000.0,-17000000.0,-207000000.0,-7000000.0,7000000.0,92000000.0,3000000.0,56000000.0,56000000.0,56000000.0,5000000.0,0.0,0.101,142000000.0,36000000.0,217000000.0,0.299,1.537,-9.913,-9.9,1699000000.0,0.0,79.2,2.046,2.046,409000000.0,,552000000.0,552000000.0,15000000.0,,,,,4000000.0,106000000.0,1.0,60578546.0,60578546.0,,9.112,3949000000.0,26000000.0,0.0,222000000.0,65.188,796000000.0
3,ASH,MRQ,2020-09-30,2020-09-30,2020-09-30,2021-08-25,0.0,6877000000.0,,1547000000.0,5330000000.0,,50.206,-40000000.0,454000000.0,454000000.0,448000000.0,5000000.0,1.903,1.265,2000000000.0,303000000.0,1697000000.0,2000000000.0,0.0,64000000.0,0.0,0.016,0.275,133000000.0,197000000.0,0.323,197000000.0,133000000.0,14000000.0,0.08,0.08,0.08,3036000000.0,,3036000000.0,6014567789.0,-15.0,-39.056,108000000.0,1.786,1.0,161000000.0,0.264,2771000000.0,119000000.0,4839000000.0,,529000000.0,301000000.0,0.0,301000000.0,3841000000.0,813000000.0,3028000000.0,4288567789.0,38000000.0,9000000.0,0.0,-166000000.0,-16000000.0,-183000000.0,72000000.0,9000000.0,148000000.0,1000000.0,5000000.0,5000000.0,5000000.0,-5000000.0,0.0,0.008,147000000.0,14000000.0,233000000.0,3.438,1.413,-8.442,-8.453,1702000000.0,0.0,70.92,1.844,1.844,471000000.0,2649000000.0,609000000.0,609000000.0,16000000.0,,,,,3000000.0,109000000.0,1.0,60470499.0,60470499.0,,10.071,4106000000.0,26000000.0,9000000.0,229000000.0,67.901,734000000.0
4,ASH,MRQ,2020-06-30,2020-06-30,2020-06-30,2021-08-25,0.0,6986000000.0,,1670000000.0,5316000000.0,,49.838,-27000000.0,416000000.0,416000000.0,378000000.0,37000000.0,1.782,1.319,2142000000.0,469000000.0,1673000000.0,2142000000.0,0.0,61000000.0,0.0,0.016,0.275,49000000.0,110000000.0,0.192,110000000.0,49000000.0,49000000.0,0.61,0.61,0.61,3013000000.0,,3013000000.0,5984512295.0,52.0,16.578,94000000.0,1.555,1.0,196000000.0,0.341,2760000000.0,0.0,5015000000.0,,617000000.0,297000000.0,0.0,297000000.0,3973000000.0,937000000.0,3036000000.0,4177512295.0,63000000.0,0.0,0.0,-25000000.0,-17000000.0,-42000000.0,-16000000.0,6000000.0,121000000.0,0.0,37000000.0,37000000.0,37000000.0,13000000.0,0.0,0.064,148000000.0,48000000.0,225000000.0,0.451,1.386,-40.956,-38.177,1694000000.0,0.0,69.1,1.796,1.796,593000000.0,,574000000.0,574000000.0,14000000.0,,,,,3000000.0,113000000.0,1.0,60456039.0,60456039.0,,9.495,4226000000.0,24000000.0,12000000.0,248000000.0,69.902,733000000.0
5,ASH,MRQ,2020-03-31,2020-03-31,2020-03-31,2021-08-25,0.0,6968000000.0,,1645000000.0,5323000000.0,,49.512,-37000000.0,353000000.0,353000000.0,413000000.0,-582000000.0,1.692,1.336,2160000000.0,494000000.0,1666000000.0,2160000000.0,0.0,61000000.0,0.0,0.022,0.275,-475000000.0,-414000000.0,-0.679,-414000000.0,-475000000.0,-592000000.0,-9.61,-9.61,-9.61,2983000000.0,,2983000000.0,4707591073.0,36.0,12.454,-52000000.0,-0.863,1.0,197000000.0,0.323,2767000000.0,117000000.0,5036000000.0,,611000000.0,277000000.0,0.0,277000000.0,3985000000.0,972000000.0,3013000000.0,3016591073.0,196000000.0,0.0,0.0,259000000.0,-17000000.0,241000000.0,-30000000.0,8000000.0,-15000000.0,0.0,-582000000.0,-582000000.0,-582000000.0,7000000.0,0.0,-0.954,672000000.0,-475000000.0,255000000.0,-0.029,1.011,-41.323,-36.816,1708000000.0,0.0,50.07,1.261,1.261,643000000.0,,610000000.0,610000000.0,18000000.0,,,,,5000000.0,103000000.0,1.0,60247475.0,60247475.0,,10.125,4201000000.0,24000000.0,-10000000.0,250000000.0,69.729,673000000.0
6,ASH,MRQ,2019-12-31,2019-12-31,2019-12-31,2021-08-25,0.0,7326000000.0,,1344000000.0,5982000000.0,,60.232,-29000000.0,157000000.0,157000000.0,380000000.0,32000000.0,1.953,1.021,1848000000.0,203000000.0,1645000000.0,1848000000.0,0.0,61000000.0,0.0,0.014,0.275,8000000.0,69000000.0,0.129,69000000.0,8000000.0,8000000.0,0.54,0.53,0.54,3625000000.0,,3625000000.0,6040862694.0,9.0,6.352,-80000000.0,-1.329,1.0,153000000.0,0.287,3346000000.0,0.0,4983000000.0,,633000000.0,314000000.0,0.0,314000000.0,3701000000.0,688000000.0,3013000000.0,4605862694.0,-75000000.0,0.0,0.0,14000000.0,-16000000.0,-7000000.0,-18000000.0,9000000.0,-51000000.0,1000000.0,32000000.0,32000000.0,32000000.0,2000000.0,0.0,0.06,136000000.0,17000000.0,234000000.0,0.509,1.271,7.873,8.09,1732000000.0,0.0,76.53,1.88,1.88,597000000.0,,533000000.0,533000000.0,16000000.0,,,,,4000000.0,99000000.0,1.0,60183754.0,60183754.0,,8.856,3980000000.0,23000000.0,-24000000.0,250000000.0,66.131,656000000.0
7,ASH,MRQ,2019-09-30,2019-09-30,2019-09-30,2021-08-25,-410000000.0,7251000000.0,,1433000000.0,5818000000.0,,59.003,-46000000.0,232000000.0,232000000.0,399000000.0,411000000.0,1.893,1.031,1667000000.0,166000000.0,1501000000.0,1667000000.0,0.0,64000000.0,0.0,0.014,0.275,532000000.0,596000000.0,0.979,596000000.0,532000000.0,433000000.0,6.65,6.53,6.65,3571000000.0,,3571000000.0,7138251768.0,11.0,7.602,102000000.0,1.685,1.0,210000000.0,0.345,3341000000.0,99000000.0,4588000000.0,,597000000.0,310000000.0,0.0,310000000.0,3680000000.0,757000000.0,2923000000.0,4663251768.0,100000000.0,0.0,0.0,-948000000.0,-16000000.0,-966000000.0,919000000.0,4000000.0,148000000.0,-1000000.0,411000000.0,411000000.0,411000000.0,-384000000.0,0.0,0.675,125000000.0,85000000.0,313000000.0,0.041,1.306,9.234,9.454,1577000000.0,0.0,77.05,1.871,1.871,638000000.0,3224000000.0,609000000.0,609000000.0,15000000.0,,,,,12000000.0,89000000.0,1.0,60522411.0,60522411.0,,10.062,3910000000.0,23000000.0,22000000.0,264000000.0,64.604,676000000.0
8,ASH,MRQ,2019-06-30,2019-06-30,2019-06-30,2021-08-25,0.0,7925000000.0,,2037000000.0,5888000000.0,,51.298,-33000000.0,132000000.0,132000000.0,434000000.0,66000000.0,2.023,1.463,2607000000.0,332000000.0,2275000000.0,2607000000.0,0.0,62000000.0,0.0,0.013,0.275,65000000.0,127000000.0,0.198,127000000.0,65000000.0,65000000.0,1.06,1.05,1.06,3217000000.0,,3217000000.0,7387097193.0,37.0,14.923,95000000.0,1.515,1.0,207000000.0,0.323,3403000000.0,0.0,5990000000.0,,595000000.0,310000000.0,0.0,310000000.0,4708000000.0,1007000000.0,3701000000.0,5015097193.0,-32000000.0,-1000000.0,-200000000.0,70000000.0,-17000000.0,-147000000.0,-13000000.0,7000000.0,128000000.0,0.0,66000000.0,66000000.0,66000000.0,-43000000.0,0.0,0.103,167000000.0,40000000.0,275000000.0,0.259,1.559,48.222,48.175,1580000000.0,0.0,79.97,1.966,1.966,668000000.0,,641000000.0,641000000.0,17000000.0,,,,,5000000.0,128000000.0,1.0,62712232.0,62712232.0,,10.221,4522000000.0,28000000.0,-1000000.0,284000000.0,72.107,1030000000.0
9,ASH,MRQ,2019-03-31,2019-03-31,2019-03-31,2021-08-25,0.0,7998000000.0,,2087000000.0,5911000000.0,,53.69,-37000000.0,164000000.0,164000000.0,469000000.0,76000000.0,2.268,1.379,2536000000.0,261000000.0,2275000000.0,2536000000.0,0.0,82000000.0,0.0,0.013,0.25,77000000.0,159000000.0,0.238,159000000.0,77000000.0,77000000.0,1.21,1.19,1.21,3362000000.0,,3362000000.0,7247382936.0,38.0,14.851,-5000000.0,-0.08,1.0,198000000.0,0.297,3414000000.0,0.0,6036000000.0,,599000000.0,296000000.0,0.0,296000000.0,4636000000.0,920000000.0,3716000000.0,4892382936.0,15000000.0,-1000000.0,0.0,30000000.0,-15000000.0,14000000.0,-31000000.0,13000000.0,32000000.0,0.0,76000000.0,76000000.0,76000000.0,-31000000.0,0.0,0.114,153000000.0,45000000.0,280000000.0,0.207,1.455,66.113,66.778,1587000000.0,0.0,78.13,1.898,1.898,697000000.0,,667000000.0,667000000.0,17000000.0,,,,,7000000.0,115000000.0,1.0,62618494.0,62618494.0,,10.652,4584000000.0,28000000.0,1000000.0,283000000.0,73.205,1167000000.0
10,ASH,MRQ,2018-12-31,2018-12-31,2018-12-31,2021-08-25,0.0,7943000000.0,,1991000000.0,5952000000.0,,52.891,-29000000.0,149000000.0,149000000.0,424000000.0,-48000000.0,2.198,1.403,2504000000.0,229000000.0,2275000000.0,2504000000.0,0.0,81000000.0,0.0,0.014,0.25,31000000.0,112000000.0,0.194,112000000.0,31000000.0,-24000000.0,-0.76,-0.76,-0.76,3305000000.0,,3305000000.0,6669090860.0,36.0,14.129,-96000000.0,-1.536,1.0,152000000.0,0.264,3448000000.0,55000000.0,5944000000.0,,619000000.0,279000000.0,0.0,279000000.0,4638000000.0,906000000.0,3732000000.0,4434090860.0,-145000000.0,0.0,0.0,-27000000.0,-16000000.0,-50000000.0,-26000000.0,5000000.0,-67000000.0,-2000000.0,-48000000.0,-48000000.0,-48000000.0,-23000000.0,0.0,-0.083,160000000.0,-8000000.0,277000000.0,-0.329,1.342,62.452,62.796,1621000000.0,0.0,70.96,1.717,1.717,626000000.0,,576000000.0,576000000.0,17000000.0,,,,,8000000.0,143000000.0,1.0,62487188.0,62487188.0,,9.218,4495000000.0,28000000.0,24000000.0,285000000.0,71.935,1085000000.0
11,ASH,MRQ,2018-09-30,2018-09-30,2018-09-30,2021-08-25,-291000000.0,8259000000.0,,1712000000.0,6547000000.0,,54.56,-67000000.0,294000000.0,294000000.0,436000000.0,10000000.0,1.591,1.425,2529000000.0,254000000.0,2275000000.0,2529000000.0,0.0,68000000.0,0.0,0.011,0.25,29000000.0,97000000.0,0.145,97000000.0,29000000.0,5000000.0,0.15,0.15,0.15,3406000000.0,,3406000000.0,7585060377.0,36.0,15.639,135000000.0,2.163,1.0,231000000.0,0.346,3489000000.0,24000000.0,5929000000.0,,596000000.0,312000000.0,0.0,312000000.0,4853000000.0,1076000000.0,3777000000.0,5235060377.0,112000000.0,5000000.0,0.0,-4000000.0,-16000000.0,-22000000.0,-67000000.0,8000000.0,202000000.0,-1000000.0,10000000.0,10000000.0,10000000.0,-12000000.0,0.0,0.015,229000000.0,2000000.0,331000000.0,1.667,1.537,45.922,46.077,1646000000.0,0.0,83.86,2.022,2.022,701000000.0,2750000000.0,667000000.0,667000000.0,18000000.0,,,,,7000000.0,118000000.0,1.0,62426191.0,62426191.0,,10.685,4770000000.0,28000000.0,-5000000.0,286000000.0,76.41,636000000.0
12,ASH,MRQ,2018-06-30,2018-06-30,2018-06-30,2021-08-25,0.0,8224000000.0,,1672000000.0,6552000000.0,,54.486,-35000000.0,182000000.0,182000000.0,439000000.0,36000000.0,2.253,1.42,2532000000.0,82000000.0,2450000000.0,2532000000.0,0.0,67000000.0,0.0,0.012,0.25,53000000.0,120000000.0,0.18,120000000.0,53000000.0,25000000.0,0.57,0.56,0.57,3399000000.0,,3399000000.0,7290121156.0,46.0,17.609,84000000.0,1.347,1.0,229000000.0,0.343,3696000000.0,28000000.0,6136000000.0,,656000000.0,304000000.0,0.0,304000000.0,4825000000.0,742000000.0,4083000000.0,4877121156.0,-43000000.0,0.0,0.0,-110000000.0,-16000000.0,-126000000.0,-35000000.0,7000000.0,119000000.0,-1000000.0,36000000.0,36000000.0,36000000.0,-25000000.0,0.0,0.054,199000000.0,30000000.0,397000000.0,0.439,1.435,101.607,104.24,1893000000.0,0.0,78.18,2.636,2.636,871000000.0,,668000000.0,668000000.0,18000000.0,,,,,9000000.0,181000000.0,1.0,62383233.0,62383233.0,,10.708,4528000000.0,28000000.0,-11000000.0,243000000.0,72.584,930000000.0
13,ASH,MRQ,2018-03-31,2018-03-31,2018-03-31,2021-08-25,0.0,8441000000.0,,1713000000.0,6728000000.0,,56.421,-31000000.0,225000000.0,225000000.0,449000000.0,73000000.0,2.406,1.404,2638000000.0,59000000.0,2579000000.0,2638000000.0,0.0,72000000.0,0.0,0.013,0.225,71000000.0,143000000.0,0.213,143000000.0,71000000.0,71000000.0,1.17,1.15,1.17,3511000000.0,,3511000000.0,6680948789.0,56.0,17.043,-15000000.0,-0.241,1.0,223000000.0,0.332,3793000000.0,0.0,6349000000.0,,649000000.0,303000000.0,0.0,303000000.0,4930000000.0,712000000.0,4218000000.0,4342948789.0,-376000000.0,-11000000.0,0.0,-302000000.0,-14000000.0,-319000000.0,-76000000.0,8000000.0,16000000.0,3000000.0,73000000.0,73000000.0,73000000.0,-31000000.0,0.0,0.109,164000000.0,59000000.0,387000000.0,0.192,1.237,-206.807,-193.861,1940000000.0,0.0,69.79,2.116,2.116,920000000.0,,672000000.0,672000000.0,18000000.0,,,,,7000000.0,146000000.0,1.0,62228812.0,62228812.0,,10.799,4648000000.0,28000000.0,-2000000.0,243000000.0,74.692,1001000000.0
14,ASH,MRQ,2017-12-31,2017-12-31,2017-12-31,2021-08-25,0.0,8655000000.0,,1964000000.0,6691000000.0,,54.697,-20000000.0,601000000.0,601000000.0,402000000.0,-4000000.0,1.958,1.546,2939000000.0,355000000.0,2584000000.0,2939000000.0,0.0,70000000.0,0.0,0.015,0.225,32000000.0,102000000.0,0.176,102000000.0,32000000.0,6000000.0,-0.07,-0.07,-0.07,3399000000.0,,3399000000.0,6677554686.0,41.0,15.493,-60000000.0,-0.966,1.0,179000000.0,0.308,3773000000.0,26000000.0,6217000000.0,,674000000.0,315000000.0,0.0,315000000.0,5256000000.0,1003000000.0,4253000000.0,4424554686.0,35000000.0,1000000.0,0.0,118000000.0,-14000000.0,99000000.0,-24000000.0,-2000000.0,-40000000.0,0.0,-4000000.0,-4000000.0,-4000000.0,-28000000.0,0.0,-0.007,173000000.0,6000000.0,382000000.0,-3.214,1.302,-2212.277,-1424.0,1945000000.0,0.0,71.2,2.024,2.024,802000000.0,,581000000.0,581000000.0,19000000.0,,,,,8000000.0,154000000.0,1.0,62142622.0,62142622.0,,9.349,4882000000.0,28000000.0,10000000.0,390000000.0,78.561,961000000.0
15,ASH,MRQ,2017-09-30,2017-09-30,2017-09-30,2021-08-25,-222000000.0,8618000000.0,,1903000000.0,6715000000.0,,54.581,-41000000.0,566000000.0,566000000.0,-149000000.0,-57000000.0,1.966,1.53,2819000000.0,235000000.0,2584000000.0,2819000000.0,0.0,47000000.0,0.0,0.019,0.225,2000000.0,49000000.0,-0.69,49000000.0,2000000.0,-24000000.0,-0.92,-0.92,-0.92,3406000000.0,,3406000000.0,6401487443.0,30.0,13.364,89000000.0,1.426,1.0,78000000.0,-1.099,3784000000.0,26000000.0,6119000000.0,,634000000.0,302000000.0,0.0,302000000.0,5212000000.0,968000000.0,4244000000.0,4080487443.0,74000000.0,14000000.0,0.0,4000000.0,-15000000.0,-12000000.0,-47000000.0,8000000.0,130000000.0,3000000.0,-57000000.0,-57000000.0,-57000000.0,-70000000.0,0.0,0.803,128000000.0,-50000000.0,409000000.0,-0.245,1.198,4080.487,6539.0,1970000000.0,0.0,65.39,1.767,1.767,821000000.0,2696000000.0,-71000000.0,-71000000.0,12000000.0,,,,,7000000.0,116000000.0,1.0,62402316.0,62402316.0,,-1.138,4834000000.0,28000000.0,33000000.0,375000000.0,77.465,935000000.0
16,ASH,MRQ,2017-06-30,2017-06-30,2017-06-30,2021-08-25,0.0,8506000000.0,,1839000000.0,6667000000.0,,54.631,-49000000.0,492000000.0,492000000.0,635000000.0,-30000000.0,2.055,1.503,2813000000.0,229000000.0,2584000000.0,2813000000.0,0.0,84000000.0,0.0,0.015,0.225,14000000.0,98000000.0,0.113,98000000.0,14000000.0,-37000000.0,-0.54,-0.54,-0.54,3399000000.0,,3399000000.0,6418718120.0,-1605.0,22.21,146000000.0,2.347,1.0,235000000.0,0.27,3742000000.0,51000000.0,6190000000.0,,631000000.0,331000000.0,0.0,331000000.0,5107000000.0,895000000.0,4212000000.0,4100718120.0,-112000000.0,-675000000.0,0.0,636000000.0,-14000000.0,621000000.0,-930000000.0,8000000.0,195000000.0,2000000.0,-33000000.0,-33000000.0,-33000000.0,14000000.0,3000000.0,-0.038,202000000.0,33000000.0,392000000.0,-0.417,1.206,-18.811,-19.104,1937000000.0,0.0,65.91,1.308,1.308,854000000.0,,870000000.0,870000000.0,20000000.0,,,,,5000000.0,182000000.0,1.0,62216934.0,62216934.0,,13.983,4764000000.0,35000000.0,-4000000.0,374000000.0,76.571,944000000.0
17,ASH,MRQ,2017-03-31,2017-03-31,2017-03-31,2021-08-25,0.0,9186000000.0,,2377000000.0,6809000000.0,,53.04,-40000000.0,605000000.0,605000000.0,578000000.0,105000000.0,2.292,1.831,2923000000.0,111000000.0,2812000000.0,2923000000.0,0.0,66000000.0,0.0,0.006,0.39,116000000.0,182000000.0,0.226,182000000.0,116000000.0,87000000.0,1.48,1.47,1.48,3300000000.0,,3300000000.0,9931069808.0,112.0,27.818,8000000.0,0.129,1.0,228000000.0,0.283,3430000000.0,29000000.0,7037000000.0,,687000000.0,359000000.0,0.0,359000000.0,6043000000.0,1037000000.0,5006000000.0,7703069808.0,-100000000.0,-1000000.0,0.0,-10000000.0,-24000000.0,-46000000.0,-101000000.0,9000000.0,48000000.0,-1000000.0,92000000.0,92000000.0,92000000.0,-76000000.0,13000000.0,0.114,176000000.0,52000000.0,520000000.0,0.264,2.334,-67.571,-70.347,2205000000.0,0.0,123.81,2.522,2.522,1165000000.0,,806000000.0,806000000.0,21000000.0,,,,,6000000.0,155000000.0,1.0,62216863.0,62216863.0,,12.955,5756000000.0,199000000.0,-5000000.0,69000000.0,92.515,1340000000.0
18,ASH,MRQ,2016-12-31,2016-12-31,2016-12-31,2021-08-25,0.0,9063000000.0,,2334000000.0,6729000000.0,,51.066,-33000000.0,704000000.0,704000000.0,515000000.0,10000000.0,2.297,1.909,2932000000.0,107000000.0,2825000000.0,2932000000.0,0.0,68000000.0,0.0,0.004,0.39,80000000.0,148000000.0,0.21,148000000.0,80000000.0,-42000000.0,-0.01,-0.01,-0.01,3175000000.0,,3175000000.0,8851029356.0,75.0,21.854,-23000000.0,-0.37,1.0,189000000.0,0.268,3374000000.0,122000000.0,6901000000.0,,666000000.0,357000000.0,0.0,357000000.0,6062000000.0,1016000000.0,5046000000.0,6795029356.0,-484000000.0,0.0,0.0,-402000000.0,-24000000.0,-444000000.0,-41000000.0,2000000.0,10000000.0,-9000000.0,-1000000.0,-1000000.0,-1000000.0,-75000000.0,11000000.0,-0.001,177000000.0,12000000.0,458000000.0,-39.0,2.14,-57.101,-59.076,2186000000.0,0.0,109.29,1.944,1.944,1052000000.0,,704000000.0,704000000.0,20000000.0,,,,,5000000.0,157000000.0,1.0,62174301.0,62174301.0,,11.323,5689000000.0,199000000.0,-41000000.0,69000000.0,91.501,1318000000.0
19,ASH,MRQ,2016-09-30,2016-09-30,2016-09-30,2021-08-25,-281000000.0,10000000000.0,,2888000000.0,7112000000.0,,53.896,-82000000.0,1017000000.0,1017000000.0,551000000.0,-275000000.0,2.333,2.042,2495000000.0,170000000.0,2325000000.0,2495000000.0,0.0,75000000.0,0.0,0.0,0.0,-214000000.0,-139000000.0,-0.184,-139000000.0,-214000000.0,-262000000.0,-4.38,-4.34,-4.38,3347000000.0,,3347000000.0,10072592282.0,85.0,23.925,191000000.0,3.076,1.0,203000000.0,0.269,3199000000.0,48000000.0,7041000000.0,,539000000.0,292000000.0,0.0,292000000.0,6835000000.0,1238000000.0,5597000000.0,7200592282.0,-27000000.0,1000000.0,0.0,-1588000000.0,-25000000.0,-173000000.0,-125000000.0,7000000.0,273000000.0,-2000000.0,-276000000.0,-276000000.0,-276000000.0,-69000000.0,1000000.0,-0.366,398000000.0,-195000000.0,376000000.0,0.0,2.151,-248.296,-246.702,1900000000.0,0.0,115.95,2.385,2.385,725000000.0,2704000000.0,754000000.0,754000000.0,21000000.0,,,,,10000000.0,377000000.0,1.0,62100839.0,62100839.0,,12.142,6801000000.0,35000000.0,14000000.0,315000000.0,109.515,1650000000.0
20,ASH,MRQ,2016-06-30,2016-06-30,2016-06-30,2021-08-25,0.0,9912000000.0,,2911000000.0,7001000000.0,,44.054,-47000000.0,1215000000.0,1215000000.0,554000000.0,71000000.0,1.742,2.625,4087000000.0,771000000.0,3316000000.0,4087000000.0,0.0,59000000.0,0.0,0.0,0.0,107000000.0,166000000.0,0.21,166000000.0,107000000.0,67000000.0,1.15,1.13,1.15,2734000000.0,,2734000000.0,10063709064.0,52.0,21.367,127000000.0,2.046,1.0,236000000.0,0.299,3653000000.0,40000000.0,7460000000.0,,677000000.0,354000000.0,0.0,354000000.0,7178000000.0,1671000000.0,5507000000.0,7122709064.0,79000000.0,72000000.0,0.0,5000000.0,-24000000.0,-17000000.0,-83000000.0,-4000000.0,174000000.0,5000000.0,71000000.0,71000000.0,71000000.0,-47000000.0,0.0,0.09,182000000.0,54000000.0,477000000.0,0.0,2.605,36.905,36.551,2170000000.0,0.0,114.77,2.834,2.834,1105000000.0,,790000000.0,790000000.0,22000000.0,,,,,6000000.0,160000000.0,1.0,62060722.0,62060722.0,,12.729,6259000000.0,213000000.0,-4000000.0,85000000.0,100.853,1240000000.0
21,ASH,MRQ,2016-03-31,2016-03-31,2016-03-31,2021-08-25,0.0,9901000000.0,,2912000000.0,6989000000.0,,43.068,-48000000.0,1136000000.0,1136000000.0,823000000.0,87000000.0,1.711,2.636,4077000000.0,749000000.0,3328000000.0,4077000000.0,0.0,85000000.0,0.0,0.0,0.0,145000000.0,230000000.0,0.184,230000000.0,145000000.0,102000000.0,1.39,1.38,1.39,2723000000.0,,2723000000.0,9950223309.0,36.0,17.215,127000000.0,2.009,1.0,424000000.0,0.34,3688000000.0,43000000.0,7452000000.0,,726000000.0,344000000.0,0.0,344000000.0,7178000000.0,1702000000.0,5476000000.0,6952223309.0,97000000.0,-50000000.0,0.0,27000000.0,-24000000.0,2000000.0,-80000000.0,18000000.0,175000000.0,0.0,87000000.0,87000000.0,87000000.0,0.0,0.0,0.07,283000000.0,141000000.0,519000000.0,0.0,2.553,30.359,30.801,2166000000.0,0.0,109.96,2.25,2.25,1106000000.0,,1247000000.0,1247000000.0,25000000.0,,,,,9000000.0,258000000.0,1.0,63225021.0,63225021.0,,19.723,6213000000.0,213000000.0,15000000.0,85000000.0,98.268,1210000000.0
22,ASH,MRQ,2015-12-31,2015-12-31,2015-12-31,2021-08-25,0.0,9673000000.0,,2932000000.0,6741000000.0,,38.126,-52000000.0,1039000000.0,1039000000.0,771000000.0,89000000.0,1.839,2.798,4037000000.0,700000000.0,3337000000.0,4037000000.0,0.0,83000000.0,0.0,0.0,0.0,151000000.0,234000000.0,0.201,234000000.0,151000000.0,109000000.0,1.37,1.35,1.37,2547000000.0,,2547000000.0,9332892602.0,22.0,12.926,4000000.0,0.06,1.0,392000000.0,0.337,3576000000.0,42000000.0,7501000000.0,,723000000.0,353000000.0,0.0,353000000.0,7126000000.0,1594000000.0,5532000000.0,6860892602.0,-218000000.0,-4000000.0,-500000000.0,305000000.0,-24000000.0,-219000000.0,-44000000.0,12000000.0,56000000.0,-11000000.0,89000000.0,89000000.0,89000000.0,2000000.0,0.0,0.077,249000000.0,143000000.0,461000000.0,0.0,2.694,18.746,18.741,2156000000.0,0.0,102.7,2.149,2.149,1027000000.0,,1163000000.0,1163000000.0,25000000.0,,,,,8000000.0,224000000.0,1.0,66805186.0,66805186.0,,17.409,6097000000.0,155000000.0,20000000.0,81000000.0,91.265,1338000000.0
23,ASH,MRQ,2015-09-30,2015-09-30,2015-09-30,2021-08-25,-291000000.0,10054000000.0,,3093000000.0,6961000000.0,,44.91,-74000000.0,1257000000.0,1257000000.0,-313000000.0,-54000000.0,2.145,2.311,3729000000.0,381000000.0,3348000000.0,3729000000.0,0.0,51000000.0,0.0,0.0,0.0,-210000000.0,-159000000.0,0.231,-159000000.0,-210000000.0,-248000000.0,-0.77,-0.7,-0.77,3037000000.0,,3037000000.0,9389373870.0,27.0,14.445,157000000.0,2.322,1.0,-374000000.0,0.544,3628000000.0,38000000.0,7456000000.0,,706000000.0,350000000.0,0.0,350000000.0,7017000000.0,1442000000.0,5575000000.0,6804373870.0,144000000.0,3000000.0,0.0,30000000.0,-26000000.0,4000000.0,-86000000.0,-315000000.0,231000000.0,-5000000.0,-54000000.0,-54000000.0,-54000000.0,-208000000.0,0.0,0.079,72000000.0,-446000000.0,573000000.0,0.0,2.24,22.021,22.163,2182000000.0,0.0,100.62,1.99,1.99,1141000000.0,3281000000.0,-687000000.0,-687000000.0,25000000.0,,,,,8000000.0,47000000.0,1.0,67624467.0,67624467.0,,-10.159,6426000000.0,212000000.0,-194000000.0,85000000.0,95.025,1651000000.0
24,ASH,MRQ,2015-06-30,2015-06-30,2015-06-30,2021-08-25,0.0,9955000000.0,,3092000000.0,6863000000.0,,46.866,-60000000.0,1113000000.0,1113000000.0,939000000.0,107000000.0,2.25,2.143,3698000000.0,336000000.0,3362000000.0,3698000000.0,0.0,85000000.0,0.0,0.0,0.0,188000000.0,273000000.0,0.2,273000000.0,188000000.0,134000000.0,1.58,1.56,1.58,3167000000.0,,3167000000.0,10511550604.0,22.0,12.529,-331000000.0,-4.898,1.0,428000000.0,0.313,3689000000.0,54000000.0,7477000000.0,,700000000.0,368000000.0,0.0,368000000.0,6788000000.0,1374000000.0,5414000000.0,8237550604.0,202000000.0,22000000.0,0.0,522000000.0,-26000000.0,498000000.0,-17000000.0,12000000.0,-271000000.0,-8000000.0,107000000.0,107000000.0,107000000.0,8000000.0,0.0,0.078,240000000.0,188000000.0,544000000.0,0.0,2.601,19.113,19.442,2167000000.0,0.0,121.9,1.459,1.459,1193000000.0,,1367000000.0,1367000000.0,24000000.0,,,,,7000000.0,216000000.0,1.0,67576297.0,67576297.0,,20.229,6266000000.0,123000000.0,27000000.0,102000000.0,92.725,1718000000.0
25,ASH,MRQ,2015-03-31,2015-03-31,2015-03-31,2021-08-25,0.0,9796000000.0,,2902000000.0,6894000000.0,,43.586,-43000000.0,911000000.0,911000000.0,925000000.0,224000000.0,2.322,2.245,3185000000.0,242000000.0,2943000000.0,3185000000.0,0.0,85000000.0,0.0,0.0,0.0,289000000.0,374000000.0,0.277,374000000.0,289000000.0,249000000.0,3.3,3.26,3.3,3019000000.0,,3019000000.0,10837082082.0,24.0,13.025,364000000.0,5.255,1.0,425000000.0,0.315,3668000000.0,40000000.0,7152000000.0,,714000000.0,369000000.0,0.0,369000000.0,6777000000.0,1250000000.0,5527000000.0,8818082082.0,-345000000.0,0.0,-270000000.0,-90000000.0,-22000000.0,-377000000.0,-351000000.0,0.0,407000000.0,-24000000.0,224000000.0,224000000.0,224000000.0,-129000000.0,0.0,0.166,228000000.0,197000000.0,500000000.0,0.0,2.921,20.847,21.361,2163000000.0,0.0,127.31,1.499,1.499,1239000000.0,,1350000000.0,1350000000.0,25000000.0,,,,,8000000.0,203000000.0,1.0,69264646.0,69264646.0,,19.49,6128000000.0,121000000.0,25000000.0,51000000.0,88.472,1652000000.0
26,ASH,MRQ,2014-12-31,2014-12-31,2014-12-31,2021-08-25,0.0,10349000000.0,,3241000000.0,7108000000.0,,47.933,-42000000.0,1256000000.0,1256000000.0,982000000.0,32000000.0,2.359,2.112,3275000000.0,332000000.0,2943000000.0,3275000000.0,0.0,85000000.0,0.0,0.0,0.0,76000000.0,161000000.0,0.116,161000000.0,76000000.0,35000000.0,0.47,0.46,0.47,3325000000.0,,3325000000.0,10194520063.0,87.0,20.108,-76000000.0,-1.096,1.0,409000000.0,0.294,3840000000.0,41000000.0,7154000000.0,,746000000.0,81000000.0,0.0,81000000.0,7024000000.0,1374000000.0,5650000000.0,8307520063.0,-137000000.0,106000000.0,-127000000.0,-6000000.0,-24000000.0,-155000000.0,62000000.0,0.0,-34000000.0,-10000000.0,32000000.0,32000000.0,32000000.0,8000000.0,0.0,0.023,251000000.0,158000000.0,529000000.0,0.0,2.499,53.597,57.301,2253000000.0,0.0,119.76,1.367,1.367,1455000000.0,,1391000000.0,1391000000.0,25000000.0,,,,,7000000.0,226000000.0,1.0,69368070.0,69368070.0,,20.052,6509000000.0,118000000.0,3000000.0,95000000.0,93.833,1867000000.0
27,ASH,MRQ,2014-09-30,2014-09-30,2014-09-30,2021-08-25,107000000.0,10920000000.0,,3561000000.0,7359000000.0,,45.905,-102000000.0,1393000000.0,1393000000.0,1228000000.0,68000000.0,2.111,2.048,3249000000.0,338000000.0,2911000000.0,3249000000.0,0.0,112000000.0,0.0,0.003,0.0,-81000000.0,31000000.0,0.02,31000000.0,-81000000.0,-123000000.0,0.92,0.91,0.92,3583000000.0,,3583000000.0,10870274827.0,52.0,17.997,89000000.0,1.14,1.0,310000000.0,0.202,3952000000.0,42000000.0,7137000000.0,,765000000.0,81000000.0,0.0,81000000.0,7337000000.0,1687000000.0,5650000000.0,8125274827.0,823000000.0,2000000.0,-829000000.0,-35000000.0,-24000000.0,-886000000.0,1520000000.0,-15000000.0,191000000.0,-2000000.0,68000000.0,68000000.0,68000000.0,-94000000.0,0.0,0.044,494000000.0,-184000000.0,674000000.0,0.0,2.268,34.872,34.243,2414000000.0,0.0,104.1,1.327,1.327,1635000000.0,3475000000.0,1538000000.0,1538000000.0,27000000.0,,,,,8000000.0,467000000.0,1.0,78052592.0,78052592.0,,19.705,6968000000.0,118000000.0,-191000000.0,110000000.0,89.273,1874000000.0
28,ASH,MRQ,2014-06-30,2014-06-30,2014-06-30,2021-08-25,0.0,12126000000.0,,3203000000.0,8923000000.0,,58.115,-51000000.0,570000000.0,570000000.0,1161000000.0,99000000.0,1.829,1.677,3315000000.0,374000000.0,2941000000.0,3315000000.0,0.0,98000000.0,0.0,0.006,0.0,168000000.0,266000000.0,0.166,266000000.0,168000000.0,127000000.0,1.27,1.25,1.27,4529000000.0,,4529000000.0,11333278269.0,13.0,9.059,187000000.0,2.4,1.0,444000000.0,0.277,4079000000.0,41000000.0,9041000000.0,,781000000.0,84000000.0,0.0,84000000.0,7597000000.0,1751000000.0,5846000000.0,8474278269.0,79000000.0,86000000.0,-125000000.0,-35000000.0,-26000000.0,-183000000.0,23000000.0,0.0,238000000.0,1000000.0,99000000.0,99000000.0,99000000.0,-28000000.0,0.0,0.062,309000000.0,135000000.0,639000000.0,0.0,1.871,14.867,14.896,2438000000.0,0.0,108.74,1.4,1.4,1619000000.0,,1605000000.0,1605000000.0,23000000.0,,,,,9000000.0,286000000.0,1.0,77931564.0,77931564.0,,20.595,8047000000.0,108000000.0,28000000.0,345000000.0,103.257,1452000000.0
29,ASH,MRQ,2014-03-31,2014-03-31,2014-03-31,2021-08-25,0.0,12188000000.0,,3142000000.0,9046000000.0,,58.736,-48000000.0,491000000.0,491000000.0,1168000000.0,-44000000.0,1.791,1.667,3350000000.0,401000000.0,2949000000.0,3350000000.0,0.0,95000000.0,0.0,0.01,0.0,-46000000.0,49000000.0,0.032,49000000.0,-46000000.0,-87000000.0,-0.57,-0.57,-0.57,4570000000.0,,4570000000.0,10707093229.0,12.0,8.345,141000000.0,1.812,1.0,377000000.0,0.244,4105000000.0,41000000.0,9188000000.0,,773000000.0,174000000.0,0.0,174000000.0,7618000000.0,1754000000.0,5864000000.0,7740093229.0,196000000.0,0.0,0.0,87000000.0,-27000000.0,64000000.0,-57000000.0,0.0,189000000.0,0.0,-44000000.0,-44000000.0,-44000000.0,-17000000.0,0.0,-0.028,406000000.0,-29000000.0,646000000.0,0.0,1.694,13.009,13.072,2466000000.0,0.0,99.48,1.275,1.275,1582000000.0,,1545000000.0,1545000000.0,36000000.0,,,,,9000000.0,370000000.0,1.0,77805521.0,77805521.0,,19.857,8083000000.0,108000000.0,-43000000.0,363000000.0,103.887,1388000000.0
30,ASH,MRQ,2013-12-31,2013-12-31,2013-12-31,2021-08-25,0.0,11983000000.0,,2776000000.0,9207000000.0,,60.185,-44000000.0,295000000.0,295000000.0,1048000000.0,110000000.0,1.797,1.569,3262000000.0,314000000.0,2948000000.0,3262000000.0,0.0,88000000.0,0.0,0.013,0.34,170000000.0,258000000.0,0.18,258000000.0,170000000.0,128000000.0,1.42,1.4,1.42,4665000000.0,,4665000000.0,10442703539.0,9.0,6.957,-19000000.0,-0.245,1.0,384000000.0,0.268,5146000000.0,42000000.0,8259000000.0,,934000000.0,220000000.0,0.0,220000000.0,7318000000.0,1545000000.0,5773000000.0,7521703539.0,-51000000.0,4000000.0,0.0,-6000000.0,-26000000.0,-29000000.0,-46000000.0,0.0,25000000.0,-1000000.0,110000000.0,110000000.0,110000000.0,-22000000.0,0.0,0.077,262000000.0,122000000.0,750000000.0,0.239,1.612,10.87,10.965,2827000000.0,0.0,97.04,1.238,1.238,1797000000.0,,1432000000.0,1432000000.0,27000000.0,,,,,8000000.0,235000000.0,1.0,77511372.0,77511372.0,,18.475,6837000000.0,108000000.0,18000000.0,394000000.0,88.206,1231000000.0
31,ASH,MRQ,2013-09-30,2013-09-30,2013-09-30,2021-08-25,288000000.0,12088000000.0,,2873000000.0,9215000000.0,,58.857,-108000000.0,346000000.0,346000000.0,936000000.0,405000000.0,1.664,1.655,3267000000.0,320000000.0,2947000000.0,3267000000.0,0.0,89000000.0,0.0,0.012,0.34,589000000.0,678000000.0,0.461,678000000.0,589000000.0,546000000.0,5.18,5.1,5.18,4553000000.0,,4553000000.0,10199014664.0,9.0,6.723,175000000.0,2.262,1.0,534000000.0,0.363,4146000000.0,43000000.0,9136000000.0,,758000000.0,213000000.0,0.0,213000000.0,7535000000.0,1727000000.0,5808000000.0,7154014664.0,-31000000.0,-14000000.0,-1000000.0,-156000000.0,-26000000.0,-175000000.0,-139000000.0,0.0,283000000.0,0.0,405000000.0,405000000.0,405000000.0,-70000000.0,0.0,0.276,10000000.0,524000000.0,714000000.0,0.066,1.571,10.474,10.618,2507000000.0,0.0,92.48,1.175,1.175,1550000000.0,3758000000.0,1470000000.0,1470000000.0,63000000.0,,,,,6000000.0,-53000000.0,1.0,77357425.0,77357425.0,,19.003,7942000000.0,107000000.0,141000000.0,397000000.0,102.666,1146000000.0
32,ASH,MRQ,2013-06-30,2013-06-30,2013-06-30,2021-08-25,0.0,12159000000.0,,2976000000.0,9183000000.0,,51.871,-60000000.0,377000000.0,377000000.0,1192000000.0,124000000.0,1.637,1.966,3422000000.0,464000000.0,2958000000.0,3422000000.0,0.0,89000000.0,0.0,0.012,0.34,209000000.0,298000000.0,0.183,298000000.0,209000000.0,158000000.0,1.58,1.55,1.58,4099000000.0,,4099000000.0,9639452648.0,33.0,16.228,182000000.0,2.303,1.0,432000000.0,0.266,5188000000.0,51000000.0,8198000000.0,,864000000.0,225000000.0,0.0,225000000.0,8060000000.0,1818000000.0,6242000000.0,6598452648.0,-91000000.0,3000000.0,-150000000.0,-90000000.0,-26000000.0,-265000000.0,-67000000.0,0.0,242000000.0,-1000000.0,124000000.0,124000000.0,124000000.0,-35000000.0,0.0,0.076,283000000.0,149000000.0,746000000.0,0.215,1.61,1649.613,4175.0,2778000000.0,0.0,83.5,1.23,1.23,1951000000.0,,1624000000.0,1624000000.0,26000000.0,,,,,8000000.0,257000000.0,1.0,79023385.0,79023385.0,,20.551,6971000000.0,157000000.0,34000000.0,264000000.0,88.214,1158000000.0
33,ASH,MRQ,2013-03-31,2013-03-31,2013-03-31,2021-08-25,0.0,12251000000.0,,3045000000.0,9206000000.0,,52.634,-42000000.0,468000000.0,468000000.0,1124000000.0,53000000.0,1.72,1.947,3509000000.0,476000000.0,3033000000.0,3509000000.0,0.0,71000000.0,0.0,0.012,0.225,196000000.0,267000000.0,0.172,267000000.0,196000000.0,51000000.0,0.67,0.66,0.67,4157000000.0,,4157000000.0,8933193568.0,26.0,13.474,101000000.0,1.279,1.0,426000000.0,0.275,5204000000.0,145000000.0,8318000000.0,,930000000.0,222000000.0,0.0,222000000.0,8094000000.0,1770000000.0,6324000000.0,5868193568.0,-20000000.0,-2000000.0,0.0,-83000000.0,-18000000.0,-99000000.0,-65000000.0,0.0,143000000.0,1000000.0,53000000.0,53000000.0,53000000.0,-5000000.0,0.0,0.034,258000000.0,168000000.0,767000000.0,0.336,1.412,189.297,200.811,2788000000.0,0.0,74.3,0.997,0.997,1891000000.0,,1550000000.0,1550000000.0,30000000.0,,,,,7000000.0,228000000.0,1.0,78979725.0,78979725.0,,19.625,7047000000.0,119000000.0,-2000000.0,224000000.0,89.225,1275000000.0
34,ASH,MRQ,2012-12-31,2012-12-31,2012-12-31,2021-08-25,0.0,12376000000.0,,3077000000.0,9299000000.0,,52.676,-49000000.0,488000000.0,488000000.0,1332000000.0,101000000.0,1.738,1.981,3553000000.0,463000000.0,3090000000.0,3553000000.0,0.0,107000000.0,0.0,0.011,0.225,175000000.0,282000000.0,0.151,282000000.0,175000000.0,131000000.0,1.28,1.26,1.28,4152000000.0,,4152000000.0,9405080880.0,29.0,13.79,16000000.0,0.203,1.0,537000000.0,0.287,5268000000.0,44000000.0,8403000000.0,,1008000000.0,220000000.0,0.0,220000000.0,8224000000.0,1770000000.0,6454000000.0,6338080880.0,-35000000.0,0.0,1000000.0,-38000000.0,-18000000.0,-53000000.0,-49000000.0,0.0,65000000.0,2000000.0,101000000.0,101000000.0,101000000.0,1000000.0,0.0,0.054,375000000.0,162000000.0,738000000.0,0.176,1.527,96.032,98.061,2817000000.0,0.0,80.41,0.988,0.988,1824000000.0,,1869000000.0,1869000000.0,32000000.0,,,,,9000000.0,343000000.0,1.0,78822048.0,78822048.0,,23.712,7108000000.0,116000000.0,30000000.0,208000000.0,90.178,1307000000.0
35,ASH,MRQ,2012-09-30,2012-09-30,2012-09-30,2021-08-25,218000000.0,12524000000.0,,3209000000.0,9315000000.0,,51.297,-82000000.0,523000000.0,523000000.0,387000000.0,-274000000.0,1.677,2.108,3590000000.0,459000000.0,3131000000.0,3590000000.0,0.0,39000000.0,0.0,0.011,0.225,-292000000.0,-253000000.0,-0.783,-253000000.0,-292000000.0,-443000000.0,-3.51,-3.44,-3.51,4029000000.0,,4029000000.0,8747618083.0,31.0,13.562,143000000.0,1.821,1.0,-64000000.0,-0.198,5278000000.0,151000000.0,8400000000.0,,1008000000.0,217000000.0,0.0,217000000.0,8495000000.0,1913000000.0,6582000000.0,5623618083.0,-74000000.0,-20000000.0,-2000000.0,-155000000.0,-18000000.0,-164000000.0,-132000000.0,6000000.0,225000000.0,-3000000.0,-274000000.0,-274000000.0,-274000000.0,-22000000.0,0.0,-0.848,248000000.0,-312000000.0,877000000.0,-0.064,1.396,216.293,216.97,2832000000.0,0.0,71.6,0.869,0.869,1930000000.0,3163000000.0,323000000.0,323000000.0,13000000.0,,,,,9000000.0,235000000.0,1.0,78542152.0,78542152.0,,4.112,7246000000.0,116000000.0,-169000000.0,208000000.0,92.256,1296000000.0
36,ASH,MRQ,2012-06-30,2012-06-30,2012-06-30,2021-08-25,0.0,12598000000.0,,3353000000.0,9245000000.0,,53.092,-59000000.0,597000000.0,597000000.0,1514000000.0,151000000.0,2.067,2.024,3721000000.0,154000000.0,3567000000.0,3721000000.0,0.0,108000000.0,0.0,0.011,0.225,259000000.0,367000000.0,0.171,367000000.0,259000000.0,206000000.0,1.93,1.9,1.93,4166000000.0,,4166000000.0,8591570573.0,45.0,14.343,50000000.0,0.637,1.0,627000000.0,0.293,5261000000.0,53000000.0,8839000000.0,,1034000000.0,199000000.0,0.0,199000000.0,8432000000.0,1622000000.0,6810000000.0,5438570573.0,-2000000.0,-1000000.0,0.0,-32000000.0,-18000000.0,-48000000.0,-61000000.0,0.0,109000000.0,-2000000.0,151000000.0,151000000.0,151000000.0,9000000.0,0.0,0.071,379000000.0,248000000.0,908000000.0,0.117,1.305,146.988,138.62,2754000000.0,0.0,69.31,0.68,0.68,1926000000.0,,2141000000.0,2141000000.0,30000000.0,,,,,6000000.0,349000000.0,1.0,78467329.0,78467329.0,,27.285,7337000000.0,176000000.0,55000000.0,400000000.0,93.504,1731000000.0
37,ASH,MRQ,2012-03-31,2012-03-31,2012-03-31,2021-08-25,0.0,12706000000.0,,3283000000.0,9423000000.0,,54.045,-52000000.0,599000000.0,599000000.0,1504000000.0,88000000.0,2.08,2.002,3752000000.0,164000000.0,3588000000.0,3752000000.0,0.0,108000000.0,0.0,0.011,0.175,178000000.0,286000000.0,0.138,286000000.0,178000000.0,122000000.0,1.12,1.1,1.12,4232000000.0,,4232000000.0,8119347813.0,104.0,18.205,152000000.0,1.941,1.0,575000000.0,0.277,5385000000.0,56000000.0,8896000000.0,,949000000.0,200000000.0,0.0,200000000.0,8474000000.0,1578000000.0,6896000000.0,4781347813.0,133000000.0,42000000.0,1000000.0,-53000000.0,-13000000.0,-62000000.0,-6000000.0,4000000.0,204000000.0,-3000000.0,88000000.0,88000000.0,88000000.0,2000000.0,0.0,0.042,412000000.0,163000000.0,882000000.0,0.156,1.13,-227.683,-265.478,2822000000.0,0.0,61.06,0.636,0.636,1920000000.0,,2079000000.0,2079000000.0,31000000.0,,,,,7000000.0,381000000.0,1.0,78305729.0,78305729.0,,26.55,7321000000.0,163000000.0,34000000.0,408000000.0,93.493,1705000000.0
38,ASH,MRQ,2011-12-31,2011-12-31,2011-12-31,2021-08-25,0.0,12513000000.0,,3063000000.0,9450000000.0,,52.044,-43000000.0,466000000.0,466000000.0,1408000000.0,61000000.0,2.092,2.078,3804000000.0,197000000.0,3607000000.0,3804000000.0,0.0,104000000.0,0.0,0.012,0.175,141000000.0,245000000.0,0.127,245000000.0,141000000.0,84000000.0,0.78,0.77,0.78,4065000000.0,,4065000000.0,7559622585.0,16.0,9.581,-227000000.0,-2.906,1.0,522000000.0,0.27,5382000000.0,57000000.0,9005000000.0,,981000000.0,0.0,0.0,0.0,8448000000.0,1464000000.0,6984000000.0,4464622585.0,-271000000.0,0.0,1000000.0,-30000000.0,-14000000.0,-43000000.0,-43000000.0,0.0,-184000000.0,-1000000.0,61000000.0,61000000.0,61000000.0,-1000000.0,0.0,0.032,392000000.0,130000000.0,770000000.0,0.224,1.098,11.874,11.958,2858000000.0,0.0,57.16,0.638,0.638,1809000000.0,,1930000000.0,1930000000.0,30000000.0,,,,,6000000.0,362000000.0,1.0,78107463.0,78107463.0,,24.71,7131000000.0,174000000.0,23000000.0,403000000.0,91.297,1599000000.0
39,ASH,MRQ,2011-09-30,2011-09-30,2011-09-30,2021-08-25,307000000.0,12966000000.0,,3387000000.0,9579000000.0,,52.999,-101000000.0,737000000.0,737000000.0,1528000000.0,-263000000.0,1.948,2.136,3832000000.0,184000000.0,3648000000.0,3832000000.0,0.0,88000000.0,0.0,0.015,0.175,-387000000.0,-299000000.0,-0.162,-299000000.0,-387000000.0,-420000000.0,-3.33,-3.27,-3.33,4135000000.0,,4135000000.0,3319829461.0,7.0,4.251,48000000.0,0.615,1.0,318000000.0,0.172,5425000000.0,33000000.0,8897000000.0,,925000000.0,193000000.0,0.0,193000000.0,8831000000.0,1739000000.0,7092000000.0,3443829461.0,-308000000.0,-1963000000.0,0.0,1632000000.0,-14000000.0,1619000000.0,-2077000000.0,11000000.0,149000000.0,1000000.0,-263000000.0,-263000000.0,-263000000.0,-9000000.0,0.0,-0.142,701000000.0,-383000000.0,911000000.0,-0.053,0.833,8.318,8.36,2914000000.0,0.0,44.14,0.53,0.53,1930000000.0,3200000000.0,1846000000.0,1846000000.0,22000000.0,,,,,3000000.0,673000000.0,1.0,78020604.0,78020604.0,,23.66,7541000000.0,163000000.0,-157000000.0,404000000.0,96.654,1648000000.0
40,ASH,MRQ,2011-06-30,2011-06-30,2011-06-30,2021-08-25,0.0,9482000000.0,,3016000000.0,6466000000.0,,57.71,-38000000.0,1045000000.0,1045000000.0,1233000000.0,93000000.0,2.269,1.076,921000000.0,73000000.0,848000000.0,921000000.0,0.0,68000000.0,0.0,0.01,0.175,146000000.0,214000000.0,0.128,214000000.0,146000000.0,124000000.0,1.2,1.17,1.2,4567000000.0,,4567000000.0,4891813489.0,7.0,4.951,-24000000.0,-0.303,1.0,434000000.0,0.26,3255000000.0,22000000.0,4774000000.0,,557000000.0,22000000.0,0.0,22000000.0,4915000000.0,1329000000.0,3586000000.0,5113813489.0,-84000000.0,2000000.0,-70000000.0,12000000.0,-13000000.0,-69000000.0,-36000000.0,0.0,14000000.0,7000000.0,93000000.0,93000000.0,93000000.0,-18000000.0,0.0,0.056,320000000.0,114000000.0,750000000.0,0.146,1.12,9.099,9.063,1774000000.0,0.0,64.62,0.829,0.829,1699000000.0,,1667000000.0,1667000000.0,19000000.0,,,,,4000000.0,301000000.0,1.0,79136699.0,79136699.0,,21.065,6227000000.0,409000000.0,31000000.0,145000000.0,78.687,1687000000.0
41,ASH,MRQ,2011-03-31,2011-03-31,2011-03-31,2021-08-25,0.0,9412000000.0,,2974000000.0,6438000000.0,,56.895,-30000000.0,1129000000.0,1129000000.0,1094000000.0,485000000.0,2.27,1.093,907000000.0,61000000.0,846000000.0,907000000.0,0.0,70000000.0,0.0,0.01,0.15,559000000.0,629000000.0,0.404,629000000.0,559000000.0,520000000.0,6.13,6.02,6.13,4497000000.0,,4497000000.0,5421359180.0,7.0,5.238,90000000.0,1.139,1.0,463000000.0,0.297,3230000000.0,39000000.0,4650000000.0,,534000000.0,22000000.0,0.0,22000000.0,4915000000.0,1310000000.0,3605000000.0,4565359180.0,755000000.0,19000000.0,1000000.0,-324000000.0,-12000000.0,-335000000.0,969000000.0,0.0,120000000.0,1000000.0,485000000.0,485000000.0,485000000.0,-303000000.0,0.0,0.311,221000000.0,242000000.0,708000000.0,0.024,1.015,7.399,7.386,1768000000.0,0.0,57.76,0.763,0.763,1582000000.0,,1557000000.0,1557000000.0,20000000.0,,,,,5000000.0,201000000.0,1.0,79040152.0,79040152.0,,19.699,6182000000.0,448000000.0,35000000.0,173000000.0,78.213,1664000000.0
42,ASH,MRQ,2010-12-31,2010-12-31,2010-12-31,2021-08-25,0.0,9349000000.0,,2705000000.0,6644000000.0,,49.168,-18000000.0,374000000.0,374000000.0,1035000000.0,99000000.0,1.886,1.411,1230000000.0,116000000.0,1114000000.0,1230000000.0,0.0,73000000.0,0.0,0.01,0.15,163000000.0,236000000.0,0.165,236000000.0,163000000.0,136000000.0,1.27,1.25,1.27,3877000000.0,,3877000000.0,4817434488.0,14.0,7.821,-56000000.0,-0.71,1.0,398000000.0,0.278,3172000000.0,27000000.0,5599000000.0,,497000000.0,22000000.0,0.0,22000000.0,5472000000.0,1434000000.0,4038000000.0,4010434488.0,-43000000.0,16000000.0,1000000.0,7000000.0,-12000000.0,-3000000.0,-3000000.0,0.0,-38000000.0,1000000.0,99000000.0,99000000.0,99000000.0,-28000000.0,0.0,0.069,296000000.0,102000000.0,640000000.0,0.118,1.034,26.042,25.817,1768000000.0,0.0,50.86,0.686,0.686,1457000000.0,,1433000000.0,1433000000.0,20000000.0,,,,,4000000.0,276000000.0,1.0,78852428.0,78852428.0,,18.173,6177000000.0,448000000.0,37000000.0,149000000.0,78.336,1271000000.0
43,ASH,MRQ,2010-09-30,2010-09-30,2010-09-30,2021-08-25,304000000.0,9530000000.0,,2833000000.0,6697000000.0,,48.355,-90000000.0,417000000.0,417000000.0,1188000000.0,-115000000.0,1.679,1.503,1224000000.0,116000000.0,1108000000.0,1224000000.0,0.0,71000000.0,0.0,0.009,0.15,-162000000.0,-91000000.0,-0.06,-91000000.0,-162000000.0,-187000000.0,-1.47,-1.45,-1.47,3807000000.0,,3807000000.0,4776683803.0,15.0,7.895,118000000.0,1.499,1.0,327000000.0,0.216,3259000000.0,25000000.0,5391000000.0,,447000000.0,0.0,0.0,0.0,5723000000.0,1687000000.0,4036000000.0,3839683803.0,-67000000.0,5000000.0,0.0,-186000000.0,-12000000.0,-208000000.0,-63000000.0,33000000.0,208000000.0,-4000000.0,-115000000.0,-115000000.0,-115000000.0,16000000.0,0.0,-0.076,464000000.0,-137000000.0,727000000.0,-0.102,1.009,27.232,26.797,1838000000.0,0.0,48.77,0.669,0.669,1574000000.0,2837000000.0,1515000000.0,1515000000.0,15000000.0,,,,,4000000.0,470000000.0,1.0,78730445.0,78730445.0,,19.243,6271000000.0,447000000.0,-72000000.0,145000000.0,79.652,1146000000.0
44,ASH,MRQ,2010-06-30,2010-06-30,2010-06-30,2021-08-25,0.0,9145000000.0,,2818000000.0,6327000000.0,,46.572,-33000000.0,484000000.0,484000000.0,1037000000.0,148000000.0,1.554,1.501,1421000000.0,319000000.0,1102000000.0,1421000000.0,0.0,68000000.0,0.0,0.008,0.15,193000000.0,261000000.0,0.177,261000000.0,193000000.0,167000000.0,1.89,1.85,1.89,3656000000.0,,3656000000.0,4608091620.0,7.0,4.902,34000000.0,0.433,1.0,441000000.0,0.298,3234000000.0,26000000.0,5035000000.0,,611000000.0,54000000.0,0.0,54000000.0,5489000000.0,1813000000.0,3676000000.0,3644091620.0,-15000000.0,-24000000.0,2000000.0,-44000000.0,-11000000.0,-52000000.0,-26000000.0,32000000.0,67000000.0,-4000000.0,148000000.0,148000000.0,148000000.0,-31000000.0,0.0,0.1,314000000.0,127000000.0,1020000000.0,0.079,0.997,10.442,10.135,1912000000.0,0.0,46.42,0.575,0.575,2032000000.0,,1478000000.0,1478000000.0,23000000.0,,,,,3000000.0,291000000.0,1.0,78502620.0,78502620.0,,18.827,5911000000.0,201000000.0,19000000.0,0.0,75.297,1005000000.0
45,ASH,MRQ,2010-03-31,2010-03-31,2010-03-31,2021-08-25,0.0,9239000000.0,,2735000000.0,6504000000.0,,47.169,-30000000.0,499000000.0,499000000.0,992000000.0,22000000.0,1.472,1.509,1463000000.0,362000000.0,1101000000.0,1463000000.0,0.0,67000000.0,0.0,0.006,0.075,143000000.0,210000000.0,0.148,210000000.0,143000000.0,40000000.0,0.28,0.27,0.28,3682000000.0,,3682000000.0,5307254326.0,8.0,5.775,153000000.0,1.96,1.0,431000000.0,0.303,3317000000.0,103000000.0,5028000000.0,,581000000.0,86000000.0,0.0,86000000.0,5557000000.0,1858000000.0,3699000000.0,4119254326.0,93000000.0,60000000.0,3000000.0,-149000000.0,-6000000.0,-151000000.0,67000000.0,41000000.0,183000000.0,-6000000.0,22000000.0,22000000.0,22000000.0,-16000000.0,0.0,0.015,313000000.0,118000000.0,1056000000.0,0.268,1.119,16.411,15.705,1964000000.0,0.0,52.77,0.597,0.597,1972000000.0,,1423000000.0,1423000000.0,20000000.0,,,,,4000000.0,293000000.0,1.0,78060533.0,78060533.0,,18.229,5922000000.0,189000000.0,18000000.0,0.0,75.864,877000000.0
46,ASH,MRQ,2009-12-31,2009-12-31,2009-12-31,2021-08-25,0.0,9230000000.0,,2467000000.0,6763000000.0,,50.11,-18000000.0,406000000.0,406000000.0,906000000.0,86000000.0,1.818,1.459,1594000000.0,78000000.0,1516000000.0,1594000000.0,0.0,74000000.0,0.0,0.008,0.075,149000000.0,223000000.0,0.168,223000000.0,149000000.0,108000000.0,1.13,1.1,1.13,3754000000.0,,3754000000.0,4229162768.0,7.0,4.627,30000000.0,0.4,1.0,418000000.0,0.316,3395000000.0,41000000.0,5666000000.0,,593000000.0,126000000.0,0.0,126000000.0,5476000000.0,1357000000.0,4119000000.0,2968162768.0,54000000.0,0.0,1000000.0,-19000000.0,-6000000.0,-24000000.0,26000000.0,44000000.0,48000000.0,4000000.0,86000000.0,86000000.0,86000000.0,-22000000.0,0.0,0.065,304000000.0,114000000.0,834000000.0,0.066,0.791,10.715,10.622,2013000000.0,0.0,39.62,0.398,0.398,1773000000.0,,1324000000.0,1324000000.0,20000000.0,,,,,3000000.0,284000000.0,1.0,74915769.0,74915769.0,,17.673,5835000000.0,201000000.0,22000000.0,0.0,77.887,1110000000.0
47,ASH,MRQ,2009-09-30,2009-09-30,2009-09-30,2021-08-25,-123000000.0,9607000000.0,,2478000000.0,7129000000.0,,48.152,-18000000.0,352000000.0,352000000.0,1601000000.0,93000000.0,1.571,1.681,1613000000.0,76000000.0,1537000000.0,1613000000.0,0.0,61000000.0,0.0,0.007,0.075,185000000.0,246000000.0,0.116,246000000.0,185000000.0,124000000.0,1.28,1.26,1.28,3584000000.0,,3584000000.0,4953885173.0,14.0,7.495,359000000.0,4.823,1.0,512000000.0,0.242,3401000000.0,61000000.0,5890000000.0,,527000000.0,170000000.0,0.0,170000000.0,6023000000.0,1577000000.0,4446000000.0,3216885173.0,96000000.0,107000000.0,7000000.0,-221000000.0,-5000000.0,-380000000.0,100000000.0,18000000.0,377000000.0,-1000000.0,93000000.0,93000000.0,93000000.0,5000000.0,0.0,0.044,388000000.0,124000000.0,973000000.0,0.059,0.898,45.308,44.102,2067000000.0,0.0,43.22,0.397,0.397,1902000000.0,3185000000.0,2113000000.0,2113000000.0,23000000.0,,,,,3000000.0,365000000.0,1.0,74430476.0,74430476.0,,28.389,6206000000.0,428000000.0,31000000.0,149000000.0,83.38,901000000.0
48,ASH,MRQ,2009-06-30,2009-06-30,2009-06-30,2021-08-25,0.0,9165000000.0,,2419000000.0,6746000000.0,,49.987,-26000000.0,256000000.0,256000000.0,1544000000.0,50000000.0,1.766,1.472,1993000000.0,115000000.0,1878000000.0,1993000000.0,0.0,88000000.0,0.0,0.018,0.075,152000000.0,240000000.0,0.118,240000000.0,152000000.0,90000000.0,0.67,0.66,0.67,3707000000.0,,3707000000.0,4139164129.0,22.0,8.788,325000000.0,4.382,1.0,493000000.0,0.242,3328000000.0,62000000.0,6204000000.0,,517000000.0,188000000.0,0.0,188000000.0,5458000000.0,1370000000.0,4088000000.0,2080164129.0,53000000.0,-2000000.0,2000000.0,-293000000.0,-6000000.0,-297000000.0,-2000000.0,26000000.0,351000000.0,1000000.0,50000000.0,50000000.0,50000000.0,1000000.0,0.0,0.025,353000000.0,140000000.0,783000000.0,0.112,0.561,-67.102,-49.211,2114000000.0,0.0,28.05,0.253,0.253,1869000000.0,,2037000000.0,2037000000.0,23000000.0,,,,,3000000.0,330000000.0,1.0,74159149.0,74159149.0,,27.468,5837000000.0,95000000.0,40000000.0,147000000.0,78.709,1049000000.0
49,ASH,MRQ,2009-03-31,2009-03-31,2009-03-31,2021-08-25,0.0,9237000000.0,,2400000000.0,6837000000.0,,48.089,-40000000.0,203000000.0,203000000.0,1531000000.0,48000000.0,1.728,1.607,2262000000.0,178000000.0,2084000000.0,2262000000.0,0.0,94000000.0,0.0,0.068,0.075,111000000.0,205000000.0,0.103,205000000.0,111000000.0,57000000.0,0.65,0.65,0.65,3543000000.0,,3543000000.0,3007079753.0,23.0,8.376,178000000.0,2.416,1.0,459000000.0,0.231,3367000000.0,54000000.0,6540000000.0,,579000000.0,214000000.0,0.0,214000000.0,5694000000.0,1389000000.0,4305000000.0,761079753.0,-19000000.0,4000000.0,0.0,-343000000.0,-5000000.0,-210000000.0,-25000000.0,11000000.0,218000000.0,-2000000.0,48000000.0,48000000.0,48000000.0,0.0,0.0,0.024,352000000.0,107000000.0,738000000.0,0.115,0.215,-84.564,-114.778,2146000000.0,0.0,10.33,0.091,0.091,1797000000.0,,1990000000.0,1990000000.0,23000000.0,,,,,1000000.0,329000000.0,1.0,73676646.0,73676646.0,,27.01,5870000000.0,93000000.0,9000000.0,218000000.0,79.672,1011000000.0
50,ASH,MRQ,2008-12-31,2008-12-31,2008-12-31,2021-08-25,0.0,9742000000.0,,2721000000.0,7021000000.0,,57.122,-36000000.0,222000000.0,222000000.0,1641000000.0,-119000000.0,1.565,1.706,2468000000.0,340000000.0,2128000000.0,2468000000.0,0.0,62000000.0,0.0,0.086,0.075,-92000000.0,-30000000.0,-0.015,-30000000.0,-92000000.0,-120000000.0,-1.73,-1.73,-1.73,3600000000.0,,3600000000.0,-157631770.0,-2.0,-0.595,43000000.0,0.682,1.0,325000000.0,0.165,3428000000.0,28000000.0,6821000000.0,,688000000.0,225000000.0,0.0,225000000.0,6142000000.0,1739000000.0,4403000000.0,662368230.0,-664000000.0,-2075000000.0,0.0,1604000000.0,-6000000.0,1460000000.0,-2188000000.0,18000000.0,79000000.0,-15000000.0,-119000000.0,-119000000.0,-119000000.0,0.0,0.0,-0.061,430000000.0,-105000000.0,871000000.0,-0.043,0.184,44.158,26.275,2191000000.0,0.0,10.51,0.078,0.078,1946000000.0,,1966000000.0,1966000000.0,27000000.0,,,,,2000000.0,317000000.0,1.0,63022667.0,63022667.0,,31.195,6314000000.0,103000000.0,-1000000.0,236000000.0,100.186,982000000.0
51,ASH,MRQ,2008-09-30,2008-09-30,2008-09-30,2021-08-25,30000000.0,5771000000.0,,3026000000.0,2745000000.0,,50.821,-87000000.0,886000000.0,886000000.0,1898000000.0,-10000000.0,2.46,0.802,66000000.0,21000000.0,45000000.0,66000000.0,0.0,40000000.0,0.0,0.038,0.275,16000000.0,56000000.0,0.025,56000000.0,16000000.0,18000000.0,-0.16,-0.15,-0.16,3202000000.0,,3202000000.0,1054279592.0,5.0,2.849,56000000.0,0.889,1.0,317000000.0,0.143,392000000.0,-2000000.0,3329000000.0,,476000000.0,243000000.0,0.0,243000000.0,2569000000.0,1230000000.0,1339000000.0,1842279592.0,33000000.0,-10000000.0,0.0,-1000000.0,-17000000.0,-18000000.0,-96000000.0,1000000.0,143000000.0,4000000.0,-10000000.0,-10000000.0,-10000000.0,9000000.0,0.0,-0.005,310000000.0,7000000.0,918000000.0,-1.719,0.575,11.032,11.034,1095000000.0,0.0,29.24,0.22,0.22,1869000000.0,3138000000.0,2215000000.0,2215000000.0,48000000.0,,,,,4000000.0,262000000.0,1.0,63005458.0,63005458.0,,35.156,5379000000.0,250000000.0,28000000.0,0.0,85.374,1796000000.0
52,ASH,MRQ,2008-06-30,2008-06-30,2008-06-30,2021-08-25,0.0,5844000000.0,,3093000000.0,2751000000.0,,53.358,-31000000.0,853000000.0,853000000.0,1844000000.0,72000000.0,2.569,0.74,65000000.0,20000000.0,45000000.0,65000000.0,0.0,34000000.0,0.0,0.023,0.275,94000000.0,128000000.0,0.058,128000000.0,94000000.0,99000000.0,1.15,1.13,1.15,3358000000.0,,3358000000.0,2253369106.0,10.0,5.778,79000000.0,1.255,1.0,357000000.0,0.162,405000000.0,-5000000.0,3447000000.0,,521000000.0,267000000.0,0.0,267000000.0,2486000000.0,1204000000.0,1282000000.0,3033369106.0,6000000.0,-115000000.0,1000000.0,-1000000.0,-17000000.0,-17000000.0,-87000000.0,59000000.0,110000000.0,0.0,72000000.0,72000000.0,72000000.0,-6000000.0,0.0,0.033,283000000.0,74000000.0,910000000.0,0.239,0.903,14.514,14.474,1064000000.0,0.0,48.2,0.368,0.368,1958000000.0,,2201000000.0,2201000000.0,0.0,,,,,3000000.0,283000000.0,1.0,62932969.0,62932969.0,,34.974,5439000000.0,205000000.0,27000000.0,0.0,86.425,1889000000.0
53,ASH,MRQ,2008-03-31,2008-03-31,2008-03-31,2021-08-25,0.0,5778000000.0,,3115000000.0,2663000000.0,,52.398,-53000000.0,847000000.0,847000000.0,1725000000.0,72000000.0,2.742,0.753,67000000.0,3000000.0,64000000.0,67000000.0,0.0,37000000.0,0.0,0.023,0.275,74000000.0,111000000.0,0.054,111000000.0,74000000.0,82000000.0,1.14,1.13,1.14,3296000000.0,,3296000000.0,2363296149.0,10.0,5.998,103000000.0,1.637,1.0,334000000.0,0.162,385000000.0,-8000000.0,3477000000.0,,545000000.0,328000000.0,74000000.0,254000000.0,2482000000.0,1136000000.0,1346000000.0,2975296149.0,166000000.0,25000000.0,0.0,-3000000.0,-18000000.0,-21000000.0,31000000.0,59000000.0,156000000.0,0.0,72000000.0,72000000.0,72000000.0,0.0,0.0,0.035,292000000.0,42000000.0,861000000.0,0.241,0.903,12.554,12.513,1015000000.0,0.0,47.3,0.37,0.37,1941000000.0,,2059000000.0,2059000000.0,0.0,,,,,2000000.0,292000000.0,1.0,62902667.0,62902667.0,,32.733,5393000000.0,213000000.0,10000000.0,0.0,85.736,1979000000.0
54,ASH,MRQ,2007-12-31,2007-12-31,2007-12-31,2021-08-25,0.0,5646000000.0,,3236000000.0,2410000000.0,,50.938,-24000000.0,681000000.0,681000000.0,1589000000.0,33000000.0,3.1,0.761,69000000.0,5000000.0,64000000.0,69000000.0,0.0,34000000.0,0.0,0.023,0.275,41000000.0,75000000.0,0.039,75000000.0,41000000.0,53000000.0,0.52,0.52,0.52,3206000000.0,,3206000000.0,2157221434.0,9.0,5.878,37000000.0,0.588,1.0,316000000.0,0.166,380000000.0,-12000000.0,3610000000.0,,633000000.0,394000000.0,394000000.0,0.0,2440000000.0,1044000000.0,1396000000.0,2985221434.0,-216000000.0,-3000000.0,2000000.0,0.0,-17000000.0,-14000000.0,-266000000.0,-239000000.0,61000000.0,3000000.0,33000000.0,33000000.0,33000000.0,5000000.0,0.0,0.017,281000000.0,35000000.0,696000000.0,0.529,0.931,13.95,13.868,989000000.0,0.0,47.43,0.378,0.378,1822000000.0,,1905000000.0,1905000000.0,0.0,,,,,3000000.0,281000000.0,1.0,62939520.0,62939520.0,,30.267,5266000000.0,220000000.0,20000000.0,0.0,83.668,2192000000.0
55,ASH,MRQ,2007-09-30,2007-09-30,2007-09-30,2021-08-25,97000000.0,5686000000.0,,3276000000.0,2410000000.0,,50.211,-25000000.0,897000000.0,897000000.0,1740000000.0,32000000.0,2.844,0.803,69000000.0,5000000.0,64000000.0,69000000.0,0.0,50000000.0,0.0,0.188,0.275,26000000.0,76000000.0,0.036,76000000.0,26000000.0,38000000.0,0.52,0.51,0.52,3154000000.0,,3154000000.0,3004060082.0,12.0,8.011,158000000.0,2.515,1.0,345000000.0,0.165,377000000.0,-12000000.0,3329000000.0,,610000000.0,155000000.0,155000000.0,0.0,2532000000.0,1152000000.0,1380000000.0,3782060082.0,49000000.0,-3000000.0,2000000.0,-1000000.0,-17000000.0,-15000000.0,-124000000.0,-13000000.0,183000000.0,5000000.0,32000000.0,32000000.0,32000000.0,0.0,0.0,0.015,337000000.0,8000000.0,1141000000.0,0.529,1.199,16.444,16.451,983000000.0,0.0,60.21,0.486,0.486,1925000000.0,3040000000.0,2085000000.0,2085000000.0,45000000.0,,,,,16000000.0,292000000.0,1.0,62814484.0,62814484.0,,33.193,5309000000.0,226000000.0,6000000.0,6000000.0,84.519,2124000000.0
56,ASH,MRQ,2007-06-30,2007-06-30,2007-06-30,2021-08-25,0.0,5612000000.0,,3192000000.0,2420000000.0,,48.395,-36000000.0,848000000.0,848000000.0,1643000000.0,100000000.0,2.783,0.847,70000000.0,5000000.0,65000000.0,70000000.0,0.0,26000000.0,0.0,0.177,0.275,106000000.0,132000000.0,0.067,132000000.0,106000000.0,115000000.0,1.6,1.58,1.6,3038000000.0,,3038000000.0,3507431897.0,9.0,7.043,52000000.0,0.828,1.0,340000000.0,0.171,373000000.0,-9000000.0,3314000000.0,,587000000.0,141000000.0,141000000.0,0.0,2574000000.0,1147000000.0,1427000000.0,4014431897.0,264000000.0,0.0,0.0,-7000000.0,-17000000.0,-24000000.0,200000000.0,229000000.0,88000000.0,0.0,100000000.0,100000000.0,100000000.0,-14000000.0,0.0,0.05,259000000.0,81000000.0,1138000000.0,0.172,1.321,10.087,10.712,969000000.0,0.0,63.95,0.529,0.529,1926000000.0,,1983000000.0,1983000000.0,0.0,,,,,0.0,259000000.0,1.0,62774541.0,62774541.0,,31.589,5239000000.0,259000000.0,15000000.0,4000000.0,83.457,2045000000.0
57,ASH,MRQ,2007-03-31,2007-03-31,2007-03-31,2021-08-25,0.0,5557000000.0,,3144000000.0,2413000000.0,,46.633,-31000000.0,584000000.0,584000000.0,1575000000.0,49000000.0,2.676,0.902,77000000.0,10000000.0,67000000.0,77000000.0,0.0,29000000.0,0.0,0.172,0.275,55000000.0,84000000.0,0.044,84000000.0,55000000.0,64000000.0,0.78,0.77,0.78,2921000000.0,,2921000000.0,3670017966.0,10.0,7.459,10000000.0,0.16,1.0,340000000.0,0.178,375000000.0,-9000000.0,3500000000.0,,576000000.0,371000000.0,371000000.0,0.0,2636000000.0,1175000000.0,1461000000.0,4109017966.0,68000000.0,1000000.0,4000000.0,0.0,-17000000.0,-11000000.0,38000000.0,59000000.0,41000000.0,0.0,49000000.0,49000000.0,49000000.0,-18000000.0,0.0,0.026,309000000.0,31000000.0,1143000000.0,0.353,1.407,10.509,11.549,957000000.0,0.0,65.6,0.551,0.551,1897000000.0,,1915000000.0,1915000000.0,0.0,,,,,0.0,309000000.0,1.0,62637469.0,62637469.0,,30.573,5182000000.0,280000000.0,15000000.0,22000000.0,82.73,1969000000.0
58,ASH,MRQ,2006-12-31,2006-12-31,2006-12-31,2021-08-25,0.0,5426000000.0,,3014000000.0,2412000000.0,,44.802,-35000000.0,516000000.0,516000000.0,1489000000.0,49000000.0,2.801,0.885,77000000.0,7000000.0,70000000.0,77000000.0,0.0,28000000.0,0.0,0.163,10.475,54000000.0,82000000.0,0.045,82000000.0,54000000.0,70000000.0,0.76,0.75,0.76,2878000000.0,,2878000000.0,2706014795.0,7.0,5.638,-161000000.0,-2.506,1.0,314000000.0,0.174,377000000.0,-16000000.0,3534000000.0,,580000000.0,436000000.0,436000000.0,0.0,2548000000.0,1076000000.0,1472000000.0,4444014795.0,-1304000000.0,-73000000.0,-275000000.0,-5000000.0,-692000000.0,-966000000.0,-212000000.0,-79000000.0,-126000000.0,0.0,49000000.0,49000000.0,49000000.0,4000000.0,0.0,0.027,266000000.0,48000000.0,1059000000.0,13.783,1.544,11.366,12.398,963000000.0,0.0,69.18,0.605,0.605,1781000000.0,,1803000000.0,1803000000.0,0.0,,,,,0.0,266000000.0,1.0,64238433.0,64238433.0,,28.067,5049000000.0,265000000.0,21000000.0,10000000.0,78.598,1938000000.0
59,ASH,MRQ,2006-09-30,2006-09-30,2006-09-30,2021-08-25,-44000000.0,6590000000.0,,4250000000.0,2340000000.0,,43.543,-40000000.0,1820000000.0,1820000000.0,1611000000.0,200000000.0,2.082,1.129,82000000.0,12000000.0,70000000.0,82000000.0,0.0,31000000.0,0.0,0.017,0.275,169000000.0,200000000.0,0.106,200000000.0,169000000.0,187000000.0,2.83,2.78,2.83,3096000000.0,,3096000000.0,4259937158.0,11.0,8.52,192000000.0,2.7,1.0,270000000.0,0.144,310000000.0,-18000000.0,2501000000.0,,532000000.0,349000000.0,349000000.0,0.0,3494000000.0,2041000000.0,1453000000.0,4534937158.0,1457000000.0,-6000000.0,-266000000.0,-6000000.0,-19000000.0,-291000000.0,1514000000.0,260000000.0,232000000.0,2000000.0,200000000.0,200000000.0,200000000.0,-143000000.0,0.0,0.106,285000000.0,-15000000.0,1976000000.0,0.097,1.465,11.142,11.131,950000000.0,0.0,63.78,0.627,0.627,1845000000.0,2899000000.0,1881000000.0,1881000000.0,0.0,,,,,25000000.0,285000000.0,1.0,71102809.0,71102809.0,,26.455,6280000000.0,279000000.0,-13000000.0,53000000.0,88.323,2209000000.0
60,ASH,MRQ,2006-06-30,2006-06-30,2006-06-30,2021-08-25,0.0,6933000000.0,,3617000000.0,3316000000.0,,53.487,-39000000.0,363000000.0,363000000.0,1538000000.0,93000000.0,2.434,0.824,88000000.0,18000000.0,70000000.0,88000000.0,0.0,28000000.0,0.0,0.016,0.275,98000000.0,126000000.0,0.068,126000000.0,98000000.0,107000000.0,1.31,1.29,1.31,3801000000.0,,3801000000.0,4352962797.0,25.0,20.728,91000000.0,1.281,1.0,324000000.0,0.174,300000000.0,-9000000.0,4872000000.0,,519000000.0,621000000.0,621000000.0,0.0,3132000000.0,1486000000.0,1646000000.0,4739962797.0,-113000000.0,-175000000.0,3000000.0,-2000000.0,-19000000.0,-16000000.0,-227000000.0,4000000.0,130000000.0,0.0,93000000.0,93000000.0,93000000.0,-51000000.0,0.0,0.05,277000000.0,47000000.0,1159000000.0,0.21,1.247,14.859,15.548,935000000.0,0.0,66.7,0.888,0.888,1840000000.0,,1862000000.0,1862000000.0,0.0,,,,,0.0,277000000.0,1.0,71063910.0,71063910.0,,26.202,6633000000.0,320000000.0,14000000.0,48000000.0,93.339,2131000000.0
61,ASH,MRQ,2006-03-31,2006-03-31,2006-03-31,2021-08-25,0.0,6552000000.0,,3469000000.0,3083000000.0,,51.835,-50000000.0,476000000.0,476000000.0,1484000000.0,49000000.0,2.644,0.774,89000000.0,12000000.0,77000000.0,89000000.0,0.0,27000000.0,0.0,0.015,0.275,45000000.0,72000000.0,0.04,72000000.0,45000000.0,54000000.0,0.68,0.67,0.68,3694000000.0,,3694000000.0,4553524587.0,3.0,2.688,77000000.0,1.08,1.0,311000000.0,0.173,230000000.0,-9000000.0,4623000000.0,,494000000.0,621000000.0,621000000.0,0.0,2858000000.0,1312000000.0,1546000000.0,5065524587.0,-125000000.0,-2000000.0,-32000000.0,0.0,-20000000.0,-49000000.0,-203000000.0,-137000000.0,127000000.0,0.0,49000000.0,49000000.0,49000000.0,1000000.0,0.0,0.027,262000000.0,49000000.0,1083000000.0,0.404,1.371,2.542,2.622,854000000.0,0.0,71.08,0.804,0.804,1624000000.0,,1795000000.0,1795000000.0,0.0,,,,,0.0,262000000.0,1.0,71265118.0,71265118.0,,25.188,6322000000.0,305000000.0,5000000.0,6000000.0,88.711,2157000000.0
62,ASH,MRQ,2005-12-31,2005-12-31,2005-12-31,2021-08-25,0.0,6482000000.0,,3388000000.0,3094000000.0,,51.359,-25000000.0,601000000.0,601000000.0,1397000000.0,66000000.0,2.728,0.759,89000000.0,12000000.0,77000000.0,89000000.0,0.0,25000000.0,0.0,0.019,0.275,79000000.0,104000000.0,0.061,104000000.0,79000000.0,89000000.0,0.92,0.91,0.92,3686000000.0,,3686000000.0,3264439864.0,2.0,1.86,-172000000.0,-2.397,1.0,299000000.0,0.176,231000000.0,-10000000.0,4497000000.0,,499000000.0,479000000.0,479000000.0,0.0,2796000000.0,1242000000.0,1554000000.0,4155439864.0,-384000000.0,0.0,-92000000.0,-5000000.0,-20000000.0,-116000000.0,-121000000.0,-75000000.0,-147000000.0,0.0,66000000.0,66000000.0,66000000.0,-31000000.0,0.0,0.039,253000000.0,46000000.0,1025000000.0,0.299,1.127,2.102,2.154,833000000.0,0.0,57.9,0.625,0.625,1554000000.0,,1696000000.0,1696000000.0,0.0,,,,,0.0,253000000.0,1.0,71769255.0,71769255.0,,23.631,6251000000.0,288000000.0,23000000.0,2000000.0,87.099,2146000000.0
63,ASH,MRQ,2005-09-30,2005-09-30,2005-09-30,2021-08-25,-118000000.0,6815000000.0,,3757000000.0,3058000000.0,,50.391,105000000.0,985000000.0,985000000.0,-133000000.0,111000000.0,2.432,0.823,94000000.0,12000000.0,82000000.0,94000000.0,0.0,-41000000.0,0.0,0.02,0.275,-51000000.0,-92000000.0,6.133,-92000000.0,-51000000.0,38000000.0,1.38,1.37,1.38,3739000000.0,,3739000000.0,3574797836.0,2.0,1.908,120000000.0,1.617,1.0,118000000.0,-7.867,235000000.0,-89000000.0,4144000000.0,,439000000.0,403000000.0,403000000.0,0.0,3076000000.0,1545000000.0,1531000000.0,4098797836.0,293000000.0,923000000.0,-85000000.0,-75000000.0,-19000000.0,-176000000.0,570000000.0,-251000000.0,15000000.0,0.0,111000000.0,111000000.0,111000000.0,-46000000.0,0.0,-7.4,122000000.0,-4000000.0,1239000000.0,0.199,1.096,2.045,2.009,830000000.0,0.0,55.24,0.562,0.562,1612000000.0,3251000000.0,-15000000.0,-15000000.0,0.0,,,,,0.0,122000000.0,1.0,74199816.0,74199816.0,,-0.202,6580000000.0,332000000.0,-73000000.0,13000000.0,88.679,2212000000.0
64,ASH,MRQ,2005-06-30,2005-06-30,2005-06-30,2021-08-25,0.0,6921000000.0,,3930000000.0,2991000000.0,,51.42,-158000000.0,692000000.0,692000000.0,2074000000.0,1767000000.0,2.608,0.847,168000000.0,78000000.0,90000000.0,168000000.0,0.0,48000000.0,0.0,0.015,0.275,1562000000.0,1610000000.0,0.571,1610000000.0,1562000000.0,1531000000.0,24.13,23.65,24.13,3747000000.0,,3747000000.0,5889185514.0,3.0,2.914,60000000.0,0.823,1.0,747000000.0,0.265,649000000.0,31000000.0,4241000000.0,,567000000.0,0.0,0.0,0.0,3174000000.0,1507000000.0,1667000000.0,5237185514.0,618000000.0,2330000000.0,49000000.0,-1781000000.0,-20000000.0,-1741000000.0,2025000000.0,-150000000.0,218000000.0,0.0,1767000000.0,1767000000.0,1767000000.0,0.0,0.0,0.626,337000000.0,410000000.0,1358000000.0,0.011,1.398,2.502,2.502,1380000000.0,0.0,71.87,0.723,0.723,2807000000.0,,2821000000.0,2821000000.0,0.0,,,,,0.0,337000000.0,1.0,72870259.0,72870259.0,,38.713,6272000000.0,273000000.0,-236000000.0,71000000.0,86.071,2423000000.0
65,ASH,MRQ,2005-03-31,2005-03-31,2005-03-31,2021-08-25,0.0,7815000000.0,,2233000000.0,5582000000.0,,40.217,-72000000.0,74000000.0,74000000.0,1754000000.0,33000000.0,1.111,1.696,1812000000.0,726000000.0,1086000000.0,1812000000.0,0.0,47000000.0,0.0,0.016,0.275,86000000.0,133000000.0,0.062,133000000.0,86000000.0,57000000.0,0.45,0.44,0.45,2899000000.0,,2899000000.0,6379544454.0,10.0,8.575,-260000000.0,-3.607,1.0,395000000.0,0.184,622000000.0,29000000.0,6921000000.0,,546000000.0,2926000000.0,0.0,2926000000.0,4916000000.0,2010000000.0,2906000000.0,4863544454.0,-72000000.0,10000000.0,31000000.0,151000000.0,-20000000.0,166000000.0,-58000000.0,0.0,-188000000.0,0.0,33000000.0,33000000.0,33000000.0,0.0,0.0,0.015,309000000.0,86000000.0,1254000000.0,0.611,1.678,9.987,9.807,1302000000.0,0.0,67.47,0.709,0.709,1691000000.0,,2149000000.0,2149000000.0,0.0,,,,,0.0,309000000.0,1.0,72084548.0,72084548.0,,29.812,7193000000.0,220000000.0,24000000.0,294000000.0,99.786,223000000.0
66,ASH,MRQ,2004-12-31,2004-12-31,2004-12-31,2021-08-25,0.0,7563000000.0,,2097000000.0,5466000000.0,,39.532,-55000000.0,146000000.0,146000000.0,1849000000.0,94000000.0,1.139,1.659,1662000000.0,575000000.0,1087000000.0,1662000000.0,0.0,46000000.0,0.0,0.019,0.275,178000000.0,224000000.0,0.096,224000000.0,178000000.0,149000000.0,1.3,1.28,1.3,2844000000.0,,2844000000.0,4395942143.0,8.0,6.61,-111000000.0,-1.543,1.0,491000000.0,0.21,624000000.0,29000000.0,6614000000.0,,538000000.0,2856000000.0,0.0,2856000000.0,4719000000.0,1841000000.0,2878000000.0,4199942143.0,-97000000.0,-95000000.0,20000000.0,113000000.0,-20000000.0,115000000.0,-148000000.0,0.0,-56000000.0,0.0,94000000.0,94000000.0,94000000.0,0.0,0.0,0.04,311000000.0,180000000.0,1197000000.0,0.212,1.477,9.589,9.416,1277000000.0,0.0,58.38,0.64,0.64,1608000000.0,,2340000000.0,2340000000.0,0.0,,,,,0.0,311000000.0,1.0,71941455.0,71941455.0,,32.526,6939000000.0,95000000.0,55000000.0,317000000.0,96.453,256000000.0
67,ASH,MRQ,2004-09-30,2004-09-30,2004-09-30,2021-08-25,-106000000.0,7502000000.0,,2302000000.0,5200000000.0,,38.077,-16000000.0,243000000.0,243000000.0,-281000000.0,199000000.0,1.268,1.772,1548000000.0,0.0,1548000000.0,1548000000.0,0.0,-46000000.0,0.0,0.02,0.275,100000000.0,54000000.0,-0.844,54000000.0,100000000.0,188000000.0,2.84,2.78,2.84,2706000000.0,,2706000000.0,5344419134.0,11.0,9.279,50000000.0,0.704,1.0,217000000.0,-3.391,529000000.0,-88000000.0,6463000000.0,,458000000.0,2713000000.0,0.0,2713000000.0,4796000000.0,1815000000.0,2981000000.0,3985419134.0,60000000.0,-48000000.0,22000000.0,7000000.0,-20000000.0,12000000.0,44000000.0,0.0,66000000.0,0.0,199000000.0,199000000.0,199000000.0,-83000000.0,0.0,-3.109,86000000.0,131000000.0,1362000000.0,0.097,1.473,10.543,10.366,1256000000.0,0.0,56.08,0.641,0.641,1689000000.0,2262000000.0,-64000000.0,-64000000.0,0.0,,,,,0.0,86000000.0,1.0,71066675.0,71066675.0,,-0.901,6973000000.0,103000000.0,-11000000.0,381000000.0,98.119,487000000.0
68,ASH,MRQ,2004-06-30,2004-06-30,2004-06-30,2021-08-25,0.0,7267000000.0,,2229000000.0,5038000000.0,,35.525,-35000000.0,183000000.0,183000000.0,1844000000.0,161000000.0,1.391,1.907,1542000000.0,204000000.0,1338000000.0,1542000000.0,0.0,47000000.0,0.0,0.021,0.275,286000000.0,333000000.0,0.137,333000000.0,286000000.0,257000000.0,2.29,2.26,2.29,2500000000.0,,2500000000.0,5095404362.0,9.0,6.643,-16000000.0,-0.227,1.0,595000000.0,0.244,513000000.0,29000000.0,6510000000.0,,510000000.0,2568000000.0,0.0,2568000000.0,4767000000.0,1603000000.0,3164000000.0,3716404362.0,3000000.0,37000000.0,32000000.0,-14000000.0,-19000000.0,-1000000.0,-6000000.0,0.0,19000000.0,0.0,161000000.0,161000000.0,161000000.0,6000000.0,0.0,0.066,303000000.0,292000000.0,1384000000.0,0.12,1.487,11.798,11.607,1218000000.0,0.0,52.81,0.433,0.433,1617000000.0,,2439000000.0,2439000000.0,0.0,,,,,0.0,303000000.0,1.0,70373118.0,70373118.0,,34.658,6754000000.0,115000000.0,96000000.0,328000000.0,95.974,626000000.0
69,ASH,MRQ,2004-03-31,2004-03-31,2004-03-31,2021-08-25,0.0,6902000000.0,,2047000000.0,4855000000.0,,33.523,-33000000.0,180000000.0,180000000.0,1547000000.0,-16000000.0,1.378,1.962,206000000.0,206000000.0,1353000000.0,206000000.0,0.0,49000000.0,0.0,0.024,0.275,5000000.0,54000000.0,0.029,54000000.0,5000000.0,-24000000.0,-0.23,-0.23,-0.23,2330000000.0,,2330000000.0,4604264484.0,11.0,7.414,-43000000.0,-0.619,1.0,305000000.0,0.165,524000000.0,29000000.0,4919000000.0,,475000000.0,2349000000.0,0.0,2349000000.0,4572000000.0,1485000000.0,3087000000.0,3231264484.0,-21000000.0,6000000.0,37000000.0,-15000000.0,-19000000.0,3000000.0,-15000000.0,0.0,-10000000.0,0.0,-16000000.0,-16000000.0,-16000000.0,5000000.0,0.0,-0.009,295000000.0,10000000.0,1262000000.0,-1.196,1.387,14.425,14.174,1253000000.0,0.0,46.49,0.39,0.39,1537000000.0,,1852000000.0,1852000000.0,0.0,,,,,0.0,295000000.0,1.0,69504506.0,69504506.0,,26.646,6378000000.0,120000000.0,-8000000.0,238000000.0,91.764,562000000.0
70,ASH,MRQ,2003-12-31,2003-12-31,2003-12-31,2021-08-25,0.0,6781000000.0,,1942000000.0,4839000000.0,,33.788,-53000000.0,201000000.0,201000000.0,1611000000.0,34000000.0,1.467,1.925,1574000000.0,145000000.0,1429000000.0,1574000000.0,0.0,48000000.0,0.0,0.025,0.275,87000000.0,135000000.0,0.068,135000000.0,87000000.0,57000000.0,0.49,0.49,0.49,2318000000.0,,2318000000.0,2901669197.0,7.0,4.901,15000000.0,0.219,1.0,376000000.0,0.189,527000000.0,30000000.0,6303000000.0,,483000000.0,2335000000.0,0.0,2335000000.0,4463000000.0,1324000000.0,3139000000.0,3022669197.0,-22000000.0,0.0,17000000.0,-38000000.0,-19000000.0,-40000000.0,-44000000.0,0.0,68000000.0,0.0,34000000.0,34000000.0,34000000.0,5000000.0,0.0,0.017,284000000.0,92000000.0,1123000000.0,0.561,1.304,15.038,14.986,1278000000.0,0.0,44.06,0.373,0.373,1448000000.0,,1987000000.0,1987000000.0,0.0,,,,,0.0,284000000.0,1.0,68603477.0,68603477.0,,28.964,6254000000.0,110000000.0,23000000.0,277000000.0,91.162,618000000.0
71,ASH,MRQ,2003-09-30,2003-09-30,2003-09-30,2021-08-25,-126000000.0,7006000000.0,,2085000000.0,4921000000.0,,33.01,-28000000.0,223000000.0,223000000.0,2094000000.0,136000000.0,1.405,2.11,102000000.0,102000000.0,1512000000.0,102000000.0,0.0,51000000.0,0.0,0.033,0.275,194000000.0,245000000.0,0.106,245000000.0,194000000.0,163000000.0,2.0,1.99,2.0,2253000000.0,,2253000000.0,3990070053.0,16.0,8.847,103000000.0,1.509,1.0,218000000.0,0.094,523000000.0,31000000.0,4878000000.0,,441000000.0,2448000000.0,0.0,2448000000.0,4753000000.0,1484000000.0,3269000000.0,2242070053.0,111000000.0,2000000.0,1000000.0,-278000000.0,-19000000.0,-296000000.0,-7000000.0,0.0,131000000.0,0.0,136000000.0,136000000.0,136000000.0,-80000000.0,0.0,0.059,99000000.0,119000000.0,1371000000.0,0.138,0.995,29.894,29.864,1272000000.0,0.0,32.85,0.283,0.283,1534000000.0,1961000000.0,2312000000.0,2312000000.0,0.0,,,,,0.0,252000000.0,1.0,68251752.0,68251752.0,,33.875,6483000000.0,142000000.0,27000000.0,302000000.0,94.987,601000000.0
72,ASH,MRQ,2003-06-30,2003-06-30,2003-06-30,2021-08-25,0.0,7038000000.0,,2151000000.0,4887000000.0,,31.359,-32000000.0,112000000.0,112000000.0,1602000000.0,70000000.0,1.366,2.289,1860000000.0,296000000.0,1564000000.0,1860000000.0,0.0,50000000.0,0.0,0.036,0.275,137000000.0,187000000.0,0.088,187000000.0,137000000.0,106000000.0,1.02,1.01,1.02,2140000000.0,,2140000000.0,3798683490.0,25.0,10.465,-19000000.0,-0.278,1.0,523000000.0,0.246,519000000.0,31000000.0,6692000000.0,,512000000.0,2401000000.0,0.0,2401000000.0,4898000000.0,1575000000.0,3323000000.0,2093683490.0,6000000.0,-1000000.0,0.0,48000000.0,-19000000.0,29000000.0,-32000000.0,0.0,13000000.0,0.0,70000000.0,70000000.0,70000000.0,1000000.0,0.0,0.033,385000000.0,138000000.0,1235000000.0,0.27,0.978,-149.549,-133.391,1224000000.0,0.0,30.68,0.271,0.271,1443000000.0,,2125000000.0,2125000000.0,0.0,,,,,0.0,336000000.0,1.0,68242617.0,68242617.0,,31.139,6519000000.0,98000000.0,36000000.0,217000000.0,95.527,576000000.0
73,ASH,MRQ,2003-03-31,2003-03-31,2003-03-31,2021-08-25,0.0,6869000000.0,,2056000000.0,4813000000.0,,30.123,-29000000.0,106000000.0,106000000.0,1322000000.0,-39000000.0,1.346,2.341,1811000000.0,243000000.0,1568000000.0,1811000000.0,0.0,51000000.0,0.0,0.037,0.275,-26000000.0,25000000.0,0.015,25000000.0,-26000000.0,-58000000.0,-0.57,-0.57,-0.57,2056000000.0,,2056000000.0,3732071168.0,24.0,10.396,14000000.0,0.205,1.0,361000000.0,0.214,514000000.0,32000000.0,6532000000.0,,484000000.0,2315000000.0,0.0,2315000000.0,4813000000.0,1528000000.0,3285000000.0,2025071168.0,-13000000.0,1000000.0,0.0,-15000000.0,-18000000.0,-33000000.0,-35000000.0,0.0,43000000.0,0.0,-39000000.0,-39000000.0,-39000000.0,2000000.0,0.0,-0.023,385000000.0,-24000000.0,1236000000.0,-0.482,0.985,-106.583,-95.71,1248000000.0,0.0,29.67,0.264,0.264,1429000000.0,,1683000000.0,1683000000.0,0.0,,,,,0.0,334000000.0,1.0,68253157.0,68253157.0,,24.658,6355000000.0,85000000.0,-19000000.0,185000000.0,93.109,528000000.0
74,ASH,MRQ,2002-12-31,2002-12-31,2002-12-31,2021-08-25,0.0,6710000000.0,,1905000000.0,4805000000.0,,30.406,-23000000.0,119000000.0,119000000.0,1373000000.0,-92000000.0,1.459,2.234,1826000000.0,228000000.0,1598000000.0,1826000000.0,0.0,52000000.0,0.0,0.039,0.275,-59000000.0,-7000000.0,-0.004,-7000000.0,-59000000.0,-91000000.0,-1.35,-1.35,-1.35,2075000000.0,,2075000000.0,2057949880.0,11.0,5.331,32000000.0,0.469,1.0,418000000.0,0.233,511000000.0,32000000.0,6600000000.0,,474000000.0,2300000000.0,0.0,2300000000.0,4635000000.0,1306000000.0,3329000000.0,1946949880.0,29000000.0,0.0,1000000.0,19000000.0,-19000000.0,1000000.0,-23000000.0,0.0,55000000.0,0.0,-92000000.0,-92000000.0,-92000000.0,91000000.0,0.0,-0.051,386000000.0,32000000.0,1022000000.0,-0.204,0.938,-1946.95,-570.6,1264000000.0,0.0,28.53,0.255,0.255,1341000000.0,,1791000000.0,1791000000.0,0.0,,,,,0.0,334000000.0,1.0,68242197.0,68242197.0,,26.245,6199000000.0,83000000.0,1000000.0,172000000.0,90.838,599000000.0
75,ASH,MRQ,2002-09-30,2002-09-30,2002-09-30,2021-08-25,-194000000.0,6722000000.0,,2071000000.0,4651000000.0,,31.51,-48000000.0,90000000.0,90000000.0,1830000000.0,47000000.0,1.363,2.093,201000000.0,201000000.0,1606000000.0,201000000.0,0.0,55000000.0,0.0,0.041,0.275,103000000.0,158000000.0,0.074,158000000.0,103000000.0,68000000.0,0.67,0.67,0.67,2173000000.0,,2173000000.0,3648517645.0,11.0,6.871,113000000.0,1.639,1.0,296000000.0,0.139,510000000.0,35000000.0,4803000000.0,,456000000.0,2350000000.0,0.0,2350000000.0,4549000000.0,1520000000.0,3029000000.0,1847517645.0,-11000000.0,-3000000.0,-31000000.0,-102000000.0,-19000000.0,-152000000.0,-26000000.0,0.0,161000000.0,0.0,47000000.0,47000000.0,47000000.0,-6000000.0,0.0,0.022,200000000.0,96000000.0,1256000000.0,0.41,0.85,15.791,15.852,1291000000.0,0.0,26.79,0.243,0.243,1227000000.0,1961000000.0,2126000000.0,2126000000.0,0.0,,,,,0.0,353000000.0,1.0,68962958.0,68962958.0,,30.828,6212000000.0,119000000.0,21000000.0,270000000.0,90.077,551000000.0
76,ASH,MRQ,2002-06-30,2002-06-30,2002-06-30,2021-08-25,0.0,6857000000.0,,1941000000.0,4916000000.0,,32.6,-38000000.0,101000000.0,101000000.0,1602000000.0,65000000.0,1.211,2.031,1902000000.0,302000000.0,1600000000.0,1902000000.0,0.0,47000000.0,0.0,0.027,0.275,136000000.0,183000000.0,0.088,183000000.0,136000000.0,103000000.0,0.94,0.93,0.94,2262000000.0,,2262000000.0,4520121296.0,10.0,6.706,-41000000.0,-0.591,1.0,482000000.0,0.231,507000000.0,33000000.0,6548000000.0,,469000000.0,2406000000.0,0.0,2406000000.0,4595000000.0,1603000000.0,2992000000.0,2810121296.0,-55000000.0,-4000000.0,-11000000.0,32000000.0,-19000000.0,2000000.0,-61000000.0,0.0,-3000000.0,0.0,65000000.0,65000000.0,65000000.0,-4000000.0,0.0,0.031,350000000.0,132000000.0,1225000000.0,0.293,1.242,15.108,15.169,1309000000.0,0.0,40.5,0.363,0.363,1221000000.0,,2084000000.0,2084000000.0,0.0,,,,,0.0,298000000.0,1.0,69385711.0,69385711.0,,30.035,6350000000.0,130000000.0,38000000.0,324000000.0,91.517,338000000.0
77,ASH,MRQ,2002-03-31,2002-03-31,2002-03-31,2021-08-25,0.0,6660000000.0,,1835000000.0,4825000000.0,,31.781,-48000000.0,156000000.0,156000000.0,1290000000.0,-21000000.0,1.273,2.023,1866000000.0,241000000.0,1625000000.0,1866000000.0,0.0,53000000.0,0.0,0.024,0.275,-1000000.0,52000000.0,0.032,52000000.0,-1000000.0,-35000000.0,-0.31,-0.31,-0.31,2203000000.0,,2203000000.0,4735642292.0,7.0,5.142,-128000000.0,-1.847,1.0,335000000.0,0.206,515000000.0,34000000.0,6414000000.0,,475000000.0,2328000000.0,0.0,2328000000.0,4457000000.0,1441000000.0,3016000000.0,3154642292.0,-108000000.0,-3000000.0,7000000.0,20000000.0,-19000000.0,8000000.0,-36000000.0,0.0,-80000000.0,0.0,-21000000.0,-21000000.0,-21000000.0,0.0,0.0,-0.013,336000000.0,-1000000.0,1104000000.0,-0.887,1.432,9.92,10.002,1424000000.0,0.0,45.51,0.392,0.392,1162000000.0,,1625000000.0,1625000000.0,0.0,,,,,0.0,282000000.0,1.0,69317563.0,69317563.0,,23.443,6145000000.0,121000000.0,-14000000.0,322000000.0,88.65,394000000.0
78,ASH,MRQ,2001-12-31,2001-12-31,2001-12-31,2021-08-25,0.0,6801000000.0,,1993000000.0,4808000000.0,,32.43,-44000000.0,264000000.0,264000000.0,1464000000.0,27000000.0,1.366,2.038,1845000000.0,105000000.0,1740000000.0,1845000000.0,0.0,53000000.0,0.0,0.024,0.275,87000000.0,140000000.0,0.074,140000000.0,87000000.0,51000000.0,0.38,0.38,0.38,2239000000.0,,2239000000.0,3030431076.0,4.0,2.928,46000000.0,0.666,1.0,419000000.0,0.223,515000000.0,36000000.0,6408000000.0,,495000000.0,2319000000.0,0.0,2319000000.0,4562000000.0,1459000000.0,3103000000.0,3181431076.0,28000000.0,-5000000.0,4000000.0,-25000000.0,-19000000.0,-40000000.0,-44000000.0,0.0,90000000.0,0.0,27000000.0,27000000.0,27000000.0,0.0,0.0,0.014,321000000.0,98000000.0,1105000000.0,0.724,1.421,8.263,8.348,1430000000.0,0.0,46.08,0.388,0.388,1193000000.0,,1883000000.0,1883000000.0,0.0,,,,,0.0,268000000.0,1.0,69041473.0,69041473.0,,27.273,6286000000.0,122000000.0,24000000.0,459000000.0,91.047,534000000.0
79,ASH,MRQ,2001-09-30,2001-09-30,2001-09-30,2021-08-25,-126000000.0,7131000000.0,,2237000000.0,4894000000.0,,32.017,-42000000.0,236000000.0,236000000.0,1430000000.0,115000000.0,1.494,2.204,85000000.0,85000000.0,1786000000.0,85000000.0,0.0,62000000.0,0.0,0.029,0.275,237000000.0,299000000.0,0.139,299000000.0,237000000.0,194000000.0,1.66,1.65,1.66,2226000000.0,,2226000000.0,4606172906.0,5.0,4.195,340000000.0,4.89,1.0,728000000.0,0.337,528000000.0,43000000.0,4955000000.0,,495000000.0,2387000000.0,0.0,2387000000.0,4905000000.0,1497000000.0,3222000000.0,2680172906.0,166000000.0,-9000000.0,-27000000.0,-134000000.0,-19000000.0,-180000000.0,-36000000.0,0.0,382000000.0,0.0,115000000.0,115000000.0,115000000.0,-7000000.0,0.0,0.053,497000000.0,231000000.0,1429000000.0,0.166,1.204,6.427,6.436,1440000000.0,0.0,38.55,0.322,0.322,1201000000.0,1920000000.0,2158000000.0,2158000000.0,0.0,,,,,0.0,435000000.0,1.0,69524589.0,69524589.0,,31.039,6603000000.0,134000000.0,79000000.0,468000000.0,94.974,740000000.0
80,ASH,MRQ,2001-06-30,2001-06-30,2001-06-30,2021-08-25,0.0,6793000000.0,,2038000000.0,4755000000.0,,31.324,-35000000.0,70000000.0,70000000.0,1675000000.0,197000000.0,1.44,2.108,1996000000.0,115000000.0,1881000000.0,1996000000.0,0.0,61000000.0,0.0,0.027,0.275,369000000.0,430000000.0,0.18,430000000.0,369000000.0,327000000.0,2.82,2.79,2.82,2186000000.0,,2186000000.0,4876464073.0,6.0,4.575,247000000.0,3.539,1.0,712000000.0,0.298,547000000.0,42000000.0,6757000000.0,,507000000.0,2377000000.0,0.0,2377000000.0,4607000000.0,1415000000.0,3192000000.0,2798464073.0,-7000000.0,-63000000.0,-2000000.0,-157000000.0,-19000000.0,-178000000.0,-111000000.0,0.0,282000000.0,0.0,197000000.0,197000000.0,197000000.0,0.0,0.0,0.083,343000000.0,369000000.0,1282000000.0,0.098,1.28,7.031,7.072,1425000000.0,0.0,40.1,0.331,0.331,1161000000.0,,2387000000.0,2387000000.0,0.0,,,,,0.0,283000000.0,1.0,69787134.0,69787134.0,,34.204,6246000000.0,124000000.0,130000000.0,395000000.0,89.501,623000000.0
81,ASH,MRQ,2001-03-31,2001-03-31,2001-03-31,2021-08-25,0.0,6511000000.0,,1875000000.0,4636000000.0,,28.961,-69000000.0,77000000.0,77000000.0,1365000000.0,46000000.0,1.324,2.231,2155000000.0,266000000.0,1889000000.0,2155000000.0,0.0,59000000.0,0.0,0.029,0.275,107000000.0,166000000.0,0.093,166000000.0,107000000.0,64000000.0,0.66,0.66,0.66,2015000000.0,,2015000000.0,4705752154.0,6.0,4.881,-106000000.0,-1.523,1.0,413000000.0,0.232,530000000.0,43000000.0,6643000000.0,,503000000.0,2307000000.0,0.0,2307000000.0,4496000000.0,1416000000.0,3080000000.0,2671752154.0,-31000000.0,-11000000.0,2000000.0,13000000.0,-19000000.0,-4000000.0,-76000000.0,0.0,-37000000.0,0.0,46000000.0,46000000.0,46000000.0,-25000000.0,0.0,0.026,326000000.0,87000000.0,1119000000.0,0.417,1.326,8.096,8.205,1412000000.0,0.0,38.4,0.319,0.319,1055000000.0,,1778000000.0,1778000000.0,0.0,,,,,0.0,267000000.0,1.0,69576879.0,69576879.0,,25.554,5981000000.0,131000000.0,18000000.0,293000000.0,85.962,459000000.0
82,ASH,MRQ,2000-12-31,2000-12-31,2000-12-31,2021-08-25,0.0,6544000000.0,,1993000000.0,4551000000.0,,28.607,-40000000.0,108000000.0,108000000.0,1546000000.0,59000000.0,1.275,2.283,2142000000.0,268000000.0,1874000000.0,2142000000.0,0.0,58000000.0,0.0,0.031,0.275,144000000.0,202000000.0,0.1,202000000.0,144000000.0,98000000.0,0.84,0.84,0.84,1993000000.0,,1993000000.0,2760422994.0,4.0,2.962,147000000.0,2.11,1.0,467000000.0,0.232,528000000.0,46000000.0,6487000000.0,,528000000.0,2209000000.0,0.0,2209000000.0,4551000000.0,1563000000.0,2988000000.0,2500422994.0,41000000.0,1000000.0,-7000000.0,-84000000.0,-19000000.0,-110000000.0,-36000000.0,0.0,187000000.0,0.0,59000000.0,59000000.0,59000000.0,0.0,0.0,0.029,323000000.0,144000000.0,1114000000.0,0.327,1.255,8.476,8.586,1402000000.0,0.0,35.89,0.294,0.294,1123000000.0,,2013000000.0,2013000000.0,0.0,,,,,0.0,265000000.0,1.0,69669072.0,69669072.0,,28.894,6016000000.0,126000000.0,39000000.0,355000000.0,86.351,430000000.0
83,ASH,MRQ,2000-09-30,2000-09-30,2000-09-30,2021-08-25,-72000000.0,6771000000.0,,2131000000.0,4640000000.0,,28.098,-71000000.0,67000000.0,67000000.0,1722000000.0,96000000.0,1.254,2.446,327000000.0,327000000.0,1899000000.0,327000000.0,0.0,62000000.0,0.0,0.033,0.275,206000000.0,268000000.0,0.118,268000000.0,206000000.0,150000000.0,1.35,1.34,1.35,1965000000.0,,1965000000.0,4752063725.0,10.0,6.887,218000000.0,3.117,1.0,555000000.0,0.244,537000000.0,56000000.0,4795000000.0,,488000000.0,2330000000.0,0.0,2330000000.0,4806000000.0,1699000000.0,3107000000.0,2356063725.0,38000000.0,39000000.0,-14000000.0,-198000000.0,-20000000.0,-232000000.0,20000000.0,0.0,289000000.0,0.0,96000000.0,96000000.0,96000000.0,0.0,0.0,0.042,352000000.0,203000000.0,1330000000.0,0.204,1.199,33.658,34.03,1422000000.0,0.0,33.69,0.279,0.279,1243000000.0,1579000000.0,2277000000.0,2277000000.0,0.0,,,,,0.0,290000000.0,1.0,69933622.0,69933622.0,,32.559,6234000000.0,135000000.0,54000000.0,330000000.0,89.142,432000000.0
84,ASH,MRQ,2000-06-30,2000-06-30,2000-06-30,2021-08-25,0.0,6781000000.0,,2107000000.0,4674000000.0,,27.035,-25000000.0,29000000.0,29000000.0,1716000000.0,129000000.0,1.142,2.554,2425000000.0,527000000.0,1898000000.0,2425000000.0,0.0,60000000.0,0.0,0.031,0.275,268000000.0,328000000.0,0.142,328000000.0,268000000.0,218000000.0,1.83,1.83,1.83,1908000000.0,,1908000000.0,4770357326.0,10.0,6.499,-30000000.0,-0.425,1.0,601000000.0,0.259,500000000.0,50000000.0,6832000000.0,,549000000.0,2356000000.0,0.0,2356000000.0,4873000000.0,1845000000.0,3028000000.0,2474357326.0,-35000000.0,-29000000.0,-18000000.0,64000000.0,-19000000.0,27000000.0,-54000000.0,0.0,-5000000.0,0.0,129000000.0,129000000.0,129000000.0,0.0,0.0,0.056,333000000.0,268000000.0,1267000000.0,0.15,1.297,28.118,28.274,1465000000.0,0.0,35.06,0.302,0.302,1211000000.0,,2317000000.0,2317000000.0,0.0,,,,,0.0,274000000.0,1.0,70574938.0,70574938.0,,32.83,6281000000.0,113000000.0,89000000.0,247000000.0,88.998,262000000.0
85,ASH,MRQ,2000-03-31,2000-03-31,2000-03-31,2021-08-25,0.0,6525000000.0,,1990000000.0,4535000000.0,,25.679,-71000000.0,64000000.0,64000000.0,1460000000.0,11000000.0,1.162,2.577,2360000000.0,413000000.0,1947000000.0,2360000000.0,0.0,58000000.0,0.0,0.033,0.275,76000000.0,134000000.0,0.071,134000000.0,76000000.0,31000000.0,0.16,0.16,0.16,1824000000.0,,1824000000.0,5057766885.0,12.0,7.734,140000000.0,1.971,1.0,435000000.0,0.23,484000000.0,45000000.0,6625000000.0,,519000000.0,2225000000.0,0.0,2225000000.0,4701000000.0,1712000000.0,2989000000.0,2361766885.0,18000000.0,275000000.0,-14000000.0,-382000000.0,-20000000.0,-416000000.0,223000000.0,0.0,211000000.0,0.0,11000000.0,11000000.0,11000000.0,12000000.0,0.0,0.006,345000000.0,90000000.0,1196000000.0,1.719,1.295,40.03,43.182,1518000000.0,0.0,33.25,0.303,0.303,1158000000.0,,1895000000.0,1895000000.0,0.0,,,,,0.0,287000000.0,1.0,71030583.0,71030583.0,,26.679,6041000000.0,104000000.0,20000000.0,190000000.0,85.048,278000000.0
86,ASH,MRQ,1999-12-31,1999-12-31,1999-12-31,2021-08-25,0.0,6950000000.0,,2326000000.0,4624000000.0,,27.661,-65000000.0,46000000.0,46000000.0,1537000000.0,-166000000.0,1.398,2.524,2742000000.0,544000000.0,2198000000.0,2742000000.0,0.0,57000000.0,0.0,0.033,0.275,-95000000.0,-38000000.0,-0.02,-38000000.0,-95000000.0,-138000000.0,-2.32,-2.32,-2.32,1972000000.0,,1972000000.0,2457315427.0,5.0,3.285,-76000000.0,-1.066,1.0,411000000.0,0.211,503000000.0,43000000.0,7479000000.0,,522000000.0,2603000000.0,285000000.0,2318000000.0,4978000000.0,1664000000.0,3314000000.0,2348315427.0,-64000000.0,-825000000.0,-38000000.0,892000000.0,-19000000.0,835000000.0,-890000000.0,0.0,-11000000.0,0.0,-166000000.0,-166000000.0,-166000000.0,206000000.0,0.0,-0.085,300000000.0,111000000.0,1033000000.0,-0.119,1.191,17.395,18.506,1512000000.0,0.0,32.94,0.31,0.31,1250000000.0,,1948000000.0,1948000000.0,0.0,,,,,0.0,243000000.0,1.0,71290693.0,71290693.0,,27.325,6447000000.0,99000000.0,28000000.0,226000000.0,90.433,662000000.0
87,ASH,MRQ,1999-09-30,1999-09-30,1999-09-30,2021-08-25,-46000000.0,6424000000.0,,2059000000.0,4365000000.0,,30.481,-90000000.0,110000000.0,110000000.0,1462000000.0,114000000.0,1.475,1.92,219000000.0,219000000.0,1627000000.0,219000000.0,0.0,75000000.0,0.0,0.033,0.275,235000000.0,310000000.0,0.152,310000000.0,235000000.0,198000000.0,1.57,1.54,1.57,2200000000.0,,2200000000.0,4330301412.0,7.0,5.083,162000000.0,2.244,1.0,584000000.0,0.285,220000000.0,37000000.0,4917000000.0,,464000000.0,2589000000.0,0.0,2589000000.0,4224000000.0,1396000000.0,2828000000.0,2427301412.0,29000000.0,-3000000.0,-43000000.0,-147000000.0,-20000000.0,-210000000.0,-15000000.0,0.0,252000000.0,0.0,114000000.0,114000000.0,114000000.0,1000000.0,0.0,0.056,348000000.0,236000000.0,1135000000.0,0.175,1.103,8.37,8.536,1292000000.0,0.0,33.63,0.335,0.335,1219000000.0,1710000000.0,2046000000.0,2046000000.0,0.0,,,,,0.0,273000000.0,1.0,72176670.0,72176670.0,,28.347,6204000000.0,107000000.0,84000000.0,268000000.0,85.956,663000000.0
88,ASH,MRQ,1999-06-30,1999-06-30,1999-06-30,2021-08-25,0.0,6281000000.0,,1957000000.0,4324000000.0,,28.769,-56000000.0,81000000.0,81000000.0,1407000000.0,100000000.0,1.292,1.984,1984000000.0,357000000.0,1627000000.0,1984000000.0,0.0,50000000.0,0.0,0.027,0.275,198000000.0,248000000.0,0.129,248000000.0,198000000.0,162000000.0,1.36,1.35,1.36,2105000000.0,,2105000000.0,4768322975.0,11.0,7.678,25000000.0,0.342,1.0,511000000.0,0.266,215000000.0,36000000.0,6454000000.0,,491000000.0,2520000000.0,0.0,2520000000.0,4176000000.0,1515000000.0,2661000000.0,2936322975.0,-9000000.0,-16000000.0,-55000000.0,62000000.0,-20000000.0,-13000000.0,-78000000.0,-21000000.0,81000000.0,0.0,100000000.0,100000000.0,100000000.0,-1000000.0,0.0,0.052,314000000.0,197000000.0,1108000000.0,0.202,1.395,16.684,16.861,1254000000.0,0.0,40.13,0.419,0.419,1129000000.0,,1918000000.0,1918000000.0,0.0,,,,,0.0,264000000.0,1.0,73170271.0,73170271.0,,26.213,6066000000.0,118000000.0,62000000.0,179000000.0,82.903,442000000.0
89,ASH,MRQ,1999-03-31,1999-03-31,1999-03-31,2021-08-25,0.0,6154000000.0,,1851000000.0,4303000000.0,,27.984,-54000000.0,90000000.0,90000000.0,1176000000.0,87000000.0,1.161,1.957,1922000000.0,441000000.0,1481000000.0,1922000000.0,0.0,52000000.0,0.0,0.027,0.275,176000000.0,228000000.0,0.138,228000000.0,176000000.0,142000000.0,1.17,1.16,1.17,2081000000.0,,2081000000.0,4688463552.0,11.0,7.292,-77000000.0,-1.035,1.0,479000000.0,0.289,224000000.0,34000000.0,6167000000.0,,480000000.0,2517000000.0,0.0,2517000000.0,4073000000.0,1595000000.0,2478000000.0,3044463552.0,-1000000.0,-16000000.0,-75000000.0,186000000.0,-21000000.0,90000000.0,-67000000.0,-1000000.0,-23000000.0,0.0,87000000.0,87000000.0,87000000.0,0.0,0.0,0.053,303000000.0,176000000.0,1115000000.0,0.235,1.463,15.299,15.567,1222000000.0,0.0,40.94,0.437,0.437,1050000000.0,,1655000000.0,1655000000.0,0.0,,,,,0.0,251000000.0,1.0,74364034.0,74364034.0,,22.255,5930000000.0,120000000.0,55000000.0,128000000.0,79.743,256000000.0
90,ASH,MRQ,1998-12-31,1998-12-31,1998-12-31,2021-08-25,0.0,5963000000.0,,1853000000.0,4110000000.0,,27.486,-48000000.0,91000000.0,91000000.0,1299000000.0,-11000000.0,1.327,1.89,1736000000.0,225000000.0,1511000000.0,1736000000.0,0.0,51000000.0,0.0,0.023,0.275,16000000.0,67000000.0,0.041,67000000.0,16000000.0,-17000000.0,-0.14,-0.14,-0.14,2063000000.0,,2063000000.0,3722272900.0,11.0,6.906,25000000.0,0.333,1.0,334000000.0,0.205,212000000.0,33000000.0,6000000000.0,,471000000.0,2377000000.0,0.0,2377000000.0,3900000000.0,1396000000.0,2504000000.0,3631272900.0,57000000.0,-8000000.0,-51000000.0,88000000.0,-20000000.0,17000000.0,-33000000.0,22000000.0,73000000.0,0.0,-11000000.0,-11000000.0,-11000000.0,0.0,0.0,-0.007,318000000.0,16000000.0,1051000000.0,-1.964,1.76,25.938,26.437,1183000000.0,0.0,48.38,0.529,0.529,1088000000.0,,1633000000.0,1633000000.0,0.0,,,,,0.0,267000000.0,1.0,75057315.0,75057315.0,,21.757,5751000000.0,96000000.0,-6000000.0,127000000.0,76.621,457000000.0
91,ASH,MRQ,1998-09-30,1998-09-30,1998-09-30,2021-08-25,-42000000.0,6082000000.0,,1828000000.0,4254000000.0,,27.945,-97000000.0,34000000.0,34000000.0,1422000000.0,0.0,1.343,1.846,125000000.0,125000000.0,1507000000.0,125000000.0,0.0,52000000.0,0.0,0.024,0.275,26000000.0,78000000.0,0.043,78000000.0,26000000.0,-8000000.0,-0.01,-0.01,-0.01,2137000000.0,,2137000000.0,5231750681.0,12.0,8.331,189000000.0,2.472,1.0,386000000.0,0.213,207000000.0,34000000.0,4605000000.0,,440000000.0,2524000000.0,0.0,2524000000.0,3945000000.0,1361000000.0,2584000000.0,3536750681.0,-10000000.0,-14000000.0,-44000000.0,-96000000.0,-22000000.0,-162000000.0,-143000000.0,-98000000.0,286000000.0,0.0,0.0,0.0,0.0,-25000000.0,0.0,0.0,385000000.0,1000000.0,1199000000.0,-27.5,1.655,17.422,17.257,1161000000.0,0.0,46.25,0.512,0.512,1110000000.0,1501000000.0,1808000000.0,1808000000.0,0.0,,,,,0.0,333000000.0,1.0,76470285.0,76470285.0,,23.643,5875000000.0,104000000.0,-8000000.0,157000000.0,76.827,467000000.0
92,ASH,MRQ,1998-06-30,1998-06-30,1998-06-30,2021-08-25,0.0,5978000000.0,,1795000000.0,4183000000.0,,28.619,-68000000.0,44000000.0,44000000.0,1368000000.0,123000000.0,1.355,1.75,1739000000.0,230000000.0,1509000000.0,1739000000.0,0.0,44000000.0,0.0,0.021,0.275,226000000.0,270000000.0,0.144,270000000.0,226000000.0,193000000.0,1.61,1.59,1.61,2174000000.0,,2174000000.0,5892057151.0,10.0,6.924,66000000.0,0.869,1.0,509000000.0,0.271,179000000.0,33000000.0,6169000000.0,,486000000.0,2545000000.0,0.0,2545000000.0,3804000000.0,1325000000.0,2479000000.0,3922057151.0,26000000.0,-2000000.0,0.0,-64000000.0,-20000000.0,-84000000.0,-61000000.0,2000000.0,134000000.0,0.0,123000000.0,123000000.0,123000000.0,0.0,0.0,0.066,283000000.0,226000000.0,1032000000.0,0.171,1.804,12.491,12.293,1090000000.0,0.0,51.63,0.462,0.462,1030000000.0,,1877000000.0,1877000000.0,0.0,,,,,0.0,238000000.0,1.0,75964694.0,75964694.0,,24.709,5799000000.0,90000000.0,70000000.0,63000000.0,76.338,470000000.0
93,ASH,MRQ,1998-03-31,1998-03-31,1998-03-31,2021-08-25,0.0,5812000000.0,,1664000000.0,4148000000.0,,27.46,-57000000.0,18000000.0,18000000.0,1201000000.0,28000000.0,1.299,1.812,1801000000.0,265000000.0,1536000000.0,1801000000.0,0.0,44000000.0,0.0,0.019,0.275,80000000.0,124000000.0,0.08,124000000.0,80000000.0,44000000.0,0.37,0.37,0.37,2067000000.0,,2067000000.0,5991677541.0,10.0,7.751,-82000000.0,-1.089,1.0,348000000.0,0.225,184000000.0,36000000.0,6130000000.0,,465000000.0,2494000000.0,0.0,2494000000.0,3745000000.0,1281000000.0,2464000000.0,4262677541.0,-30000000.0,-123000000.0,6000000.0,225000000.0,-21000000.0,210000000.0,-197000000.0,0.0,-25000000.0,0.0,28000000.0,28000000.0,28000000.0,0.0,0.0,0.018,268000000.0,80000000.0,971000000.0,0.743,2.062,13.447,13.231,1064000000.0,0.0,56.63,0.429,0.429,984000000.0,,1549000000.0,1549000000.0,0.0,,,,,0.0,224000000.0,1.0,75272427.0,75272427.0,,20.579,5628000000.0,97000000.0,16000000.0,45000000.0,74.768,383000000.0
94,ASH,MRQ,1997-12-31,1997-12-31,1997-12-31,2021-08-25,0.0,5508000000.0,,1658000000.0,3850000000.0,,27.314,-52000000.0,48000000.0,48000000.0,1308000000.0,52000000.0,1.375,1.679,1522000000.0,177000000.0,1345000000.0,1522000000.0,0.0,41000000.0,0.0,0.02,0.275,114000000.0,155000000.0,0.093,155000000.0,114000000.0,87000000.0,0.69,0.68,0.69,2056000000.0,,2056000000.0,,,,-93000000.0,-1.236,1.0,366000000.0,0.219,121000000.0,27000000.0,5655000000.0,,449000000.0,2356000000.0,0.0,2356000000.0,3452000000.0,1206000000.0,2246000000.0,4041376606.0,-202000000.0,-22000000.0,2000000.0,113000000.0,-21000000.0,94000000.0,-177000000.0,96000000.0,-41000000.0,0.0,52000000.0,52000000.0,52000000.0,0.0,0.0,0.031,252000000.0,114000000.0,971000000.0,0.399,1.966,13.888,13.627,999000000.0,0.0,53.69,0.344,0.344,977000000.0,,1674000000.0,1674000000.0,0.0,,,,,0.0,211000000.0,1.0,75272427.0,75272427.0,,22.239,5387000000.0,99000000.0,35000000.0,58000000.0,71.567,452000000.0
95,ASH,MRQ,1997-09-30,1997-09-30,1997-09-30,2021-08-25,-35000000.0,6462000000.0,,2720000000.0,3742000000.0,,,-123000000.0,250000000.0,250000000.0,2779000000.0,111000000.0,1.341,2.193,49000000.0,49000000.0,1356000000.0,49000000.0,0.0,112000000.0,0.0,0.02,0.275,190000000.0,302000000.0,0.089,302000000.0,190000000.0,160000000.0,1.53,1.43,1.53,2024000000.0,,2024000000.0,,,,208000000.0,,1.0,605000000.0,0.179,120000000.0,30000000.0,4113000000.0,,660000000.0,403000000.0,0.0,403000000.0,4438000000.0,2028000000.0,2410000000.0,,138000000.0,-12000000.0,13000000.0,-512000000.0,-21000000.0,-520000000.0,-148000000.0,-22000000.0,331000000.0,0.0,111000000.0,111000000.0,111000000.0,1000000.0,0.0,0.033,478000000.0,127000000.0,1867000000.0,0.18,,,14.088,2678000000.0,0.0,54.38,,,1585000000.0,1379000000.0,3384000000.0,3384000000.0,0.0,,,,,0.0,366000000.0,1.0,,,,,6342000000.0,103000000.0,49000000.0,112000000.0,,692000000.0
96,ASH,MRQ,1997-06-30,1997-06-30,1997-06-30,2021-08-25,0.0,6622000000.0,,2620000000.0,4002000000.0,,,-47000000.0,112000000.0,112000000.0,2704000000.0,126000000.0,1.237,2.444,1917000000.0,337000000.0,1580000000.0,1917000000.0,0.0,-26000000.0,0.0,0.024,0.275,218000000.0,192000000.0,0.058,192000000.0,218000000.0,180000000.0,1.69,1.63,1.69,1923000000.0,,1923000000.0,,,,67000000.0,,1.0,624000000.0,0.188,150000000.0,38000000.0,6159000000.0,,717000000.0,406000000.0,0.0,406000000.0,4699000000.0,2118000000.0,2581000000.0,,39000000.0,-23000000.0,5000000.0,18000000.0,-18000000.0,5000000.0,-95000000.0,-33000000.0,114000000.0,0.0,126000000.0,126000000.0,126000000.0,-9000000.0,0.0,0.038,413000000.0,211000000.0,1757000000.0,0.163,,,,2637000000.0,0.0,46.38,,,1554000000.0,,3328000000.0,3328000000.0,0.0,,,,,0.0,334000000.0,1.0,,,,,6472000000.0,105000000.0,54000000.0,24000000.0,,502000000.0
97,ASH,MRQ,1997-03-31,1997-03-31,1997-03-31,2021-08-25,0.0,8031000000.0,,2985000000.0,5046000000.0,,,-92000000.0,107000000.0,107000000.0,2838000000.0,7000000.0,1.244,3.432,2340000000.0,282000000.0,2058000000.0,2340000000.0,0.0,127000000.0,0.0,0.027,0.275,64000000.0,191000000.0,0.057,191000000.0,64000000.0,19000000.0,0.03,0.03,0.03,1812000000.0,,1812000000.0,,,,-63000000.0,,1.0,534000000.0,0.158,304000000.0,45000000.0,7560000000.0,,805000000.0,0.0,0.0,0.0,6219000000.0,2400000000.0,3819000000.0,,28000000.0,-13000000.0,2000000.0,83000000.0,-24000000.0,61000000.0,-75000000.0,23000000.0,29000000.0,0.0,7000000.0,2000000.0,2000000.0,-5000000.0,0.0,0.001,465000000.0,69000000.0,2079000000.0,9.167,,,,3832000000.0,5000000.0,40.25,,,1791000000.0,,3372000000.0,3372000000.0,0.0,,,,,0.0,337000000.0,1.0,,,,,7727000000.0,114000000.0,12000000.0,39000000.0,,585000000.0
98,ASH,MRQ,1996-12-31,1996-12-31,1996-12-31,2021-08-25,0.0,7991000000.0,,2917000000.0,5074000000.0,,,-94000000.0,79000000.0,79000000.0,3015000000.0,36000000.0,1.262,3.95,2257000000.0,170000000.0,2087000000.0,2257000000.0,0.0,135000000.0,0.0,0.025,0.275,95000000.0,230000000.0,0.064,230000000.0,95000000.0,51000000.0,0.48,0.47,0.48,1555000000.0,,1555000000.0,,,,-3000000.0,,1.0,561000000.0,0.157,262000000.0,44000000.0,7596000000.0,,811000000.0,266000000.0,0.0,266000000.0,6143000000.0,2311000000.0,3832000000.0,,-25000000.0,-31000000.0,12000000.0,35000000.0,-23000000.0,24000000.0,-122000000.0,0.0,91000000.0,0.0,36000000.0,31000000.0,31000000.0,-12000000.0,0.0,0.009,469000000.0,92000000.0,2103000000.0,0.573,,,,3861000000.0,5000000.0,43.87,,,1763000000.0,,3576000000.0,3576000000.0,0.0,,,,,0.0,334000000.0,1.0,,,,,7729000000.0,0.0,15000000.0,38000000.0,,606000000.0
0,ASH,MRT,2021-06-30,2021-06-30,2021-06-30,2021-08-25,0.0,6766000000.0,6762250000.0,1235000000.0,5531000000.0,0.354,52.744,-113000000.0,262000000.0,262000000.0,1668000000.0,182000000.0,2.051,1.113,1821000000.0,125000000.0,1696000000.0,1821000000.0,0.0,253000000.0,0.0,0.013,1.125,309000000.0,562000000.0,0.235,562000000.0,309000000.0,167000000.0,2.98,2.94,2.98,3202000000.0,3118500000.0,3202000000.0,6740028750.0,22.0,11.993,434000000.0,7.149,1.0,728000000.0,0.304,3034000000.0,142000000.0,4689000000.0,4797500000.0,517000000.0,315000000.0,0.0,315000000.0,3564000000.0,602000000.0,2962000000.0,5312028750.0,-154000000.0,-285000000.0,0.0,-351000000.0,-68000000.0,-426000000.0,-280000000.0,33000000.0,547000000.0,5000000.0,182000000.0,182000000.0,182000000.0,9000000.0,0.0,0.076,546000000.0,182000000.0,236000000.0,0.378,1.659,29.187,29.362,1658000000.0,0.0,87.5,2.217,2.217,384000000.0,,2396000000.0,2396000000.0,60000000.0,0.027,0.058,0.064,0.129,16000000.0,397000000.0,1.0,60708900.0,60708900.0,,39.467,3732000000.0,26000000.0,-15000000.0,243000000.0,61.474,633000000.0
1,ASH,MRT,2021-03-31,2021-03-31,2021-03-31,2021-08-25,0.0,6664000000.0,6817250000.0,1418000000.0,5246000000.0,0.342,51.329,-117000000.0,373000000.0,373000000.0,1607000000.0,139000000.0,2.492,1.14,1801000000.0,111000000.0,1690000000.0,1801000000.0,0.0,249000000.0,0.0,0.012,1.1,302000000.0,551000000.0,0.236,551000000.0,302000000.0,160000000.0,2.28,2.26,2.28,3114000000.0,3071250000.0,3114000000.0,6891444033.0,23.0,12.507,329000000.0,5.423,1.0,726000000.0,0.311,2731000000.0,142000000.0,4792000000.0,4879000000.0,512000000.0,302000000.0,0.0,302000000.0,3550000000.0,569000000.0,2981000000.0,5385444033.0,20000000.0,23000000.0,0.0,-386000000.0,-66000000.0,-458000000.0,27000000.0,32000000.0,446000000.0,5000000.0,139000000.0,139000000.0,139000000.0,15000000.0,0.0,0.06,557000000.0,169000000.0,217000000.0,0.482,1.729,38.744,38.934,1664000000.0,0.0,88.77,2.308,2.308,447000000.0,,2333000000.0,2333000000.0,59000000.0,0.02,0.045,0.062,0.129,15000000.0,412000000.0,1.0,60667388.0,60667388.0,,38.456,3933000000.0,26000000.0,21000000.0,229000000.0,64.829,849000000.0
2,ASH,MRT,2020-12-31,2020-12-31,2020-12-31,2021-08-25,0.0,6742000000.0,6893250000.0,1381000000.0,5361000000.0,0.34,51.536,-129000000.0,335000000.0,335000000.0,1613000000.0,-484000000.0,2.361,1.16,1841000000.0,116000000.0,1725000000.0,1841000000.0,0.0,248000000.0,0.0,0.014,1.1,-237000000.0,11000000.0,0.005,11000000.0,-237000000.0,-473000000.0,-8.0,-8.01,-8.0,3122000000.0,3038500000.0,3122000000.0,6343820843.0,-27.0,576.711,217000000.0,3.582,1.0,732000000.0,0.312,2793000000.0,236000000.0,4870000000.0,4940000000.0,537000000.0,316000000.0,0.0,316000000.0,3620000000.0,585000000.0,3035000000.0,4797820843.0,178000000.0,23000000.0,0.0,-119000000.0,-67000000.0,-191000000.0,19000000.0,30000000.0,346000000.0,4000000.0,-484000000.0,-484000000.0,-484000000.0,20000000.0,0.0,-0.206,1109000000.0,-377000000.0,217000000.0,-0.138,1.537,-9.913,-9.9,1699000000.0,0.0,79.2,2.046,2.046,409000000.0,,2345000000.0,2345000000.0,63000000.0,-0.07,-0.159,-0.048,-0.101,15000000.0,431000000.0,1.0,60578546.0,60578546.0,,38.71,3949000000.0,26000000.0,11000000.0,222000000.0,65.188,796000000.0
3,ASH,MRT,2020-09-30,2020-09-30,2020-09-30,2021-08-25,0.0,6877000000.0,7039250000.0,1547000000.0,5330000000.0,0.33,50.206,-133000000.0,454000000.0,454000000.0,1619000000.0,-508000000.0,1.903,1.265,2000000000.0,303000000.0,1697000000.0,2000000000.0,0.0,247000000.0,0.0,0.016,1.1,-401000000.0,-154000000.0,-0.066,-154000000.0,-401000000.0,-520000000.0,-8.39,-8.39,-8.39,3036000000.0,3164250000.0,3036000000.0,6014567789.0,-15.0,-39.056,70000000.0,1.158,1.0,707000000.0,0.304,2771000000.0,119000000.0,4839000000.0,4968250000.0,529000000.0,301000000.0,0.0,301000000.0,3841000000.0,813000000.0,3028000000.0,4288567789.0,222000000.0,9000000.0,0.0,82000000.0,-66000000.0,9000000.0,8000000.0,32000000.0,203000000.0,2000000.0,-508000000.0,-508000000.0,-508000000.0,17000000.0,0.0,-0.218,1103000000.0,-396000000.0,233000000.0,-0.131,1.413,-8.442,-8.453,1702000000.0,0.0,70.92,1.844,1.844,471000000.0,2649000000.0,2326000000.0,2326000000.0,64000000.0,-0.072,-0.161,-0.081,-0.172,15000000.0,424000000.0,1.0,60470499.0,60470499.0,,38.465,4106000000.0,26000000.0,-12000000.0,229000000.0,67.901,734000000.0
4,ASH,MRT,2020-06-30,2020-06-30,2020-06-30,2021-08-25,0.0,6986000000.0,7132750000.0,1670000000.0,5316000000.0,0.326,49.838,-139000000.0,416000000.0,416000000.0,1570000000.0,-102000000.0,1.782,1.319,2142000000.0,469000000.0,1673000000.0,2142000000.0,0.0,247000000.0,0.0,0.016,1.1,114000000.0,361000000.0,0.155,361000000.0,114000000.0,-102000000.0,-1.81,-1.94,-1.81,3013000000.0,3298000000.0,3013000000.0,5984512295.0,52.0,16.578,64000000.0,1.059,1.0,756000000.0,0.325,2760000000.0,216000000.0,5015000000.0,4905500000.0,617000000.0,297000000.0,0.0,297000000.0,3973000000.0,937000000.0,3036000000.0,4177512295.0,284000000.0,0.0,0.0,-700000000.0,-66000000.0,-774000000.0,855000000.0,27000000.0,203000000.0,0.0,-102000000.0,-102000000.0,-102000000.0,-362000000.0,0.0,-0.044,1081000000.0,-325000000.0,225000000.0,-0.608,1.386,-40.956,-38.177,1694000000.0,0.0,69.1,1.796,1.796,593000000.0,,2326000000.0,2326000000.0,63000000.0,-0.014,-0.031,0.023,0.049,24000000.0,404000000.0,1.0,60456039.0,60456039.0,,38.474,4226000000.0,24000000.0,0.0,248000000.0,69.902,733000000.0
5,ASH,MRT,2020-03-31,2020-03-31,2020-03-31,2021-08-25,0.0,6968000000.0,7367500000.0,1645000000.0,5323000000.0,0.325,49.512,-145000000.0,353000000.0,353000000.0,1626000000.0,-73000000.0,1.692,1.336,2160000000.0,494000000.0,1666000000.0,2160000000.0,0.0,248000000.0,0.0,0.022,1.1,130000000.0,378000000.0,0.158,378000000.0,130000000.0,-86000000.0,-1.36,-1.5,-1.36,2983000000.0,3349000000.0,2983000000.0,4707591073.0,36.0,12.454,65000000.0,1.079,1.0,767000000.0,0.321,2767000000.0,216000000.0,5036000000.0,5149250000.0,611000000.0,277000000.0,0.0,277000000.0,3985000000.0,972000000.0,3013000000.0,3016591073.0,189000000.0,-1000000.0,-200000000.0,-605000000.0,-66000000.0,-879000000.0,858000000.0,28000000.0,210000000.0,0.0,-73000000.0,-73000000.0,-73000000.0,-418000000.0,0.0,-0.031,1100000000.0,-333000000.0,255000000.0,-0.809,1.011,-41.323,-36.816,1708000000.0,0.0,50.07,1.261,1.261,643000000.0,,2393000000.0,2393000000.0,66000000.0,-0.01,-0.022,0.025,0.054,26000000.0,419000000.0,1.0,60247475.0,60247475.0,,39.72,4201000000.0,24000000.0,-13000000.0,250000000.0,69.729,673000000.0
6,ASH,MRT,2019-12-31,2019-12-31,2019-12-31,2021-08-25,0.0,7326000000.0,7625000000.0,1344000000.0,5982000000.0,0.321,60.232,-145000000.0,157000000.0,157000000.0,1682000000.0,585000000.0,1.953,1.021,1848000000.0,203000000.0,1645000000.0,1848000000.0,0.0,269000000.0,0.0,0.014,1.075,682000000.0,951000000.0,0.388,951000000.0,682000000.0,583000000.0,9.46,9.3,9.46,3625000000.0,3443750000.0,3625000000.0,6040862694.0,9.0,6.352,112000000.0,1.861,1.0,768000000.0,0.313,3346000000.0,99000000.0,4983000000.0,5399250000.0,633000000.0,314000000.0,0.0,314000000.0,3701000000.0,688000000.0,3013000000.0,4605862694.0,8000000.0,-2000000.0,-200000000.0,-834000000.0,-64000000.0,-1106000000.0,857000000.0,33000000.0,257000000.0,0.0,585000000.0,585000000.0,585000000.0,-456000000.0,0.0,0.239,581000000.0,187000000.0,234000000.0,0.114,1.271,7.873,8.09,1732000000.0,0.0,76.53,1.88,1.88,597000000.0,,2450000000.0,2450000000.0,65000000.0,0.077,0.17,0.126,0.278,28000000.0,431000000.0,1.0,60183754.0,60183754.0,,40.709,3980000000.0,23000000.0,-2000000.0,250000000.0,66.131,656000000.0
7,ASH,MRT,2019-09-30,2019-09-30,2019-09-30,2021-08-25,-410000000.0,7251000000.0,7779250000.0,1433000000.0,5818000000.0,0.32,59.003,-145000000.0,232000000.0,232000000.0,1726000000.0,505000000.0,1.893,1.031,1667000000.0,166000000.0,1501000000.0,1667000000.0,0.0,289000000.0,0.0,0.014,1.05,650000000.0,939000000.0,0.377,939000000.0,650000000.0,551000000.0,8.15,8.03,8.15,3571000000.0,3363750000.0,3571000000.0,7138251768.0,11.0,7.602,96000000.0,1.586,1.0,767000000.0,0.308,3341000000.0,99000000.0,4588000000.0,5639500000.0,597000000.0,310000000.0,0.0,310000000.0,3680000000.0,757000000.0,2923000000.0,4663251768.0,-62000000.0,-2000000.0,-200000000.0,-875000000.0,-64000000.0,-1149000000.0,849000000.0,29000000.0,241000000.0,-3000000.0,505000000.0,505000000.0,505000000.0,-481000000.0,0.0,0.203,605000000.0,162000000.0,313000000.0,0.129,1.306,9.234,9.454,1577000000.0,0.0,77.05,1.871,1.871,638000000.0,3224000000.0,2493000000.0,2493000000.0,66000000.0,0.065,0.15,0.115,0.261,32000000.0,453000000.0,1.0,60522411.0,60522411.0,,41.191,3910000000.0,23000000.0,46000000.0,264000000.0,64.604,676000000.0
8,ASH,MRT,2019-06-30,2019-06-30,2019-06-30,2021-08-25,0.0,7925000000.0,8031250000.0,2037000000.0,5888000000.0,0.318,51.298,-166000000.0,132000000.0,132000000.0,1763000000.0,104000000.0,2.023,1.463,2607000000.0,332000000.0,2275000000.0,2607000000.0,0.0,293000000.0,0.0,0.013,1.025,202000000.0,495000000.0,0.194,495000000.0,202000000.0,123000000.0,1.66,1.63,1.66,3217000000.0,3322500000.0,3217000000.0,7387097193.0,37.0,14.923,129000000.0,2.057,1.0,788000000.0,0.309,3403000000.0,79000000.0,5990000000.0,5974750000.0,595000000.0,310000000.0,0.0,310000000.0,4708000000.0,1007000000.0,3701000000.0,5015097193.0,-50000000.0,3000000.0,-200000000.0,69000000.0,-64000000.0,-205000000.0,-137000000.0,33000000.0,295000000.0,-3000000.0,104000000.0,104000000.0,104000000.0,-109000000.0,0.0,0.041,709000000.0,79000000.0,275000000.0,0.617,1.559,48.222,48.175,1580000000.0,0.0,79.97,1.966,1.966,668000000.0,,2551000000.0,2551000000.0,69000000.0,0.013,0.031,0.034,0.079,27000000.0,504000000.0,1.0,62712232.0,62712232.0,,40.678,4522000000.0,28000000.0,19000000.0,284000000.0,72.107,1030000000.0
9,ASH,MRT,2019-03-31,2019-03-31,2019-03-31,2021-08-25,0.0,7998000000.0,8106000000.0,2087000000.0,5911000000.0,0.318,53.69,-168000000.0,164000000.0,164000000.0,1768000000.0,74000000.0,2.268,1.379,2536000000.0,261000000.0,2275000000.0,2536000000.0,0.0,298000000.0,0.0,0.013,1.0,190000000.0,488000000.0,0.189,488000000.0,190000000.0,83000000.0,1.17,1.14,1.17,3362000000.0,3368000000.0,3362000000.0,7247382936.0,38.0,14.851,118000000.0,1.884,1.0,810000000.0,0.314,3414000000.0,107000000.0,6036000000.0,6011250000.0,599000000.0,296000000.0,0.0,296000000.0,4636000000.0,920000000.0,3716000000.0,4892382936.0,-61000000.0,4000000.0,0.0,-111000000.0,-63000000.0,-184000000.0,-159000000.0,33000000.0,286000000.0,-4000000.0,74000000.0,74000000.0,74000000.0,-91000000.0,0.0,0.029,741000000.0,69000000.0,280000000.0,0.855,1.455,66.113,66.778,1587000000.0,0.0,78.13,1.898,1.898,697000000.0,,2578000000.0,2578000000.0,70000000.0,0.009,0.022,0.032,0.074,31000000.0,557000000.0,1.0,62618494.0,62618494.0,,41.17,4584000000.0,28000000.0,9000000.0,283000000.0,73.205,1167000000.0
10,ASH,MRT,2018-12-31,2018-12-31,2018-12-31,2021-08-25,0.0,7943000000.0,8216750000.0,1991000000.0,5952000000.0,0.314,52.891,-162000000.0,149000000.0,149000000.0,1748000000.0,71000000.0,2.198,1.403,2504000000.0,229000000.0,2275000000.0,2504000000.0,0.0,288000000.0,0.0,0.014,0.975,184000000.0,472000000.0,0.183,472000000.0,184000000.0,77000000.0,1.13,1.1,1.13,3305000000.0,3405250000.0,3305000000.0,6669090860.0,36.0,14.129,108000000.0,1.728,1.0,835000000.0,0.323,3448000000.0,107000000.0,5944000000.0,6089500000.0,619000000.0,279000000.0,0.0,279000000.0,4638000000.0,906000000.0,3732000000.0,4434090860.0,-452000000.0,-6000000.0,0.0,-443000000.0,-62000000.0,-517000000.0,-204000000.0,28000000.0,270000000.0,-1000000.0,71000000.0,71000000.0,71000000.0,-91000000.0,0.0,0.027,752000000.0,83000000.0,277000000.0,0.863,1.342,62.452,62.796,1621000000.0,0.0,70.96,1.717,1.717,626000000.0,,2583000000.0,2583000000.0,71000000.0,0.009,0.021,0.03,0.071,31000000.0,588000000.0,1.0,62487188.0,62487188.0,,41.336,4495000000.0,28000000.0,6000000.0,285000000.0,71.935,1085000000.0
11,ASH,MRT,2018-09-30,2018-09-30,2018-09-30,2021-08-25,-291000000.0,8259000000.0,8394750000.0,1712000000.0,6547000000.0,0.308,54.56,-153000000.0,294000000.0,294000000.0,1726000000.0,114000000.0,1.591,1.425,2529000000.0,254000000.0,2275000000.0,2529000000.0,0.0,277000000.0,0.0,0.011,0.95,208000000.0,485000000.0,0.187,485000000.0,208000000.0,106000000.0,1.82,1.79,1.82,3406000000.0,3428750000.0,3406000000.0,7585060377.0,36.0,15.639,144000000.0,2.307,1.0,863000000.0,0.333,3489000000.0,102000000.0,5929000000.0,6157750000.0,596000000.0,312000000.0,0.0,312000000.0,4853000000.0,1076000000.0,3777000000.0,5235060377.0,-272000000.0,-5000000.0,0.0,-298000000.0,-60000000.0,-368000000.0,-202000000.0,21000000.0,297000000.0,1000000.0,114000000.0,114000000.0,114000000.0,-95000000.0,0.0,0.044,765000000.0,98000000.0,331000000.0,0.522,1.537,45.922,46.077,1646000000.0,0.0,83.86,2.022,2.022,701000000.0,2750000000.0,2589000000.0,2589000000.0,73000000.0,0.014,0.033,0.034,0.08,31000000.0,599000000.0,1.0,62426191.0,62426191.0,,41.473,4770000000.0,28000000.0,-8000000.0,286000000.0,76.41,636000000.0
12,ASH,MRT,2018-06-30,2018-06-30,2018-06-30,2021-08-25,0.0,8224000000.0,8484500000.0,1672000000.0,6552000000.0,0.218,54.486,-127000000.0,182000000.0,182000000.0,1141000000.0,48000000.0,2.253,1.42,2532000000.0,82000000.0,2450000000.0,2532000000.0,0.0,256000000.0,0.0,0.012,0.925,158000000.0,414000000.0,0.224,414000000.0,158000000.0,78000000.0,0.75,0.72,0.75,3399000000.0,3428750000.0,3399000000.0,7290121156.0,46.0,17.609,98000000.0,1.571,1.0,709000000.0,0.383,3696000000.0,80000000.0,6136000000.0,6205250000.0,656000000.0,304000000.0,0.0,304000000.0,4825000000.0,742000000.0,4083000000.0,4877121156.0,-310000000.0,4000000.0,0.0,-290000000.0,-59000000.0,-358000000.0,-182000000.0,21000000.0,225000000.0,5000000.0,48000000.0,48000000.0,48000000.0,-154000000.0,0.0,0.026,664000000.0,45000000.0,397000000.0,1.233,1.435,101.607,104.24,1893000000.0,0.0,78.18,2.636,2.636,871000000.0,,1850000000.0,1850000000.0,67000000.0,0.006,0.014,0.025,0.085,31000000.0,597000000.0,1.0,62383233.0,62383233.0,,29.655,4528000000.0,28000000.0,30000000.0,243000000.0,72.584,930000000.0
13,ASH,MRT,2018-03-31,2018-03-31,2018-03-31,2021-08-25,0.0,8441000000.0,8555000000.0,1713000000.0,6728000000.0,0.24,56.421,-141000000.0,225000000.0,225000000.0,1337000000.0,-18000000.0,2.406,1.404,2638000000.0,59000000.0,2579000000.0,2638000000.0,0.0,273000000.0,0.0,0.013,0.9,119000000.0,392000000.0,0.191,392000000.0,119000000.0,16000000.0,-0.36,-0.38,-0.36,3511000000.0,3428750000.0,3511000000.0,6680948789.0,56.0,17.043,160000000.0,2.571,1.0,715000000.0,0.348,3793000000.0,103000000.0,6349000000.0,6218750000.0,649000000.0,303000000.0,0.0,303000000.0,4930000000.0,712000000.0,4218000000.0,4342948789.0,-379000000.0,-671000000.0,0.0,456000000.0,-57000000.0,389000000.0,-1077000000.0,22000000.0,301000000.0,8000000.0,-21000000.0,-21000000.0,-21000000.0,-115000000.0,3000000.0,-0.01,667000000.0,48000000.0,387000000.0,-2.5,1.237,-206.807,-193.861,1940000000.0,0.0,69.79,2.116,2.116,920000000.0,,2052000000.0,2052000000.0,69000000.0,-0.002,-0.006,0.019,0.058,27000000.0,598000000.0,1.0,62228812.0,62228812.0,,32.975,4648000000.0,28000000.0,37000000.0,243000000.0,74.692,1001000000.0
14,ASH,MRT,2017-12-31,2017-12-31,2017-12-31,2021-08-25,0.0,8655000000.0,8741250000.0,1964000000.0,6691000000.0,0.25,54.697,-150000000.0,601000000.0,601000000.0,1466000000.0,14000000.0,1.958,1.546,2939000000.0,355000000.0,2584000000.0,2939000000.0,0.0,267000000.0,0.0,0.015,1.065,164000000.0,431000000.0,0.197,431000000.0,164000000.0,32000000.0,-0.05,-0.06,-0.05,3399000000.0,3376000000.0,3399000000.0,6677554686.0,41.0,15.493,183000000.0,2.945,1.0,720000000.0,0.329,3773000000.0,132000000.0,6217000000.0,6390750000.0,674000000.0,315000000.0,0.0,315000000.0,5256000000.0,1003000000.0,4253000000.0,4424554686.0,-103000000.0,-661000000.0,0.0,748000000.0,-67000000.0,662000000.0,-1102000000.0,23000000.0,333000000.0,4000000.0,-2000000.0,-2000000.0,-2000000.0,-160000000.0,16000000.0,-0.001,679000000.0,41000000.0,382000000.0,-21.3,1.302,-2212.277,-1424.0,1945000000.0,0.0,71.2,2.024,2.024,802000000.0,,2186000000.0,2186000000.0,72000000.0,0.0,-0.001,0.026,0.075,26000000.0,607000000.0,1.0,62142622.0,62142622.0,,35.177,4882000000.0,28000000.0,34000000.0,390000000.0,78.561,961000000.0
15,ASH,MRT,2017-09-30,2017-09-30,2017-09-30,2021-08-25,-222000000.0,8618000000.0,8843250000.0,1903000000.0,6715000000.0,0.261,54.581,-163000000.0,566000000.0,566000000.0,1580000000.0,28000000.0,1.966,1.53,2819000000.0,235000000.0,2584000000.0,2819000000.0,0.0,265000000.0,0.0,0.019,1.23,214000000.0,479000000.0,0.207,479000000.0,214000000.0,-15000000.0,0.01,0.01,0.01,3406000000.0,3320000000.0,3406000000.0,6401487443.0,30.0,13.364,220000000.0,3.526,1.0,729000000.0,0.316,3784000000.0,229000000.0,6119000000.0,6561750000.0,634000000.0,302000000.0,0.0,302000000.0,5212000000.0,968000000.0,4244000000.0,4080487443.0,-622000000.0,-662000000.0,0.0,228000000.0,-77000000.0,119000000.0,-1119000000.0,27000000.0,383000000.0,-5000000.0,1000000.0,1000000.0,1000000.0,-208000000.0,27000000.0,0.0,683000000.0,46000000.0,409000000.0,123.0,1.198,4080.487,6539.0,1970000000.0,0.0,65.39,1.767,1.767,821000000.0,2696000000.0,2309000000.0,2309000000.0,73000000.0,0.0,0.0,0.033,0.093,23000000.0,610000000.0,1.0,62402316.0,62402316.0,,37.002,4834000000.0,28000000.0,-16000000.0,375000000.0,77.465,935000000.0
16,ASH,MRT,2017-06-30,2017-06-30,2017-06-30,2021-08-25,0.0,8506000000.0,9188750000.0,1839000000.0,6667000000.0,0.341,54.631,-204000000.0,492000000.0,492000000.0,2279000000.0,-190000000.0,2.055,1.503,2813000000.0,229000000.0,2584000000.0,2813000000.0,0.0,293000000.0,0.0,0.015,1.005,-4000000.0,289000000.0,0.092,289000000.0,-4000000.0,-254000000.0,-3.45,-3.42,-3.45,3399000000.0,3305250000.0,3399000000.0,6418718120.0,-1605.0,22.21,322000000.0,5.175,1.0,855000000.0,0.273,3742000000.0,250000000.0,6190000000.0,6792250000.0,631000000.0,331000000.0,0.0,331000000.0,5107000000.0,895000000.0,4212000000.0,4100718120.0,-723000000.0,-675000000.0,0.0,-1364000000.0,-87000000.0,-42000000.0,-1197000000.0,26000000.0,526000000.0,-10000000.0,-218000000.0,-218000000.0,-218000000.0,-206000000.0,28000000.0,-0.07,953000000.0,-98000000.0,392000000.0,-0.291,1.206,-18.811,-19.104,1937000000.0,0.0,65.91,1.308,1.308,854000000.0,,3134000000.0,3134000000.0,82000000.0,-0.024,-0.066,-0.001,-0.001,26000000.0,871000000.0,1.0,62216934.0,62216934.0,,50.372,4764000000.0,35000000.0,-36000000.0,374000000.0,76.571,944000000.0
17,ASH,MRT,2017-03-31,2017-03-31,2017-03-31,2021-08-25,0.0,9186000000.0,9540250000.0,2377000000.0,6809000000.0,0.32,53.04,-202000000.0,605000000.0,605000000.0,2198000000.0,-89000000.0,2.292,1.831,2923000000.0,111000000.0,2812000000.0,2923000000.0,0.0,268000000.0,0.0,0.006,0.78,89000000.0,357000000.0,0.117,357000000.0,89000000.0,-150000000.0,-1.76,-1.75,-1.76,3300000000.0,3139000000.0,3300000000.0,9931069808.0,112.0,27.818,303000000.0,4.87,1.0,856000000.0,0.28,3430000000.0,239000000.0,7037000000.0,7109750000.0,687000000.0,359000000.0,0.0,359000000.0,6043000000.0,1037000000.0,5006000000.0,7703069808.0,-532000000.0,72000000.0,0.0,-1995000000.0,-97000000.0,-680000000.0,-350000000.0,14000000.0,505000000.0,-7000000.0,-114000000.0,-114000000.0,-114000000.0,-267000000.0,25000000.0,-0.037,933000000.0,-77000000.0,520000000.0,-0.443,2.334,-67.571,-70.347,2205000000.0,0.0,123.81,2.522,2.522,1165000000.0,,3054000000.0,3054000000.0,84000000.0,-0.012,-0.036,0.013,0.029,27000000.0,849000000.0,1.0,62216863.0,62216863.0,,49.086,5756000000.0,199000000.0,-36000000.0,69000000.0,92.515,1340000000.0
18,ASH,MRT,2016-12-31,2016-12-31,2016-12-31,2021-08-25,0.0,9063000000.0,9719000000.0,2334000000.0,6729000000.0,0.36,51.066,-210000000.0,704000000.0,704000000.0,2443000000.0,-107000000.0,2.297,1.909,2932000000.0,107000000.0,2825000000.0,2932000000.0,0.0,287000000.0,0.0,0.004,0.39,118000000.0,405000000.0,0.116,405000000.0,118000000.0,-135000000.0,-1.85,-1.84,-1.85,3175000000.0,2994750000.0,3175000000.0,8851029356.0,75.0,21.854,422000000.0,6.787,1.0,1052000000.0,0.301,3374000000.0,253000000.0,6901000000.0,7213500000.0,666000000.0,357000000.0,0.0,357000000.0,6062000000.0,1016000000.0,5046000000.0,6795029356.0,-335000000.0,23000000.0,0.0,-1958000000.0,-97000000.0,-632000000.0,-329000000.0,23000000.0,632000000.0,-6000000.0,-119000000.0,-119000000.0,-119000000.0,-191000000.0,12000000.0,-0.034,1040000000.0,12000000.0,458000000.0,-0.211,2.14,-57.101,-59.076,2186000000.0,0.0,109.29,1.944,1.944,1052000000.0,,3495000000.0,3495000000.0,88000000.0,-0.012,-0.04,0.016,0.034,30000000.0,952000000.0,1.0,62174301.0,62174301.0,,56.213,5689000000.0,199000000.0,-16000000.0,69000000.0,91.501,1318000000.0
19,ASH,MRT,2016-09-30,2016-09-30,2016-09-30,2021-08-25,-281000000.0,10000000000.0,9871500000.0,2888000000.0,7112000000.0,0.306,53.896,-229000000.0,1017000000.0,1017000000.0,2132000000.0,-28000000.0,2.333,2.042,2495000000.0,170000000.0,2325000000.0,2495000000.0,0.0,302000000.0,0.0,0.0,0.0,119000000.0,421000000.0,0.139,421000000.0,119000000.0,-54000000.0,-0.47,-0.47,-0.47,3347000000.0,2837750000.0,3347000000.0,10072592282.0,85.0,23.925,449000000.0,7.23,1.0,887000000.0,0.294,3199000000.0,173000000.0,7041000000.0,7363500000.0,539000000.0,292000000.0,0.0,292000000.0,6835000000.0,1238000000.0,5597000000.0,7200592282.0,-69000000.0,19000000.0,-500000000.0,-1251000000.0,-97000000.0,-407000000.0,-332000000.0,33000000.0,678000000.0,-8000000.0,-29000000.0,-29000000.0,-29000000.0,-255000000.0,1000000.0,-0.01,945000000.0,-58000000.0,376000000.0,0.0,2.151,-248.296,-246.702,1900000000.0,0.0,115.95,2.385,2.385,725000000.0,2704000000.0,3019000000.0,3019000000.0,87000000.0,-0.003,-0.01,0.016,0.039,33000000.0,858000000.0,1.0,62100839.0,62100839.0,,48.614,6801000000.0,35000000.0,-25000000.0,315000000.0,109.515,1650000000.0
20,ASH,MRT,2016-06-30,2016-06-30,2016-06-30,2021-08-25,0.0,9912000000.0,9885000000.0,2911000000.0,7001000000.0,0.254,44.054,-221000000.0,1215000000.0,1215000000.0,1835000000.0,193000000.0,1.742,2.625,4087000000.0,771000000.0,3316000000.0,4087000000.0,0.0,278000000.0,0.0,0.0,0.0,193000000.0,471000000.0,0.187,471000000.0,193000000.0,30000000.0,3.14,3.16,3.14,2734000000.0,2760250000.0,2734000000.0,10063709064.0,52.0,21.367,415000000.0,6.687,1.0,678000000.0,0.27,3653000000.0,163000000.0,7460000000.0,7467250000.0,677000000.0,354000000.0,0.0,354000000.0,7178000000.0,1671000000.0,5507000000.0,7122709064.0,102000000.0,21000000.0,-500000000.0,367000000.0,-98000000.0,-230000000.0,-293000000.0,-289000000.0,636000000.0,-11000000.0,193000000.0,193000000.0,193000000.0,-253000000.0,0.0,0.077,786000000.0,-108000000.0,477000000.0,0.0,2.605,36.905,36.551,2170000000.0,0.0,114.77,2.834,2.834,1105000000.0,,2513000000.0,2513000000.0,97000000.0,0.02,0.07,0.026,0.077,31000000.0,689000000.0,1.0,62060722.0,62060722.0,,40.493,6259000000.0,213000000.0,-163000000.0,85000000.0,100.853,1240000000.0
21,ASH,MRT,2016-03-31,2016-03-31,2016-03-31,2021-08-25,0.0,9901000000.0,9895750000.0,2912000000.0,6989000000.0,0.312,43.068,-234000000.0,1136000000.0,1136000000.0,2220000000.0,229000000.0,1.711,2.636,4077000000.0,749000000.0,3328000000.0,4077000000.0,0.0,304000000.0,0.0,0.0,0.0,274000000.0,578000000.0,0.187,578000000.0,274000000.0,97000000.0,3.57,3.59,3.57,2723000000.0,2868500000.0,2723000000.0,9950223309.0,36.0,17.215,-43000000.0,-0.68,1.0,870000000.0,0.282,3688000000.0,177000000.0,7452000000.0,7471500000.0,726000000.0,344000000.0,0.0,344000000.0,7178000000.0,1702000000.0,5476000000.0,6952223309.0,225000000.0,-29000000.0,-500000000.0,884000000.0,-100000000.0,285000000.0,-227000000.0,-273000000.0,191000000.0,-24000000.0,229000000.0,229000000.0,229000000.0,-198000000.0,0.0,0.074,844000000.0,26000000.0,519000000.0,0.0,2.553,30.359,30.801,2166000000.0,0.0,109.96,2.25,2.25,1106000000.0,,3090000000.0,3090000000.0,99000000.0,0.023,0.08,0.037,0.089,32000000.0,745000000.0,1.0,63225021.0,63225021.0,,48.873,6213000000.0,213000000.0,-132000000.0,85000000.0,98.268,1210000000.0
22,ASH,MRT,2015-12-31,2015-12-31,2015-12-31,2021-08-25,0.0,9673000000.0,9869500000.0,2932000000.0,6741000000.0,0.324,38.126,-229000000.0,1039000000.0,1039000000.0,2322000000.0,366000000.0,1.839,2.798,4037000000.0,700000000.0,3337000000.0,4037000000.0,0.0,304000000.0,0.0,0.0,0.0,418000000.0,722000000.0,0.226,722000000.0,418000000.0,244000000.0,5.48,5.47,5.48,2547000000.0,2942500000.0,2547000000.0,9332892602.0,22.0,12.926,194000000.0,2.904,1.0,871000000.0,0.273,3576000000.0,174000000.0,7501000000.0,7396500000.0,723000000.0,353000000.0,0.0,353000000.0,7126000000.0,1594000000.0,5532000000.0,6860892602.0,-217000000.0,21000000.0,-770000000.0,767000000.0,-98000000.0,-94000000.0,-498000000.0,-291000000.0,423000000.0,-48000000.0,366000000.0,366000000.0,366000000.0,-327000000.0,0.0,0.115,789000000.0,82000000.0,461000000.0,0.0,2.694,18.746,18.741,2156000000.0,0.0,102.7,2.149,2.149,1027000000.0,,3193000000.0,3193000000.0,99000000.0,0.037,0.124,0.057,0.131,31000000.0,690000000.0,1.0,66805186.0,66805186.0,,47.796,6097000000.0,155000000.0,-122000000.0,81000000.0,91.265,1338000000.0
23,ASH,MRT,2015-09-30,2015-09-30,2015-09-30,2021-08-25,-291000000.0,10054000000.0,10038500000.0,3093000000.0,6961000000.0,0.341,44.91,-219000000.0,1257000000.0,1257000000.0,2532000000.0,309000000.0,2.145,2.311,3729000000.0,381000000.0,3348000000.0,3729000000.0,0.0,306000000.0,0.0,0.0,0.0,344000000.0,650000000.0,0.19,650000000.0,344000000.0,170000000.0,4.54,4.54,4.54,3037000000.0,3137000000.0,3037000000.0,9389373870.0,27.0,14.445,114000000.0,1.686,1.0,888000000.0,0.26,3628000000.0,174000000.0,7456000000.0,7309750000.0,706000000.0,350000000.0,0.0,350000000.0,7017000000.0,1442000000.0,5575000000.0,6804373870.0,-136000000.0,131000000.0,-397000000.0,456000000.0,-98000000.0,-30000000.0,-392000000.0,-303000000.0,333000000.0,-47000000.0,309000000.0,309000000.0,309000000.0,-321000000.0,0.0,0.09,791000000.0,97000000.0,573000000.0,0.0,2.24,22.021,22.163,2182000000.0,0.0,100.62,1.99,1.99,1141000000.0,3281000000.0,3420000000.0,3420000000.0,99000000.0,0.031,0.099,0.047,0.101,30000000.0,692000000.0,1.0,67624467.0,67624467.0,,50.573,6426000000.0,212000000.0,-139000000.0,85000000.0,95.025,1651000000.0
24,ASH,MRT,2015-06-30,2015-06-30,2015-06-30,2021-08-25,0.0,9955000000.0,10255000000.0,3092000000.0,6863000000.0,0.551,46.866,-247000000.0,1113000000.0,1113000000.0,4074000000.0,431000000.0,2.25,2.143,3698000000.0,336000000.0,3362000000.0,3698000000.0,0.0,367000000.0,0.0,0.0,0.0,472000000.0,839000000.0,0.149,839000000.0,472000000.0,295000000.0,6.27,6.19,6.27,3167000000.0,3273500000.0,3167000000.0,10511550604.0,22.0,12.529,46000000.0,0.681,1.0,1572000000.0,0.278,3689000000.0,177000000.0,7477000000.0,7230000000.0,700000000.0,368000000.0,0.0,368000000.0,6788000000.0,1374000000.0,5414000000.0,8237550604.0,543000000.0,130000000.0,-1226000000.0,391000000.0,-96000000.0,-920000000.0,1214000000.0,-3000000.0,293000000.0,-44000000.0,431000000.0,431000000.0,431000000.0,-207000000.0,0.0,0.076,1213000000.0,359000000.0,544000000.0,0.0,2.601,19.113,19.442,2167000000.0,0.0,121.9,1.459,1.459,1193000000.0,,5646000000.0,5646000000.0,101000000.0,0.042,0.132,0.065,0.084,30000000.0,1112000000.0,1.0,67576297.0,67576297.0,,83.55,6266000000.0,123000000.0,-136000000.0,102000000.0,92.725,1718000000.0
25,ASH,MRT,2015-03-31,2015-03-31,2015-03-31,2021-08-25,0.0,9796000000.0,10797750000.0,2902000000.0,6894000000.0,0.545,43.586,-238000000.0,911000000.0,911000000.0,4296000000.0,423000000.0,2.322,2.245,3185000000.0,242000000.0,2943000000.0,3185000000.0,0.0,380000000.0,0.0,0.0,0.0,452000000.0,832000000.0,0.141,832000000.0,452000000.0,288000000.0,5.96,5.88,5.96,3019000000.0,3614000000.0,3019000000.0,10837082082.0,24.0,13.025,564000000.0,8.143,1.0,1588000000.0,0.27,3668000000.0,164000000.0,7152000000.0,7621000000.0,714000000.0,369000000.0,0.0,369000000.0,6777000000.0,1250000000.0,5527000000.0,8818082082.0,420000000.0,194000000.0,-1351000000.0,-166000000.0,-96000000.0,-1601000000.0,1254000000.0,-15000000.0,802000000.0,-35000000.0,423000000.0,423000000.0,423000000.0,-243000000.0,0.0,0.072,1282000000.0,306000000.0,500000000.0,0.0,2.921,20.847,21.361,2163000000.0,0.0,127.31,1.499,1.499,1239000000.0,,5884000000.0,5884000000.0,100000000.0,0.039,0.117,0.059,0.077,32000000.0,1182000000.0,1.0,69264646.0,69264646.0,,84.95,6128000000.0,121000000.0,-135000000.0,51000000.0,88.472,1652000000.0
26,ASH,MRT,2014-12-31,2014-12-31,2014-12-31,2021-08-25,0.0,10349000000.0,11395750000.0,3241000000.0,7108000000.0,0.533,47.933,-243000000.0,1256000000.0,1256000000.0,4539000000.0,155000000.0,2.359,2.112,3275000000.0,332000000.0,2943000000.0,3275000000.0,0.0,390000000.0,0.0,0.0,0.0,117000000.0,507000000.0,0.083,507000000.0,117000000.0,-48000000.0,2.09,2.05,2.09,3325000000.0,4001750000.0,3325000000.0,10194520063.0,87.0,20.108,341000000.0,4.916,1.0,1540000000.0,0.253,3840000000.0,165000000.0,7154000000.0,8130000000.0,746000000.0,81000000.0,0.0,81000000.0,7024000000.0,1374000000.0,5650000000.0,8307520063.0,961000000.0,194000000.0,-1081000000.0,11000000.0,-101000000.0,-1160000000.0,1548000000.0,-15000000.0,584000000.0,-11000000.0,155000000.0,155000000.0,155000000.0,-131000000.0,0.0,0.025,1460000000.0,80000000.0,529000000.0,0.0,2.499,53.597,57.301,2253000000.0,0.0,119.76,1.367,1.367,1455000000.0,,6079000000.0,6079000000.0,111000000.0,0.014,0.039,0.014,0.019,33000000.0,1349000000.0,1.0,69368070.0,69368070.0,,87.634,6509000000.0,118000000.0,-203000000.0,95000000.0,93.833,1867000000.0
27,ASH,MRT,2014-09-30,2014-09-30,2014-09-30,2021-08-25,107000000.0,10920000000.0,11804250000.0,3561000000.0,7359000000.0,0.519,45.905,-245000000.0,1393000000.0,1393000000.0,4605000000.0,233000000.0,2.111,2.048,3249000000.0,338000000.0,2911000000.0,3249000000.0,0.0,393000000.0,0.0,0.003,0.34,211000000.0,604000000.0,0.099,604000000.0,211000000.0,45000000.0,3.04,3.0,3.04,3583000000.0,4336750000.0,3583000000.0,10870274827.0,52.0,17.997,398000000.0,5.099,1.0,1516000000.0,0.248,3952000000.0,166000000.0,7137000000.0,8406250000.0,765000000.0,81000000.0,0.0,81000000.0,7337000000.0,1687000000.0,5650000000.0,8125274827.0,1047000000.0,92000000.0,-954000000.0,11000000.0,-103000000.0,-1034000000.0,1440000000.0,-15000000.0,643000000.0,-2000000.0,233000000.0,233000000.0,233000000.0,-161000000.0,0.0,0.038,1472000000.0,44000000.0,674000000.0,0.112,2.268,34.872,34.243,2414000000.0,0.0,104.1,1.327,1.327,1635000000.0,3475000000.0,6121000000.0,6121000000.0,114000000.0,0.02,0.054,0.025,0.034,34000000.0,1358000000.0,1.0,78052592.0,78052592.0,,78.421,6968000000.0,118000000.0,-188000000.0,110000000.0,89.273,1874000000.0
28,ASH,MRT,2014-06-30,2014-06-30,2014-06-30,2021-08-25,0.0,12126000000.0,12096250000.0,3203000000.0,8923000000.0,0.5,58.115,-251000000.0,570000000.0,570000000.0,4313000000.0,570000000.0,1.829,1.677,3315000000.0,374000000.0,2941000000.0,3315000000.0,0.0,370000000.0,0.0,0.006,0.68,881000000.0,1251000000.0,0.207,1251000000.0,881000000.0,714000000.0,7.3,7.18,7.3,4529000000.0,4579250000.0,4529000000.0,11333278269.0,13.0,9.059,484000000.0,6.211,1.0,1739000000.0,0.287,4079000000.0,167000000.0,9041000000.0,8906000000.0,781000000.0,84000000.0,0.0,84000000.0,7597000000.0,1751000000.0,5846000000.0,8474278269.0,193000000.0,76000000.0,-126000000.0,-110000000.0,-105000000.0,-323000000.0,-219000000.0,0.0,735000000.0,0.0,570000000.0,570000000.0,570000000.0,-137000000.0,0.0,0.094,987000000.0,752000000.0,639000000.0,0.093,1.871,14.867,14.896,2438000000.0,0.0,108.74,1.4,1.4,1619000000.0,,6052000000.0,6052000000.0,149000000.0,0.047,0.124,0.099,0.146,32000000.0,838000000.0,1.0,77931564.0,77931564.0,,77.658,8047000000.0,108000000.0,144000000.0,345000000.0,103.257,1452000000.0
29,ASH,MRT,2014-03-31,2014-03-31,2014-03-31,2021-08-25,0.0,12188000000.0,12104500000.0,3142000000.0,9046000000.0,0.502,58.736,-260000000.0,491000000.0,491000000.0,4344000000.0,595000000.0,1.791,1.667,3350000000.0,401000000.0,2949000000.0,3350000000.0,0.0,361000000.0,0.0,0.01,1.02,922000000.0,1283000000.0,0.211,1283000000.0,922000000.0,745000000.0,7.61,7.48,7.61,4570000000.0,4471750000.0,4570000000.0,10707093229.0,12.0,8.345,479000000.0,6.156,1.0,1727000000.0,0.284,4105000000.0,177000000.0,9188000000.0,8695250000.0,773000000.0,174000000.0,0.0,174000000.0,7618000000.0,1754000000.0,5864000000.0,7740093229.0,23000000.0,-7000000.0,-151000000.0,-165000000.0,-105000000.0,-405000000.0,-309000000.0,0.0,739000000.0,-2000000.0,595000000.0,595000000.0,595000000.0,-144000000.0,0.0,0.098,961000000.0,766000000.0,646000000.0,0.134,1.694,13.009,13.072,2466000000.0,0.0,99.48,1.275,1.275,1582000000.0,,6071000000.0,6071000000.0,152000000.0,0.049,0.133,0.106,0.152,31000000.0,809000000.0,1.0,77805521.0,77805521.0,,78.028,8083000000.0,108000000.0,150000000.0,363000000.0,103.887,1388000000.0
30,ASH,MRT,2013-12-31,2013-12-31,2013-12-31,2021-08-25,0.0,11983000000.0,12120250000.0,2776000000.0,9207000000.0,0.501,60.185,-254000000.0,295000000.0,295000000.0,4300000000.0,692000000.0,1.797,1.569,3262000000.0,314000000.0,2948000000.0,3262000000.0,0.0,337000000.0,0.0,0.013,1.245,1164000000.0,1501000000.0,0.247,1501000000.0,1164000000.0,883000000.0,8.85,8.71,8.85,4665000000.0,4368500000.0,4665000000.0,10442703539.0,9.0,6.957,439000000.0,5.664,1.0,1776000000.0,0.292,5146000000.0,281000000.0,8259000000.0,8477750000.0,934000000.0,220000000.0,0.0,220000000.0,7318000000.0,1545000000.0,5773000000.0,7521703539.0,-193000000.0,-9000000.0,-151000000.0,-335000000.0,-96000000.0,-568000000.0,-317000000.0,0.0,693000000.0,-1000000.0,692000000.0,692000000.0,692000000.0,-132000000.0,0.0,0.114,813000000.0,963000000.0,750000000.0,0.141,1.612,10.87,10.965,2827000000.0,0.0,97.04,1.238,1.238,1797000000.0,,6076000000.0,6076000000.0,146000000.0,0.057,0.158,0.137,0.192,29000000.0,667000000.0,1.0,77511372.0,77511372.0,,78.388,6837000000.0,108000000.0,191000000.0,394000000.0,88.206,1231000000.0
31,ASH,MRT,2013-09-30,2013-09-30,2013-09-30,2021-08-25,288000000.0,12088000000.0,12218500000.0,2873000000.0,9215000000.0,0.499,58.857,-259000000.0,346000000.0,346000000.0,4304000000.0,683000000.0,1.664,1.655,3267000000.0,320000000.0,2947000000.0,3267000000.0,0.0,356000000.0,0.0,0.012,1.13,1161000000.0,1517000000.0,0.249,1517000000.0,1161000000.0,879000000.0,8.71,8.57,8.71,4553000000.0,4240250000.0,4553000000.0,10199014664.0,9.0,6.723,474000000.0,6.127,1.0,1787000000.0,0.293,4146000000.0,282000000.0,9136000000.0,8513750000.0,758000000.0,213000000.0,0.0,213000000.0,7535000000.0,1727000000.0,5808000000.0,7154014664.0,-177000000.0,-13000000.0,-150000000.0,-367000000.0,-88000000.0,-592000000.0,-320000000.0,0.0,733000000.0,2000000.0,683000000.0,683000000.0,683000000.0,-130000000.0,0.0,0.112,812000000.0,975000000.0,714000000.0,0.13,1.571,10.474,10.618,2507000000.0,0.0,92.48,1.175,1.175,1550000000.0,3758000000.0,6091000000.0,6091000000.0,142000000.0,0.056,0.161,0.136,0.191,30000000.0,670000000.0,1.0,77357425.0,77357425.0,,78.738,7942000000.0,107000000.0,196000000.0,397000000.0,102.666,1146000000.0
32,ASH,MRT,2013-06-30,2013-06-30,2013-06-30,2021-08-25,0.0,12159000000.0,12327500000.0,2976000000.0,9183000000.0,0.435,51.871,-233000000.0,377000000.0,377000000.0,4035000000.0,4000000.0,1.637,1.966,3422000000.0,464000000.0,2958000000.0,3422000000.0,0.0,306000000.0,0.0,0.012,1.015,288000000.0,594000000.0,0.111,594000000.0,288000000.0,-103000000.0,0.02,0.03,0.02,4099000000.0,4109250000.0,4099000000.0,9639452648.0,33.0,16.228,442000000.0,5.593,1.0,1331000000.0,0.248,5188000000.0,391000000.0,8198000000.0,8329750000.0,864000000.0,225000000.0,0.0,225000000.0,8060000000.0,1818000000.0,6242000000.0,6598452648.0,-220000000.0,-19000000.0,-151000000.0,-366000000.0,-80000000.0,-581000000.0,-313000000.0,6000000.0,675000000.0,-1000000.0,4000000.0,4000000.0,4000000.0,-61000000.0,0.0,0.001,1164000000.0,167000000.0,746000000.0,50.75,1.61,1649.613,4175.0,2778000000.0,0.0,83.5,1.23,1.23,1951000000.0,,5366000000.0,5366000000.0,101000000.0,0.0,0.001,0.035,0.054,33000000.0,1063000000.0,1.0,79023385.0,79023385.0,,67.904,6971000000.0,157000000.0,-107000000.0,264000000.0,88.214,1158000000.0
33,ASH,MRT,2013-03-31,2013-03-31,2013-03-31,2021-08-25,0.0,12251000000.0,12437250000.0,3045000000.0,9206000000.0,0.473,52.634,-232000000.0,468000000.0,468000000.0,4357000000.0,31000000.0,1.72,1.947,3509000000.0,476000000.0,3033000000.0,3509000000.0,0.0,325000000.0,0.0,0.012,0.9,338000000.0,663000000.0,0.113,663000000.0,338000000.0,-55000000.0,0.37,0.38,0.37,4157000000.0,4126000000.0,4157000000.0,8933193568.0,26.0,13.474,310000000.0,3.925,1.0,1526000000.0,0.259,5204000000.0,393000000.0,8318000000.0,8490000000.0,930000000.0,222000000.0,0.0,222000000.0,8094000000.0,1770000000.0,6324000000.0,5868193568.0,-131000000.0,-23000000.0,-1000000.0,-308000000.0,-72000000.0,-364000000.0,-307000000.0,6000000.0,542000000.0,-2000000.0,31000000.0,31000000.0,31000000.0,-17000000.0,0.0,0.005,1260000000.0,266000000.0,767000000.0,2.432,1.412,189.297,200.811,2788000000.0,0.0,74.3,0.997,0.997,1891000000.0,,5883000000.0,5883000000.0,105000000.0,0.002,0.008,0.04,0.057,31000000.0,1155000000.0,1.0,78979725.0,78979725.0,,74.487,7047000000.0,119000000.0,-86000000.0,224000000.0,89.225,1275000000.0
34,ASH,MRT,2012-12-31,2012-12-31,2012-12-31,2021-08-25,0.0,12376000000.0,12551000000.0,3077000000.0,9299000000.0,0.511,52.676,-242000000.0,488000000.0,488000000.0,4737000000.0,66000000.0,1.738,1.981,3553000000.0,463000000.0,3090000000.0,3553000000.0,0.0,362000000.0,0.0,0.011,0.85,320000000.0,682000000.0,0.106,682000000.0,320000000.0,16000000.0,0.82,0.82,0.82,4152000000.0,4144750000.0,4152000000.0,9405080880.0,29.0,13.79,361000000.0,4.58,1.0,1675000000.0,0.261,5268000000.0,304000000.0,8403000000.0,8634500000.0,1008000000.0,220000000.0,0.0,220000000.0,8224000000.0,1770000000.0,6454000000.0,6338080880.0,22000000.0,21000000.0,0.0,-278000000.0,-67000000.0,-327000000.0,-248000000.0,10000000.0,603000000.0,-6000000.0,66000000.0,66000000.0,66000000.0,-10000000.0,0.0,0.01,1414000000.0,261000000.0,738000000.0,1.037,1.527,96.032,98.061,2817000000.0,0.0,80.41,0.988,0.988,1824000000.0,,6412000000.0,6412000000.0,106000000.0,0.005,0.016,0.037,0.05,31000000.0,1308000000.0,1.0,78822048.0,78822048.0,,81.348,7108000000.0,116000000.0,-50000000.0,208000000.0,90.178,1307000000.0
35,ASH,MRT,2012-09-30,2012-09-30,2012-09-30,2021-08-25,218000000.0,12524000000.0,12585250000.0,3209000000.0,9315000000.0,0.514,51.297,-236000000.0,523000000.0,523000000.0,4813000000.0,26000000.0,1.677,2.108,3590000000.0,459000000.0,3131000000.0,3590000000.0,0.0,359000000.0,0.0,0.011,0.8,286000000.0,645000000.0,0.1,645000000.0,286000000.0,-31000000.0,0.33,0.33,0.33,4029000000.0,4123000000.0,4029000000.0,8747618083.0,31.0,13.562,118000000.0,1.502,1.0,1659000000.0,0.256,5278000000.0,317000000.0,8400000000.0,8785000000.0,1008000000.0,217000000.0,0.0,217000000.0,8495000000.0,1913000000.0,6582000000.0,5623618083.0,-214000000.0,21000000.0,0.0,-270000000.0,-63000000.0,-317000000.0,-242000000.0,10000000.0,354000000.0,-9000000.0,26000000.0,26000000.0,26000000.0,-12000000.0,0.0,0.004,1431000000.0,228000000.0,877000000.0,2.424,1.396,216.293,216.97,2832000000.0,0.0,71.6,0.869,0.869,1930000000.0,3163000000.0,6472000000.0,6472000000.0,104000000.0,0.002,0.006,0.033,0.044,28000000.0,1327000000.0,1.0,78542152.0,78542152.0,,82.402,7246000000.0,116000000.0,-57000000.0,208000000.0,92.256,1296000000.0
36,ASH,MRT,2012-06-30,2012-06-30,2012-06-30,2021-08-25,0.0,12598000000.0,12695750000.0,3353000000.0,9245000000.0,0.63,53.092,-255000000.0,597000000.0,597000000.0,5954000000.0,37000000.0,2.067,2.024,3721000000.0,154000000.0,3567000000.0,3721000000.0,0.0,408000000.0,0.0,0.011,0.75,191000000.0,599000000.0,0.075,599000000.0,191000000.0,-8000000.0,0.5,0.5,0.5,4166000000.0,4149500000.0,4166000000.0,8591570573.0,45.0,14.343,23000000.0,0.293,1.0,2042000000.0,0.255,5261000000.0,199000000.0,8839000000.0,8909250000.0,1034000000.0,199000000.0,0.0,199000000.0,8432000000.0,1622000000.0,6810000000.0,5438570573.0,-448000000.0,-1922000000.0,2000000.0,1517000000.0,-59000000.0,1466000000.0,-2187000000.0,15000000.0,278000000.0,-5000000.0,37000000.0,37000000.0,37000000.0,1000000.0,0.0,0.005,1884000000.0,158000000.0,908000000.0,1.5,1.305,146.988,138.62,2754000000.0,0.0,69.31,0.68,0.68,1926000000.0,,7996000000.0,7996000000.0,113000000.0,0.003,0.009,0.021,0.024,22000000.0,1765000000.0,1.0,78467329.0,78467329.0,,101.902,7337000000.0,176000000.0,-45000000.0,400000000.0,93.504,1731000000.0
37,ASH,MRT,2012-03-31,2012-03-31,2012-03-31,2021-08-25,0.0,12706000000.0,11916750000.0,3283000000.0,9423000000.0,0.631,54.045,-234000000.0,599000000.0,599000000.0,5673000000.0,-21000000.0,2.08,2.002,3752000000.0,164000000.0,3588000000.0,3752000000.0,0.0,368000000.0,0.0,0.011,0.7,78000000.0,446000000.0,0.059,446000000.0,78000000.0,-90000000.0,-0.23,-0.23,-0.23,4232000000.0,4249750000.0,4232000000.0,8119347813.0,104.0,18.205,-51000000.0,-0.651,1.0,1849000000.0,0.246,5385000000.0,168000000.0,8896000000.0,7893000000.0,949000000.0,200000000.0,0.0,200000000.0,8474000000.0,1578000000.0,6896000000.0,4781347813.0,-530000000.0,-1919000000.0,-68000000.0,1561000000.0,-54000000.0,1445000000.0,-2162000000.0,15000000.0,183000000.0,4000000.0,-21000000.0,-21000000.0,-21000000.0,-26000000.0,0.0,-0.003,1825000000.0,24000000.0,882000000.0,-3.043,1.13,-227.683,-265.478,2822000000.0,0.0,61.06,0.636,0.636,1920000000.0,,7522000000.0,7522000000.0,102000000.0,-0.002,-0.005,0.01,0.01,20000000.0,1717000000.0,1.0,78305729.0,78305729.0,,96.059,7321000000.0,163000000.0,-69000000.0,408000000.0,93.493,1705000000.0
38,ASH,MRT,2011-12-31,2011-12-31,2011-12-31,2021-08-25,0.0,12513000000.0,11093250000.0,3063000000.0,9450000000.0,0.631,52.044,-212000000.0,466000000.0,466000000.0,5263000000.0,376000000.0,2.092,2.078,3804000000.0,197000000.0,3607000000.0,3804000000.0,0.0,330000000.0,0.0,0.012,0.675,459000000.0,789000000.0,0.113,789000000.0,459000000.0,308000000.0,4.78,4.69,4.78,4065000000.0,4316000000.0,4065000000.0,7559622585.0,16.0,9.581,-113000000.0,-1.447,1.0,1737000000.0,0.248,5382000000.0,151000000.0,9005000000.0,6831500000.0,981000000.0,0.0,0.0,0.0,8448000000.0,1464000000.0,6984000000.0,4464622585.0,92000000.0,-1942000000.0,-68000000.0,1290000000.0,-53000000.0,1172000000.0,-1187000000.0,11000000.0,99000000.0,8000000.0,376000000.0,376000000.0,376000000.0,-331000000.0,0.0,0.054,1634000000.0,103000000.0,770000000.0,0.141,1.098,11.874,11.958,2858000000.0,0.0,57.16,0.638,0.638,1809000000.0,,7000000000.0,7000000000.0,91000000.0,0.034,0.087,0.067,0.066,18000000.0,1537000000.0,1.0,78107463.0,78107463.0,,89.62,7131000000.0,174000000.0,-68000000.0,403000000.0,91.297,1599000000.0
39,ASH,MRT,2011-09-30,2011-09-30,2011-09-30,2021-08-25,307000000.0,12966000000.0,10302250000.0,3387000000.0,9579000000.0,0.631,52.999,-187000000.0,737000000.0,737000000.0,4890000000.0,414000000.0,1.948,2.136,3832000000.0,184000000.0,3648000000.0,3832000000.0,0.0,299000000.0,0.0,0.015,0.65,482000000.0,781000000.0,0.12,781000000.0,482000000.0,361000000.0,5.28,5.17,5.28,4135000000.0,4269000000.0,4135000000.0,3319829461.0,7.0,4.251,58000000.0,0.743,1.0,1612000000.0,0.248,5425000000.0,121000000.0,8897000000.0,5980000000.0,925000000.0,193000000.0,0.0,193000000.0,8831000000.0,1739000000.0,7092000000.0,3443829461.0,320000000.0,-1926000000.0,-68000000.0,1327000000.0,-51000000.0,1212000000.0,-1147000000.0,11000000.0,245000000.0,10000000.0,414000000.0,414000000.0,414000000.0,-358000000.0,0.0,0.064,1537000000.0,75000000.0,911000000.0,0.123,0.833,8.318,8.36,2914000000.0,0.0,44.14,0.53,0.53,1930000000.0,3200000000.0,6502000000.0,6502000000.0,80000000.0,0.04,0.097,0.081,0.074,16000000.0,1451000000.0,1.0,78020604.0,78020604.0,,83.337,7541000000.0,163000000.0,-53000000.0,404000000.0,96.654,1648000000.0
40,ASH,MRT,2011-06-30,2011-06-30,2011-06-30,2021-08-25,0.0,9482000000.0,9443250000.0,3016000000.0,6466000000.0,0.654,57.71,-176000000.0,1045000000.0,1045000000.0,4550000000.0,562000000.0,2.269,1.076,921000000.0,73000000.0,848000000.0,921000000.0,0.0,282000000.0,0.0,0.01,0.625,706000000.0,988000000.0,0.16,988000000.0,706000000.0,593000000.0,7.13,6.99,7.13,4567000000.0,4187000000.0,4567000000.0,4891813489.0,7.0,4.951,128000000.0,1.617,1.0,1622000000.0,0.263,3255000000.0,113000000.0,4774000000.0,5103500000.0,557000000.0,22000000.0,0.0,22000000.0,4915000000.0,1329000000.0,3586000000.0,5113813489.0,561000000.0,42000000.0,-68000000.0,-491000000.0,-49000000.0,-615000000.0,867000000.0,33000000.0,304000000.0,5000000.0,562000000.0,562000000.0,562000000.0,-333000000.0,0.0,0.091,1301000000.0,321000000.0,750000000.0,0.088,1.12,9.099,9.063,1774000000.0,0.0,64.62,0.829,0.829,1699000000.0,,6172000000.0,6172000000.0,74000000.0,0.06,0.134,0.138,0.114,17000000.0,1248000000.0,1.0,79136699.0,79136699.0,,77.992,6227000000.0,409000000.0,31000000.0,145000000.0,78.687,1687000000.0
41,ASH,MRT,2011-03-31,2011-03-31,2011-03-31,2021-08-25,0.0,9412000000.0,9359000000.0,2974000000.0,6438000000.0,0.639,56.895,-171000000.0,1129000000.0,1129000000.0,4354000000.0,617000000.0,2.27,1.093,907000000.0,61000000.0,846000000.0,907000000.0,0.0,282000000.0,0.0,0.01,0.6,753000000.0,1035000000.0,0.173,1035000000.0,753000000.0,636000000.0,7.82,7.67,7.82,4497000000.0,3959250000.0,4497000000.0,5421359180.0,7.0,5.238,186000000.0,2.353,1.0,1629000000.0,0.272,3230000000.0,117000000.0,4650000000.0,5168750000.0,534000000.0,22000000.0,0.0,22000000.0,4915000000.0,1310000000.0,3605000000.0,4565359180.0,630000000.0,16000000.0,4000000.0,-547000000.0,-47000000.0,-598000000.0,877000000.0,65000000.0,357000000.0,-6000000.0,617000000.0,617000000.0,617000000.0,-346000000.0,0.0,0.103,1295000000.0,334000000.0,708000000.0,0.077,1.015,7.399,7.386,1768000000.0,0.0,57.76,0.763,0.763,1582000000.0,,5983000000.0,5983000000.0,78000000.0,0.066,0.156,0.146,0.126,16000000.0,1238000000.0,1.0,79040152.0,79040152.0,,75.696,6182000000.0,448000000.0,19000000.0,173000000.0,78.213,1664000000.0
42,ASH,MRT,2010-12-31,2010-12-31,2010-12-31,2021-08-25,0.0,9349000000.0,9315750000.0,2705000000.0,6644000000.0,0.628,49.168,-171000000.0,374000000.0,374000000.0,4252000000.0,154000000.0,1.886,1.411,1230000000.0,116000000.0,1114000000.0,1230000000.0,0.0,279000000.0,0.0,0.01,0.525,337000000.0,616000000.0,0.105,616000000.0,337000000.0,156000000.0,1.97,1.92,1.97,3877000000.0,3755500000.0,3877000000.0,4817434488.0,14.0,7.821,249000000.0,3.158,1.0,1597000000.0,0.273,3172000000.0,181000000.0,5599000000.0,5263250000.0,497000000.0,22000000.0,0.0,22000000.0,5472000000.0,1434000000.0,4038000000.0,4010434488.0,-32000000.0,57000000.0,6000000.0,-372000000.0,-41000000.0,-414000000.0,-25000000.0,106000000.0,420000000.0,-13000000.0,154000000.0,154000000.0,154000000.0,-59000000.0,0.0,0.026,1387000000.0,210000000.0,640000000.0,0.266,1.034,26.042,25.817,1768000000.0,0.0,50.86,0.686,0.686,1457000000.0,,5849000000.0,5849000000.0,78000000.0,0.017,0.041,0.064,0.058,15000000.0,1330000000.0,1.0,78852428.0,78852428.0,,74.177,6177000000.0,448000000.0,2000000.0,149000000.0,78.336,1271000000.0
43,ASH,MRT,2010-09-30,2010-09-30,2010-09-30,2021-08-25,304000000.0,9530000000.0,9286000000.0,2833000000.0,6697000000.0,0.618,48.355,-171000000.0,417000000.0,417000000.0,4124000000.0,141000000.0,1.679,1.503,1224000000.0,116000000.0,1108000000.0,1224000000.0,0.0,280000000.0,0.0,0.009,0.45,325000000.0,605000000.0,0.105,605000000.0,325000000.0,128000000.0,1.82,1.78,1.82,3807000000.0,3724750000.0,3807000000.0,4776683803.0,15.0,7.895,335000000.0,4.255,1.0,1617000000.0,0.282,3259000000.0,197000000.0,5391000000.0,5280000000.0,447000000.0,0.0,0.0,0.0,5723000000.0,1687000000.0,4036000000.0,3839683803.0,65000000.0,41000000.0,6000000.0,-398000000.0,-35000000.0,-435000000.0,4000000.0,150000000.0,506000000.0,-10000000.0,141000000.0,141000000.0,141000000.0,-53000000.0,0.0,0.025,1395000000.0,222000000.0,727000000.0,0.247,1.009,27.232,26.797,1838000000.0,0.0,48.77,0.669,0.669,1574000000.0,2837000000.0,5741000000.0,5741000000.0,78000000.0,0.015,0.038,0.062,0.057,14000000.0,1338000000.0,1.0,78730445.0,78730445.0,,72.92,6271000000.0,447000000.0,-13000000.0,145000000.0,79.652,1146000000.0
44,ASH,MRT,2010-06-30,2010-06-30,2010-06-30,2021-08-25,0.0,9145000000.0,9305250000.0,2818000000.0,6327000000.0,0.681,46.572,-99000000.0,484000000.0,484000000.0,4536000000.0,349000000.0,1.554,1.501,1421000000.0,319000000.0,1102000000.0,1421000000.0,0.0,270000000.0,0.0,0.008,0.375,670000000.0,940000000.0,0.148,940000000.0,670000000.0,439000000.0,4.58,4.48,4.58,3656000000.0,3669000000.0,3656000000.0,4608091620.0,7.0,4.902,576000000.0,7.337,1.0,1802000000.0,0.284,3234000000.0,231000000.0,5035000000.0,5404750000.0,611000000.0,54000000.0,0.0,54000000.0,5489000000.0,1813000000.0,3676000000.0,3644091620.0,228000000.0,143000000.0,13000000.0,-433000000.0,-28000000.0,-607000000.0,167000000.0,135000000.0,675000000.0,-7000000.0,349000000.0,349000000.0,349000000.0,-64000000.0,0.0,0.055,1319000000.0,483000000.0,1020000000.0,0.082,0.997,10.442,10.135,1912000000.0,0.0,46.42,0.575,0.575,2032000000.0,,6338000000.0,6338000000.0,86000000.0,0.038,0.095,0.124,0.106,13000000.0,1233000000.0,1.0,78502620.0,78502620.0,,80.736,5911000000.0,201000000.0,90000000.0,0.0,75.297,1005000000.0
45,ASH,MRT,2010-03-31,2010-03-31,2010-03-31,2021-08-25,0.0,9239000000.0,9310250000.0,2735000000.0,6504000000.0,0.741,47.169,-92000000.0,499000000.0,499000000.0,5043000000.0,251000000.0,1.472,1.509,1463000000.0,362000000.0,1101000000.0,1463000000.0,0.0,290000000.0,0.0,0.006,0.3,629000000.0,919000000.0,0.133,919000000.0,629000000.0,362000000.0,3.36,3.29,3.36,3682000000.0,3681750000.0,3682000000.0,5307254326.0,8.0,5.775,867000000.0,11.107,1.0,1854000000.0,0.269,3317000000.0,267000000.0,5028000000.0,5697000000.0,581000000.0,86000000.0,0.0,86000000.0,5557000000.0,1858000000.0,3699000000.0,4119254326.0,296000000.0,165000000.0,13000000.0,-682000000.0,-23000000.0,-852000000.0,191000000.0,129000000.0,959000000.0,-2000000.0,251000000.0,251000000.0,251000000.0,-32000000.0,0.0,0.036,1358000000.0,496000000.0,1056000000.0,0.089,1.119,16.411,15.705,1964000000.0,0.0,52.77,0.597,0.597,1972000000.0,,6897000000.0,6897000000.0,86000000.0,0.027,0.068,0.11,0.091,13000000.0,1272000000.0,1.0,78060533.0,78060533.0,,88.355,5922000000.0,189000000.0,111000000.0,0.0,75.864,877000000.0
46,ASH,MRT,2009-12-31,2009-12-31,2009-12-31,2021-08-25,0.0,9230000000.0,9309750000.0,2467000000.0,6763000000.0,0.802,50.11,-102000000.0,406000000.0,406000000.0,5582000000.0,277000000.0,1.818,1.459,1594000000.0,78000000.0,1516000000.0,1594000000.0,0.0,317000000.0,0.0,0.008,0.3,597000000.0,914000000.0,0.122,914000000.0,597000000.0,379000000.0,3.73,3.67,3.73,3754000000.0,3647000000.0,3754000000.0,4229162768.0,7.0,4.627,892000000.0,11.907,1.0,1882000000.0,0.252,3395000000.0,218000000.0,5666000000.0,6075000000.0,593000000.0,126000000.0,0.0,126000000.0,5476000000.0,1357000000.0,4119000000.0,2968162768.0,184000000.0,109000000.0,10000000.0,-876000000.0,-22000000.0,-911000000.0,99000000.0,99000000.0,994000000.0,2000000.0,277000000.0,277000000.0,277000000.0,-16000000.0,0.0,0.037,1397000000.0,485000000.0,834000000.0,0.08,0.791,10.715,10.622,2013000000.0,0.0,39.62,0.398,0.398,1773000000.0,,7464000000.0,7464000000.0,89000000.0,0.03,0.076,0.098,0.08,10000000.0,1308000000.0,1.0,74915769.0,74915769.0,,99.632,5835000000.0,201000000.0,102000000.0,0.0,77.887,1110000000.0
47,ASH,MRT,2009-09-30,2009-09-30,2009-09-30,2021-08-25,-123000000.0,9607000000.0,9437750000.0,2478000000.0,7129000000.0,0.859,48.152,-120000000.0,352000000.0,352000000.0,6317000000.0,71000000.0,1.571,1.681,1613000000.0,76000000.0,1537000000.0,1613000000.0,0.0,305000000.0,0.0,0.007,0.3,356000000.0,661000000.0,0.082,661000000.0,356000000.0,151000000.0,0.98,0.96,0.98,3584000000.0,3608500000.0,3584000000.0,4953885173.0,14.0,7.495,905000000.0,12.159,1.0,1789000000.0,0.221,3401000000.0,205000000.0,5890000000.0,6363750000.0,527000000.0,170000000.0,0.0,170000000.0,6023000000.0,1577000000.0,4446000000.0,3216885173.0,-534000000.0,-1966000000.0,9000000.0,747000000.0,-22000000.0,573000000.0,-2115000000.0,73000000.0,1025000000.0,-17000000.0,71000000.0,71000000.0,71000000.0,7000000.0,0.0,0.009,1437000000.0,352000000.0,973000000.0,0.306,0.898,45.308,44.102,2067000000.0,0.0,43.22,0.397,0.397,1902000000.0,3185000000.0,8106000000.0,8106000000.0,96000000.0,0.008,0.02,0.056,0.044,9000000.0,1341000000.0,1.0,74430476.0,74430476.0,,108.907,6206000000.0,428000000.0,80000000.0,149000000.0,83.38,901000000.0
48,ASH,MRT,2009-06-30,2009-06-30,2009-06-30,2021-08-25,0.0,9165000000.0,8478750000.0,2419000000.0,6746000000.0,0.968,49.987,-189000000.0,256000000.0,256000000.0,6614000000.0,-31000000.0,1.766,1.472,1993000000.0,115000000.0,1878000000.0,1993000000.0,0.0,284000000.0,0.0,0.018,0.5,187000000.0,471000000.0,0.057,471000000.0,187000000.0,45000000.0,-0.57,-0.57,-0.57,3707000000.0,3513000000.0,3707000000.0,4139164129.0,22.0,8.788,602000000.0,8.118,1.0,1594000000.0,0.194,3328000000.0,142000000.0,6204000000.0,5723500000.0,517000000.0,188000000.0,0.0,188000000.0,5458000000.0,1370000000.0,4088000000.0,2080164129.0,-597000000.0,-2083000000.0,2000000.0,967000000.0,-34000000.0,935000000.0,-2311000000.0,56000000.0,791000000.0,-12000000.0,-31000000.0,-31000000.0,-31000000.0,10000000.0,0.0,-0.004,1445000000.0,149000000.0,783000000.0,-0.877,0.561,-67.102,-49.211,2114000000.0,0.0,28.05,0.253,0.253,1869000000.0,,8208000000.0,8208000000.0,121000000.0,-0.004,-0.009,0.033,0.023,10000000.0,1238000000.0,1.0,74159149.0,74159149.0,,110.681,5837000000.0,95000000.0,76000000.0,147000000.0,78.709,1049000000.0
49,ASH,MRT,2009-03-31,2009-03-31,2009-03-31,2021-08-25,0.0,9237000000.0,7648500000.0,2400000000.0,6837000000.0,1.095,48.089,-194000000.0,203000000.0,203000000.0,6914000000.0,-9000000.0,1.728,1.607,2262000000.0,178000000.0,2084000000.0,2262000000.0,0.0,230000000.0,0.0,0.068,0.7,129000000.0,359000000.0,0.043,359000000.0,129000000.0,54000000.0,-0.09,-0.1,-0.09,3543000000.0,3425750000.0,3543000000.0,3007079753.0,23.0,8.376,356000000.0,4.832,1.0,1458000000.0,0.174,3367000000.0,75000000.0,6540000000.0,5034250000.0,579000000.0,214000000.0,0.0,214000000.0,5694000000.0,1389000000.0,4305000000.0,761079753.0,-644000000.0,-2196000000.0,1000000.0,1259000000.0,-45000000.0,1215000000.0,-2396000000.0,89000000.0,550000000.0,-13000000.0,-9000000.0,-9000000.0,-9000000.0,3000000.0,0.0,-0.001,1375000000.0,83000000.0,738000000.0,-7.778,0.215,-84.564,-114.778,2146000000.0,0.0,10.33,0.091,0.091,1797000000.0,,8372000000.0,8372000000.0,98000000.0,-0.001,-0.003,0.026,0.015,10000000.0,1191000000.0,1.0,73676646.0,73676646.0,,113.632,5870000000.0,93000000.0,63000000.0,218000000.0,79.672,1011000000.0
50,ASH,MRT,2008-12-31,2008-12-31,2008-12-31,2021-08-25,0.0,9742000000.0,6783750000.0,2721000000.0,7021000000.0,1.244,57.122,-207000000.0,222000000.0,222000000.0,7108000000.0,15000000.0,1.565,1.706,2468000000.0,340000000.0,2128000000.0,2468000000.0,0.0,173000000.0,0.0,0.086,0.9,92000000.0,265000000.0,0.031,265000000.0,92000000.0,79000000.0,0.4,0.38,0.4,3600000000.0,3364000000.0,3600000000.0,-157631770.0,-2.0,-0.595,281000000.0,4.459,1.0,1333000000.0,0.158,3428000000.0,13000000.0,6821000000.0,4268500000.0,688000000.0,225000000.0,0.0,225000000.0,6142000000.0,1739000000.0,4403000000.0,662368230.0,-459000000.0,-2175000000.0,1000000.0,1599000000.0,-58000000.0,1404000000.0,-2340000000.0,137000000.0,488000000.0,-11000000.0,15000000.0,15000000.0,15000000.0,3000000.0,0.0,0.002,1315000000.0,18000000.0,871000000.0,2.25,0.184,44.158,26.275,2191000000.0,0.0,10.51,0.078,0.078,1946000000.0,,8441000000.0,8441000000.0,75000000.0,0.002,0.004,0.022,0.011,11000000.0,1154000000.0,1.0,63022667.0,63022667.0,,133.936,6314000000.0,103000000.0,64000000.0,236000000.0,100.186,982000000.0
51,ASH,MRT,2008-09-30,2008-09-30,2008-09-30,2021-08-25,30000000.0,5771000000.0,5759750000.0,3026000000.0,2745000000.0,1.455,50.821,-195000000.0,886000000.0,886000000.0,7056000000.0,167000000.0,2.46,0.802,66000000.0,21000000.0,45000000.0,66000000.0,0.0,145000000.0,0.0,0.038,1.1,225000000.0,370000000.0,0.044,370000000.0,225000000.0,253000000.0,2.65,2.63,2.65,3202000000.0,3265500000.0,3202000000.0,1054279592.0,5.0,2.849,275000000.0,4.365,1.0,1325000000.0,0.158,392000000.0,-28000000.0,3329000000.0,3465750000.0,476000000.0,243000000.0,0.0,243000000.0,2569000000.0,1230000000.0,1339000000.0,1842279592.0,-11000000.0,-103000000.0,3000000.0,-5000000.0,-69000000.0,-70000000.0,-418000000.0,-120000000.0,470000000.0,7000000.0,167000000.0,167000000.0,167000000.0,8000000.0,0.0,0.02,1166000000.0,159000000.0,918000000.0,0.415,0.575,11.032,11.034,1095000000.0,0.0,29.24,0.22,0.22,1869000000.0,3138000000.0,8381000000.0,8381000000.0,48000000.0,0.029,0.051,0.065,0.027,12000000.0,1118000000.0,1.0,63005458.0,63005458.0,,133.02,5379000000.0,250000000.0,86000000.0,0.0,85.374,1796000000.0
52,ASH,MRT,2008-06-30,2008-06-30,2008-06-30,2021-08-25,0.0,5844000000.0,5738500000.0,3093000000.0,2751000000.0,1.438,53.358,-133000000.0,853000000.0,853000000.0,6898000000.0,209000000.0,2.569,0.74,65000000.0,20000000.0,45000000.0,65000000.0,0.0,155000000.0,0.0,0.023,1.1,235000000.0,390000000.0,0.047,390000000.0,235000000.0,272000000.0,3.33,3.29,3.33,3358000000.0,3253500000.0,3358000000.0,2253369106.0,10.0,5.778,377000000.0,5.991,1.0,1352000000.0,0.164,405000000.0,-37000000.0,3447000000.0,3465750000.0,521000000.0,267000000.0,0.0,267000000.0,2486000000.0,1204000000.0,1282000000.0,3033369106.0,5000000.0,-96000000.0,5000000.0,-5000000.0,-69000000.0,-67000000.0,-446000000.0,-134000000.0,510000000.0,8000000.0,209000000.0,209000000.0,209000000.0,-1000000.0,0.0,0.025,1193000000.0,159000000.0,910000000.0,0.33,0.903,14.514,14.474,1064000000.0,0.0,48.2,0.368,0.368,1958000000.0,,8250000000.0,8250000000.0,45000000.0,0.036,0.064,0.068,0.028,24000000.0,1148000000.0,1.0,62932969.0,62932969.0,,131.092,5439000000.0,205000000.0,63000000.0,0.0,86.425,1889000000.0
53,ASH,MRT,2008-03-31,2008-03-31,2008-03-31,2021-08-25,0.0,5778000000.0,5680500000.0,3115000000.0,2663000000.0,1.414,52.398,-138000000.0,847000000.0,847000000.0,6697000000.0,237000000.0,2.742,0.753,67000000.0,3000000.0,64000000.0,67000000.0,0.0,147000000.0,0.0,0.023,1.1,247000000.0,394000000.0,0.049,394000000.0,247000000.0,288000000.0,3.78,3.74,3.78,3296000000.0,3173500000.0,3296000000.0,2363296149.0,10.0,5.998,350000000.0,5.564,1.0,1335000000.0,0.166,385000000.0,-41000000.0,3477000000.0,3432500000.0,545000000.0,328000000.0,74000000.0,254000000.0,2482000000.0,1136000000.0,1346000000.0,2975296149.0,263000000.0,19000000.0,4000000.0,-11000000.0,-69000000.0,-74000000.0,-159000000.0,36000000.0,488000000.0,8000000.0,237000000.0,237000000.0,237000000.0,-9000000.0,0.0,0.03,1169000000.0,166000000.0,861000000.0,0.291,0.903,12.554,12.513,1015000000.0,0.0,47.3,0.37,0.37,1941000000.0,,8032000000.0,8032000000.0,45000000.0,0.042,0.075,0.072,0.031,21000000.0,1124000000.0,1.0,62902667.0,62902667.0,,127.689,5393000000.0,213000000.0,51000000.0,0.0,85.736,1979000000.0
54,ASH,MRT,2007-12-31,2007-12-31,2007-12-31,2021-08-25,0.0,5646000000.0,5625250000.0,3236000000.0,2410000000.0,1.402,50.938,-116000000.0,681000000.0,681000000.0,6547000000.0,214000000.0,3.1,0.761,69000000.0,5000000.0,64000000.0,69000000.0,0.0,139000000.0,0.0,0.023,1.1,228000000.0,367000000.0,0.047,367000000.0,228000000.0,270000000.0,3.42,3.38,3.42,3206000000.0,3079750000.0,3206000000.0,2157221434.0,9.0,5.878,257000000.0,4.083,1.0,1341000000.0,0.17,380000000.0,-42000000.0,3610000000.0,3438250000.0,633000000.0,394000000.0,394000000.0,0.0,2440000000.0,1044000000.0,1396000000.0,2985221434.0,165000000.0,-5000000.0,8000000.0,-8000000.0,-68000000.0,-64000000.0,-152000000.0,36000000.0,373000000.0,8000000.0,214000000.0,214000000.0,214000000.0,-27000000.0,0.0,0.027,1186000000.0,155000000.0,696000000.0,0.322,0.931,13.95,13.868,989000000.0,0.0,47.43,0.378,0.378,1822000000.0,,7888000000.0,7888000000.0,45000000.0,0.038,0.069,0.066,0.029,19000000.0,1141000000.0,1.0,62939520.0,62939520.0,,125.327,5266000000.0,220000000.0,56000000.0,0.0,83.668,2192000000.0
55,ASH,MRT,2007-09-30,2007-09-30,2007-09-30,2021-08-25,97000000.0,5686000000.0,5570250000.0,3276000000.0,2410000000.0,1.398,50.211,-127000000.0,897000000.0,897000000.0,6447000000.0,230000000.0,2.844,0.803,69000000.0,5000000.0,64000000.0,69000000.0,0.0,133000000.0,0.0,0.188,11.3,242000000.0,375000000.0,0.048,375000000.0,242000000.0,288000000.0,3.66,3.6,3.66,3154000000.0,2997750000.0,3154000000.0,3004060082.0,12.0,8.011,59000000.0,0.939,1.0,1338000000.0,0.172,377000000.0,-46000000.0,3329000000.0,3419250000.0,610000000.0,155000000.0,155000000.0,0.0,2532000000.0,1152000000.0,1380000000.0,3782060082.0,-923000000.0,-75000000.0,-269000000.0,-13000000.0,-743000000.0,-1016000000.0,-98000000.0,196000000.0,186000000.0,5000000.0,230000000.0,230000000.0,230000000.0,-29000000.0,0.0,0.03,1171000000.0,167000000.0,1141000000.0,3.087,1.199,16.444,16.451,983000000.0,0.0,60.21,0.486,0.486,1925000000.0,3040000000.0,7785000000.0,7785000000.0,45000000.0,0.041,0.077,0.071,0.031,16000000.0,1126000000.0,1.0,62814484.0,62814484.0,,123.936,5309000000.0,226000000.0,58000000.0,6000000.0,84.519,2124000000.0
56,ASH,MRT,2007-06-30,2007-06-30,2007-06-30,2021-08-25,0.0,5612000000.0,5796250000.0,3192000000.0,2420000000.0,1.308,48.395,-142000000.0,848000000.0,848000000.0,6318000000.0,398000000.0,2.783,0.847,70000000.0,5000000.0,65000000.0,70000000.0,0.0,114000000.0,0.0,0.177,11.3,384000000.0,498000000.0,0.066,498000000.0,384000000.0,436000000.0,5.97,5.88,5.97,3038000000.0,2983250000.0,3038000000.0,3507431897.0,9.0,7.043,93000000.0,1.481,1.0,1264000000.0,0.167,373000000.0,-52000000.0,3314000000.0,3212250000.0,587000000.0,141000000.0,141000000.0,0.0,2574000000.0,1147000000.0,1427000000.0,4014431897.0,485000000.0,-78000000.0,-537000000.0,-18000000.0,-745000000.0,-1292000000.0,1540000000.0,469000000.0,235000000.0,2000000.0,398000000.0,398000000.0,398000000.0,-171000000.0,0.0,0.052,1119000000.0,145000000.0,1138000000.0,1.893,1.321,10.087,10.712,969000000.0,0.0,63.95,0.529,0.529,1926000000.0,,7582000000.0,7582000000.0,0.0,0.069,0.133,0.12,0.051,25000000.0,1119000000.0,1.0,62774541.0,62774541.0,,120.781,5239000000.0,259000000.0,38000000.0,4000000.0,83.457,2045000000.0
57,ASH,MRT,2007-03-31,2007-03-31,2007-03-31,2021-08-25,0.0,5557000000.0,6126500000.0,3144000000.0,2413000000.0,1.218,46.633,-145000000.0,584000000.0,584000000.0,6213000000.0,391000000.0,2.676,0.902,77000000.0,10000000.0,67000000.0,77000000.0,0.0,116000000.0,0.0,0.172,11.3,376000000.0,492000000.0,0.066,492000000.0,376000000.0,428000000.0,5.68,5.59,5.68,2921000000.0,3174000000.0,2921000000.0,3670017966.0,10.0,7.459,132000000.0,2.107,1.0,1248000000.0,0.167,375000000.0,-52000000.0,3500000000.0,3601750000.0,576000000.0,371000000.0,371000000.0,0.0,2636000000.0,1175000000.0,1461000000.0,4109017966.0,108000000.0,-253000000.0,-534000000.0,-13000000.0,-747000000.0,-1284000000.0,1113000000.0,244000000.0,277000000.0,2000000.0,391000000.0,391000000.0,391000000.0,-208000000.0,0.0,0.052,1137000000.0,111000000.0,1143000000.0,1.989,1.407,10.509,11.549,957000000.0,0.0,65.6,0.551,0.551,1897000000.0,,7461000000.0,7461000000.0,0.0,0.064,0.123,0.104,0.05,25000000.0,1137000000.0,1.0,62637469.0,62637469.0,,119.114,5182000000.0,280000000.0,37000000.0,22000000.0,82.73,1969000000.0
58,ASH,MRT,2006-12-31,2006-12-31,2006-12-31,2021-08-25,0.0,5426000000.0,6375250000.0,3014000000.0,2412000000.0,1.151,44.802,-164000000.0,516000000.0,516000000.0,6122000000.0,391000000.0,2.801,0.885,77000000.0,7000000.0,70000000.0,77000000.0,0.0,114000000.0,0.0,0.163,11.3,366000000.0,480000000.0,0.065,480000000.0,366000000.0,418000000.0,5.58,5.49,5.58,2878000000.0,3367250000.0,2878000000.0,2706014795.0,7.0,5.638,199000000.0,3.098,1.0,1219000000.0,0.166,377000000.0,-52000000.0,3534000000.0,3882500000.0,580000000.0,436000000.0,436000000.0,0.0,2548000000.0,1076000000.0,1472000000.0,4444014795.0,-85000000.0,-256000000.0,-570000000.0,-13000000.0,-750000000.0,-1322000000.0,872000000.0,48000000.0,363000000.0,2000000.0,391000000.0,391000000.0,391000000.0,-189000000.0,0.0,0.053,1090000000.0,129000000.0,1059000000.0,2.025,1.544,11.366,12.398,963000000.0,0.0,69.18,0.605,0.605,1781000000.0,,7341000000.0,7341000000.0,0.0,0.061,0.116,0.094,0.05,25000000.0,1090000000.0,1.0,64238433.0,64238433.0,,114.277,5049000000.0,265000000.0,27000000.0,10000000.0,78.598,1938000000.0
59,ASH,MRT,2006-09-30,2006-09-30,2006-09-30,2021-08-25,-44000000.0,6590000000.0,6639250000.0,4250000000.0,2340000000.0,1.089,43.543,-154000000.0,1820000000.0,1820000000.0,6030000000.0,407000000.0,2.082,1.129,82000000.0,12000000.0,70000000.0,82000000.0,0.0,111000000.0,0.0,0.017,1.1,389000000.0,500000000.0,0.069,500000000.0,389000000.0,436000000.0,5.73,5.64,5.73,3096000000.0,3569250000.0,3096000000.0,4259937158.0,11.0,8.52,188000000.0,2.644,1.0,1203000000.0,0.166,310000000.0,-47000000.0,2501000000.0,4123250000.0,532000000.0,349000000.0,349000000.0,0.0,3494000000.0,2041000000.0,1453000000.0,4534937158.0,835000000.0,-183000000.0,-387000000.0,-13000000.0,-78000000.0,-472000000.0,963000000.0,52000000.0,342000000.0,2000000.0,407000000.0,407000000.0,407000000.0,-224000000.0,0.0,0.056,1077000000.0,126000000.0,1976000000.0,0.192,1.465,11.142,11.131,950000000.0,0.0,63.78,0.627,0.627,1845000000.0,2899000000.0,7233000000.0,7233000000.0,0.0,0.061,0.114,0.094,0.054,25000000.0,1077000000.0,1.0,71102809.0,71102809.0,,101.726,6280000000.0,279000000.0,29000000.0,53000000.0,88.323,2209000000.0
60,ASH,MRT,2006-06-30,2006-06-30,2006-06-30,2021-08-25,0.0,6933000000.0,6695500000.0,3617000000.0,3316000000.0,0.797,53.487,-9000000.0,363000000.0,363000000.0,4286000000.0,319000000.0,2.434,0.824,88000000.0,18000000.0,70000000.0,88000000.0,0.0,39000000.0,0.0,0.016,1.1,171000000.0,210000000.0,0.039,210000000.0,171000000.0,288000000.0,4.29,4.24,4.29,3801000000.0,3730000000.0,3801000000.0,4352962797.0,25.0,20.728,116000000.0,1.632,1.0,1052000000.0,0.197,300000000.0,-117000000.0,4872000000.0,4534000000.0,519000000.0,621000000.0,621000000.0,0.0,3132000000.0,1486000000.0,1646000000.0,4739962797.0,-329000000.0,746000000.0,-206000000.0,-82000000.0,-78000000.0,-357000000.0,19000000.0,-459000000.0,125000000.0,0.0,319000000.0,319000000.0,319000000.0,-127000000.0,0.0,0.06,914000000.0,138000000.0,1159000000.0,0.256,1.247,14.859,15.548,935000000.0,0.0,66.7,0.888,0.888,1840000000.0,,5338000000.0,5338000000.0,0.0,0.048,0.086,0.038,0.032,0.0,914000000.0,1.0,71063910.0,71063910.0,,75.115,6633000000.0,320000000.0,-31000000.0,48000000.0,93.339,2131000000.0
61,ASH,MRT,2006-03-31,2006-03-31,2006-03-31,2021-08-25,0.0,6552000000.0,6692500000.0,3469000000.0,3083000000.0,0.941,51.835,-128000000.0,476000000.0,476000000.0,4822000000.0,1993000000.0,2.644,0.774,89000000.0,12000000.0,77000000.0,89000000.0,0.0,59000000.0,0.0,0.015,1.1,1635000000.0,1694000000.0,0.269,1694000000.0,1635000000.0,1712000000.0,27.11,26.6,27.11,3694000000.0,3716500000.0,3694000000.0,4553524587.0,3.0,2.688,85000000.0,1.193,1.0,1475000000.0,0.234,230000000.0,-77000000.0,4623000000.0,4376250000.0,494000000.0,621000000.0,621000000.0,0.0,2858000000.0,1312000000.0,1546000000.0,5065524587.0,402000000.0,3251000000.0,-160000000.0,-1861000000.0,-79000000.0,-2082000000.0,2271000000.0,-613000000.0,213000000.0,0.0,1993000000.0,1993000000.0,1993000000.0,-76000000.0,0.0,0.316,974000000.0,501000000.0,1083000000.0,0.041,1.371,2.542,2.622,854000000.0,0.0,71.08,0.804,0.804,1624000000.0,,6297000000.0,6297000000.0,0.0,0.298,0.536,0.374,0.26,0.0,974000000.0,1.0,71265118.0,71265118.0,,88.36,6322000000.0,305000000.0,-281000000.0,6000000.0,88.711,2157000000.0
62,ASH,MRT,2005-12-31,2005-12-31,2005-12-31,2021-08-25,0.0,6482000000.0,7008250000.0,3388000000.0,3094000000.0,0.949,51.359,-150000000.0,601000000.0,601000000.0,5092000000.0,1977000000.0,2.728,0.759,89000000.0,12000000.0,77000000.0,89000000.0,0.0,79000000.0,0.0,0.019,1.1,1676000000.0,1755000000.0,0.264,1755000000.0,1676000000.0,1715000000.0,26.88,26.37,26.88,3686000000.0,3517750000.0,3686000000.0,3264439864.0,2.0,1.86,-252000000.0,-3.511,1.0,1559000000.0,0.234,231000000.0,-39000000.0,4497000000.0,4950750000.0,499000000.0,479000000.0,479000000.0,0.0,2796000000.0,1242000000.0,1554000000.0,4155439864.0,455000000.0,3263000000.0,-97000000.0,-1710000000.0,-79000000.0,-1867000000.0,2416000000.0,-476000000.0,-102000000.0,0.0,1977000000.0,1977000000.0,1977000000.0,-77000000.0,0.0,0.297,1021000000.0,538000000.0,1025000000.0,0.041,1.127,2.102,2.154,833000000.0,0.0,57.9,0.625,0.625,1554000000.0,,6651000000.0,6651000000.0,0.0,0.282,0.562,0.339,0.252,0.0,1021000000.0,1.0,71769255.0,71769255.0,,92.672,6251000000.0,288000000.0,-262000000.0,2000000.0,87.099,2146000000.0
63,ASH,MRT,2005-09-30,2005-09-30,2005-09-30,2021-08-25,-118000000.0,6815000000.0,7278500000.0,3757000000.0,3058000000.0,1.002,50.391,-180000000.0,985000000.0,985000000.0,5545000000.0,2004000000.0,2.432,0.823,94000000.0,12000000.0,82000000.0,94000000.0,0.0,100000000.0,0.0,0.02,1.1,1774000000.0,1874000000.0,0.257,1874000000.0,1774000000.0,1774000000.0,27.49,26.85,27.49,3739000000.0,3307250000.0,3739000000.0,3574797836.0,2.0,1.908,-191000000.0,-2.574,1.0,1750000000.0,0.24,235000000.0,0.0,4144000000.0,5480000000.0,439000000.0,403000000.0,403000000.0,0.0,3076000000.0,1545000000.0,1531000000.0,4098797836.0,742000000.0,3168000000.0,15000000.0,-1592000000.0,-79000000.0,-1636000000.0,2389000000.0,-401000000.0,-11000000.0,0.0,2004000000.0,2004000000.0,2004000000.0,-46000000.0,0.0,0.275,1079000000.0,671000000.0,1239000000.0,0.04,1.096,2.045,2.009,830000000.0,0.0,55.24,0.562,0.562,1612000000.0,3251000000.0,7295000000.0,7295000000.0,0.0,0.275,0.606,0.324,0.243,0.0,1079000000.0,1.0,74199816.0,74199816.0,,98.316,6580000000.0,332000000.0,-230000000.0,13000000.0,88.679,2212000000.0
64,ASH,MRT,2005-06-30,2005-06-30,2005-06-30,2021-08-25,0.0,6921000000.0,7450250000.0,3930000000.0,2991000000.0,0.973,51.42,-301000000.0,692000000.0,692000000.0,5396000000.0,2093000000.0,2.608,0.847,168000000.0,78000000.0,90000000.0,168000000.0,0.0,95000000.0,0.0,0.015,1.1,1926000000.0,2021000000.0,0.279,2021000000.0,1926000000.0,1925000000.0,28.72,28.15,28.72,3747000000.0,3049000000.0,3747000000.0,5889185514.0,3.0,2.914,-261000000.0,-3.582,1.0,1850000000.0,0.255,649000000.0,1000000.0,4241000000.0,6059750000.0,567000000.0,0.0,0.0,0.0,3174000000.0,1507000000.0,1667000000.0,5237185514.0,509000000.0,2197000000.0,122000000.0,-1510000000.0,-80000000.0,-1448000000.0,1863000000.0,-150000000.0,40000000.0,0.0,2093000000.0,2093000000.0,2093000000.0,-83000000.0,0.0,0.289,1043000000.0,807000000.0,1358000000.0,0.038,1.398,2.502,2.502,1380000000.0,0.0,71.87,0.723,0.723,2807000000.0,,7246000000.0,7246000000.0,0.0,0.281,0.686,0.318,0.266,0.0,1043000000.0,1.0,72870259.0,72870259.0,,99.437,6272000000.0,273000000.0,-168000000.0,71000000.0,86.071,2423000000.0
65,ASH,MRT,2005-03-31,2005-03-31,2005-03-31,2021-08-25,0.0,7815000000.0,7536750000.0,2233000000.0,5582000000.0,0.911,40.217,-178000000.0,74000000.0,74000000.0,5166000000.0,487000000.0,1.111,1.696,1812000000.0,726000000.0,1086000000.0,1812000000.0,0.0,94000000.0,0.0,0.016,1.1,650000000.0,744000000.0,0.108,744000000.0,650000000.0,651000000.0,6.88,6.76,6.88,2899000000.0,2737250000.0,2899000000.0,6379544454.0,10.0,8.575,-337000000.0,-4.675,1.0,1698000000.0,0.247,622000000.0,-1000000.0,6921000000.0,6627000000.0,546000000.0,2926000000.0,0.0,2926000000.0,4916000000.0,2010000000.0,2906000000.0,4863544454.0,-106000000.0,-96000000.0,105000000.0,257000000.0,-79000000.0,292000000.0,-168000000.0,0.0,-159000000.0,0.0,487000000.0,487000000.0,487000000.0,-77000000.0,0.0,0.071,1009000000.0,689000000.0,1254000000.0,0.16,1.678,9.987,9.807,1302000000.0,0.0,67.47,0.709,0.709,1691000000.0,,6864000000.0,6864000000.0,0.0,0.065,0.178,0.098,0.095,0.0,1009000000.0,1.0,72084548.0,72084548.0,,95.222,7193000000.0,220000000.0,164000000.0,294000000.0,99.786,223000000.0
66,ASH,MRT,2004-12-31,2004-12-31,2004-12-31,2021-08-25,0.0,7563000000.0,7308500000.0,2097000000.0,5466000000.0,0.899,39.532,-139000000.0,146000000.0,146000000.0,4959000000.0,438000000.0,1.139,1.659,1662000000.0,575000000.0,1087000000.0,1662000000.0,0.0,96000000.0,0.0,0.019,1.1,569000000.0,665000000.0,0.101,665000000.0,569000000.0,570000000.0,6.2,6.09,6.2,2844000000.0,2595000000.0,2844000000.0,4395942143.0,8.0,6.61,-120000000.0,-1.668,1.0,1608000000.0,0.245,624000000.0,-1000000.0,6614000000.0,6126500000.0,538000000.0,2856000000.0,0.0,2856000000.0,4719000000.0,1841000000.0,2878000000.0,4199942143.0,-55000000.0,-100000000.0,111000000.0,91000000.0,-78000000.0,129000000.0,-125000000.0,0.0,19000000.0,0.0,438000000.0,438000000.0,438000000.0,-72000000.0,0.0,0.067,995000000.0,613000000.0,1197000000.0,0.177,1.477,9.589,9.416,1277000000.0,0.0,58.38,0.64,0.64,1608000000.0,,6567000000.0,6567000000.0,0.0,0.06,0.169,0.093,0.087,0.0,995000000.0,1.0,71941455.0,71941455.0,,91.283,6939000000.0,95000000.0,132000000.0,317000000.0,96.453,256000000.0
67,ASH,MRT,2004-09-30,2004-09-30,2004-09-30,2021-08-25,-106000000.0,7502000000.0,7113000000.0,2302000000.0,5200000000.0,0.874,38.077,-137000000.0,243000000.0,243000000.0,4721000000.0,378000000.0,1.268,1.772,1548000000.0,0.0,1548000000.0,1548000000.0,0.0,98000000.0,0.0,0.02,1.1,478000000.0,576000000.0,0.093,576000000.0,478000000.0,478000000.0,5.41,5.31,5.41,2706000000.0,2463500000.0,2706000000.0,5344419134.0,11.0,9.279,6000000.0,0.084,1.0,1493000000.0,0.24,529000000.0,0.0,6463000000.0,6048750000.0,458000000.0,2713000000.0,0.0,2713000000.0,4796000000.0,1815000000.0,2981000000.0,3985419134.0,20000000.0,-5000000.0,108000000.0,-60000000.0,-77000000.0,-26000000.0,-21000000.0,0.0,143000000.0,0.0,378000000.0,378000000.0,378000000.0,-67000000.0,0.0,0.061,968000000.0,525000000.0,1362000000.0,0.203,1.473,10.543,10.366,1256000000.0,0.0,56.08,0.641,0.641,1689000000.0,2262000000.0,6214000000.0,6214000000.0,0.0,0.053,0.153,0.079,0.077,0.0,968000000.0,1.0,71066675.0,71066675.0,,87.439,6973000000.0,103000000.0,100000000.0,381000000.0,98.119,487000000.0
68,ASH,MRT,2004-06-30,2004-06-30,2004-06-30,2021-08-25,0.0,7267000000.0,6989000000.0,2229000000.0,5038000000.0,1.229,35.525,-149000000.0,183000000.0,183000000.0,7096000000.0,315000000.0,1.391,1.907,1542000000.0,204000000.0,1338000000.0,1542000000.0,0.0,195000000.0,0.0,0.021,1.1,572000000.0,767000000.0,0.089,767000000.0,572000000.0,453000000.0,4.55,4.51,4.55,2500000000.0,2350250000.0,2500000000.0,5095404362.0,9.0,6.643,59000000.0,0.838,1.0,1494000000.0,0.174,513000000.0,119000000.0,6510000000.0,5652500000.0,510000000.0,2568000000.0,0.0,2568000000.0,4767000000.0,1603000000.0,3164000000.0,3716404362.0,71000000.0,45000000.0,87000000.0,-345000000.0,-76000000.0,-334000000.0,-72000000.0,0.0,208000000.0,0.0,315000000.0,315000000.0,315000000.0,-64000000.0,0.0,0.037,981000000.0,513000000.0,1384000000.0,0.242,1.487,11.798,11.607,1218000000.0,0.0,52.81,0.433,0.433,1617000000.0,,8590000000.0,8590000000.0,0.0,0.045,0.134,0.101,0.067,0.0,1134000000.0,1.0,70373118.0,70373118.0,,122.064,6754000000.0,115000000.0,138000000.0,328000000.0,95.974,626000000.0
69,ASH,MRT,2004-03-31,2004-03-31,2004-03-31,2021-08-25,0.0,6902000000.0,6931750000.0,2047000000.0,4855000000.0,1.194,33.523,-146000000.0,180000000.0,180000000.0,6854000000.0,224000000.0,1.378,1.962,206000000.0,206000000.0,1353000000.0,206000000.0,0.0,198000000.0,0.0,0.024,1.1,423000000.0,621000000.0,0.075,621000000.0,423000000.0,302000000.0,3.28,3.26,3.28,2330000000.0,2260250000.0,2330000000.0,4604264484.0,11.0,7.414,56000000.0,0.806,1.0,1422000000.0,0.172,524000000.0,121000000.0,4919000000.0,5698000000.0,475000000.0,2349000000.0,0.0,2349000000.0,4572000000.0,1485000000.0,3087000000.0,3231264484.0,74000000.0,7000000.0,55000000.0,-283000000.0,-76000000.0,-304000000.0,-98000000.0,0.0,202000000.0,0.0,224000000.0,224000000.0,224000000.0,-69000000.0,0.0,0.027,1063000000.0,359000000.0,1262000000.0,0.335,1.387,14.425,14.174,1253000000.0,0.0,46.49,0.39,0.39,1537000000.0,,8276000000.0,8276000000.0,0.0,0.032,0.099,0.074,0.051,0.0,1167000000.0,1.0,69504506.0,69504506.0,,119.071,6378000000.0,120000000.0,78000000.0,238000000.0,91.764,562000000.0
70,ASH,MRT,2003-12-31,2003-12-31,2003-12-31,2021-08-25,0.0,6781000000.0,6923500000.0,1942000000.0,4839000000.0,1.171,33.788,-142000000.0,201000000.0,201000000.0,6629000000.0,201000000.0,1.467,1.925,1574000000.0,145000000.0,1429000000.0,1574000000.0,0.0,200000000.0,0.0,0.025,1.1,392000000.0,592000000.0,0.073,592000000.0,392000000.0,268000000.0,2.94,2.92,2.94,2318000000.0,2191750000.0,2318000000.0,2901669197.0,7.0,4.901,113000000.0,1.647,1.0,1478000000.0,0.182,527000000.0,124000000.0,6303000000.0,6101250000.0,483000000.0,2335000000.0,0.0,2335000000.0,4463000000.0,1324000000.0,3139000000.0,3022669197.0,82000000.0,2000000.0,18000000.0,-283000000.0,-75000000.0,-340000000.0,-118000000.0,0.0,255000000.0,0.0,201000000.0,201000000.0,201000000.0,-72000000.0,0.0,0.025,1153000000.0,325000000.0,1123000000.0,0.374,1.304,15.038,14.986,1278000000.0,0.0,44.06,0.373,0.373,1448000000.0,,8107000000.0,8107000000.0,0.0,0.029,0.092,0.064,0.048,0.0,1206000000.0,1.0,68603477.0,68603477.0,,118.172,6254000000.0,110000000.0,67000000.0,277000000.0,91.162,618000000.0
71,ASH,MRT,2003-09-30,2003-09-30,2003-09-30,2021-08-25,-126000000.0,7006000000.0,6905750000.0,2085000000.0,4921000000.0,1.146,33.01,-112000000.0,223000000.0,223000000.0,6390000000.0,75000000.0,1.405,2.11,102000000.0,102000000.0,1512000000.0,102000000.0,0.0,204000000.0,0.0,0.033,1.1,247000000.0,451000000.0,0.057,451000000.0,247000000.0,119000000.0,1.1,1.1,1.1,2253000000.0,2131000000.0,2253000000.0,3990070053.0,16.0,8.847,130000000.0,1.905,1.0,1522000000.0,0.192,523000000.0,128000000.0,4878000000.0,6175500000.0,441000000.0,2448000000.0,0.0,2448000000.0,4753000000.0,1484000000.0,3269000000.0,2242070053.0,133000000.0,2000000.0,2000000.0,-226000000.0,-75000000.0,-299000000.0,-97000000.0,0.0,242000000.0,0.0,75000000.0,75000000.0,75000000.0,14000000.0,0.0,0.009,1256000000.0,266000000.0,1371000000.0,1.0,0.995,29.894,29.864,1272000000.0,0.0,32.85,0.283,0.283,1534000000.0,1961000000.0,7912000000.0,7912000000.0,0.0,0.011,0.035,0.04,0.031,0.0,1256000000.0,1.0,68251752.0,68251752.0,,115.924,6483000000.0,142000000.0,44000000.0,302000000.0,94.987,601000000.0
72,ASH,MRT,2003-06-30,2003-06-30,2003-06-30,2021-08-25,0.0,7038000000.0,6834750000.0,2151000000.0,4887000000.0,1.13,31.359,-132000000.0,112000000.0,112000000.0,6127000000.0,-14000000.0,1.366,2.289,1860000000.0,296000000.0,1564000000.0,1860000000.0,0.0,208000000.0,0.0,0.036,1.1,155000000.0,363000000.0,0.047,363000000.0,155000000.0,25000000.0,-0.23,-0.24,-0.23,2140000000.0,2111000000.0,2140000000.0,3798683490.0,25.0,10.465,140000000.0,2.052,1.0,1598000000.0,0.207,519000000.0,130000000.0,6692000000.0,6156750000.0,512000000.0,2401000000.0,0.0,2401000000.0,4898000000.0,1575000000.0,3323000000.0,2093683490.0,11000000.0,-3000000.0,-30000000.0,-50000000.0,-75000000.0,-155000000.0,-116000000.0,0.0,272000000.0,0.0,-14000000.0,-14000000.0,-14000000.0,88000000.0,0.0,-0.002,1356000000.0,242000000.0,1235000000.0,-4.783,0.978,-149.549,-133.391,1224000000.0,0.0,30.68,0.271,0.271,1443000000.0,,7725000000.0,7725000000.0,0.0,-0.002,-0.007,0.025,0.02,0.0,1357000000.0,1.0,68242617.0,68242617.0,,113.199,6519000000.0,98000000.0,39000000.0,217000000.0,95.527,576000000.0
73,ASH,MRT,2003-03-31,2003-03-31,2003-03-31,2021-08-25,0.0,6869000000.0,6789500000.0,2056000000.0,4813000000.0,1.132,30.123,-138000000.0,106000000.0,106000000.0,6127000000.0,-19000000.0,1.346,2.341,1811000000.0,243000000.0,1568000000.0,1811000000.0,0.0,205000000.0,0.0,0.037,1.1,154000000.0,359000000.0,0.047,359000000.0,154000000.0,22000000.0,-0.31,-0.32,-0.31,2056000000.0,2141500000.0,2056000000.0,3732071168.0,24.0,10.396,118000000.0,1.729,1.0,1557000000.0,0.203,514000000.0,132000000.0,6532000000.0,6120750000.0,484000000.0,2315000000.0,0.0,2315000000.0,4813000000.0,1528000000.0,3285000000.0,2025071168.0,-50000000.0,-6000000.0,-41000000.0,-66000000.0,-75000000.0,-182000000.0,-145000000.0,0.0,256000000.0,0.0,-19000000.0,-19000000.0,-19000000.0,83000000.0,0.0,-0.002,1321000000.0,236000000.0,1236000000.0,-3.548,0.985,-106.583,-95.71,1248000000.0,0.0,29.67,0.264,0.264,1429000000.0,,7684000000.0,7684000000.0,0.0,-0.003,-0.009,0.025,0.02,0.0,1319000000.0,1.0,68253157.0,68253157.0,,112.581,6355000000.0,85000000.0,41000000.0,185000000.0,93.109,528000000.0
74,ASH,MRT,2002-12-31,2002-12-31,2002-12-31,2021-08-25,0.0,6710000000.0,6737250000.0,1905000000.0,4805000000.0,1.132,30.406,-157000000.0,119000000.0,119000000.0,6095000000.0,-1000000.0,1.459,2.234,1826000000.0,228000000.0,1598000000.0,1826000000.0,0.0,207000000.0,0.0,0.039,1.1,179000000.0,386000000.0,0.051,386000000.0,179000000.0,45000000.0,-0.05,-0.06,-0.05,2075000000.0,2178250000.0,2075000000.0,2057949880.0,11.0,5.331,-24000000.0,-0.352,1.0,1531000000.0,0.201,511000000.0,134000000.0,6600000000.0,6091250000.0,474000000.0,2300000000.0,0.0,2300000000.0,4635000000.0,1306000000.0,3329000000.0,1946949880.0,-145000000.0,-10000000.0,-34000000.0,-31000000.0,-76000000.0,-141000000.0,-146000000.0,0.0,133000000.0,0.0,-1000000.0,-1000000.0,-1000000.0,81000000.0,0.0,0.0,1272000000.0,259000000.0,1022000000.0,-22.0,0.938,-1946.95,-570.6,1264000000.0,0.0,28.53,0.255,0.255,1341000000.0,,7626000000.0,7626000000.0,0.0,0.0,0.0,0.029,0.023,0.0,1267000000.0,1.0,68242197.0,68242197.0,,111.749,6199000000.0,83000000.0,46000000.0,172000000.0,90.838,599000000.0
75,ASH,MRT,2002-09-30,2002-09-30,2002-09-30,2021-08-25,-194000000.0,6722000000.0,6760000000.0,2071000000.0,4651000000.0,1.127,31.51,-178000000.0,90000000.0,90000000.0,6115000000.0,117000000.0,1.363,2.093,201000000.0,201000000.0,1606000000.0,201000000.0,0.0,208000000.0,0.0,0.041,1.1,323000000.0,531000000.0,0.07,531000000.0,323000000.0,185000000.0,1.69,1.67,1.69,2173000000.0,2219250000.0,2173000000.0,3648517645.0,11.0,6.871,-10000000.0,-0.145,1.0,1502000000.0,0.197,510000000.0,138000000.0,4803000000.0,6043250000.0,456000000.0,2350000000.0,0.0,2350000000.0,4549000000.0,1520000000.0,3029000000.0,1847517645.0,-146000000.0,-15000000.0,-31000000.0,-75000000.0,-76000000.0,-182000000.0,-167000000.0,0.0,168000000.0,0.0,117000000.0,117000000.0,117000000.0,-13000000.0,0.0,0.015,1181000000.0,321000000.0,1256000000.0,0.651,0.85,15.791,15.852,1291000000.0,0.0,26.79,0.243,0.243,1227000000.0,1961000000.0,7617000000.0,7617000000.0,0.0,0.017,0.053,0.053,0.042,0.0,1181000000.0,1.0,68962958.0,68962958.0,,110.451,6212000000.0,119000000.0,68000000.0,270000000.0,90.077,551000000.0
76,ASH,MRT,2002-06-30,2002-06-30,2002-06-30,2021-08-25,0.0,6857000000.0,6862250000.0,1941000000.0,4916000000.0,1.129,32.6,-172000000.0,101000000.0,101000000.0,5786000000.0,186000000.0,1.211,2.031,1902000000.0,302000000.0,1600000000.0,1902000000.0,0.0,215000000.0,0.0,0.027,1.1,459000000.0,674000000.0,0.087,674000000.0,459000000.0,313000000.0,2.67,2.65,2.67,2262000000.0,2232500000.0,2262000000.0,4520121296.0,10.0,6.706,217000000.0,3.127,1.0,1964000000.0,0.253,507000000.0,146000000.0,6548000000.0,6081250000.0,469000000.0,2406000000.0,0.0,2406000000.0,4595000000.0,1603000000.0,2992000000.0,2810121296.0,31000000.0,-21000000.0,-27000000.0,-107000000.0,-76000000.0,-210000000.0,-177000000.0,0.0,389000000.0,0.0,186000000.0,186000000.0,186000000.0,-11000000.0,0.0,0.024,1504000000.0,460000000.0,1225000000.0,0.412,1.242,15.108,15.169,1309000000.0,0.0,40.5,0.363,0.363,1221000000.0,,7750000000.0,7750000000.0,0.0,0.027,0.083,0.075,0.059,0.0,1283000000.0,1.0,69385711.0,69385711.0,,111.694,6350000000.0,130000000.0,127000000.0,324000000.0,91.517,338000000.0
77,ASH,MRT,2002-03-31,2002-03-31,2002-03-31,2021-08-25,0.0,6660000000.0,6846250000.0,1835000000.0,4825000000.0,1.176,31.781,-169000000.0,156000000.0,156000000.0,5859000000.0,318000000.0,1.273,2.023,1866000000.0,241000000.0,1625000000.0,1866000000.0,0.0,229000000.0,0.0,0.024,1.1,692000000.0,921000000.0,0.114,921000000.0,692000000.0,537000000.0,4.55,4.51,4.55,2203000000.0,2213500000.0,2203000000.0,4735642292.0,7.0,5.142,505000000.0,7.285,1.0,2194000000.0,0.272,515000000.0,155000000.0,6414000000.0,6133500000.0,475000000.0,2328000000.0,0.0,2328000000.0,4457000000.0,1441000000.0,3016000000.0,3154642292.0,79000000.0,-80000000.0,-18000000.0,-296000000.0,-76000000.0,-390000000.0,-227000000.0,0.0,674000000.0,0.0,318000000.0,318000000.0,318000000.0,-7000000.0,0.0,0.039,1497000000.0,697000000.0,1104000000.0,0.242,1.432,9.92,10.002,1424000000.0,0.0,45.51,0.392,0.392,1162000000.0,,8053000000.0,8053000000.0,0.0,0.046,0.144,0.113,0.086,0.0,1268000000.0,1.0,69317563.0,69317563.0,,116.175,6145000000.0,121000000.0,219000000.0,322000000.0,88.65,394000000.0
78,ASH,MRT,2001-12-31,2001-12-31,2001-12-31,2021-08-25,0.0,6801000000.0,6809000000.0,1993000000.0,4808000000.0,1.205,32.43,-190000000.0,264000000.0,264000000.0,5934000000.0,385000000.0,1.366,2.038,1845000000.0,105000000.0,1740000000.0,1845000000.0,0.0,235000000.0,0.0,0.024,1.1,800000000.0,1035000000.0,0.126,1035000000.0,800000000.0,636000000.0,5.52,5.48,5.52,2239000000.0,2166500000.0,2239000000.0,3030431076.0,4.0,2.928,527000000.0,7.633,1.0,2272000000.0,0.277,515000000.0,164000000.0,6408000000.0,6190750000.0,495000000.0,2319000000.0,0.0,2319000000.0,4562000000.0,1459000000.0,3103000000.0,3181431076.0,156000000.0,-88000000.0,-23000000.0,-303000000.0,-76000000.0,-402000000.0,-267000000.0,0.0,717000000.0,0.0,385000000.0,385000000.0,385000000.0,-32000000.0,0.0,0.047,1487000000.0,785000000.0,1105000000.0,0.199,1.421,8.263,8.348,1430000000.0,0.0,46.08,0.388,0.388,1193000000.0,,8206000000.0,8206000000.0,0.0,0.057,0.178,0.129,0.097,0.0,1253000000.0,1.0,69041473.0,69041473.0,,118.856,6286000000.0,122000000.0,251000000.0,459000000.0,91.047,534000000.0
79,ASH,MRT,2001-09-30,2001-09-30,2001-09-30,2021-08-25,-126000000.0,7131000000.0,6744750000.0,2237000000.0,4894000000.0,1.236,32.017,-186000000.0,236000000.0,236000000.0,6016000000.0,417000000.0,1.494,2.204,85000000.0,85000000.0,1786000000.0,85000000.0,0.0,240000000.0,0.0,0.029,1.1,858000000.0,1098000000.0,0.132,1098000000.0,858000000.0,683000000.0,5.99,5.93,5.99,2226000000.0,2105000000.0,2226000000.0,4606172906.0,5.0,4.195,628000000.0,9.033,1.0,2320000000.0,0.278,528000000.0,175000000.0,4955000000.0,6210500000.0,495000000.0,2387000000.0,0.0,2387000000.0,4905000000.0,1497000000.0,3222000000.0,2680172906.0,169000000.0,-82000000.0,-34000000.0,-362000000.0,-76000000.0,-472000000.0,-259000000.0,0.0,814000000.0,0.0,417000000.0,417000000.0,417000000.0,-32000000.0,0.0,0.05,1489000000.0,831000000.0,1429000000.0,0.184,1.204,6.427,6.436,1440000000.0,0.0,38.55,0.322,0.322,1201000000.0,1920000000.0,8336000000.0,8336000000.0,0.0,0.062,0.198,0.138,0.103,0.0,1249000000.0,1.0,69524589.0,69524589.0,,119.9,6603000000.0,134000000.0,266000000.0,468000000.0,94.974,740000000.0
80,ASH,MRT,2001-06-30,2001-06-30,2001-06-30,2021-08-25,0.0,6793000000.0,6654750000.0,2038000000.0,4755000000.0,1.271,31.324,-215000000.0,70000000.0,70000000.0,6308000000.0,398000000.0,1.44,2.108,1996000000.0,115000000.0,1881000000.0,1996000000.0,0.0,240000000.0,0.0,0.027,1.1,826000000.0,1066000000.0,0.126,1066000000.0,826000000.0,639000000.0,5.67,5.63,5.67,2186000000.0,2039750000.0,2186000000.0,4876464073.0,6.0,4.575,506000000.0,7.251,1.0,2147000000.0,0.254,547000000.0,187000000.0,6757000000.0,6170500000.0,507000000.0,2377000000.0,0.0,2377000000.0,4607000000.0,1415000000.0,3192000000.0,2798464073.0,41000000.0,-34000000.0,-21000000.0,-426000000.0,-77000000.0,-524000000.0,-203000000.0,0.0,721000000.0,0.0,398000000.0,398000000.0,398000000.0,-25000000.0,0.0,0.047,1344000000.0,803000000.0,1282000000.0,0.194,1.28,7.031,7.072,1425000000.0,0.0,40.1,0.331,0.331,1161000000.0,,8455000000.0,8455000000.0,0.0,0.06,0.195,0.134,0.098,0.0,1105000000.0,1.0,69787134.0,69787134.0,,121.154,6246000000.0,124000000.0,241000000.0,395000000.0,89.501,623000000.0
81,ASH,MRT,2001-03-31,2001-03-31,2001-03-31,2021-08-25,0.0,6511000000.0,6651750000.0,1875000000.0,4636000000.0,1.261,28.961,-205000000.0,77000000.0,77000000.0,6349000000.0,330000000.0,1.324,2.231,2155000000.0,266000000.0,1889000000.0,2155000000.0,0.0,239000000.0,0.0,0.029,1.1,725000000.0,964000000.0,0.115,964000000.0,725000000.0,530000000.0,4.68,4.67,4.68,2015000000.0,1970250000.0,2015000000.0,4705752154.0,6.0,4.881,229000000.0,3.291,1.0,2036000000.0,0.243,530000000.0,195000000.0,6643000000.0,6189250000.0,503000000.0,2307000000.0,0.0,2307000000.0,4496000000.0,1416000000.0,3080000000.0,2671752154.0,13000000.0,0.0,-37000000.0,-205000000.0,-77000000.0,-319000000.0,-146000000.0,0.0,434000000.0,0.0,330000000.0,330000000.0,330000000.0,-25000000.0,0.0,0.039,1334000000.0,702000000.0,1119000000.0,0.235,1.326,8.096,8.205,1412000000.0,0.0,38.4,0.319,0.319,1055000000.0,,8385000000.0,8385000000.0,0.0,0.05,0.167,0.117,0.086,0.0,1096000000.0,1.0,69576879.0,69576879.0,,120.514,5981000000.0,131000000.0,200000000.0,293000000.0,85.962,459000000.0
82,ASH,MRT,2000-12-31,2000-12-31,2000-12-31,2021-08-25,0.0,6544000000.0,6655250000.0,1993000000.0,4551000000.0,1.277,28.607,-207000000.0,108000000.0,108000000.0,6444000000.0,295000000.0,1.275,2.283,2142000000.0,268000000.0,1874000000.0,2142000000.0,0.0,238000000.0,0.0,0.031,1.1,694000000.0,932000000.0,0.11,932000000.0,694000000.0,497000000.0,4.18,4.17,4.18,1993000000.0,1922500000.0,1993000000.0,2760422994.0,4.0,2.962,475000000.0,6.818,1.0,2058000000.0,0.242,528000000.0,197000000.0,6487000000.0,6184750000.0,528000000.0,2209000000.0,0.0,2209000000.0,4551000000.0,1563000000.0,2988000000.0,2500422994.0,62000000.0,286000000.0,-53000000.0,-600000000.0,-78000000.0,-731000000.0,153000000.0,0.0,682000000.0,0.0,295000000.0,295000000.0,295000000.0,12000000.0,0.0,0.035,1353000000.0,705000000.0,1114000000.0,0.263,1.255,8.476,8.586,1402000000.0,0.0,35.89,0.294,0.294,1123000000.0,,8502000000.0,8502000000.0,0.0,0.044,0.153,0.112,0.082,0.0,1116000000.0,1.0,69669072.0,69669072.0,,122.034,6016000000.0,126000000.0,202000000.0,355000000.0,86.351,430000000.0
83,ASH,MRT,2000-09-30,2000-09-30,2000-09-30,2021-08-25,-72000000.0,6771000000.0,6756750000.0,2131000000.0,4640000000.0,1.249,28.098,-232000000.0,67000000.0,67000000.0,6434000000.0,70000000.0,1.254,2.446,327000000.0,327000000.0,1899000000.0,327000000.0,0.0,237000000.0,0.0,0.033,1.1,453000000.0,690000000.0,0.082,690000000.0,453000000.0,259000000.0,0.99,0.98,0.99,1965000000.0,1917250000.0,1965000000.0,4752063725.0,10.0,6.887,252000000.0,3.603,1.0,2002000000.0,0.237,537000000.0,194000000.0,4795000000.0,6432750000.0,488000000.0,2330000000.0,0.0,2330000000.0,4806000000.0,1699000000.0,3107000000.0,2356063725.0,-43000000.0,-540000000.0,-84000000.0,376000000.0,-78000000.0,214000000.0,-701000000.0,0.0,484000000.0,0.0,70000000.0,70000000.0,70000000.0,218000000.0,0.0,0.008,1331000000.0,671000000.0,1330000000.0,1.111,1.199,33.658,34.03,1422000000.0,0.0,33.69,0.279,0.279,1243000000.0,1579000000.0,8436000000.0,8436000000.0,0.0,0.01,0.037,0.07,0.054,0.0,1094000000.0,1.0,69933622.0,69933622.0,,120.629,6234000000.0,135000000.0,189000000.0,330000000.0,89.142,432000000.0
84,ASH,MRT,2000-06-30,2000-06-30,2000-06-30,2021-08-25,0.0,6781000000.0,6670000000.0,2107000000.0,4674000000.0,1.23,27.035,-251000000.0,29000000.0,29000000.0,6175000000.0,88000000.0,1.142,2.554,2425000000.0,527000000.0,1898000000.0,2425000000.0,0.0,250000000.0,0.0,0.031,1.1,484000000.0,734000000.0,0.089,734000000.0,484000000.0,309000000.0,1.24,1.21,1.24,1908000000.0,1976000000.0,1908000000.0,4770357326.0,10.0,6.499,196000000.0,2.777,1.0,2031000000.0,0.248,500000000.0,175000000.0,6832000000.0,6463250000.0,549000000.0,2356000000.0,0.0,2356000000.0,4873000000.0,1845000000.0,3028000000.0,2474357326.0,-52000000.0,-582000000.0,-113000000.0,427000000.0,-78000000.0,236000000.0,-736000000.0,0.0,447000000.0,0.0,88000000.0,88000000.0,88000000.0,219000000.0,0.0,0.011,1326000000.0,705000000.0,1267000000.0,0.887,1.297,28.118,28.274,1465000000.0,0.0,35.06,0.302,0.302,1211000000.0,,8206000000.0,8206000000.0,0.0,0.013,0.045,0.075,0.059,0.0,1077000000.0,1.0,70574938.0,70574938.0,,116.274,6281000000.0,113000000.0,221000000.0,247000000.0,88.998,262000000.0
85,ASH,MRT,2000-03-31,2000-03-31,2000-03-31,2021-08-25,0.0,6525000000.0,6545000000.0,1990000000.0,4535000000.0,1.193,25.679,-282000000.0,64000000.0,64000000.0,5866000000.0,59000000.0,1.162,2.577,2360000000.0,413000000.0,1947000000.0,2360000000.0,0.0,240000000.0,0.0,0.033,1.1,414000000.0,654000000.0,0.084,654000000.0,414000000.0,253000000.0,0.77,0.73,0.77,1824000000.0,2025250000.0,1824000000.0,5057766885.0,12.0,7.734,251000000.0,3.534,1.0,1941000000.0,0.249,484000000.0,161000000.0,6625000000.0,6368750000.0,519000000.0,2225000000.0,0.0,2225000000.0,4701000000.0,1712000000.0,2989000000.0,2361766885.0,-26000000.0,-569000000.0,-150000000.0,425000000.0,-79000000.0,196000000.0,-760000000.0,-21000000.0,533000000.0,0.0,59000000.0,59000000.0,59000000.0,218000000.0,0.0,0.008,1307000000.0,634000000.0,1196000000.0,1.429,1.295,40.03,43.182,1518000000.0,0.0,33.25,0.303,0.303,1158000000.0,,7807000000.0,7807000000.0,0.0,0.009,0.029,0.065,0.053,0.0,1067000000.0,1.0,71030583.0,71030583.0,,109.91,6041000000.0,104000000.0,194000000.0,190000000.0,85.048,278000000.0
86,ASH,MRT,1999-12-31,1999-12-31,1999-12-31,2021-08-25,0.0,6950000000.0,6452250000.0,2326000000.0,4624000000.0,1.173,27.661,-265000000.0,46000000.0,46000000.0,5582000000.0,135000000.0,1.398,2.524,2742000000.0,544000000.0,2198000000.0,2742000000.0,0.0,234000000.0,0.0,0.033,1.1,514000000.0,748000000.0,0.099,748000000.0,514000000.0,364000000.0,1.78,1.73,1.78,1972000000.0,2089500000.0,1972000000.0,2457315427.0,5.0,3.285,34000000.0,0.477,1.0,1985000000.0,0.262,503000000.0,150000000.0,7479000000.0,6254250000.0,522000000.0,2603000000.0,285000000.0,2318000000.0,4978000000.0,1664000000.0,3314000000.0,2348315427.0,-45000000.0,-860000000.0,-211000000.0,993000000.0,-80000000.0,702000000.0,-1050000000.0,-22000000.0,299000000.0,0.0,135000000.0,135000000.0,135000000.0,206000000.0,0.0,0.018,1265000000.0,720000000.0,1033000000.0,0.618,1.191,17.395,18.506,1512000000.0,0.0,32.94,0.31,0.31,1250000000.0,,7567000000.0,7567000000.0,0.0,0.021,0.065,0.082,0.068,0.0,1031000000.0,1.0,71290693.0,71290693.0,,106.143,6447000000.0,99000000.0,229000000.0,226000000.0,90.433,662000000.0
87,ASH,MRT,1999-09-30,1999-09-30,1999-09-30,2021-08-25,-46000000.0,6424000000.0,6205500000.0,2059000000.0,4365000000.0,1.169,30.481,-248000000.0,110000000.0,110000000.0,5346000000.0,290000000.0,1.475,1.92,219000000.0,219000000.0,1627000000.0,219000000.0,0.0,228000000.0,0.0,0.033,1.1,624000000.0,852000000.0,0.117,852000000.0,624000000.0,484000000.0,3.94,3.89,3.94,2200000000.0,2112250000.0,2200000000.0,4330301412.0,7.0,5.083,135000000.0,1.87,1.0,1907000000.0,0.263,220000000.0,140000000.0,4917000000.0,5884500000.0,464000000.0,2589000000.0,0.0,2589000000.0,4224000000.0,1396000000.0,2828000000.0,2427301412.0,76000000.0,-43000000.0,-224000000.0,189000000.0,-81000000.0,-116000000.0,-193000000.0,0.0,383000000.0,0.0,290000000.0,290000000.0,290000000.0,1000000.0,0.0,0.04,1282000000.0,625000000.0,1135000000.0,0.279,1.103,8.37,8.536,1292000000.0,0.0,33.63,0.335,0.335,1219000000.0,1710000000.0,7253000000.0,7253000000.0,0.0,0.047,0.137,0.106,0.086,0.0,1054000000.0,1.0,72176670.0,72176670.0,,100.49,6204000000.0,107000000.0,194000000.0,268000000.0,85.956,663000000.0
88,ASH,MRT,1999-06-30,1999-06-30,1999-06-30,2021-08-25,0.0,6281000000.0,6120000000.0,1957000000.0,4324000000.0,1.146,28.769,-255000000.0,81000000.0,81000000.0,5304000000.0,176000000.0,1.292,1.984,1984000000.0,357000000.0,1627000000.0,1984000000.0,0.0,205000000.0,0.0,0.027,1.1,416000000.0,621000000.0,0.089,621000000.0,416000000.0,279000000.0,2.38,2.36,2.38,2105000000.0,2096500000.0,2105000000.0,4768322975.0,11.0,7.678,162000000.0,2.214,1.0,1710000000.0,0.244,215000000.0,137000000.0,6454000000.0,5806500000.0,491000000.0,2520000000.0,0.0,2520000000.0,4176000000.0,1515000000.0,2661000000.0,2936322975.0,37000000.0,-54000000.0,-225000000.0,240000000.0,-83000000.0,-68000000.0,-321000000.0,-98000000.0,417000000.0,0.0,176000000.0,176000000.0,176000000.0,-26000000.0,0.0,0.025,1320000000.0,390000000.0,1108000000.0,0.462,1.395,16.684,16.861,1254000000.0,0.0,40.13,0.419,0.419,1129000000.0,,7014000000.0,7014000000.0,0.0,0.029,0.084,0.072,0.059,0.0,1115000000.0,1.0,73170271.0,73170271.0,,95.859,6066000000.0,118000000.0,103000000.0,179000000.0,82.903,442000000.0
89,ASH,MRT,1999-03-31,1999-03-31,1999-03-31,2021-08-25,0.0,6154000000.0,6044250000.0,1851000000.0,4303000000.0,1.154,27.984,-267000000.0,90000000.0,90000000.0,5265000000.0,199000000.0,1.161,1.957,1922000000.0,441000000.0,1481000000.0,1922000000.0,0.0,199000000.0,0.0,0.027,1.1,444000000.0,643000000.0,0.092,643000000.0,444000000.0,310000000.0,2.63,2.6,2.63,2081000000.0,2113750000.0,2081000000.0,4688463552.0,11.0,7.292,203000000.0,2.73,1.0,1708000000.0,0.245,224000000.0,134000000.0,6167000000.0,5735250000.0,480000000.0,2517000000.0,0.0,2517000000.0,4073000000.0,1595000000.0,2478000000.0,3044463552.0,72000000.0,-40000000.0,-170000000.0,114000000.0,-83000000.0,-139000000.0,-304000000.0,-75000000.0,470000000.0,0.0,199000000.0,199000000.0,199000000.0,-25000000.0,0.0,0.029,1289000000.0,419000000.0,1115000000.0,0.418,1.463,15.299,15.567,1222000000.0,0.0,40.94,0.437,0.437,1050000000.0,,6973000000.0,6973000000.0,0.0,0.033,0.094,0.077,0.064,0.0,1089000000.0,1.0,74364034.0,74364034.0,,93.768,5930000000.0,120000000.0,111000000.0,128000000.0,79.743,256000000.0
90,ASH,MRT,1998-12-31,1998-12-31,1998-12-31,2021-08-25,0.0,5963000000.0,5958750000.0,1853000000.0,4110000000.0,1.152,27.486,-270000000.0,91000000.0,91000000.0,5290000000.0,140000000.0,1.327,1.89,1736000000.0,225000000.0,1511000000.0,1736000000.0,0.0,191000000.0,0.0,0.023,1.1,348000000.0,539000000.0,0.078,539000000.0,348000000.0,212000000.0,1.83,1.81,1.83,2063000000.0,2110250000.0,2063000000.0,3722272900.0,11.0,6.906,198000000.0,2.638,1.0,1577000000.0,0.23,212000000.0,136000000.0,6000000000.0,5726000000.0,471000000.0,2377000000.0,0.0,2377000000.0,3900000000.0,1396000000.0,2504000000.0,3631272900.0,43000000.0,-147000000.0,-89000000.0,153000000.0,-83000000.0,-19000000.0,-434000000.0,-74000000.0,468000000.0,0.0,140000000.0,140000000.0,140000000.0,-25000000.0,0.0,0.02,1254000000.0,323000000.0,1051000000.0,0.601,1.76,25.938,26.437,1183000000.0,0.0,48.38,0.529,0.529,1088000000.0,,6867000000.0,6867000000.0,0.0,0.023,0.066,0.061,0.051,0.0,1062000000.0,1.0,75057315.0,75057315.0,,91.49,5751000000.0,96000000.0,72000000.0,127000000.0,76.621,457000000.0
91,ASH,MRT,1998-09-30,1998-09-30,1998-09-30,2021-08-25,-42000000.0,6082000000.0,5845000000.0,1828000000.0,4254000000.0,1.182,27.945,-274000000.0,34000000.0,34000000.0,5299000000.0,203000000.0,1.343,1.846,125000000.0,125000000.0,1507000000.0,125000000.0,0.0,181000000.0,0.0,0.024,1.1,447000000.0,628000000.0,0.091,628000000.0,447000000.0,317000000.0,2.68,2.63,2.68,2137000000.0,2108500000.0,2137000000.0,5231750681.0,12.0,8.331,80000000.0,1.046,1.0,1609000000.0,0.233,207000000.0,130000000.0,4605000000.0,5639750000.0,440000000.0,2524000000.0,0.0,2524000000.0,3945000000.0,1361000000.0,2584000000.0,3536750681.0,-216000000.0,-161000000.0,-36000000.0,178000000.0,-84000000.0,58000000.0,-578000000.0,0.0,354000000.0,0.0,203000000.0,203000000.0,203000000.0,-25000000.0,0.0,0.029,1187000000.0,422000000.0,1199000000.0,0.41,1.655,17.422,17.257,1161000000.0,0.0,46.25,0.512,0.512,1110000000.0,1501000000.0,6908000000.0,6908000000.0,0.0,0.035,0.096,0.079,0.065,0.0,1006000000.0,1.0,76470285.0,76470285.0,,90.336,5875000000.0,104000000.0,114000000.0,157000000.0,76.827,467000000.0
92,ASH,MRT,1998-06-30,1998-06-30,1998-06-30,2021-08-25,0.0,5978000000.0,5940000000.0,1795000000.0,4183000000.0,1.428,28.619,-300000000.0,44000000.0,44000000.0,6656000000.0,314000000.0,1.355,1.75,1739000000.0,230000000.0,1509000000.0,1739000000.0,0.0,241000000.0,0.0,0.021,1.1,610000000.0,851000000.0,0.1,851000000.0,610000000.0,484000000.0,4.2,4.07,4.2,2174000000.0,2080250000.0,2174000000.0,5892057151.0,10.0,6.924,99000000.0,1.303,1.0,1828000000.0,0.215,179000000.0,126000000.0,6169000000.0,5516750000.0,486000000.0,2545000000.0,0.0,2545000000.0,3804000000.0,1325000000.0,2479000000.0,3922057151.0,-68000000.0,-159000000.0,21000000.0,-238000000.0,-83000000.0,-300000000.0,-583000000.0,76000000.0,399000000.0,0.0,314000000.0,314000000.0,314000000.0,1000000.0,0.0,0.037,1281000000.0,547000000.0,1032000000.0,0.262,1.804,12.491,12.293,1090000000.0,0.0,51.63,0.462,0.462,1030000000.0,,8484000000.0,8484000000.0,0.0,0.053,0.151,0.111,0.072,0.0,1039000000.0,1.0,75964694.0,75964694.0,,111.683,5799000000.0,90000000.0,170000000.0,63000000.0,76.338,470000000.0
93,ASH,MRT,1998-03-31,1998-03-31,1998-03-31,2021-08-25,0.0,5812000000.0,6101000000.0,1664000000.0,4148000000.0,1.628,27.46,-279000000.0,18000000.0,18000000.0,7992000000.0,317000000.0,1.299,1.812,1801000000.0,265000000.0,1536000000.0,1801000000.0,0.0,171000000.0,0.0,0.019,1.1,602000000.0,773000000.0,0.078,773000000.0,602000000.0,471000000.0,4.28,4.11,4.28,2067000000.0,2017500000.0,2067000000.0,5991677541.0,10.0,7.751,100000000.0,1.329,1.0,1943000000.0,0.196,184000000.0,131000000.0,6130000000.0,5514250000.0,465000000.0,2494000000.0,0.0,2494000000.0,3745000000.0,1281000000.0,2464000000.0,4262677541.0,-55000000.0,-180000000.0,26000000.0,-156000000.0,-81000000.0,-211000000.0,-617000000.0,41000000.0,379000000.0,0.0,317000000.0,317000000.0,317000000.0,-8000000.0,0.0,0.032,1411000000.0,532000000.0,971000000.0,0.257,2.062,13.447,13.231,1064000000.0,0.0,56.63,0.429,0.429,984000000.0,,9935000000.0,9935000000.0,0.0,0.052,0.157,0.109,0.061,0.0,1135000000.0,1.0,75272427.0,75272427.0,,131.987,5628000000.0,97000000.0,154000000.0,45000000.0,74.768,383000000.0
94,ASH,MRT,1997-12-31,1997-12-31,1997-12-31,2021-08-25,0.0,5508000000.0,6655750000.0,1658000000.0,3850000000.0,1.767,27.314,-314000000.0,48000000.0,48000000.0,9629000000.0,296000000.0,1.375,1.679,1522000000.0,177000000.0,1345000000.0,1522000000.0,0.0,254000000.0,0.0,0.02,1.1,586000000.0,840000000.0,0.071,840000000.0,586000000.0,446000000.0,3.94,3.77,3.94,2056000000.0,1953750000.0,2056000000.0,,,,119000000.0,1.581,1.0,2129000000.0,0.181,121000000.0,140000000.0,5655000000.0,5871750000.0,449000000.0,2356000000.0,0.0,2356000000.0,3452000000.0,1206000000.0,2246000000.0,4041376606.0,3000000.0,-70000000.0,22000000.0,-298000000.0,-84000000.0,-360000000.0,-495000000.0,64000000.0,433000000.0,0.0,296000000.0,291000000.0,291000000.0,-13000000.0,0.0,0.025,1608000000.0,521000000.0,971000000.0,0.279,1.966,13.888,13.627,999000000.0,5000000.0,53.69,0.344,0.344,977000000.0,,11758000000.0,11758000000.0,0.0,0.044,0.149,0.1,0.05,0.0,1248000000.0,1.0,75272427.0,75272427.0,,156.206,5387000000.0,99000000.0,150000000.0,58000000.0,71.567,452000000.0
95,ASH,MRT,1997-09-30,1997-09-30,1997-09-30,2021-08-25,-35000000.0,6462000000.0,7276500000.0,2720000000.0,3742000000.0,1.781,,-356000000.0,250000000.0,250000000.0,10802000000.0,279000000.0,1.341,2.193,49000000.0,49000000.0,1356000000.0,49000000.0,0.0,348000000.0,0.0,0.02,1.1,548000000.0,896000000.0,0.069,896000000.0,548000000.0,406000000.0,3.86,3.64,3.86,2024000000.0,1828500000.0,2024000000.0,,,,209000000.0,,1.0,2159000000.0,0.167,120000000.0,142000000.0,4113000000.0,6357000000.0,660000000.0,403000000.0,0.0,403000000.0,4438000000.0,2028000000.0,2410000000.0,,180000000.0,-79000000.0,32000000.0,-376000000.0,-86000000.0,-430000000.0,-440000000.0,-32000000.0,565000000.0,0.0,279000000.0,279000000.0,279000000.0,-25000000.0,0.0,0.022,1698000000.0,461000000.0,1867000000.0,0.285,,,14.088,2678000000.0,0.0,54.38,,,1585000000.0,1379000000.0,12961000000.0,12961000000.0,0.0,0.038,0.153,0.086,0.042,0.0,1350000000.0,1.0,,,,,6342000000.0,103000000.0,127000000.0,112000000.0,,692000000.0
96,ASH,MRT,1997-06-30,1997-06-30,1997-06-30,2021-08-25,0.0,6622000000.0,,2620000000.0,4002000000.0,,,,112000000.0,112000000.0,,,1.237,2.444,1917000000.0,337000000.0,1580000000.0,1917000000.0,0.0,,0.0,0.024,1.1,,,,,,,,,,1923000000.0,,1923000000.0,,,,,,1.0,,,150000000.0,,6159000000.0,,717000000.0,406000000.0,0.0,406000000.0,4699000000.0,2118000000.0,2581000000.0,,,,,,,,,,,,,,,,,,,,1757000000.0,,,,,2637000000.0,,46.38,,,1554000000.0,,,,,,,,,,,1.0,,,,,6472000000.0,105000000.0,,24000000.0,,502000000.0
97,ASH,MRT,1997-03-31,1997-03-31,1997-03-31,2021-08-25,0.0,8031000000.0,,2985000000.0,5046000000.0,,,,107000000.0,107000000.0,,,1.244,3.432,2340000000.0,282000000.0,2058000000.0,2340000000.0,0.0,,0.0,0.027,1.1,,,,,,,,,,1812000000.0,,1812000000.0,,,,,,1.0,,,304000000.0,,7560000000.0,,805000000.0,0.0,0.0,0.0,6219000000.0,2400000000.0,3819000000.0,,,,,,,,,,,,,,,,,,,,2079000000.0,,,,,3832000000.0,,40.25,,,1791000000.0,,,,,,,,,,,1.0,,,,,7727000000.0,114000000.0,,39000000.0,,585000000.0
98,ASH,MRT,1996-12-31,1996-12-31,1996-12-31,2021-08-25,0.0,7991000000.0,,2917000000.0,5074000000.0,,,,79000000.0,79000000.0,,,1.262,3.95,2257000000.0,170000000.0,2087000000.0,2257000000.0,0.0,,0.0,0.025,1.1,,,,,,,,,,1555000000.0,,1555000000.0,,,,,,1.0,,,262000000.0,,7596000000.0,,811000000.0,266000000.0,0.0,266000000.0,6143000000.0,2311000000.0,3832000000.0,,,,,,,,,,,,,,,,,,,,2103000000.0,,,,,3861000000.0,,43.87,,,1763000000.0,,,,,,,,,,,1.0,,,,,7729000000.0,0.0,,38000000.0,,606000000.0
99,ASH,MRT,1996-09-30,1996-09-30,1996-09-30,2021-08-25,,,,,,,,-372000000.0,,,10497000000.0,211000000.0,,,,,,,,299000000.0,,0.028,1.1,434000000.0,733000000.0,0.059,733000000.0,434000000.0,283000000.0,3.0,2.96,3.0,,,,,,,172000000.0,,1.0,1915000000.0,0.154,,151000000.0,,,,,,,,,,,19000000.0,-83000000.0,15000000.0,-91000000.0,-89000000.0,-165000000.0,-395000000.0,35000000.0,544000000.0,0.0,211000000.0,192000000.0,192000000.0,-75000000.0,0.0,0.015,1556000000.0,359000000.0,,0.367,,,13.25,,19000000.0,39.75,,,,,12412000000.0,12412000000.0,0.0,,,,0.035,0.0,1257000000.0,1.0,,,,,,,72000000.0,,,
