None,ticker,dimension,calendardate,datekey,reportperiod,lastupdated,accoci,assets,assetsavg,assetsc,assetsnc,assetturnover,bvps,capex,cashneq,cashnequsd,cor,consolinc,currentratio,de,debt,debtc,debtnc,debtusd,deferredrev,depamor,deposits,divyield,dps,ebit,ebitda,ebitdamargin,ebitdausd,ebitusd,ebt,eps,epsdil,epsusd,equity,equityavg,equityusd,ev,evebit,evebitda,fcf,fcfps,fxusd,gp,grossmargin,intangibles,intexp,invcap,invcapavg,inventory,investments,investmentsc,investmentsnc,liabilities,liabilitiesc,liabilitiesnc,marketcap,ncf,ncfbus,ncfcommon,ncfdebt,ncfdiv,ncff,ncfi,ncfinv,ncfo,ncfx,netinc,netinccmn,netinccmnusd,netincdis,netincnci,netmargin,opex,opinc,payables,payoutratio,pb,pe,pe1,ppnenet,prefdivis,price,ps,ps1,receivables,retearn,revenue,revenueusd,rnd,roa,roe,roic,ros,sbcomp,sgna,sharefactor,sharesbas,shareswa,shareswadil,sps,tangibles,taxassets,taxexp,taxliabilities,tbvps,workingcapital
0,IFF,MRY,2020-12-31,2020-12-31,2020-12-31,2021-09-07,-698000000.0,13555000000.0,13079645000.0,3060000000.0,10495000000.0,0.389,56.258,-174605000.0,657000000.0,657000000.0,2998373000.0,367372000.0,1.607,1.146,4678000000.0,634000000.0,4044000000.0,4678000000.0,0.0,325360000.0,0.0,0.028,3.04,569029000.0,894389000.0,0.176,894389000.0,569029000.0,437227000.0,3.25,3.21,3.25,6310000000.0,6050965500.0,6310000000.0,15487669685.0,27.0,17.316,539493000.0,4.81,1.0,2085866000.0,0.41,8320000000.0,131802000.0,7352000000.0,7312103500.0,1132000000.0,0.0,0.0,0.0,7233000000.0,1904000000.0,5329000000.0,11638626685.0,35927000.0,0.0,0.0,-147430000.0,-322584000.0,-511570000.0,-187463000.0,-14597000.0,714098000.0,20862000.0,363228000.0,363228000.0,363228000.0,0.0,4144000.0,0.071,1519382000.0,566484000.0,556000000.0,0.935,1.844,32.042,33.489,1757000000.0,0.0,108.84,2.289,2.401,929000000.0,4156000000.0,5084239000.0,5084239000.0,356863000.0,0.028,0.06,0.078,0.112,35798000.0,948833000.0,1.0,106933358.0,112162000.0,113630000.0,45.329,5235000000.0,0.0,73999000.0,593000000.0,46.674,1156000000.0
1,IFF,MRY,2019-12-31,2019-12-31,2019-12-31,2021-09-07,-716894000.0,13287411000.0,13207909250.0,2942544000.0,10344867000.0,0.389,55.528,-199936000.0,623945000.0,623945000.0,3027336000.0,460268000.0,1.896,1.135,4382396000.0,384958000.0,3997438000.0,4382396000.0,0.0,323330000.0,0.0,0.023,2.96,691278000.0,1014608000.0,0.197,1014608000.0,691278000.0,553057000.0,4.05,4.0,4.05,6217304000.0,6153928250.0,6217304000.0,17665171162.0,26.0,17.411,499029000.0,4.457,1.0,2112748000.0,0.411,8349531000.0,138221000.0,7144141000.0,7466751250.0,1123068000.0,0.0,0.0,0.0,7057863000.0,1552190000.0,5505673000.0,13776268162.0,-24577000.0,-53720000.0,0.0,-156282000.0,-313510000.0,-505057000.0,-225866000.0,0.0,698965000.0,7381000.0,455873000.0,455873000.0,455873000.0,0.0,4395000.0,0.089,1447478000.0,665270000.0,510372000.0,0.731,2.216,30.22,31.857,1386920000.0,0.0,129.02,2.68,2.81,876197000.0,4117804000.0,5140084000.0,5140084000.0,346128000.0,0.035,0.074,0.093,0.134,34482000.0,876121000.0,1.0,106776222.0,111966000.0,113307000.0,45.908,4937880000.0,0.0,97184000.0,641456000.0,44.102,1390354000.0
2,IFF,MRY,2018-12-31,2018-12-31,2018-12-31,2021-09-07,-702227000.0,12889395000.0,7964913750.0,2941860000.0,9947535000.0,0.499,68.908,-165244000.0,648522000.0,648522000.0,2294832000.0,339781000.0,2.607,1.135,4553059000.0,48642000.0,4504417000.0,4553059000.0,0.0,173792000.0,0.0,0.021,2.84,577836000.0,751628000.0,0.189,751628000.0,577836000.0,445278000.0,3.81,3.79,3.81,6032951000.0,3396942500.0,6032951000.0,13418531206.0,23.0,17.853,272331000.0,3.111,1.0,1682707000.0,0.423,8417710000.0,132558000.0,7247911000.0,5324213250.0,1078537000.0,0.0,0.0,0.0,6846021000.0,1128311000.0,5717710000.0,14315763206.0,280476000.0,-4847186000.0,2252619000.0,2879190000.0,-230218000.0,4870703000.0,-5013235000.0,-2642000.0,437575000.0,-14567000.0,337302000.0,337302000.0,337302000.0,0.0,2479000.0,0.085,1098825000.0,583882000.0,471382000.0,0.745,2.373,42.442,35.241,1241152000.0,0.0,134.27,3.599,2.955,937765000.0,3956221000.0,3977539000.0,3977539000.0,311583000.0,0.042,0.099,0.109,0.145,29401000.0,707461000.0,1.0,106619224.0,87551000.0,88121000.0,45.431,4471685000.0,0.0,107976000.0,655879000.0,51.075,1813549000.0
3,IFF,MRY,2017-12-31,2017-12-31,2017-12-31,2021-09-07,-637482000.0,4598926000.0,4497624500.0,1896544000.0,2702382000.0,0.756,21.3,-112834000.0,368046000.0,368046000.0,1926256000.0,295665000.0,2.467,1.728,1639152000.0,6966000.0,1632186000.0,1639152000.0,0.0,117967000.0,0.0,0.017,2.66,602408000.0,720375000.0,0.212,720375000.0,602408000.0,537045000.0,3.73,3.72,3.73,1684202000.0,1685487500.0,1684202000.0,13410049082.0,22.0,18.615,277922000.0,3.515,1.0,1472463000.0,0.433,1572075000.0,65363000.0,3529189000.0,3432526750.0,649448000.0,0.0,0.0,0.0,2909632000.0,768768000.0,2140864000.0,12052704082.0,44054000.0,-192328000.0,-57740000.0,243751000.0,-206118000.0,-42558000.0,-299930000.0,1434000.0,390756000.0,-4214000.0,295665000.0,295665000.0,295665000.0,0.0,0.0,0.087,919833000.0,552630000.0,338188000.0,0.713,7.156,40.765,40.914,880580000.0,0.0,152.61,3.546,3.55,663663000.0,3870621000.0,3398719000.0,3398719000.0,295469000.0,0.066,0.175,0.175,0.177,26567000.0,570144000.0,1.0,78977158.0,79070000.0,79370000.0,42.984,3026851000.0,0.0,241380000.0,51104000.0,38.281,1127776000.0
4,IFF,MRY,2016-12-31,2016-12-31,2016-12-31,2021-09-07,-680095000.0,4016984000.0,4107800250.0,1609014000.0,2407970000.0,0.759,20.418,-119556000.0,323992000.0,323992000.0,1720787000.0,405031000.0,1.791,1.467,1325371000.0,258516000.0,1066855000.0,1325371000.0,0.0,102469000.0,0.0,0.02,2.4,576706000.0,679175000.0,0.218,679175000.0,576706000.0,523717000.0,5.07,5.05,5.07,1626244000.0,1656064000.0,1626244000.0,10227653061.0,18.0,15.059,430583000.0,5.406,1.0,1395563000.0,0.448,1365906000.0,52989000.0,2754160000.0,2999442500.0,592017000.0,0.0,0.0,0.0,2385850000.0,898297000.0,1487553000.0,9358507061.0,142004000.0,-236836000.0,-126630000.0,299485000.0,-184897000.0,-34427000.0,-355463000.0,637000.0,550139000.0,-18245000.0,405031000.0,405031000.0,405031000.0,0.0,0.0,0.13,842608000.0,552955000.0,274815000.0,0.473,5.755,23.106,23.241,775716000.0,0.0,117.83,3.003,3.012,550658000.0,3818535000.0,3116350000.0,3116350000.0,258863000.0,0.099,0.245,0.192,0.185,24587000.0,572518000.0,1.0,79423806.0,79648000.0,79981000.0,39.127,2651078000.0,138636000.0,118686000.0,0.0,33.285,710717000.0
5,IFF,MRY,2015-12-31,2015-12-31,2015-12-31,2021-09-07,-613440000.0,3702010000.0,3693623750.0,1437109000.0,2264901000.0,0.818,19.768,-96728000.0,181988000.0,181988000.0,1671590000.0,419247000.0,1.982,1.325,1067722000.0,132349000.0,935373000.0,1067722000.0,0.0,89597000.0,0.0,0.017,2.06,585163000.0,674760000.0,0.223,674760000.0,585163000.0,539101000.0,5.19,5.16,5.19,1590317000.0,1593126500.0,1590317000.0,10519907364.0,18.0,15.591,370587000.0,4.606,1.0,1351599000.0,0.447,1247393000.0,46062000.0,2615195000.0,2778587500.0,572047000.0,0.0,0.0,0.0,2107021000.0,725156000.0,1381865000.0,9601135364.0,-296585000.0,-493424000.0,-121307000.0,138036000.0,-158870000.0,-165033000.0,-577156000.0,12128000.0,467315000.0,-21711000.0,419247000.0,419247000.0,419247000.0,0.0,0.0,0.139,763252000.0,588347000.0,285501000.0,0.397,6.037,22.901,23.052,732794000.0,0.0,119.64,3.176,3.184,537896000.0,3604254000.0,3023189000.0,3023189000.0,246101000.0,0.114,0.263,0.211,0.194,23160000.0,494517000.0,1.0,80250212.0,80449000.0,80891000.0,37.579,2454617000.0,166323000.0,119854000.0,0.0,30.511,711953000.0
6,IFF,MRY,2014-12-31,2014-12-31,2014-12-31,2021-09-07,-540430000.0,3494621000.0,3423254000.0,1710027000.0,1784594000.0,0.902,18.754,-139887000.0,478573000.0,478573000.0,1726383000.0,414543000.0,3.296,1.299,942322000.0,8090000.0,934232000.0,942322000.0,0.0,89354000.0,0.0,0.017,1.72,595128000.0,684482000.0,0.222,684482000.0,595128000.0,549061000.0,5.09,5.06,5.09,1518561000.0,1568223500.0,1518561000.0,8745598477.0,15.0,12.777,378503000.0,4.675,1.0,1362150000.0,0.441,752041000.0,46067000.0,2687521000.0,2739873250.0,568729000.0,0.0,0.0,0.0,1971932000.0,518808000.0,1453124000.0,8207281477.0,73068000.0,-102500000.0,-86339000.0,11941000.0,-133239000.0,-202330000.0,-221333000.0,3304000.0,518390000.0,-21659000.0,414543000.0,414543000.0,414543000.0,0.0,0.0,0.134,769829000.0,592321000.0,216038000.0,0.338,5.405,19.798,19.914,720268000.0,0.0,101.36,2.657,2.657,493768000.0,3350734000.0,3088533000.0,3088533000.0,253640000.0,0.121,0.264,0.217,0.193,22648000.0,507563000.0,1.0,80971601.0,80971601.0,,38.143,2742580000.0,210756000.0,134518000.0,0.0,33.871,1191219000.0
7,IFF,MRY,2013-12-31,2013-12-31,2013-12-31,2021-09-07,-392711000.0,3331731000.0,3291428000.0,1652903000.0,1678828000.0,0.897,17.949,-106845000.0,405505000.0,405505000.0,1668691000.0,353544000.0,2.95,1.274,932814000.0,149000.0,932665000.0,932814000.0,0.0,83227000.0,0.0,0.017,1.46,531977000.0,615204000.0,0.208,615204000.0,531977000.0,485210000.0,4.32,4.29,4.32,1463072000.0,1393830250.0,1463072000.0,7598963248.0,14.0,12.352,300717000.0,3.689,1.0,1284205000.0,0.435,696197000.0,46767000.0,2602477000.0,2673892750.0,533806000.0,0.0,0.0,0.0,1864680000.0,560366000.0,1304314000.0,7008504248.0,81083000.0,0.0,-47564000.0,-85439000.0,-87347000.0,-217038000.0,-105406000.0,646000.0,407562000.0,-4035000.0,353544000.0,353544000.0,353544000.0,0.0,0.0,0.12,767866000.0,516339000.0,226733000.0,0.338,4.79,19.824,19.903,687215000.0,0.0,85.98,2.373,2.373,524493000.0,3075657000.0,2952896000.0,2952896000.0,259838000.0,0.107,0.254,0.199,0.18,23736000.0,505877000.0,1.0,81513192.0,81513192.0,,36.226,2635534000.0,194626000.0,131666000.0,0.0,32.333,1092537000.0
8,IFF,MRY,2012-12-31,2012-12-31,2012-12-31,2021-09-07,-403625000.0,3246192000.0,3086200500.0,1572687000.0,1673505000.0,0.914,15.31,-124377000.0,324422000.0,324422000.0,1645912000.0,254134000.0,2.497,1.596,1031175000.0,150071000.0,881104000.0,1031175000.0,0.0,76667000.0,0.0,0.02,1.3,485168000.0,561835000.0,0.199,561835000.0,485168000.0,443415000.0,3.11,3.09,3.11,1248808000.0,1229202750.0,1248808000.0,6233867437.0,13.0,11.096,199419000.0,2.445,1.0,1175534000.0,0.417,702270000.0,41753000.0,2620797000.0,2570766250.0,540658000.0,0.0,0.0,0.0,1993637000.0,629878000.0,1363759000.0,5427368437.0,236143000.0,0.0,9211000.0,138756000.0,-130943000.0,25404000.0,-114261000.0,1960000.0,323796000.0,1204000.0,254134000.0,254134000.0,254134000.0,0.0,0.0,0.09,688916000.0,486618000.0,199272000.0,0.418,4.346,21.356,21.395,654641000.0,0.0,66.54,1.924,1.924,499443000.0,2841166000.0,2821446000.0,2821446000.0,233713000.0,0.082,0.207,0.189,0.172,19716000.0,453535000.0,1.0,81565501.0,81565501.0,,34.591,2543922000.0,222837000.0,189281000.0,0.0,31.189,942809000.0
9,IFF,MRY,2011-12-31,2011-12-31,2011-12-31,2021-09-07,-375309000.0,2965581000.0,2968564250.0,1317220000.0,1648361000.0,0.939,13.652,-126752000.0,88279000.0,88279000.0,1683362000.0,266866000.0,2.333,1.683,894936000.0,116688000.0,778248000.0,894936000.0,0.0,75327000.0,0.0,0.022,1.16,418185000.0,493512000.0,0.177,493512000.0,418185000.0,373546000.0,3.3,3.26,3.3,1104412000.0,1145741000.0,1104412000.0,5045100890.0,12.0,10.223,62438000.0,0.772,1.0,1104656000.0,0.396,708345000.0,44639000.0,2499327000.0,2490199500.0,544439000.0,0.0,0.0,0.0,1858174000.0,564566000.0,1293608000.0,4240661890.0,-43053000.0,0.0,14656000.0,-31046000.0,-90250000.0,-100707000.0,-131163000.0,-2475000.0,189190000.0,-373000.0,266866000.0,266866000.0,266866000.0,0.0,0.0,0.096,676927000.0,427729000.0,208759000.0,0.352,3.84,15.891,15.885,608065000.0,0.0,52.42,1.521,1.521,472346000.0,2692893000.0,2788018000.0,2788018000.0,219781000.0,0.09,0.233,0.168,0.15,20547000.0,443974000.0,1.0,80897785.0,80897785.0,,34.463,2257236000.0,206172000.0,106680000.0,0.0,27.902,752654000.0
10,IFF,MRY,2010-12-31,2010-12-31,2010-12-31,2021-09-07,-275351000.0,2872455000.0,2785467500.0,1325195000.0,1547260000.0,0.942,12.5,-104644000.0,131332000.0,131332000.0,1530260000.0,263557000.0,2.005,1.87,921567000.0,133899000.0,787668000.0,921567000.0,0.0,79242000.0,0.0,0.019,1.04,408302000.0,487544000.0,0.186,487544000.0,408302000.0,359593000.0,3.29,3.26,3.29,999422000.0,901163000.0,999422000.0,5278172973.0,13.0,10.826,210492000.0,2.633,1.0,1092602000.0,0.417,714416000.0,48709000.0,2287323000.0,2355399000.0,531675000.0,0.0,0.0,0.0,1869300000.0,660951000.0,1208349000.0,4444466973.0,51197000.0,0.0,26224000.0,-103190000.0,-81181000.0,-156744000.0,-106783000.0,1719000.0,315136000.0,-412000.0,263557000.0,263557000.0,263557000.0,0.0,0.0,0.1,684300000.0,408302000.0,200153000.0,0.316,4.447,16.863,16.897,538118000.0,0.0,55.59,1.695,1.695,451804000.0,2519706000.0,2622862000.0,2622862000.0,218772000.0,0.095,0.292,0.173,0.156,18382000.0,447392000.0,1.0,79950836.0,79950836.0,,32.806,2158039000.0,196960000.0,96036000.0,0.0,26.992,664244000.0
11,IFF,MRY,2009-12-31,2009-12-31,2009-12-31,2021-09-07,-270974000.0,2644774000.0,2707676250.0,1128066000.0,1516708000.0,0.859,9.729,-65035000.0,80135000.0,80135000.0,1391913000.0,195526000.0,2.329,2.435,1011529000.0,76780000.0,934749000.0,1011529000.0,0.0,78525000.0,0.0,0.024,1.0,338367000.0,416892000.0,0.179,416892000.0,338367000.0,276549000.0,2.48,2.46,2.48,769003000.0,718796500.0,769003000.0,4254858286.0,13.0,10.206,226602000.0,2.867,1.0,934245000.0,0.402,720530000.0,61818000.0,2371184000.0,2613832500.0,444977000.0,0.0,0.0,0.0,1872864000.0,484454000.0,1388410000.0,3251821286.0,-98332000.0,0.0,5043000.0,-238394000.0,-78841000.0,-312192000.0,-80888000.0,-13604000.0,291637000.0,3111000.0,195526000.0,195526000.0,195526000.0,0.0,0.0,0.084,595878000.0,338367000.0,161027000.0,0.403,4.229,16.631,16.589,501293000.0,0.0,41.14,1.398,1.398,444265000.0,2339205000.0,2326158000.0,2326158000.0,184771000.0,0.072,0.272,0.129,0.145,17449000.0,390885000.0,1.0,79042812.0,79042812.0,,29.429,1924244000.0,184722000.0,81023000.0,0.0,24.344,643612000.0
12,IFF,MRY,2008-12-31,2008-12-31,2008-12-31,2021-09-07,-325105000.0,2749913000.0,2771320000.0,1202416000.0,1547497000.0,0.862,7.287,-82547000.0,178467000.0,178467000.0,1418441000.0,229628000.0,2.666,3.785,1255654000.0,101982000.0,1153672000.0,1255654000.0,0.0,75986000.0,0.0,0.032,0.96,357930000.0,433916000.0,0.182,433916000.0,357930000.0,283922000.0,2.89,2.86,2.89,573111000.0,630819750.0,573111000.0,3418651405.0,10.0,7.879,138066000.0,1.756,1.0,970931000.0,0.406,726683000.0,74008000.0,2649376000.0,2663998750.0,479567000.0,0.0,0.0,0.0,2169271000.0,451041000.0,1718230000.0,2337338405.0,26996000.0,0.0,-22642000.0,2705000.0,-74865000.0,-94669000.0,-89745000.0,-7198000.0,220613000.0,-9203000.0,229628000.0,229628000.0,229628000.0,0.0,0.0,0.096,615798000.0,355133000.0,114997000.0,0.332,4.078,10.179,10.284,496856000.0,0.0,29.72,0.978,0.978,400971000.0,2222641000.0,2389372000.0,2389372000.0,196863000.0,0.083,0.364,0.134,0.15,17246000.0,400723000.0,1.0,78645303.0,78645303.0,,30.382,2023230000.0,184356000.0,54294000.0,1788000.0,25.726,751375000.0
13,IFF,MRY,2007-12-31,2007-12-31,2007-12-31,2021-09-07,-34833000.0,2726314000.0,2576088500.0,1156093000.0,1570221000.0,0.884,7.622,-48655000.0,151471000.0,151471000.0,1324424000.0,247128000.0,2.127,3.417,1212641000.0,152473000.0,1060168000.0,1212641000.0,0.0,82788000.0,0.0,0.018,0.88,372349000.0,455137000.0,0.2,455137000.0,372349000.0,330814000.0,2.84,2.81,2.84,617197000.0,774786000.0,617197000.0,5022243251.0,13.0,11.035,265407000.0,3.278,1.0,952214000.0,0.418,732836000.0,41535000.0,2511205000.0,2324587750.0,484222000.0,604000.0,604000.0,0.0,2109117000.0,543443000.0,1565674000.0,3897136251.0,36963000.0,0.0,-526885000.0,368921000.0,-76600000.0,-227996000.0,-51354000.0,-2699000.0,314062000.0,2251000.0,247128000.0,247128000.0,247128000.0,0.0,0.0,0.109,591001000.0,361213000.0,130992000.0,0.31,6.314,15.77,16.947,508820000.0,0.0,48.13,1.712,1.712,400527000.0,2078937000.0,2276638000.0,2276638000.0,196893000.0,0.096,0.319,0.16,0.164,18168000.0,375287000.0,1.0,80971042.0,80971042.0,,28.117,1993478000.0,133749000.0,83686000.0,4547000.0,24.62,612650000.0
14,IFF,MRY,2006-12-31,2006-12-31,2006-12-31,2021-09-07,-34319000.0,2478904000.0,2525096250.0,1079803000.0,1399101000.0,0.83,10.092,-31047000.0,114508000.0,114508000.0,1211259000.0,226500000.0,2.417,1.739,807340000.0,15897000.0,791443000.0,807340000.0,0.0,89733000.0,0.0,0.016,0.765,338831000.0,428564000.0,0.205,428564000.0,338831000.0,313282000.0,2.5,2.48,2.5,905168000.0,925129750.0,905168000.0,5054561309.0,15.0,11.794,250572000.0,2.794,1.0,884131000.0,0.422,745716000.0,25549000.0,1979249000.0,1690128000.0,446606000.0,604000.0,604000.0,0.0,1573736000.0,446771000.0,1126965000.0,4409063309.0,-158037000.0,0.0,-160131000.0,-174377000.0,-67381000.0,-397236000.0,-48402000.0,-17355000.0,281619000.0,5982000.0,226500000.0,226500000.0,226500000.0,0.0,0.0,0.108,555138000.0,328993000.0,111661000.0,0.306,4.871,19.466,19.664,495124000.0,0.0,49.16,2.104,2.104,357155000.0,1909599000.0,2095390000.0,2095390000.0,185692000.0,0.09,0.245,0.2,0.162,18185000.0,351923000.0,1.0,89688025.0,89688025.0,,23.363,1733188000.0,89448000.0,86782000.0,45251000.0,19.325,633032000.0
15,IFF,MRY,2005-12-31,2005-12-31,2005-12-31,2021-09-07,-150355000.0,2638196000.0,2448425500.0,1191274000.0,1446922000.0,0.814,9.855,-90646000.0,272545000.0,272545000.0,1168992000.0,193066000.0,0.991,1.882,950673000.0,819392000.0,131281000.0,950673000.0,0.0,91928000.0,0.0,0.022,0.73,270144000.0,362072000.0,0.182,362072000.0,270144000.0,246188000.0,2.06,2.04,2.06,915347000.0,908742750.0,915347000.0,3772304544.0,14.0,10.419,86514000.0,0.931,1.0,824401000.0,0.414,772651000.0,23956000.0,1340977000.0,1482668250.0,430794000.0,352000.0,352000.0,0.0,1722849000.0,1202696000.0,520153000.0,3111609544.0,239949000.0,0.0,-75304000.0,300441000.0,-67779000.0,157358000.0,-90646000.0,0.0,177160000.0,-3923000.0,193066000.0,193066000.0,193066000.0,0.0,0.0,0.097,557525000.0,266876000.0,98588000.0,0.354,3.399,16.117,16.262,499145000.0,0.0,33.5,1.561,1.561,304823000.0,1752055000.0,1993393000.0,1993393000.0,179812000.0,0.079,0.212,0.182,0.136,7350000.0,339323000.0,1.0,92883867.0,92883867.0,,21.461,1865545000.0,75366000.0,53122000.0,41089000.0,20.085,-11422000.0
16,IFF,MRY,2004-12-31,2004-12-31,2004-12-31,2021-09-07,-108172000.0,2363294000.0,2338438500.0,961370000.0,1401924000.0,0.87,9.661,-31610000.0,32596000.0,32596000.0,1160235000.0,196071000.0,2.406,1.596,684926000.0,15957000.0,668969000.0,684926000.0,0.0,90996000.0,0.0,0.016,0.685,305004000.0,396000000.0,0.195,396000000.0,305004000.0,281002000.0,2.08,2.05,2.08,910487000.0,836656750.0,910487000.0,4751168321.0,16.0,11.998,264237000.0,2.804,1.0,873418000.0,0.429,789676000.0,24002000.0,1826426000.0,1840131250.0,457204000.0,399000.0,399000.0,0.0,1452807000.0,399522000.0,1053285000.0,4037190321.0,20515000.0,0.0,9983000.0,-192139000.0,-63214000.0,-245370000.0,-31478000.0,132000.0,295847000.0,1516000.0,196071000.0,196071000.0,196071000.0,0.0,0.0,0.096,563139000.0,310279000.0,103978000.0,0.329,4.434,20.59,20.596,501334000.0,0.0,42.84,1.985,1.985,335779000.0,1627386000.0,2033653000.0,2033653000.0,175173000.0,0.084,0.234,0.166,0.15,8085000.0,341306000.0,1.0,94238803.0,94238803.0,,21.58,1573618000.0,79267000.0,84931000.0,30339000.0,16.698,561848000.0
17,IFF,MRY,2003-12-31,2003-12-31,2003-12-31,2021-09-07,-131681000.0,2306892000.0,2304771500.0,902672000.0,1404220000.0,0.825,7.929,31720000.0,12081000.0,12081000.0,1092456000.0,172597000.0,1.716,2.106,884535000.0,194304000.0,690231000.0,884535000.0,0.0,86721000.0,0.0,0.018,0.63,280337000.0,367058000.0,0.193,367058000.0,280337000.0,251860000.0,1.84,1.83,1.84,742631000.0,663324000.0,742631000.0,4218760636.0,15.0,11.493,301316000.0,3.217,1.0,809064000.0,0.425,799413000.0,28477000.0,1853888000.0,1909078000.0,454631000.0,474000.0,474000.0,0.0,1564261000.0,526045000.0,1038216000.0,3270523636.0,-2777000.0,-6400000.0,-29169000.0,-212910000.0,-58174000.0,-300253000.0,25192000.0,-128000.0,269596000.0,2688000.0,172597000.0,172597000.0,172597000.0,0.0,0.0,0.091,523290000.0,285774000.0,104028000.0,0.342,4.404,18.949,18.978,510612000.0,0.0,34.92,1.72,1.72,320768000.0,1496104000.0,1901520000.0,1901520000.0,159286000.0,0.075,0.26,0.147,0.147,0.0,308951000.0,1.0,93657607.0,93657607.0,,20.303,1507479000.0,66070000.0,79263000.0,27826000.0,16.096,376627000.0
18,IFF,MRY,2002-12-31,2002-12-31,2002-12-31,2021-09-07,-212480000.0,2232694000.0,2245816500.0,866749000.0,1365945000.0,0.806,6.092,-17181000.0,14858000.0,14858000.0,1035835000.0,175944000.0,2.411,2.885,1056748000.0,49663000.0,1007085000.0,1056748000.0,0.0,84458000.0,0.0,0.017,0.6,303453000.0,387911000.0,0.214,387911000.0,303453000.0,266417000.0,1.86,1.84,1.86,574678000.0,566807500.0,574678000.0,4364569270.0,14.0,11.251,226163000.0,2.397,1.0,773414000.0,0.427,794079000.0,37036000.0,2121008000.0,2097834750.0,421603000.0,307000.0,307000.0,0.0,1658016000.0,359497000.0,1298519000.0,3311302270.0,-33663000.0,-11791000.0,-72273000.0,-150532000.0,-56826000.0,-250052000.0,-28891000.0,81000.0,243344000.0,1936000.0,175944000.0,175944000.0,175944000.0,0.0,0.0,0.097,473552000.0,299862000.0,104007000.0,0.323,5.762,18.82,18.871,520499000.0,0.0,35.1,1.83,1.83,314373000.0,1382539000.0,1809249000.0,1809249000.0,144027000.0,0.078,0.31,0.145,0.168,0.0,305156000.0,1.0,94339096.0,94339096.0,,19.178,1438615000.0,67176000.0,90473000.0,38496000.0,15.249,507252000.0
19,IFF,MRY,2001-12-31,2001-12-31,2001-12-31,2021-09-07,-178536000.0,2268051000.0,2358738500.0,896361000.0,1371690000.0,0.782,5.528,-37116000.0,48521000.0,48521000.0,1063433000.0,116002000.0,1.6,3.327,1167349000.0,227945000.0,939404000.0,1167349000.0,0.0,123493000.0,0.0,0.02,0.6,258201000.0,381694000.0,0.207,381694000.0,258201000.0,187777000.0,1.21,1.2,1.21,524170000.0,534083750.0,524170000.0,4001587442.0,15.0,10.484,144389000.0,1.523,1.0,780333000.0,0.423,795920000.0,70424000.0,2030745000.0,2063938750.0,415984000.0,384000.0,384000.0,0.0,1743881000.0,560214000.0,1183667000.0,2817205442.0,-80348000.0,0.0,-71234000.0,-87371000.0,-57618000.0,-209381000.0,-48652000.0,-11536000.0,181505000.0,-3820000.0,116002000.0,116002000.0,116002000.0,0.0,0.0,0.063,524741000.0,255592000.0,85659000.0,0.496,5.375,24.286,24.554,532473000.0,0.0,29.71,1.528,1.528,318023000.0,1263344000.0,1843766000.0,1843766000.0,135248000.0,0.049,0.217,0.125,0.14,0.0,313335000.0,1.0,94823475.0,94823475.0,,19.444,1472131000.0,77449000.0,71775000.0,94394000.0,15.525,336147000.0
20,IFF,MRY,2000-12-31,2000-12-31,2000-12-31,2021-09-07,-77578000.0,2489033000.0,1649476750.0,1018940000.0,1470093000.0,0.887,6.459,-49395000.0,128869000.0,128869000.0,831653000.0,123005000.0,0.864,2.943,1270387000.0,852985000.0,417402000.0,1270387000.0,0.0,69344000.0,0.0,0.064,1.29,209199000.0,278543000.0,0.19,278543000.0,209199000.0,184127000.0,1.22,1.22,1.22,631259000.0,700295500.0,631259000.0,2144772364.0,10.0,7.7,219715000.0,2.248,1.0,631142000.0,0.431,755923000.0,25072000.0,1695611000.0,1210095250.0,435312000.0,369000.0,369000.0,0.0,1857774000.0,1179017000.0,678757000.0,1985039364.0,66734000.0,-953295000.0,-200953000.0,1163160000.0,-155502000.0,808092000.0,-1002235000.0,455000.0,269110000.0,-8233000.0,123005000.0,123005000.0,123005000.0,0.0,0.0,0.084,419629000.0,211513000.0,75021000.0,1.057,3.145,16.138,16.648,679874000.0,0.0,20.31,1.357,1.357,332220000.0,1204561000.0,1462795000.0,1462795000.0,112671000.0,0.075,0.176,0.173,0.143,0.0,258653000.0,1.0,97737044.0,97737044.0,,14.967,1733110000.0,62057000.0,61122000.0,164224000.0,17.732,-160077000.0
21,IFF,MRY,1999-12-31,1999-12-31,1999-12-31,2021-09-07,-57135000.0,1401495000.0,1400069500.0,835414000.0,566081000.0,1.028,8.168,-101910000.0,62135000.0,62135000.0,806382000.0,162000000.0,2.26,0.632,96306000.0,92474000.0,3832000.0,96306000.0,0.0,56369000.0,0.0,0.04,1.52,248619000.0,304988000.0,0.212,304988000.0,248619000.0,243465000.0,1.53,1.53,1.53,858497000.0,900196000.0,858497000.0,3923145273.0,16.0,12.863,93908000.0,0.893,1.0,633117000.0,0.44,0.0,5154000.0,1065964000.0,1052467000.0,415269000.0,836000.0,836000.0,0.0,542998000.0,369702000.0,173296000.0,3955104273.0,-52825000.0,0.0,-42008000.0,63940000.0,-161249000.0,-139317000.0,-101792000.0,118000.0,195818000.0,-7534000.0,162000000.0,162000000.0,162000000.0,0.0,0.0,0.113,384789000.0,248328000.0,71989000.0,0.993,4.607,24.414,24.595,523916000.0,0.0,37.63,2.748,2.748,280105000.0,1211790000.0,1439499000.0,1439499000.0,103794000.0,0.116,0.18,0.236,0.173,0.0,248047000.0,1.0,105105083.0,105105083.0,,13.696,1401495000.0,0.0,81465000.0,87282000.0,13.334,465712000.0
22,IFF,MRY,1998-12-31,1998-12-31,1998-12-31,2021-09-07,-9130000.0,1388064000.0,1392748250.0,848028000.0,540036000.0,1.01,8.907,-89741000.0,114960000.0,114960000.0,777764000.0,203785000.0,3.107,0.469,33413000.0,29072000.0,4341000.0,33413000.0,0.0,49006000.0,0.0,0.034,1.49,313110000.0,362116000.0,0.257,362116000.0,313110000.0,311068000.0,1.9,1.9,1.9,945051000.0,950982000.0,945051000.0,4578457414.0,15.0,12.644,126685000.0,1.194,1.0,629585000.0,0.447,0.0,2042000.0,1033609000.0,995297500.0,403961000.0,1039000.0,1039000.0,0.0,443013000.0,272908000.0,170105000.0,4688892414.0,-102034000.0,0.0,-129879000.0,15190000.0,-159619000.0,-274308000.0,-47975000.0,41766000.0,216426000.0,3823000.0,203785000.0,203785000.0,203785000.0,0.0,0.0,0.145,322831000.0,306754000.0,60331000.0,0.784,4.962,23.009,23.258,498784000.0,0.0,44.19,3.332,3.332,254835000.0,1210620000.0,1407349000.0,1407349000.0,98438000.0,0.146,0.214,0.315,0.222,0.0,224393000.0,1.0,106107545.0,106107545.0,,13.263,1388064000.0,0.0,107283000.0,77377000.0,13.082,575120000.0
23,IFF,MRY,1997-12-31,1997-12-31,1997-12-31,2021-09-07,-36851000.0,1422261000.0,1459569000.0,935459000.0,486802000.0,0.978,9.164,-58211000.0,216994000.0,216994000.0,773145000.0,218229000.0,3.532,0.422,15604000.0,10490000.0,5114000.0,15604000.0,0.0,50278000.0,0.0,0.028,1.45,342611000.0,392889000.0,0.275,392889000.0,342611000.0,340191000.0,2.0,1.99,2.0,1000488000.0,1023351500.0,1000488000.0,5413992848.0,16.0,13.78,180937000.0,1.657,1.0,653646000.0,0.458,0.0,2420000.0,956010000.0,981387000.0,360074000.0,43452000.0,43452000.0,0.0,421773000.0,264861000.0,156912000.0,5622697848.0,-44376000.0,0.0,-55632000.0,-9662000.0,-157674000.0,-222968000.0,-45006000.0,13205000.0,239148000.0,-15550000.0,218229000.0,218229000.0,218229000.0,0.0,0.0,0.153,321477000.0,332169000.0,57832000.0,0.725,5.62,25.765,25.75,446509000.0,0.0,51.5,3.941,3.941,234690000.0,1166348000.0,1426791000.0,1426791000.0,94411000.0,0.15,0.213,0.349,0.24,0.0,227066000.0,1.0,109178599.0,109178599.0,,13.068,1422261000.0,0.0,121962000.0,79209000.0,13.027,670598000.0
24,IFF,MRY,1996-12-31,1996-12-31,1996-12-31,2021-09-07,47555000.0,1506913000.0,1520591000.0,1006356000.0,500557000.0,0.944,9.834,-79425000.0,261370000.0,261370000.0,778816000.0,189894000.0,3.588,0.4,27218000.0,18929000.0,8289000.0,27218000.0,0.0,47764000.0,0.0,0.031,1.38,301843000.0,349607000.0,0.243,349607000.0,301843000.0,299103000.0,1.71,1.7,1.71,1076537000.0,1096548500.0,1076537000.0,,,,228574000.0,2.088,1.0,657237000.0,0.458,0.0,2740000.0,992297000.0,1011268000.0,369078000.0,56613000.0,56613000.0,0.0,430376000.0,280464000.0,149912000.0,4926064635.0,9940000.0,0.0,-50141000.0,4914000.0,-150864000.0,-196091000.0,-92068000.0,-12643000.0,307999000.0,-9900000.0,189894000.0,189894000.0,189894000.0,0.0,0.0,0.132,366799000.0,290438000.0,57681000.0,0.807,4.576,25.941,26.316,467797000.0,0.0,45.0,3.43,3.43,244751000.0,1106572000.0,1436053000.0,1436053000.0,93545000.0,0.125,0.173,0.298,0.21,0.0,223547000.0,1.0,109468103.0,109468103.0,,13.118,1506913000.0,0.0,109209000.0,73773000.0,13.766,725892000.0
25,IFF,MRY,1995-12-31,1995-12-31,1995-12-31,2021-09-07,75049000.0,1534269000.0,,1035977000.0,498292000.0,,,-94483000.0,251430000.0,251430000.0,746971000.0,248817000.0,3.748,0.374,23801000.0,12185000.0,11616000.0,23801000.0,0.0,40702000.0,0.0,0.026,1.27,396883000.0,437585000.0,0.304,437585000.0,396883000.0,393723000.0,2.24,2.22,2.24,1116560000.0,,1116560000.0,,,,149855000.0,,1.0,692516000.0,0.481,0.0,3160000.0,1030239000.0,,414547000.0,45503000.0,45503000.0,0.0,417709000.0,276401000.0,141308000.0,,20849000.0,0.0,-32805000.0,-325000.0,-138048000.0,-171178000.0,-65135000.0,29348000.0,244338000.0,12824000.0,248817000.0,248817000.0,248817000.0,0.0,0.0,0.173,308504000.0,384012000.0,63282000.0,0.567,,,21.429,468585000.0,0.0,48.0,,,245311000.0,1069421000.0,1439487000.0,1439487000.0,90846000.0,,,,0.276,0.0,217658000.0,1.0,,,,,1534269000.0,0.0,144906000.0,83891000.0,,759576000.0
26,IFF,MRY,1994-12-31,1994-12-31,1994-12-31,2021-09-07,,,,,,,,-101135000.0,,,,,,,,,,,,36358000.0,,0.024,1.12,,,,,,,,,,,,,,,,138396000.0,,1.0,,,,,,,,,,,,,,,43376000.0,0.0,-26811000.0,-11399000.0,-120520000.0,-158730000.0,-47511000.0,53624000.0,239531000.0,10086000.0,,,,,,,,,,,,,,,,46.25,,,,,,,,,,,,0.0,,1.0,,,,,,,,,,
0,IFF,MRQ,2021-06-30,2021-06-30,2021-06-30,2021-09-07,-834000000.0,40864000000.0,,6297000000.0,34567000000.0,,85.673,-71000000.0,942000000.0,942000000.0,2179000000.0,30000000.0,1.951,0.876,12652000000.0,616000000.0,12036000000.0,12652000000.0,0.0,322000000.0,0.0,0.021,0.77,119000000.0,441000000.0,0.143,441000000.0,119000000.0,42000000.0,0.11,0.11,0.11,21761000000.0,,21761000000.0,48964629773.0,129.0,44.147,269000000.0,1.059,1.0,910000000.0,0.295,28698000000.0,77000000.0,20649000000.0,,2464000000.0,0.0,0.0,0.0,19064000000.0,3227000000.0,15837000000.0,37188629773.0,62000000.0,-14000000.0,2000000.0,-9000000.0,-192000000.0,-212000000.0,-85000000.0,0.0,340000000.0,19000000.0,28000000.0,28000000.0,28000000.0,0.0,2000000.0,0.009,800000000.0,110000000.0,1389000000.0,7.0,1.709,268.671,121.463,5351000000.0,0.0,149.4,4.596,4.689,2059000000.0,3759000000.0,3089000000.0,3089000000.0,164000000.0,,,,,16000000.0,412000000.0,1.0,248919878.0,254000000.0,255000000.0,12.161,12166000000.0,0.0,14000000.0,2674000000.0,47.898,3070000000.0
1,IFF,MRQ,2021-03-31,2021-03-31,2021-03-31,2021-09-07,-1102000000.0,40817000000.0,,6174000000.0,34643000000.0,,105.058,-92000000.0,879000000.0,879000000.0,1711000000.0,-40000000.0,1.893,0.884,12655000000.0,628000000.0,12027000000.0,12655000000.0,0.0,242000000.0,0.0,0.022,0.77,9000000.0,251000000.0,0.102,251000000.0,9000000.0,-56000000.0,-0.21,-0.21,-0.21,21642000000.0,,21642000000.0,38481354600.0,97.0,43.574,266000000.0,1.291,1.0,754000000.0,0.306,28756000000.0,65000000.0,20576000000.0,,2589000000.0,0.0,0.0,0.0,19136000000.0,3261000000.0,15875000000.0,34724672600.0,221000000.0,207000000.0,3000000.0,-116000000.0,-82000000.0,-215000000.0,115000000.0,0.0,358000000.0,-37000000.0,-42000000.0,-42000000.0,-42000000.0,0.0,2000000.0,-0.017,750000000.0,4000000.0,1337000000.0,-3.667,1.605,175.895,74.658,5390000000.0,0.0,139.61,5.599,4.637,2023000000.0,3922000000.0,2465000000.0,2465000000.0,143000000.0,,,,,11000000.0,451000000.0,1.0,248726256.0,206000000.0,206000000.0,11.966,12061000000.0,0.0,-14000000.0,2727000000.0,58.549,2913000000.0
2,IFF,MRQ,2020-12-31,2020-12-31,2020-12-31,2021-09-07,-698000000.0,13555000000.0,,3060000000.0,10495000000.0,,56.237,-68737000.0,657000000.0,657000000.0,756343000.0,66564000.0,1.607,1.146,4678000000.0,634000000.0,4044000000.0,4678000000.0,0.0,81784000.0,0.0,0.028,0.77,113079000.0,194863000.0,0.153,194863000.0,113079000.0,80323000.0,0.57,0.57,0.57,6310000000.0,,6310000000.0,15487669685.0,27.0,17.316,230333000.0,2.053,1.0,513730000.0,0.404,8320000000.0,32756000.0,7352000000.0,,1132000000.0,0.0,0.0,0.0,7233000000.0,1904000000.0,5329000000.0,11638626685.0,176346000.0,0.0,0.0,-11691000.0,-82311000.0,-93561000.0,-68737000.0,0.0,299070000.0,39574000.0,67589000.0,67589000.0,67589000.0,0.0,-1025000.0,0.053,413127000.0,100603000.0,556000000.0,1.351,1.844,32.042,33.489,1757000000.0,0.0,108.84,2.289,2.401,929000000.0,4156000000.0,1270073000.0,1270073000.0,100038000.0,,,,,8621000.0,254192000.0,1.0,106933358.0,112204000.0,113627000.0,11.319,5235000000.0,0.0,12734000.0,593000000.0,46.656,1156000000.0
3,IFF,MRQ,2020-09-30,2020-09-30,2020-09-30,2021-09-07,-939419000.0,13085374000.0,,2946205000.0,10139169000.0,,54.181,-26527000.0,482681000.0,482681000.0,743649000.0,86231000.0,1.823,1.151,4331724000.0,440962000.0,3890762000.0,4331724000.0,0.0,83332000.0,0.0,0.025,0.77,138941000.0,222273000.0,0.175,222273000.0,138941000.0,104097000.0,0.76,0.75,0.76,6078207000.0,,6078207000.0,16953258605.0,29.0,18.359,180105000.0,1.605,1.0,524427000.0,0.414,8102964000.0,34844000.0,7215194000.0,,1151281000.0,0.0,0.0,0.0,6995059000.0,1616259000.0,5378800000.0,13093891605.0,-28408000.0,0.0,0.0,-111337000.0,-80173000.0,-203420000.0,-41124000.0,-14597000.0,206632000.0,9504000.0,84828000.0,84828000.0,84828000.0,0.0,1403000.0,0.067,374138000.0,150289000.0,505259000.0,1.013,2.154,34.515,36.228,1380423000.0,0.0,122.45,2.569,2.695,928625000.0,4170894000.0,1268076000.0,1268076000.0,89968000.0,,,,,8195000.0,234520000.0,1.0,106932557.0,112183000.0,113622000.0,11.304,4982410000.0,0.0,19269000.0,612744000.0,44.413,1329946000.0
4,IFF,MRQ,2020-06-30,2020-06-30,2020-06-30,2021-09-07,-1017466000.0,12989130000.0,,3012585000.0,9976545000.0,,53.463,-34000000.0,507534000.0,507534000.0,717000000.0,88000000.0,2.241,1.167,4366901000.0,185200000.0,4181701000.0,4366901000.0,0.0,80000000.0,0.0,0.024,0.75,135000000.0,215000000.0,0.179,215000000.0,135000000.0,103000000.0,0.75,0.74,0.75,5987805000.0,,5987805000.0,16974520094.0,27.0,17.509,157000000.0,1.402,1.0,482000000.0,0.402,8029710000.0,32000000.0,7474615000.0,,1165860000.0,0.0,0.0,0.0,6988214000.0,1344172000.0,5644042000.0,13084991094.0,64000000.0,0.0,0.0,-12000000.0,-80000000.0,-108000000.0,-34000000.0,0.0,191000000.0,15000000.0,87000000.0,87000000.0,87000000.0,0.0,1000000.0,0.073,362000000.0,120000000.0,550533000.0,1.0,2.185,31.032,32.483,1355619000.0,0.0,122.46,2.567,2.691,961568000.0,4168378000.0,1199000000.0,1199000000.0,81000000.0,,,,,10000000.0,230000000.0,1.0,106851144.0,112000000.0,114000000.0,10.705,4959420000.0,0.0,16000000.0,611715000.0,44.281,1668413000.0
5,IFF,MRQ,2020-03-31,2020-03-31,2020-03-31,2021-09-07,-1164208000.0,12689076000.0,,2818294000.0,9870782000.0,,52.034,-45000000.0,442945000.0,442945000.0,781000000.0,127000000.0,1.975,1.175,4332474000.0,385569000.0,3946905000.0,4332474000.0,0.0,81000000.0,0.0,0.029,0.75,182000000.0,263000000.0,0.195,263000000.0,182000000.0,150000000.0,1.16,1.15,1.16,5827850000.0,,5827850000.0,14660818964.0,21.0,14.274,-28000000.0,-0.25,1.0,566000000.0,0.42,7945005000.0,32000000.0,7206605000.0,,1075913000.0,0.0,0.0,0.0,6848402000.0,1426995000.0,5421407000.0,10902367964.0,-176000000.0,0.0,0.0,-12000000.0,-80000000.0,-107000000.0,-43000000.0,0.0,17000000.0,-43000000.0,124000000.0,124000000.0,124000000.0,0.0,3000000.0,0.092,370000000.0,196000000.0,456156000.0,0.647,1.871,23.145,24.132,1339124000.0,0.0,102.08,2.101,2.203,943114000.0,4162347000.0,1347000000.0,1347000000.0,86000000.0,,,,,9000000.0,230000000.0,1.0,106802194.0,112000000.0,113000000.0,12.027,4744071000.0,0.0,26000000.0,616084000.0,42.358,1391299000.0
6,IFF,MRQ,2019-12-31,2019-12-31,2019-12-31,2021-09-07,-716894000.0,13287411000.0,,2942544000.0,10344867000.0,,55.509,-68024000.0,623945000.0,623945000.0,781607000.0,80378000.0,1.896,1.135,4382396000.0,384958000.0,3997438000.0,4382396000.0,0.0,87901000.0,0.0,0.023,0.75,135253000.0,223154000.0,0.174,223154000.0,135253000.0,99694000.0,0.71,0.7,0.71,6217304000.0,,6217304000.0,17665171162.0,26.0,17.411,247906000.0,2.213,1.0,502162000.0,0.391,8349531000.0,35559000.0,7144141000.0,,1123068000.0,0.0,0.0,0.0,7057863000.0,1552190000.0,5505673000.0,13776268162.0,119891000.0,0.0,-200000.0,-55508000.0,-80033000.0,-139249000.0,-68024000.0,0.0,315930000.0,11234000.0,83543000.0,83543000.0,83543000.0,0.0,-3165000.0,0.065,385363000.0,116799000.0,510372000.0,1.056,2.216,30.22,31.857,1386920000.0,0.0,129.02,2.68,2.81,876197000.0,4117804000.0,1283769000.0,1283769000.0,85639000.0,,,,,8056000.0,242010000.0,1.0,106776222.0,112005000.0,113829000.0,11.462,4937880000.0,0.0,16151000.0,641456000.0,44.086,1390354000.0
7,IFF,MRQ,2019-09-30,2019-09-30,2019-09-30,2021-09-07,-867552000.0,12984724000.0,,2898558000.0,10086166000.0,,54.071,-37503000.0,504054000.0,504054000.0,734257000.0,129807000.0,2.052,1.142,4392957000.0,384823000.0,4008134000.0,4392957000.0,0.0,80615000.0,0.0,0.024,0.75,187680000.0,268295000.0,0.212,268295000.0,187680000.0,154183000.0,1.15,1.13,1.15,6055819000.0,,6055819000.0,17158304247.0,26.0,17.655,160616000.0,1.434,1.0,533088000.0,0.421,8211378000.0,33497000.0,7249800000.0,,1126389000.0,0.0,0.0,0.0,6917736000.0,1412449000.0,5505287000.0,13100218247.0,49234000.0,-1000.0,0.0,-53365000.0,-77899000.0,-131375000.0,-11604000.0,0.0,198119000.0,-5906000.0,127124000.0,127124000.0,127124000.0,0.0,2683000.0,0.1,348424000.0,184664000.0,416563000.0,0.652,2.163,33.996,39.834,1313539000.0,0.0,122.69,2.581,2.707,942705000.0,4114299000.0,1267345000.0,1267345000.0,85077000.0,,,,,8126000.0,210829000.0,1.0,106774947.0,111998000.0,113493000.0,11.316,4773346000.0,0.0,27059000.0,634030000.0,42.62,1486109000.0
8,IFF,MRQ,2019-06-30,2019-06-30,2019-06-30,2021-09-07,-668359000.0,13348082000.0,,2990026000.0,10358056000.0,,55.354,-40770000.0,454820000.0,454820000.0,745329000.0,138869000.0,2.601,1.151,4512906000.0,84231000.0,4428675000.0,4512906000.0,0.0,73039000.0,0.0,0.02,0.73,199582000.0,272621000.0,0.211,272621000.0,199582000.0,166989000.0,1.21,1.2,1.21,6199379000.0,,6199379000.0,19488121067.0,33.0,22.681,96914000.0,0.865,1.0,546239000.0,0.423,8450984000.0,32593000.0,7805651000.0,,1163653000.0,0.0,0.0,0.0,7138095000.0,1149533000.0,5988562000.0,15479817067.0,-42309000.0,-15169000.0,0.0,-14148000.0,-77799000.0,-122254000.0,-55939000.0,0.0,137684000.0,-1800000.0,136377000.0,136377000.0,136377000.0,0.0,2492000.0,0.106,346302000.0,199937000.0,463555000.0,0.603,2.497,43.735,46.653,1316305000.0,0.0,145.09,3.283,3.446,1046028000.0,4069211000.0,1291568000.0,1291568000.0,84816000.0,,,,,10696000.0,210100000.0,1.0,106691137.0,111996000.0,112872000.0,11.532,4897098000.0,0.0,30612000.0,707359000.0,43.726,1840493000.0
9,IFF,MRQ,2019-03-31,2019-03-31,2019-03-31,2021-09-07,-657354000.0,13211420000.0,,2925825000.0,10285595000.0,,54.917,-53639000.0,497129000.0,497129000.0,766143000.0,111214000.0,2.557,1.149,4505433000.0,84003000.0,4421430000.0,4505433000.0,0.0,81775000.0,0.0,0.022,0.73,168763000.0,250538000.0,0.193,250538000.0,168763000.0,132191000.0,0.97,0.96,0.97,6143211000.0,,6143211000.0,17637839192.0,31.0,22.232,-6407000.0,-0.057,1.0,531259000.0,0.409,8408177000.0,36572000.0,7667413000.0,,1114488000.0,0.0,0.0,0.0,7056942000.0,1144134000.0,5912808000.0,13733302192.0,-151393000.0,-38550000.0,200000.0,-33261000.0,-77779000.0,-112179000.0,-90299000.0,0.0,47232000.0,3853000.0,108829000.0,108829000.0,108829000.0,0.0,2385000.0,0.084,367389000.0,163870000.0,476413000.0,0.753,2.236,43.362,40.886,1294029000.0,0.0,128.79,3.161,3.317,1003965000.0,4011326000.0,1297402000.0,1297402000.0,90596000.0,,,,,7604000.0,213182000.0,1.0,106633296.0,111864000.0,113389000.0,11.598,4803243000.0,0.0,23362000.0,658804000.0,42.938,1781691000.0
10,IFF,MRQ,2018-12-31,2018-12-31,2018-12-31,2021-09-07,-702227000.0,12889395000.0,,2941860000.0,9947535000.0,,68.908,-63784000.0,648522000.0,648522000.0,741532000.0,15500000.0,2.607,1.135,4553059000.0,48642000.0,4504417000.0,4553059000.0,0.0,77798000.0,0.0,0.021,0.73,102624000.0,180422000.0,0.148,180422000.0,102624000.0,63821000.0,-0.25,-0.25,-0.25,6032951000.0,,6032951000.0,13418531206.0,23.0,17.853,171833000.0,1.963,1.0,477515000.0,0.392,8417710000.0,38803000.0,7247911000.0,,1078537000.0,0.0,0.0,0.0,6846021000.0,1128311000.0,5717710000.0,14315763206.0,-4625937000.0,-4847164000.0,-871000.0,129103000.0,-66900000.0,49608000.0,-4910948000.0,0.0,235617000.0,-214000.0,13021000.0,13021000.0,13021000.0,0.0,2479000.0,0.011,382266000.0,95249000.0,471382000.0,-2.92,2.373,42.442,35.241,1241152000.0,0.0,134.27,3.599,2.955,937765000.0,3956221000.0,1219047000.0,1219047000.0,83038000.0,,,,,7360000.0,249614000.0,1.0,106619224.0,87551000.0,88121000.0,13.924,4471685000.0,0.0,50800000.0,655879000.0,51.075,1813549000.0
11,IFF,MRQ,2018-09-30,2018-09-30,2018-09-30,2021-09-07,-715105000.0,9615542000.0,,6946827000.0,2668715000.0,,49.614,-34657000.0,5274459000.0,5274459000.0,506882000.0,95716000.0,9.159,1.383,4377227000.0,45985000.0,4331242000.0,4377227000.0,0.0,31026000.0,0.0,0.02,0.73,124616000.0,155642000.0,0.171,155642000.0,124616000.0,100702000.0,1.18,1.17,1.18,4031814000.0,,4031814000.0,12398343905.0,20.0,16.875,112132000.0,1.38,1.0,400666000.0,0.441,1538439000.0,23914000.0,6421415000.0,,719508000.0,0.0,0.0,0.0,5577593000.0,758456000.0,4819137000.0,10997077905.0,4952036000.0,0.0,2268965000.0,2639828000.0,-54494000.0,4845632000.0,-32820000.0,0.0,146789000.0,-7565000.0,95716000.0,95716000.0,95716000.0,0.0,0.0,0.105,241398000.0,159268000.0,312236000.0,0.619,2.728,38.705,39.189,874817000.0,0.0,139.12,3.044,3.129,701111000.0,4021172000.0,907548000.0,907548000.0,75302000.0,,,,,6868000.0,157796000.0,1.0,79047426.0,81263000.0,81647000.0,11.168,8077103000.0,87481000.0,4986000.0,0.0,99.395,6188371000.0
12,IFF,MRQ,2018-06-30,2018-06-30,2018-06-30,2021-09-07,-692498000.0,4673442000.0,,2026580000.0,2646862000.0,,22.132,-33991000.0,322423000.0,322423000.0,521299000.0,99149000.0,2.898,1.667,1723689000.0,6500000.0,1717189000.0,1723689000.0,0.0,31584000.0,0.0,0.022,0.69,175164000.0,206748000.0,0.225,206748000.0,175164000.0,121918000.0,1.25,1.25,1.25,1749855000.0,,1749855000.0,11193628812.0,17.0,14.551,32573000.0,0.412,1.0,398717000.0,0.433,1540012000.0,53246000.0,3835326000.0,,695192000.0,0.0,0.0,0.0,2917239000.0,699370000.0,2217869000.0,9785874812.0,17147000.0,0.0,-4858000.0,56571000.0,-54404000.0,-9922000.0,-34228000.0,-237000.0,66564000.0,-5267000.0,99149000.0,99149000.0,99149000.0,0.0,0.0,0.108,244208000.0,154509000.0,315656000.0,0.552,5.592,32.765,32.968,867629000.0,0.0,123.96,2.735,2.739,723855000.0,3992452000.0,920016000.0,920016000.0,74767000.0,,,,,7553000.0,157407000.0,1.0,78943811.0,79065000.0,79303000.0,11.636,3133430000.0,82204000.0,22769000.0,0.0,39.631,1327210000.0
13,IFF,MRQ,2018-03-31,2018-03-31,2018-03-31,2021-09-07,-620579000.0,4681276000.0,,1970341000.0,2710935000.0,,22.44,-32812000.0,305276000.0,305276000.0,525119000.0,129416000.0,2.749,1.637,1713030000.0,36819000.0,1676211000.0,1713030000.0,0.0,33384000.0,0.0,0.02,0.69,175432000.0,208816000.0,0.224,208816000.0,175432000.0,158837000.0,1.63,1.63,1.63,1773150000.0,,1773150000.0,12077088919.0,19.0,16.079,-44207000.0,-0.559,1.0,405809000.0,0.436,1580077000.0,16595000.0,3792201000.0,,687817000.0,0.0,0.0,0.0,2902314000.0,716752000.0,2185562000.0,10805982919.0,-62770000.0,-22000.0,-10617000.0,53688000.0,-54420000.0,-14615000.0,-35239000.0,-2405000.0,-11395000.0,-1521000.0,129416000.0,129416000.0,129416000.0,0.0,0.0,0.139,230953000.0,174856000.0,324262000.0,0.423,6.094,34.935,35.105,887483000.0,0.0,136.91,3.086,3.09,734378000.0,3947791000.0,930928000.0,930928000.0,78476000.0,,,,,7620000.0,142644000.0,1.0,78927638.0,79018000.0,79393000.0,11.781,3101199000.0,88231000.0,29421000.0,0.0,39.247,1253589000.0
14,IFF,MRQ,2017-12-31,2017-12-31,2017-12-31,2021-09-07,-637482000.0,4598926000.0,,1896544000.0,2702382000.0,,21.302,-36791000.0,368046000.0,368046000.0,498626000.0,-40155000.0,2.467,1.728,1639152000.0,6966000.0,1632186000.0,1639152000.0,0.0,32521000.0,0.0,0.017,0.69,130971000.0,163492000.0,0.191,163492000.0,130971000.0,115192000.0,-0.51,-0.5,-0.51,1684202000.0,,1684202000.0,13410049082.0,22.0,18.615,154476000.0,1.954,1.0,355999000.0,0.417,1572075000.0,15779000.0,3529189000.0,,649448000.0,0.0,0.0,0.0,2909632000.0,768768000.0,2140864000.0,12052704082.0,52044000.0,-1024000.0,-4858000.0,-40497000.0,-54440000.0,-100054000.0,-36750000.0,-792000.0,191267000.0,-2419000.0,-40155000.0,-40155000.0,-40155000.0,0.0,0.0,-0.047,234119000.0,121880000.0,338188000.0,-1.353,7.156,40.765,40.914,880580000.0,0.0,152.61,3.546,3.55,663663000.0,3870621000.0,854625000.0,854625000.0,76820000.0,,,,,6418000.0,141469000.0,1.0,78977158.0,79064000.0,79421000.0,10.809,3026851000.0,0.0,155347000.0,51104000.0,38.284,1127776000.0
15,IFF,MRQ,2017-09-30,2017-09-30,2017-09-30,2021-09-07,-656651000.0,4520438000.0,,1849747000.0,2670691000.0,,22.227,-30363000.0,316002000.0,316002000.0,492542000.0,110261000.0,2.657,1.569,1673347000.0,47845000.0,1625502000.0,1673347000.0,0.0,29641000.0,0.0,0.018,0.69,160547000.0,190188000.0,0.218,190188000.0,160547000.0,141326000.0,1.39,1.39,1.39,1757313000.0,,1757313000.0,12689247289.0,22.0,18.128,111205000.0,1.407,1.0,380398000.0,0.436,1577757000.0,19221000.0,3603899000.0,,619516000.0,0.0,0.0,0.0,2757950000.0,696127000.0,2061823000.0,11286422289.0,-175384000.0,0.0,0.0,-235597000.0,-50494000.0,-286115000.0,-31153000.0,-790000.0,141568000.0,316000.0,110261000.0,110261000.0,110261000.0,0.0,0.0,0.126,231398000.0,149000000.0,271194000.0,0.496,6.423,27.148,27.273,828592000.0,0.0,142.91,3.413,3.417,691239000.0,3965133000.0,872940000.0,872940000.0,73762000.0,,,,,7256000.0,145652000.0,1.0,78975735.0,79063000.0,79362000.0,11.041,2942681000.0,158094000.0,31065000.0,0.0,37.219,1153620000.0
16,IFF,MRQ,2017-06-30,2017-06-30,2017-06-30,2021-09-07,-676201000.0,4618875000.0,,1993926000.0,2624949000.0,,21.175,-19637000.0,491386000.0,491386000.0,469877000.0,109795000.0,2.315,1.755,1894211000.0,257873000.0,1636338000.0,1894211000.0,0.0,29003000.0,0.0,0.019,0.64,159596000.0,188599000.0,0.224,188599000.0,159596000.0,142040000.0,1.39,1.38,1.39,1674358000.0,,1674358000.0,11913127625.0,22.0,18.005,19789000.0,0.25,1.0,372984000.0,0.443,1571229000.0,17556000.0,3589248000.0,,623762000.0,0.0,0.0,0.0,2938789000.0,861223000.0,2077566000.0,10661108625.0,191319000.0,-53211000.0,-15270000.0,311923000.0,-50507000.0,226678000.0,-69839000.0,1068000.0,39426000.0,-4946000.0,109795000.0,109795000.0,109795000.0,0.0,0.0,0.13,221297000.0,151687000.0,265900000.0,0.46,6.367,26.973,27.108,811826000.0,0.0,135.0,3.32,3.325,665511000.0,3909200000.0,842861000.0,842861000.0,72761000.0,,,,,7074000.0,139319000.0,1.0,78971175.0,79072000.0,79305000.0,10.659,3047646000.0,150359000.0,32245000.0,0.0,38.543,1132703000.0
17,IFF,MRQ,2017-03-31,2017-03-31,2017-03-31,2021-09-07,-681468000.0,4252259000.0,,1711433000.0,2540826000.0,,20.558,-26043000.0,300067000.0,300067000.0,465210000.0,115764000.0,1.736,1.612,1552086000.0,365669000.0,1186417000.0,1552086000.0,0.0,26802000.0,0.0,0.019,0.64,151294000.0,178096000.0,0.215,178096000.0,151294000.0,138487000.0,1.46,1.45,1.46,1626077000.0,,1626077000.0,11476242730.0,20.0,17.304,-7548000.0,-0.095,1.0,363083000.0,0.438,1510683000.0,12807000.0,3007771000.0,,604251000.0,0.0,0.0,0.0,2620742000.0,985824000.0,1634918000.0,10474863730.0,-23925000.0,-138093000.0,-37612000.0,207922000.0,-50677000.0,116933000.0,-162188000.0,1948000.0,18495000.0,2835000.0,115764000.0,115764000.0,115764000.0,0.0,0.0,0.14,233018000.0,130065000.0,277421000.0,0.438,6.442,26.045,26.244,791920000.0,0.0,132.53,3.313,3.316,637521000.0,3850955000.0,828293000.0,828293000.0,72126000.0,,,,,5819000.0,143704000.0,1.0,79037680.0,79098000.0,79409000.0,10.472,2741576000.0,148258000.0,22723000.0,0.0,34.66,725609000.0
18,IFF,MRQ,2016-12-31,2016-12-31,2016-12-31,2021-09-07,-680095000.0,4016984000.0,,1609014000.0,2407970000.0,,20.479,-53041000.0,323992000.0,323992000.0,439114000.0,79917000.0,1.791,1.467,1325371000.0,258516000.0,1066855000.0,1325371000.0,0.0,27360000.0,0.0,0.02,0.64,115720000.0,143080000.0,0.188,143080000.0,115720000.0,103380000.0,1.0,1.0,1.0,1626244000.0,,1626244000.0,10227653061.0,18.0,15.059,155261000.0,1.955,1.0,323446000.0,0.424,1365906000.0,12340000.0,2754160000.0,,592017000.0,0.0,0.0,0.0,2385850000.0,898297000.0,1487553000.0,9358507061.0,-174738000.0,-236836000.0,-33076000.0,-2750000.0,-50846000.0,-87718000.0,-289228000.0,649000.0,208302000.0,-6094000.0,79917000.0,79917000.0,79917000.0,0.0,0.0,0.105,229523000.0,93923000.0,274815000.0,0.64,5.755,23.106,23.241,775716000.0,0.0,117.83,3.003,3.012,550658000.0,3818535000.0,762560000.0,762560000.0,67811000.0,,,,,5116000.0,164146000.0,1.0,79423806.0,79411000.0,79723000.0,9.603,2651078000.0,138636000.0,23463000.0,0.0,33.384,710717000.0
19,IFF,MRQ,2016-09-30,2016-09-30,2016-09-30,2021-09-07,-611647000.0,4097129000.0,,1857035000.0,2240094000.0,,21.284,-26909000.0,498730000.0,498730000.0,430733000.0,89777000.0,2.17,1.416,1367876000.0,257675000.0,1110201000.0,1367876000.0,0.0,25366000.0,0.0,0.016,0.64,126501000.0,151867000.0,0.195,151867000.0,126501000.0,113390000.0,1.13,1.12,1.13,1693776000.0,,1693776000.0,12330410937.0,21.0,18.264,142632000.0,1.792,1.0,346268000.0,0.446,1226119000.0,13111000.0,2884232000.0,,585185000.0,0.0,0.0,0.0,2398931000.0,855924000.0,1543007000.0,11379245937.0,-41262000.0,0.0,-22334000.0,-115182000.0,-44588000.0,-182088000.0,-25988000.0,629000.0,169541000.0,-2727000.0,89777000.0,89777000.0,89777000.0,0.0,0.0,0.116,221842000.0,124426000.0,259208000.0,0.566,6.718,28.147,28.255,745241000.0,0.0,142.97,3.707,3.707,587074000.0,3789271000.0,777001000.0,777001000.0,64415000.0,,,,,5697000.0,152046000.0,1.0,79591844.0,79580000.0,79935000.0,9.764,2871010000.0,148621000.0,23613000.0,0.0,36.077,1001111000.0
20,IFF,MRQ,2016-06-30,2016-06-30,2016-06-30,2021-09-07,-608310000.0,4154628000.0,,1929434000.0,2225194000.0,,20.985,-18460000.0,539992000.0,539992000.0,427837000.0,116733000.0,2.803,1.48,1491157000.0,133473000.0,1357684000.0,1491157000.0,0.0,23046000.0,0.0,0.018,0.56,167110000.0,190156000.0,0.24,190156000.0,167110000.0,152050000.0,1.46,1.46,1.46,1673872000.0,,1673872000.0,11024297969.0,18.0,15.703,113893000.0,1.428,1.0,365641000.0,0.461,1229381000.0,15060000.0,3188161000.0,,584489000.0,0.0,0.0,0.0,2476696000.0,688251000.0,1788445000.0,10049527969.0,11115000.0,0.0,-31376000.0,-13540000.0,-44637000.0,-95572000.0,-19101000.0,-641000.0,132353000.0,-6565000.0,116733000.0,116733000.0,116733000.0,0.0,0.0,0.147,200969000.0,164672000.0,255143000.0,0.384,6.004,23.873,24.013,737353000.0,0.0,126.07,3.287,3.289,621164000.0,3750364000.0,793478000.0,793478000.0,63252000.0,,,,,7844000.0,132784000.0,1.0,79713873.0,79764000.0,80040000.0,9.948,2925247000.0,139023000.0,35317000.0,0.0,36.674,1241183000.0
21,IFF,MRQ,2016-03-31,2016-03-31,2016-03-31,2021-09-07,-606999000.0,4162460000.0,,1891529000.0,2270931000.0,,20.465,-21146000.0,528877000.0,528877000.0,423103000.0,118603000.0,2.654,1.55,1503647000.0,133692000.0,1369955000.0,1503647000.0,0.0,26697000.0,0.0,0.019,0.56,167374000.0,194071000.0,0.248,194071000.0,167374000.0,154896000.0,1.48,1.47,1.48,1630364000.0,,1630364000.0,9974774163.0,17.0,14.64,18797000.0,0.236,1.0,360209000.0,0.46,1253265000.0,12478000.0,3171217000.0,,600696000.0,0.0,0.0,0.0,2526900000.0,712748000.0,1814152000.0,9086569163.0,346889000.0,0.0,-39844000.0,430957000.0,-44826000.0,330951000.0,-21146000.0,0.0,39943000.0,-2859000.0,118603000.0,118603000.0,118603000.0,0.0,0.0,0.151,190276000.0,169933000.0,276929000.0,0.378,5.573,22.184,22.352,733939000.0,0.0,113.77,2.997,2.99,609587000.0,3678219000.0,783312000.0,783312000.0,63385000.0,,,,,5930000.0,123543000.0,1.0,79867884.0,79666000.0,80055000.0,9.832,2909195000.0,160990000.0,36293000.0,0.0,36.517,1178781000.0
22,IFF,MRQ,2015-12-31,2015-12-31,2015-12-31,2021-09-07,-613440000.0,3702010000.0,,1437109000.0,2264901000.0,,19.881,-33527000.0,181988000.0,181988000.0,402493000.0,79167000.0,1.982,1.325,1067722000.0,132349000.0,935373000.0,1067722000.0,0.0,24498000.0,0.0,0.017,0.56,114520000.0,139018000.0,0.194,139018000.0,114520000.0,102815000.0,0.99,0.98,0.99,1590317000.0,,1590317000.0,10519907364.0,18.0,15.591,139093000.0,1.739,1.0,313156000.0,0.438,1247393000.0,11705000.0,2615195000.0,,572047000.0,0.0,0.0,0.0,2107021000.0,725156000.0,1381865000.0,9601135364.0,-90288000.0,45000.0,-40358000.0,-111962000.0,-44995000.0,-231911000.0,-31089000.0,2393000.0,172620000.0,92000.0,79167000.0,79167000.0,79167000.0,0.0,0.0,0.111,192137000.0,121019000.0,285501000.0,0.566,6.037,22.901,23.052,732794000.0,0.0,119.64,3.176,3.184,537896000.0,3604254000.0,715649000.0,715649000.0,57376000.0,,,,,4805000.0,122250000.0,1.0,80250212.0,79990000.0,80408000.0,8.947,2454617000.0,166323000.0,23648000.0,0.0,30.687,711953000.0
23,IFF,MRQ,2015-09-30,2015-09-30,2015-09-30,2021-09-07,-611636000.0,3911685000.0,,1638751000.0,2272934000.0,,19.817,-26779000.0,272276000.0,272276000.0,417966000.0,106447000.0,2.384,1.455,1191048000.0,133056000.0,1057992000.0,1191048000.0,0.0,24058000.0,0.0,0.019,0.56,154754000.0,178812000.0,0.234,178812000.0,154754000.0,142899000.0,1.32,1.31,1.32,1591872000.0,,1591872000.0,8941994556.0,15.0,13.035,101598000.0,1.265,1.0,347126000.0,0.454,1255361000.0,11855000.0,2887776000.0,,589463000.0,0.0,0.0,0.0,2315536000.0,687320000.0,1628216000.0,8321259556.0,-104978000.0,-304634000.0,-42422000.0,194119000.0,-37948000.0,113845000.0,-331093000.0,0.0,128377000.0,-16107000.0,106447000.0,106447000.0,106447000.0,0.0,0.0,0.139,190413000.0,156713000.0,254344000.0,0.424,5.227,19.342,19.446,708902000.0,0.0,103.26,2.716,2.708,569608000.0,3569911000.0,765092000.0,765092000.0,62750000.0,,,,,5495000.0,122249000.0,1.0,80585508.0,80330000.0,80737000.0,9.524,2656324000.0,192033000.0,36452000.0,0.0,33.068,951431000.0
24,IFF,MRQ,2015-06-30,2015-06-30,2015-06-30,2021-09-07,-556248000.0,3653628000.0,,1722254000.0,1931374000.0,,20.089,-18491000.0,377254000.0,377254000.0,422501000.0,105374000.0,3.29,1.249,997989000.0,8793000.0,989196000.0,997989000.0,0.0,21056000.0,0.0,0.017,0.47,148385000.0,169441000.0,0.221,169441000.0,148385000.0,136978000.0,1.3,1.29,1.3,1623000000.0,,1623000000.0,9339930066.0,16.0,13.737,116351000.0,1.44,1.0,345040000.0,0.45,908974000.0,11407000.0,2841868000.0,,561715000.0,0.0,0.0,0.0,2026954000.0,523521000.0,1503433000.0,8840070066.0,-66435000.0,-188835000.0,-28094000.0,55614000.0,-37956000.0,-7425000.0,-197043000.0,9735000.0,134842000.0,3191000.0,105374000.0,105374000.0,105374000.0,0.0,0.0,0.137,196219000.0,148821000.0,241532000.0,0.362,5.447,20.502,20.582,714809000.0,0.0,109.29,2.877,2.874,566414000.0,3508347000.0,767541000.0,767541000.0,62514000.0,,,,,7473000.0,131023000.0,1.0,80886358.0,80790000.0,81192000.0,9.5,2744654000.0,190370000.0,31604000.0,0.0,33.973,1198733000.0
25,IFF,MRQ,2015-03-31,2015-03-31,2015-03-31,2021-09-07,-573315000.0,3507172000.0,,1755110000.0,1752062000.0,,19.433,-17931000.0,443689000.0,443689000.0,428630000.0,128258000.0,3.602,1.235,943549000.0,8379000.0,935170000.0,943549000.0,0.0,19985000.0,0.0,0.015,0.47,167503000.0,187488000.0,0.242,187488000.0,167503000.0,156408000.0,1.58,1.57,1.58,1567317000.0,,1567317000.0,9942974030.0,16.0,14.316,13545000.0,0.168,1.0,346277000.0,0.447,750201000.0,11095000.0,2769511000.0,,536465000.0,0.0,0.0,0.0,1935075000.0,487320000.0,1447755000.0,9479225030.0,-34884000.0,0.0,-10433000.0,265000.0,-37971000.0,-39542000.0,-17931000.0,0.0,31476000.0,-8887000.0,128258000.0,128258000.0,128258000.0,0.0,0.0,0.166,184484000.0,161793000.0,215915000.0,0.297,6.048,21.737,21.903,692008000.0,0.0,117.4,3.065,3.061,525260000.0,3441033000.0,774907000.0,774907000.0,63462000.0,,,,,5387000.0,118995000.0,1.0,80742973.0,80654000.0,81195000.0,9.608,2756971000.0,196075000.0,28150000.0,0.0,34.183,1267790000.0
26,IFF,MRQ,2014-12-31,2014-12-31,2014-12-31,2021-09-07,-540430000.0,3494621000.0,,1710027000.0,1784594000.0,,18.754,-44573000.0,478573000.0,478573000.0,428102000.0,90135000.0,3.296,1.299,942322000.0,8090000.0,934232000.0,942322000.0,0.0,20676000.0,0.0,0.017,0.47,129608000.0,150284000.0,0.199,150284000.0,129608000.0,117589000.0,1.11,1.11,1.11,1518561000.0,,1518561000.0,8745598477.0,15.0,12.777,156314000.0,1.93,1.0,327980000.0,0.434,752041000.0,12019000.0,2687521000.0,,568729000.0,0.0,0.0,0.0,1971932000.0,518808000.0,1453124000.0,8207281477.0,73737000.0,0.0,-35247000.0,-1085000.0,-38126000.0,-74208000.0,-40797000.0,3776000.0,200887000.0,-12145000.0,90135000.0,90135000.0,90135000.0,0.0,0.0,0.119,197418000.0,130562000.0,216038000.0,0.423,5.405,19.798,19.914,720268000.0,0.0,101.36,2.657,2.657,493768000.0,3350734000.0,756082000.0,756082000.0,62005000.0,,,,,3021000.0,127699000.0,1.0,80971601.0,80971601.0,,9.338,2742580000.0,210756000.0,27454000.0,0.0,33.871,1191219000.0
27,IFF,MRQ,2014-09-30,2014-09-30,2014-09-30,2021-09-07,-399061000.0,3476509000.0,,1712609000.0,1763900000.0,,20.255,-37144000.0,404836000.0,404836000.0,433702000.0,107415000.0,3.314,1.118,943153000.0,9528000.0,933625000.0,943153000.0,0.0,19547000.0,0.0,0.017,0.47,153153000.0,172700000.0,0.223,172700000.0,153153000.0,142185000.0,1.32,1.31,1.32,1639519000.0,,1639519000.0,8390544542.0,15.0,12.9,126329000.0,1.561,1.0,340111000.0,0.44,753881000.0,10968000.0,2744091000.0,,556302000.0,0.0,0.0,0.0,1832855000.0,516854000.0,1316001000.0,7781724542.0,77983000.0,0.0,-18013000.0,10920000.0,-31696000.0,-38497000.0,-37144000.0,0.0,163473000.0,-9849000.0,107415000.0,107415000.0,107415000.0,0.0,0.0,0.139,187521000.0,152590000.0,207227000.0,0.356,4.746,20.166,20.271,700948000.0,0.0,95.88,2.545,2.538,562617000.0,3298761000.0,773813000.0,773813000.0,63701000.0,,,,,5593000.0,123212000.0,1.0,81161082.0,80942000.0,81508000.0,9.56,2722628000.0,183805000.0,34770000.0,0.0,33.637,1195755000.0
28,IFF,MRQ,2014-06-30,2014-06-30,2014-06-30,2021-09-07,-383714000.0,3400533000.0,,1644048000.0,1756485000.0,,19.745,-26376000.0,326853000.0,326853000.0,435767000.0,110285000.0,3.508,1.125,935673000.0,3052000.0,932621000.0,935673000.0,0.0,26301000.0,0.0,0.015,0.39,157756000.0,184057000.0,0.233,184057000.0,157756000.0,146353000.0,1.35,1.35,1.35,1598298000.0,,1598298000.0,9142255796.0,17.0,14.183,92661000.0,1.145,1.0,352647000.0,0.447,755660000.0,11403000.0,2785043000.0,,554871000.0,0.0,0.0,0.0,1798589000.0,468650000.0,1329939000.0,8476913796.0,58269000.0,-100000.0,-13870000.0,797000.0,-31674000.0,-40297000.0,-21034000.0,0.0,119037000.0,563000.0,110285000.0,110285000.0,110285000.0,0.0,0.0,0.14,199532000.0,153115000.0,195251000.0,0.289,5.304,22.454,22.571,698842000.0,0.0,104.28,2.801,2.79,583220000.0,3229301000.0,788414000.0,788414000.0,66431000.0,,,,,9339000.0,132919000.0,1.0,81289929.0,80949000.0,81430000.0,9.74,2644873000.0,182305000.0,36068000.0,0.0,32.673,1175398000.0
29,IFF,MRQ,2014-03-31,2014-03-31,2014-03-31,2021-09-07,-397282000.0,3321353000.0,,1569851000.0,1751502000.0,,18.71,-31794000.0,268584000.0,268584000.0,428812000.0,106707000.0,3.24,1.187,933926000.0,2291000.0,931635000.0,933926000.0,0.0,22830000.0,0.0,0.016,0.39,154610000.0,177440000.0,0.23,177440000.0,154610000.0,142933000.0,1.31,1.3,1.31,1516516000.0,,1516516000.0,8302543742.0,15.0,13.084,3199000.0,0.039,1.0,341412000.0,0.443,759316000.0,11677000.0,2742838000.0,,552116000.0,0.0,0.0,0.0,1800415000.0,484541000.0,1315874000.0,7775234742.0,-136921000.0,-102400000.0,-19209000.0,1309000.0,-31743000.0,-49328000.0,-122358000.0,-472000.0,34993000.0,-228000.0,106707000.0,106707000.0,106707000.0,0.0,0.0,0.139,185359000.0,156053000.0,208995000.0,0.298,5.127,21.04,21.166,696234000.0,0.0,95.67,2.596,2.589,574678000.0,3150688000.0,770224000.0,770224000.0,61504000.0,,,,,4695000.0,123733000.0,1.0,81271399.0,81053000.0,81732000.0,9.503,2562037000.0,185269000.0,36226000.0,0.0,31.609,1085310000.0
30,IFF,MRQ,2013-12-31,2013-12-31,2013-12-31,2021-09-07,-392711000.0,3331731000.0,,1652903000.0,1678828000.0,,17.949,-37179000.0,405505000.0,405505000.0,411714000.0,61479000.0,2.95,1.274,932814000.0,149000.0,932665000.0,932814000.0,0.0,22143000.0,0.0,0.017,0.39,94088000.0,116231000.0,0.16,116231000.0,94088000.0,82958000.0,0.75,0.75,0.75,1463072000.0,,1463072000.0,7598963248.0,14.0,12.352,113067000.0,1.387,1.0,313455000.0,0.432,696197000.0,11130000.0,2602477000.0,,533806000.0,0.0,0.0,0.0,1864680000.0,560366000.0,1304314000.0,7008504248.0,62356000.0,0.0,-19254000.0,-310000.0,-31822000.0,-50857000.0,-37159000.0,20000.0,150246000.0,126000.0,61479000.0,61479000.0,61479000.0,0.0,0.0,0.085,218646000.0,94809000.0,226733000.0,0.52,4.79,19.824,19.903,687215000.0,0.0,85.98,2.373,2.373,524493000.0,3075657000.0,725169000.0,725169000.0,70410000.0,,,,,4817000.0,148190000.0,1.0,81513192.0,81513192.0,,8.896,2635534000.0,194626000.0,21479000.0,0.0,32.333,1092537000.0
31,IFF,MRQ,2013-09-30,2013-09-30,2013-09-30,2021-09-07,-403558000.0,3324511000.0,,1633867000.0,1690644000.0,,17.633,-25444000.0,343149000.0,343149000.0,416852000.0,99046000.0,3.206,1.313,933608000.0,144000.0,933464000.0,933608000.0,0.0,21277000.0,0.0,0.017,0.39,145609000.0,166886000.0,0.225,166886000.0,145609000.0,133984000.0,1.21,1.2,1.21,1435957000.0,,1435957000.0,7393929188.0,14.0,11.956,113829000.0,1.398,1.0,325404000.0,0.438,697716000.0,11625000.0,2707678000.0,,520707000.0,0.0,0.0,0.0,1884981000.0,509576000.0,1375405000.0,6726855188.0,-22748000.0,0.0,-12702000.0,-98854000.0,-27792000.0,-138951000.0,-25444000.0,0.0,139273000.0,2374000.0,99046000.0,99046000.0,99046000.0,0.0,0.0,0.133,183875000.0,141529000.0,176238000.0,0.322,4.685,18.676,18.705,656662000.0,0.0,82.3,2.313,2.305,553884000.0,3045829000.0,742256000.0,742256000.0,65654000.0,,,,,4869000.0,118221000.0,1.0,81735786.0,81437000.0,82043000.0,9.114,2626795000.0,221668000.0,34938000.0,0.0,32.256,1124291000.0
32,IFF,MRQ,2013-06-30,2013-06-30,2013-06-30,2021-09-07,-412532000.0,3308921000.0,,1633893000.0,1675028000.0,,16.845,-14565000.0,365897000.0,365897000.0,423649000.0,102322000.0,2.883,1.412,1032971000.0,100175000.0,932796000.0,1032971000.0,0.0,20402000.0,0.0,0.018,0.34,153605000.0,174007000.0,0.23,174007000.0,153605000.0,140745000.0,1.25,1.24,1.25,1369686000.0,,1369686000.0,6840963922.0,13.0,11.354,84759000.0,1.042,1.0,333986000.0,0.441,699234000.0,12860000.0,2709937000.0,,512784000.0,0.0,0.0,0.0,1934491000.0,566824000.0,1367667000.0,6125021922.0,65851000.0,0.0,-3336000.0,14077000.0,-27733000.0,-15350000.0,-14469000.0,96000.0,99324000.0,-3654000.0,102322000.0,102322000.0,102322000.0,0.0,0.0,0.135,191590000.0,142396000.0,176731000.0,0.272,4.472,22.072,22.171,651011000.0,0.0,75.16,2.13,2.126,541607000.0,2978709000.0,757635000.0,757635000.0,64672000.0,,,,,9527000.0,124813000.0,1.0,81493107.0,81309000.0,82041000.0,9.318,2609687000.0,212440000.0,38423000.0,0.0,32.096,1067069000.0
33,IFF,MRQ,2013-03-31,2013-03-31,2013-03-31,2021-09-07,-398395000.0,3200549000.0,,1534698000.0,1665851000.0,,16.073,-29657000.0,300046000.0,300046000.0,416476000.0,90697000.0,2.841,1.446,1015988000.0,100206000.0,915782000.0,1015988000.0,0.0,19405000.0,0.0,0.017,0.34,138675000.0,158080000.0,0.217,158080000.0,138675000.0,127523000.0,1.11,1.1,1.11,1306606000.0,,1306606000.0,6954602647.0,14.0,11.996,-10938000.0,-0.135,1.0,311360000.0,0.428,700752000.0,11152000.0,2675479000.0,,515786000.0,0.0,0.0,0.0,1889697000.0,540260000.0,1349437000.0,6247849647.0,-24376000.0,0.0,-12272000.0,-352000.0,0.0,-11880000.0,-28334000.0,530000.0,18719000.0,-2881000.0,90697000.0,90697000.0,90697000.0,0.0,0.0,0.125,173754000.0,137606000.0,159367000.0,0.306,4.782,23.686,23.737,644910000.0,0.0,76.67,2.201,2.196,527564000.0,2904131000.0,727836000.0,727836000.0,59101000.0,,,,,4523000.0,114653000.0,1.0,81490148.0,81291000.0,82024000.0,8.953,2499797000.0,207760000.0,36826000.0,0.0,30.751,994438000.0
34,IFF,MRQ,2012-12-31,2012-12-31,2012-12-31,2021-09-07,-403625000.0,3246192000.0,,1572687000.0,1673505000.0,,15.31,-40424000.0,324422000.0,324422000.0,393490000.0,68118000.0,2.497,1.596,1031175000.0,150071000.0,881104000.0,1031175000.0,0.0,20335000.0,0.0,0.02,0.34,99112000.0,119447000.0,0.176,119447000.0,99112000.0,88689000.0,0.83,0.83,0.83,1248808000.0,,1248808000.0,6233867437.0,13.0,11.096,145794000.0,1.787,1.0,287068000.0,0.422,702270000.0,10423000.0,2620797000.0,,540658000.0,0.0,0.0,0.0,1993637000.0,629878000.0,1363759000.0,5427368437.0,227241000.0,0.0,1547000.0,130380000.0,-55485000.0,77902000.0,-36468000.0,0.0,186218000.0,-411000.0,68118000.0,68118000.0,68118000.0,0.0,0.0,0.1,187839000.0,99229000.0,199272000.0,0.41,4.346,21.356,21.395,654641000.0,0.0,66.54,1.924,1.924,499443000.0,2841166000.0,680558000.0,680558000.0,62246000.0,,,,,4353000.0,125593000.0,1.0,81565501.0,81565501.0,,8.344,2543922000.0,222837000.0,20571000.0,0.0,31.189,942809000.0
35,IFF,MRQ,2012-09-30,2012-09-30,2012-09-30,2021-09-07,-361697000.0,3059905000.0,,1388964000.0,1670941000.0,,15.351,-30244000.0,97181000.0,97181000.0,407431000.0,16363000.0,2.127,1.45,903680000.0,226722000.0,676958000.0,903680000.0,0.0,19238000.0,0.0,0.021,0.34,131751000.0,150989000.0,0.213,150989000.0,131751000.0,121844000.0,0.2,0.2,0.2,1247224000.0,,1247224000.0,5614593898.0,13.0,10.952,-28032000.0,-0.345,1.0,301524000.0,0.425,703788000.0,9907000.0,2509706000.0,,547676000.0,0.0,0.0,0.0,1809095000.0,652910000.0,1156185000.0,4854348898.0,-7456000.0,0.0,2264000.0,34410000.0,-25252000.0,11829000.0,-25009000.0,0.0,2212000.0,3512000.0,16363000.0,16363000.0,16363000.0,0.0,0.0,0.023,167349000.0,134175000.0,160956000.0,1.7,3.892,23.071,23.004,619917000.0,0.0,59.58,1.743,1.738,534758000.0,2800927000.0,708955000.0,708955000.0,57658000.0,,,,,4091000.0,109691000.0,1.0,81476148.0,81246000.0,81898000.0,8.726,2356117000.0,213595000.0,105481000.0,0.0,29.0,736054000.0
36,IFF,MRQ,2012-06-30,2012-06-30,2012-06-30,2021-09-07,-388162000.0,3025307000.0,,1364253000.0,1661054000.0,,15.085,-25019000.0,104637000.0,104637000.0,419774000.0,88596000.0,2.689,1.47,864882000.0,87478000.0,777404000.0,864882000.0,0.0,18055000.0,0.0,0.023,0.31,133153000.0,151208000.0,0.21,151208000.0,133153000.0,122540000.0,1.09,1.08,1.09,1223280000.0,,1223280000.0,5236438677.0,12.0,10.404,57711000.0,0.712,1.0,301543000.0,0.418,705307000.0,10613000.0,2572822000.0,,539267000.0,0.0,0.0,0.0,1798796000.0,507423000.0,1291373000.0,4442417677.0,28111000.0,0.0,4296000.0,-9840000.0,-25120000.0,-25463000.0,-25418000.0,0.0,82730000.0,-3738000.0,88596000.0,88596000.0,88596000.0,0.0,0.0,0.123,169235000.0,132308000.0,169673000.0,0.284,3.632,16.079,16.118,604022000.0,0.0,54.8,1.592,1.593,516598000.0,2812293000.0,721317000.0,721317000.0,56400000.0,,,,,8282000.0,112835000.0,1.0,81066016.0,81095000.0,81782000.0,8.895,2320000000.0,215631000.0,33944000.0,0.0,28.608,856830000.0
37,IFF,MRQ,2012-03-31,2012-03-31,2012-03-31,2021-09-07,-342944000.0,3013398000.0,,1345365000.0,1668033000.0,,14.825,-28690000.0,76526000.0,76526000.0,425217000.0,81056000.0,2.583,1.513,870547000.0,92594000.0,777953000.0,870547000.0,0.0,19039000.0,0.0,0.02,0.31,121153000.0,140192000.0,0.197,140192000.0,121153000.0,110342000.0,1.0,0.99,1.0,1197499000.0,,1197499000.0,5549002054.0,13.0,11.361,23946000.0,0.296,1.0,285399000.0,0.402,706827000.0,10811000.0,2579740000.0,,555017000.0,0.0,0.0,0.0,1812342000.0,520852000.0,1291490000.0,4742345054.0,-11753000.0,0.0,1104000.0,-16194000.0,-25086000.0,-38864000.0,-27366000.0,1960000.0,52636000.0,1841000.0,81056000.0,81056000.0,81056000.0,0.0,0.0,0.114,164492000.0,120907000.0,189223000.0,0.31,3.96,17.972,18.031,611441000.0,0.0,58.6,1.703,1.7,521606000.0,2748828000.0,710616000.0,710616000.0,57408000.0,,,,,2990000.0,105416000.0,1.0,80927390.0,80777000.0,81667000.0,8.797,2306571000.0,220437000.0,29286000.0,0.0,28.555,824513000.0
38,IFF,MRQ,2011-12-31,2011-12-31,2011-12-31,2021-09-07,-375309000.0,2965581000.0,,1317220000.0,1648361000.0,,13.652,-52478000.0,88279000.0,88279000.0,399985000.0,24394000.0,2.333,1.683,894936000.0,116688000.0,778248000.0,894936000.0,0.0,19082000.0,0.0,0.022,0.31,51200000.0,70282000.0,0.109,70282000.0,51200000.0,40530000.0,0.3,0.3,0.3,1104412000.0,,1104412000.0,5045100890.0,12.0,10.223,19986000.0,0.247,1.0,244398000.0,0.379,708345000.0,10670000.0,2499327000.0,,544439000.0,0.0,0.0,0.0,1858174000.0,564566000.0,1293608000.0,4240661890.0,-19004000.0,0.0,337000.0,-14338000.0,-25076000.0,-38367000.0,-52936000.0,-255000.0,72464000.0,-165000.0,24394000.0,24394000.0,24394000.0,0.0,0.0,0.038,183654000.0,60744000.0,208759000.0,1.033,3.84,15.891,15.885,608065000.0,0.0,52.42,1.521,1.521,472346000.0,2692893000.0,644383000.0,644383000.0,52459000.0,,,,,3880000.0,134348000.0,1.0,80897785.0,80897785.0,,7.965,2257236000.0,206172000.0,16136000.0,0.0,27.902,752654000.0
39,IFF,MRQ,2011-09-30,2011-09-30,2011-09-30,2021-09-07,-280847000.0,2953529000.0,,1383437000.0,1570092000.0,,14.823,-28974000.0,107283000.0,107283000.0,435400000.0,82241000.0,2.405,1.468,911722000.0,154652000.0,757070000.0,911722000.0,0.0,18889000.0,0.0,0.02,0.31,122754000.0,141643000.0,0.198,141643000.0,122754000.0,112474000.0,1.01,1.0,1.01,1195375000.0,,1195375000.0,5407051854.0,12.0,10.305,85607000.0,1.062,1.0,278375000.0,0.39,709863000.0,10280000.0,2472843000.0,,534765000.0,0.0,0.0,0.0,1755065000.0,575262000.0,1179803000.0,4546784854.0,-16148000.0,0.0,1164000.0,-75791000.0,-21825000.0,-96304000.0,-32532000.0,-3196000.0,114581000.0,-1893000.0,82241000.0,82241000.0,82241000.0,0.0,0.0,0.115,155621000.0,122754000.0,180931000.0,0.307,3.804,15.255,15.319,563691000.0,0.0,56.22,1.639,1.635,518967000.0,2693584000.0,713775000.0,713775000.0,53637000.0,,,,,3578000.0,96783000.0,1.0,80874864.0,80644000.0,81628000.0,8.851,2243666000.0,168100000.0,30233000.0,0.0,27.822,808175000.0
40,IFF,MRQ,2011-06-30,2011-06-30,2011-06-30,2021-09-07,-230179000.0,3008601000.0,,1439230000.0,1569371000.0,,14.725,-26069000.0,123431000.0,123431000.0,431166000.0,76188000.0,2.289,1.536,983698000.0,216345000.0,767353000.0,983698000.0,0.0,19394000.0,0.0,0.017,0.27,116930000.0,136324000.0,0.191,136324000.0,116930000.0,104921000.0,0.94,0.93,0.94,1184615000.0,,1184615000.0,6024070507.0,14.0,11.553,11020000.0,0.137,1.0,284423000.0,0.397,711381000.0,12009000.0,2528835000.0,,568162000.0,0.0,0.0,0.0,1819887000.0,628652000.0,1191235000.0,5163952507.0,11461000.0,0.0,9676000.0,7511000.0,-21692000.0,-246000.0,-26247000.0,976000.0,37089000.0,865000.0,76188000.0,76188000.0,76188000.0,0.0,0.0,0.106,166438000.0,117985000.0,166438000.0,0.287,4.359,17.634,17.746,564693000.0,0.0,64.24,1.889,1.891,545550000.0,2636419000.0,715589000.0,715589000.0,56229000.0,,,,,8272000.0,106224000.0,1.0,80385313.0,80451000.0,81489000.0,8.895,2297220000.0,169196000.0,28733000.0,0.0,28.554,810578000.0
41,IFF,MRQ,2011-03-31,2011-03-31,2011-03-31,2021-09-07,-245914000.0,2946546000.0,,1387619000.0,1558927000.0,,13.724,-19231000.0,111970000.0,111970000.0,416811000.0,84043000.0,2.189,1.678,972088000.0,185108000.0,786980000.0,972088000.0,0.0,17962000.0,0.0,0.017,0.27,127301000.0,145263000.0,0.203,145263000.0,127301000.0,115621000.0,1.04,1.03,1.04,1098562000.0,,1098562000.0,5790190653.0,13.0,11.332,-54175000.0,-0.677,1.0,297460000.0,0.416,712899000.0,11680000.0,2459793000.0,,559550000.0,0.0,0.0,0.0,1843700000.0,633972000.0,1209728000.0,4999955653.0,-19362000.0,0.0,3479000.0,51572000.0,-21657000.0,34210000.0,-19448000.0,0.0,-34944000.0,820000.0,84043000.0,84043000.0,84043000.0,0.0,0.0,0.118,164103000.0,133357000.0,185205000.0,0.26,4.551,17.617,17.699,551082000.0,0.0,62.3,1.863,1.859,520078000.0,2582057000.0,714271000.0,714271000.0,57456000.0,,,,,4817000.0,106619000.0,1.0,80256110.0,80049000.0,81150000.0,8.923,2233647000.0,179366000.0,31578000.0,0.0,27.903,753647000.0
42,IFF,MRQ,2010-12-31,2010-12-31,2010-12-31,2021-09-07,-275351000.0,2872455000.0,,1325195000.0,1547260000.0,,12.5,-52588000.0,131332000.0,131332000.0,377523000.0,55577000.0,2.005,1.87,921567000.0,133899000.0,787668000.0,921567000.0,0.0,19105000.0,0.0,0.019,0.27,82374000.0,101479000.0,0.161,101479000.0,82374000.0,70696000.0,0.68,0.68,0.68,999422000.0,,999422000.0,5278172973.0,13.0,10.826,54223000.0,0.678,1.0,252346000.0,0.401,714416000.0,11678000.0,2287323000.0,,531675000.0,0.0,0.0,0.0,1869300000.0,660951000.0,1208349000.0,4444466973.0,16447000.0,0.0,9119000.0,-27104000.0,-21576000.0,-38158000.0,-52803000.0,3643000.0,106811000.0,597000.0,55577000.0,55577000.0,55577000.0,0.0,0.0,0.088,169972000.0,82374000.0,200153000.0,0.397,4.447,16.863,16.897,538118000.0,0.0,55.59,1.695,1.695,451804000.0,2519706000.0,629869000.0,629869000.0,57084000.0,,,,,1674000.0,110905000.0,1.0,79950836.0,79950836.0,,7.878,2158039000.0,196960000.0,15119000.0,0.0,26.992,664244000.0
43,IFF,MRQ,2010-09-30,2010-09-30,2010-09-30,2021-09-07,-265374000.0,2864307000.0,,1328150000.0,1536157000.0,,11.935,-16481000.0,114885000.0,114885000.0,388235000.0,77038000.0,2.064,2.02,948591000.0,137872000.0,810719000.0,948591000.0,0.0,19916000.0,0.0,0.021,0.27,118427000.0,138343000.0,0.205,138343000.0,118427000.0,106183000.0,0.96,0.95,0.96,947154000.0,,947154000.0,4747496626.0,12.0,9.647,64204000.0,0.809,1.0,285048000.0,0.423,715934000.0,12244000.0,2338482000.0,,503991000.0,0.0,0.0,0.0,1913435000.0,643597000.0,1269838000.0,3874709626.0,4333000.0,0.0,2431000.0,-42449000.0,-19974000.0,-59992000.0,-17629000.0,-1148000.0,80685000.0,1269000.0,77038000.0,77038000.0,77038000.0,0.0,0.0,0.114,166621000.0,118427000.0,169652000.0,0.281,4.091,15.17,15.162,505673000.0,0.0,48.52,1.503,1.493,511973000.0,2485785000.0,673283000.0,673283000.0,53214000.0,,,,,5928000.0,108955000.0,1.0,79857989.0,79357000.0,80266000.0,8.484,2148373000.0,215140000.0,29145000.0,42597000.0,27.072,684553000.0
44,IFF,MRQ,2010-06-30,2010-06-30,2010-06-30,2021-09-07,-303606000.0,2726882000.0,,1223620000.0,1503262000.0,,10.668,-22689000.0,110552000.0,110552000.0,380799000.0,67152000.0,2.47,2.224,983339000.0,48739000.0,934600000.0,983339000.0,0.0,20189000.0,0.0,0.024,0.25,105684000.0,125873000.0,0.189,125873000.0,105684000.0,93633000.0,0.84,0.83,0.84,844770000.0,,844770000.0,4298648218.0,11.0,9.317,72559000.0,0.916,1.0,285001000.0,0.428,717452000.0,12051000.0,2386858000.0,,454608000.0,0.0,0.0,0.0,1878851000.0,495359000.0,1383492000.0,3373608218.0,20734000.0,0.0,7302000.0,-38988000.0,-19845000.0,-51531000.0,-21609000.0,1080000.0,95248000.0,-1374000.0,67152000.0,67152000.0,67152000.0,0.0,0.0,0.101,179317000.0,105684000.0,155056000.0,0.298,3.994,14.592,14.577,482041000.0,0.0,42.42,1.34,1.334,475996000.0,2430322000.0,665800000.0,665800000.0,55844000.0,,,,,5319000.0,119523000.0,1.0,79528718.0,79188000.0,80111000.0,8.408,2009430000.0,202636000.0,26481000.0,29190000.0,25.375,728261000.0
45,IFF,MRQ,2010-03-31,2010-03-31,2010-03-31,2021-09-07,-279972000.0,2678226000.0,,1170934000.0,1507292000.0,,10.325,-12886000.0,89818000.0,89818000.0,383702000.0,63789000.0,2.463,2.289,1014858000.0,80782000.0,934076000.0,1014858000.0,0.0,20032000.0,0.0,0.021,0.25,101817000.0,121849000.0,0.186,121849000.0,101817000.0,89081000.0,0.8,0.8,0.8,813306000.0,,813306000.0,4708532170.0,13.0,10.772,19506000.0,0.248,1.0,270207000.0,0.413,718991000.0,12736000.0,2408933000.0,,446912000.0,0.0,0.0,0.0,1861355000.0,475342000.0,1386013000.0,3777138170.0,9683000.0,0.0,7372000.0,5351000.0,-19786000.0,-7063000.0,-14742000.0,-1856000.0,32392000.0,-904000.0,63789000.0,63789000.0,63789000.0,0.0,0.0,0.098,168390000.0,101817000.0,154451000.0,0.312,4.644,17.807,17.787,489759000.0,0.0,47.67,1.561,1.551,468820000.0,2383145000.0,653909000.0,653909000.0,52631000.0,,,,,5461000.0,108009000.0,1.0,79235120.0,78767000.0,79692000.0,8.302,1959235000.0,190367000.0,25292000.0,595000.0,24.874,695592000.0
46,IFF,MRQ,2009-12-31,2009-12-31,2009-12-31,2021-09-07,-270974000.0,2644774000.0,,1128066000.0,1516708000.0,,9.729,-36472000.0,80135000.0,80135000.0,350221000.0,47448000.0,2.329,2.435,1011529000.0,76780000.0,934749000.0,1011529000.0,0.0,20451000.0,0.0,0.024,0.25,85608000.0,106059000.0,0.181,106059000.0,85608000.0,71121000.0,0.6,0.6,0.6,769003000.0,,769003000.0,4254858286.0,13.0,10.206,55093000.0,0.697,1.0,235412000.0,0.402,720530000.0,14487000.0,2371184000.0,,444977000.0,0.0,0.0,0.0,1872864000.0,484454000.0,1388410000.0,3251821286.0,-74437000.0,0.0,4907000.0,-137276000.0,-400000.0,-132769000.0,-35433000.0,3288000.0,91565000.0,2200000.0,47448000.0,47448000.0,47448000.0,0.0,0.0,0.081,150187000.0,85225000.0,161027000.0,0.417,4.229,16.631,16.589,501293000.0,0.0,41.14,1.398,1.398,444265000.0,2339205000.0,585633000.0,585633000.0,43800000.0,,,,,2384000.0,100769000.0,1.0,79042812.0,79042812.0,,7.409,1924244000.0,184722000.0,23673000.0,0.0,24.344,643612000.0
47,IFF,MRQ,2009-09-30,2009-09-30,2009-09-30,2021-09-07,-248446000.0,2790761000.0,,1191781000.0,1598980000.0,,9.63,-10853000.0,154572000.0,154572000.0,363780000.0,52800000.0,3.337,2.683,1157609000.0,1582000.0,1156027000.0,1157609000.0,0.0,19811000.0,0.0,0.026,0.25,87787000.0,107598000.0,0.176,107598000.0,87787000.0,74284000.0,0.67,0.66,0.67,755878000.0,,755878000.0,4046620712.0,13.0,10.426,101682000.0,1.295,1.0,248854000.0,0.406,722068000.0,13503000.0,2714563000.0,,435744000.0,0.0,0.0,0.0,2027973000.0,357167000.0,1670806000.0,2996155712.0,-9243000.0,0.0,596000.0,-75240000.0,-39103000.0,-113747000.0,-12259000.0,-1406000.0,112535000.0,4228000.0,52800000.0,52800000.0,52800000.0,0.0,0.0,0.086,161091000.0,87763000.0,140597000.0,0.373,3.964,15.205,15.112,492163000.0,0.0,37.93,1.314,1.306,477218000.0,2311544000.0,612634000.0,612634000.0,49392000.0,,,,,4929000.0,101199000.0,1.0,78991714.0,78491000.0,79159000.0,7.805,2068693000.0,172511000.0,21484000.0,0.0,26.356,834614000.0
48,IFF,MRQ,2009-06-30,2009-06-30,2009-06-30,2021-09-07,-254200000.0,2775538000.0,,1187211000.0,1588327000.0,,9.095,-10741000.0,163815000.0,163815000.0,340347000.0,48083000.0,2.907,2.886,1214280000.0,73351000.0,1140929000.0,1214280000.0,0.0,19632000.0,0.0,0.031,0.25,81961000.0,101593000.0,0.179,101593000.0,81961000.0,67914000.0,0.61,0.6,0.61,712593000.0,,712593000.0,3702602214.0,11.0,9.359,91164000.0,1.164,1.0,227914000.0,0.401,723605000.0,14047000.0,2693989000.0,,441007000.0,344000.0,344000.0,0.0,2056317000.0,408409000.0,1647908000.0,2574823214.0,76226000.0,0.0,1160000.0,-18614000.0,0.0,-17454000.0,-14113000.0,-3372000.0,101905000.0,5888000.0,48083000.0,48083000.0,48083000.0,0.0,0.0,0.085,144384000.0,83530000.0,117892000.0,0.41,3.613,12.751,12.732,488790000.0,0.0,32.72,1.127,1.122,471767000.0,2278499000.0,568261000.0,568261000.0,44248000.0,,,,,5377000.0,96032000.0,1.0,78692641.0,78352000.0,79050000.0,7.253,2051933000.0,168144000.0,19831000.0,0.0,26.189,778802000.0
49,IFF,MRQ,2009-03-31,2009-03-31,2009-03-31,2021-09-07,-297659000.0,2619632000.0,,1052057000.0,1567575000.0,,8.155,-6969000.0,87589000.0,87589000.0,337565000.0,47197000.0,3.035,3.096,1215368000.0,90465000.0,1124903000.0,1215368000.0,0.0,18631000.0,0.0,0.032,0.25,83011000.0,101642000.0,0.182,101642000.0,83011000.0,63230000.0,0.6,0.6,0.6,637712000.0,,637712000.0,3474255555.0,10.0,8.216,-21337000.0,-0.273,1.0,222065000.0,0.397,725144000.0,19781000.0,2675594000.0,,452282000.0,328000.0,328000.0,0.0,1974039000.0,346673000.0,1627366000.0,2397068555.0,-90878000.0,0.0,-1620000.0,-7264000.0,-39338000.0,-48222000.0,-19083000.0,-12114000.0,-14368000.0,-9205000.0,47197000.0,47197000.0,47197000.0,0.0,0.0,0.084,140216000.0,81849000.0,95303000.0,0.417,3.759,10.852,10.879,474382000.0,0.0,30.46,1.019,1.013,418384000.0,2250165000.0,559630000.0,559630000.0,47331000.0,,,,,4759000.0,91347000.0,1.0,78695619.0,78195000.0,78747000.0,7.157,1894488000.0,170764000.0,16033000.0,0.0,24.228,705384000.0
50,IFF,MRQ,2008-12-31,2008-12-31,2008-12-31,2021-09-07,-325105000.0,2749913000.0,,1202416000.0,1547497000.0,,7.287,-34957000.0,178467000.0,178467000.0,324168000.0,48969000.0,2.666,3.785,1255654000.0,101982000.0,1153672000.0,1255654000.0,0.0,15970000.0,0.0,0.032,0.25,61336000.0,77306000.0,0.143,77306000.0,61336000.0,42129000.0,0.63,0.62,0.63,573111000.0,,573111000.0,3418651405.0,10.0,7.879,49158000.0,0.625,1.0,214935000.0,0.399,726683000.0,19207000.0,2649376000.0,,479567000.0,0.0,0.0,0.0,2169271000.0,451041000.0,1718230000.0,2337338405.0,69731000.0,0.0,-91000.0,42825000.0,-19651000.0,23125000.0,-36456000.0,-1499000.0,84115000.0,-1053000.0,48969000.0,48969000.0,48969000.0,0.0,0.0,0.091,157588000.0,57347000.0,114997000.0,0.397,4.078,10.179,10.284,496856000.0,0.0,29.72,0.978,0.978,400971000.0,2222641000.0,539103000.0,539103000.0,36512000.0,,,,,3693000.0,113446000.0,1.0,78645303.0,78645303.0,,6.855,2023230000.0,184356000.0,-6840000.0,1788000.0,25.726,751375000.0
51,IFF,MRQ,2008-09-30,2008-09-30,2008-09-30,2021-09-07,-35009000.0,2775734000.0,,1239409000.0,1536325000.0,,9.273,-19716000.0,108736000.0,108736000.0,370799000.0,57684000.0,2.946,2.834,1190049000.0,58631000.0,1131418000.0,1190049000.0,0.0,17487000.0,0.0,0.024,0.25,97603000.0,115090000.0,0.186,115090000.0,97603000.0,79566000.0,0.73,0.73,0.73,724032000.0,,724032000.0,4197071394.0,11.0,9.145,37932000.0,0.486,1.0,246739000.0,0.4,728221000.0,18037000.0,2708154000.0,,509281000.0,624000.0,624000.0,0.0,2051702000.0,420672000.0,1631030000.0,3100115394.0,-10754000.0,0.0,4604000.0,-27787000.0,-18071000.0,-41201000.0,-21432000.0,-1716000.0,57648000.0,-5769000.0,57684000.0,57684000.0,57684000.0,0.0,0.0,0.093,146131000.0,100608000.0,115511000.0,0.342,4.282,13.604,13.894,503544000.0,0.0,39.46,1.29,1.282,458498000.0,2187810000.0,617538000.0,617538000.0,52129000.0,,,,,4655000.0,92465000.0,1.0,78563492.0,78077000.0,78799000.0,7.909,2047513000.0,63204000.0,21882000.0,0.0,26.224,818737000.0
52,IFF,MRQ,2008-06-30,2008-06-30,2008-06-30,2021-09-07,-69659000.0,2818778000.0,,1279021000.0,1539757000.0,,8.075,-16379000.0,119490000.0,119490000.0,372345000.0,67032000.0,2.356,3.384,1216446000.0,147562000.0,1068884000.0,1216446000.0,0.0,23035000.0,0.0,0.024,0.23,105786000.0,128821000.0,0.203,128821000.0,105786000.0,87241000.0,0.84,0.83,0.84,642985000.0,,642985000.0,4308215921.0,12.0,9.498,54830000.0,0.689,1.0,263781000.0,0.415,729759000.0,18545000.0,2643144000.0,,525651000.0,55000.0,55000.0,0.0,2175793000.0,542831000.0,1632962000.0,3144462921.0,59032000.0,0.0,526000.0,24235000.0,-18515000.0,6284000.0,-16578000.0,-199000.0,71209000.0,-1883000.0,67032000.0,67032000.0,67032000.0,0.0,0.0,0.105,162112000.0,101669000.0,137178000.0,0.274,4.89,13.728,14.0,514920000.0,0.0,39.06,1.327,1.313,464487000.0,2149779000.0,636126000.0,636126000.0,56166000.0,,,,,5013000.0,104662000.0,1.0,80503403.0,79627000.0,80371000.0,7.989,2089019000.0,130045000.0,20209000.0,0.0,26.235,736190000.0
53,IFF,MRQ,2008-03-31,2008-03-31,2008-03-31,2021-09-07,-69828000.0,2740855000.0,,1180140000.0,1560715000.0,,7.263,-11495000.0,60458000.0,60458000.0,351123000.0,55948000.0,2.278,3.7,1224211000.0,152869000.0,1071342000.0,1224211000.0,0.0,19494000.0,0.0,0.02,0.23,93210000.0,112704000.0,0.189,112704000.0,93210000.0,74991000.0,0.69,0.69,0.69,583151000.0,,583151000.0,4630136592.0,13.0,10.26,-3854000.0,-0.048,1.0,245482000.0,0.411,731298000.0,18219000.0,2655321000.0,,512034000.0,706000.0,706000.0,0.0,2157704000.0,517989000.0,1639715000.0,3568966592.0,-91013000.0,0.0,-27681000.0,-36568000.0,-18628000.0,-82877000.0,-15279000.0,-3784000.0,7641000.0,-498000.0,55948000.0,55948000.0,55948000.0,0.0,0.0,0.094,149965000.0,95517000.0,133236000.0,0.333,6.12,14.847,15.565,523420000.0,0.0,44.05,1.547,1.533,451290000.0,2100820000.0,596605000.0,596605000.0,52056000.0,,,,,3885000.0,90149000.0,1.0,81020808.0,80296000.0,81079000.0,7.43,2009557000.0,76907000.0,19043000.0,0.0,25.027,662151000.0
54,IFF,MRQ,2007-12-31,2007-12-31,2007-12-31,2021-09-07,-34833000.0,2726314000.0,,1156093000.0,1570221000.0,,7.622,-21290000.0,151471000.0,151471000.0,328199000.0,47223000.0,2.127,3.417,1212641000.0,152473000.0,1060168000.0,1212641000.0,0.0,19963000.0,0.0,0.018,0.23,82354000.0,102317000.0,0.185,102317000.0,82354000.0,66125000.0,0.58,0.58,0.58,617197000.0,,617197000.0,5022243251.0,13.0,11.035,100690000.0,1.244,1.0,225299000.0,0.407,732836000.0,16229000.0,2511205000.0,,484222000.0,604000.0,604000.0,0.0,2109117000.0,543443000.0,1565674000.0,3897136251.0,89507000.0,0.0,1506000.0,6758000.0,-20352000.0,-11873000.0,-19619000.0,1671000.0,121980000.0,-981000.0,47223000.0,47223000.0,47223000.0,0.0,0.0,0.085,152334000.0,72965000.0,130992000.0,0.397,6.314,15.77,16.947,508820000.0,0.0,48.13,1.712,1.712,400527000.0,2078937000.0,553498000.0,553498000.0,51768000.0,,,,,4858000.0,98354000.0,1.0,80971042.0,80971042.0,,6.836,1993478000.0,133749000.0,18902000.0,4547000.0,24.62,612650000.0
55,IFF,MRQ,2007-09-30,2007-09-30,2007-09-30,2021-09-07,-29243000.0,2533659000.0,,1118261000.0,1415398000.0,,6.291,-14785000.0,61964000.0,61964000.0,339175000.0,58844000.0,2.701,3.626,1187071000.0,52578000.0,1134493000.0,1187071000.0,0.0,20538000.0,0.0,0.016,0.23,89204000.0,109742000.0,0.188,109742000.0,89204000.0,80608000.0,0.68,0.67,0.68,547707000.0,,547707000.0,5403332997.0,15.0,12.13,81655000.0,0.938,1.0,244138000.0,0.419,735049000.0,8596000.0,2509709000.0,,467903000.0,600000.0,600000.0,0.0,1985952000.0,414008000.0,1571944000.0,4722747997.0,-62207000.0,0.0,-484141000.0,362659000.0,-19018000.0,-138061000.0,-23347000.0,-8562000.0,96440000.0,2761000.0,58844000.0,58844000.0,58844000.0,0.0,0.0,0.101,153695000.0,90443000.0,116919000.0,0.338,8.623,19.052,18.946,492593000.0,0.0,52.86,2.111,2.057,430661000.0,2050343000.0,583313000.0,583313000.0,49733000.0,,,,,5062000.0,94464000.0,1.0,89344457.0,87063000.0,88056000.0,6.7,1798610000.0,69076000.0,21764000.0,0.0,20.659,704253000.0
56,IFF,MRQ,2007-06-30,2007-06-30,2007-06-30,2021-09-07,-14697000.0,2546988000.0,,1154316000.0,1392672000.0,,11.154,-4442000.0,124171000.0,124171000.0,327668000.0,78372000.0,3.28,1.561,804756000.0,18982000.0,785774000.0,804756000.0,0.0,21148000.0,0.0,0.016,0.21,105364000.0,126512000.0,0.221,126512000.0,105364000.0,96968000.0,0.88,0.87,0.88,994656000.0,,994656000.0,5382922248.0,15.0,11.825,88054000.0,0.987,1.0,246058000.0,0.429,738605000.0,8396000.0,2137021000.0,,454737000.0,583000.0,583000.0,0.0,1552332000.0,351947000.0,1200385000.0,4653675248.0,40966000.0,0.0,-28534000.0,-2399000.0,-18466000.0,-47217000.0,-4353000.0,89000.0,92496000.0,40000.0,78372000.0,78372000.0,78372000.0,0.0,0.0,0.137,143513000.0,102545000.0,114157000.0,0.239,4.679,18.417,18.489,482861000.0,0.0,52.14,2.122,2.12,415011000.0,2011852000.0,573726000.0,573726000.0,48760000.0,,,,,3971000.0,91198000.0,1.0,89253457.0,89174000.0,90124000.0,6.434,1808383000.0,64255000.0,18596000.0,0.0,20.279,802369000.0
57,IFF,MRQ,2007-03-31,2007-03-31,2007-03-31,2021-09-07,-33533000.0,2497393000.0,,1120312000.0,1377081000.0,,10.512,-8138000.0,83205000.0,83205000.0,329382000.0,62689000.0,3.256,1.658,812452000.0,12717000.0,799735000.0,812452000.0,0.0,21139000.0,0.0,0.017,0.21,95427000.0,116566000.0,0.206,116566000.0,95427000.0,87113000.0,0.7,0.69,0.7,939584000.0,,939584000.0,4931873915.0,14.0,11.152,-4992000.0,-0.056,1.0,236719000.0,0.418,742160000.0,8314000.0,2140416000.0,,445204000.0,527000.0,527000.0,0.0,1557809000.0,344064000.0,1213745000.0,4239041915.0,-31303000.0,0.0,-15716000.0,1903000.0,-18764000.0,-30845000.0,-4035000.0,4103000.0,3146000.0,431000.0,62689000.0,62689000.0,62689000.0,0.0,0.0,0.111,141459000.0,95260000.0,117286000.0,0.3,4.512,18.0,18.092,487035000.0,0.0,47.22,1.972,1.963,400179000.0,1952231000.0,566101000.0,566101000.0,46632000.0,,,,,4277000.0,91271000.0,1.0,89772171.0,89378000.0,90658000.0,6.334,1755233000.0,75566000.0,24424000.0,0.0,19.638,776248000.0
58,IFF,MRQ,2006-12-31,2006-12-31,2006-12-31,2021-09-07,-34319000.0,2478904000.0,,1079803000.0,1399101000.0,,10.092,-15052000.0,114508000.0,114508000.0,303403000.0,47982000.0,2.417,1.739,807340000.0,15897000.0,791443000.0,807340000.0,0.0,22823000.0,0.0,0.016,0.21,69817000.0,92640000.0,0.18,92640000.0,69817000.0,62416000.0,0.53,0.53,0.53,905168000.0,,905168000.0,5054561309.0,15.0,11.794,29060000.0,0.324,1.0,210915000.0,0.41,745716000.0,7401000.0,1979249000.0,,446606000.0,604000.0,604000.0,0.0,1573736000.0,446771000.0,1126965000.0,4409063309.0,-48255000.0,0.0,-38404000.0,-13273000.0,-16566000.0,-63952000.0,-32432000.0,-17380000.0,44112000.0,4017000.0,47982000.0,47982000.0,47982000.0,0.0,0.0,0.093,144306000.0,66609000.0,111661000.0,0.396,4.871,19.466,19.664,495124000.0,0.0,49.16,2.104,2.104,357155000.0,1909599000.0,514318000.0,514318000.0,48031000.0,,,,,5170000.0,90559000.0,1.0,89688025.0,89688025.0,,5.735,1733188000.0,89448000.0,14434000.0,45251000.0,19.325,633032000.0
59,IFF,MRQ,2006-09-30,2006-09-30,2006-09-30,2021-09-07,-136347000.0,2581954000.0,,1134229000.0,1447725000.0,,10.651,-2693000.0,162763000.0,162763000.0,310149000.0,63646000.0,1.544,1.692,808261000.0,302663000.0,505598000.0,808261000.0,0.0,22308000.0,0.0,0.019,0.185,97177000.0,119485000.0,0.222,119485000.0,97177000.0,90702000.0,0.71,0.7,0.71,959112000.0,,959112000.0,4279997860.0,14.0,11.099,114054000.0,1.267,1.0,228986000.0,0.425,761519000.0,6475000.0,1731132000.0,,433458000.0,321000.0,321000.0,0.0,1622842000.0,734801000.0,888041000.0,3585103860.0,132930000.0,0.0,-53558000.0,89189000.0,-16825000.0,18963000.0,-2693000.0,0.0,116747000.0,-87000.0,63646000.0,63646000.0,63646000.0,0.0,0.0,0.118,138592000.0,90394000.0,104717000.0,0.261,3.738,18.503,18.477,479468000.0,0.0,39.54,1.755,1.743,373220000.0,1880381000.0,539135000.0,539135000.0,46471000.0,,,,,4921000.0,88092000.0,1.0,90670305.0,90053000.0,90988000.0,5.987,1820435000.0,69175000.0,27056000.0,67262000.0,20.215,399428000.0
60,IFF,MRQ,2006-06-30,2006-06-30,2006-06-30,2021-09-07,-153748000.0,2452580000.0,,995534000.0,1457046000.0,,10.411,-8939000.0,29833000.0,29833000.0,302889000.0,61182000.0,1.413,1.593,724727000.0,308936000.0,415791000.0,724727000.0,0.0,22341000.0,0.0,0.021,0.185,91223000.0,113564000.0,0.214,113564000.0,91223000.0,84923000.0,0.67,0.67,0.67,945998000.0,,945998000.0,3931745124.0,14.0,10.859,70709000.0,0.778,1.0,227616000.0,0.429,765230000.0,6300000.0,1677783000.0,,443339000.0,319000.0,319000.0,0.0,1506582000.0,704461000.0,802121000.0,3201136124.0,-175418000.0,0.0,756000.0,-230889000.0,-16801000.0,-246812000.0,-8939000.0,0.0,79648000.0,685000.0,61182000.0,61182000.0,61182000.0,0.0,0.0,0.115,136679000.0,90937000.0,107633000.0,0.276,3.384,16.112,16.315,487631000.0,0.0,35.24,1.603,1.604,375625000.0,1833300000.0,530505000.0,530505000.0,45588000.0,,,,,5232000.0,87684000.0,1.0,90838142.0,90869000.0,91787000.0,5.838,1687350000.0,61335000.0,23741000.0,55842000.0,18.569,291073000.0
61,IFF,MRQ,2006-03-31,2006-03-31,2006-03-31,2021-09-07,-144712000.0,2586947000.0,,1153562000.0,1433385000.0,,9.726,-4363000.0,205251000.0,205251000.0,294818000.0,53690000.0,0.981,1.906,935860000.0,805705000.0,130155000.0,935860000.0,0.0,22261000.0,0.0,0.022,0.185,80614000.0,102875000.0,0.201,102875000.0,80614000.0,75241000.0,0.59,0.58,0.59,890241000.0,,890241000.0,3792289862.0,14.0,10.531,36749000.0,0.401,1.0,216614000.0,0.424,768941000.0,5373000.0,1372348000.0,,437560000.0,330000.0,330000.0,0.0,1696706000.0,1176267000.0,520439000.0,3114161862.0,-67294000.0,0.0,-68925000.0,-19404000.0,-17189000.0,-105435000.0,-4338000.0,25000.0,41112000.0,1367000.0,53690000.0,53690000.0,53690000.0,0.0,0.0,0.105,135561000.0,81053000.0,105298000.0,0.314,3.498,16.035,16.421,485624000.0,0.0,34.32,1.571,1.585,348466000.0,1788945000.0,511432000.0,511432000.0,45602000.0,,,,,2862000.0,85588000.0,1.0,90738982.0,91535000.0,92207000.0,5.587,1818006000.0,68451000.0,21551000.0,43342000.0,19.861,-22705000.0
62,IFF,MRQ,2005-12-31,2005-12-31,2005-12-31,2021-09-07,-150355000.0,2638196000.0,,1191274000.0,1446922000.0,,9.855,-30118000.0,272545000.0,272545000.0,274818000.0,15238000.0,0.991,1.882,950673000.0,819392000.0,131281000.0,950673000.0,0.0,22382000.0,0.0,0.022,0.185,27321000.0,49703000.0,0.108,49703000.0,27321000.0,21569000.0,0.17,0.17,0.17,915347000.0,,915347000.0,3772304544.0,14.0,10.419,5448000.0,0.059,1.0,186827000.0,0.405,772651000.0,5752000.0,1340977000.0,,430794000.0,352000.0,352000.0,0.0,1722849000.0,1202696000.0,520153000.0,3111609544.0,244257000.0,0.0,8309000.0,270815000.0,-17286000.0,239941000.0,-30153000.0,-35000.0,35566000.0,-1097000.0,15238000.0,15238000.0,15238000.0,0.0,0.0,0.033,158806000.0,28021000.0,98588000.0,1.088,3.399,16.117,16.262,499145000.0,0.0,33.5,1.561,1.561,304823000.0,1752055000.0,461645000.0,461645000.0,46028000.0,,,,,7350000.0,85691000.0,1.0,92883867.0,92883867.0,,4.97,1865545000.0,75366000.0,6331000.0,41089000.0,20.085,-11422000.0
63,IFF,MRQ,2005-09-30,2005-09-30,2005-09-30,2021-09-07,-155377000.0,2415153000.0,,965342000.0,1449811000.0,,9.944,-22812000.0,28288000.0,28288000.0,286712000.0,68572000.0,1.041,1.601,688983000.0,552609000.0,136374000.0,688983000.0,0.0,23117000.0,0.0,0.02,0.185,72819000.0,95936000.0,0.195,95936000.0,72819000.0,66253000.0,0.73,0.72,0.73,928551000.0,,928551000.0,4039603782.0,13.0,10.184,61241000.0,0.656,1.0,206406000.0,0.419,778373000.0,6566000.0,1369886000.0,,437294000.0,359000.0,359000.0,0.0,1486602000.0,927589000.0,559013000.0,3345055782.0,-31576000.0,0.0,-22625000.0,-58462000.0,-17389000.0,-94343000.0,-22812000.0,0.0,84053000.0,1526000.0,68572000.0,68572000.0,68572000.0,0.0,0.0,0.139,134441000.0,71965000.0,98720000.0,0.253,3.602,15.293,15.362,494180000.0,0.0,35.64,1.673,1.664,338828000.0,1754011000.0,493118000.0,493118000.0,44651000.0,,,,,0.0,86022000.0,1.0,93856784.0,93380000.0,94622000.0,5.281,1636780000.0,71058000.0,-2319000.0,44187000.0,17.528,37753000.0
64,IFF,MRQ,2005-06-30,2005-06-30,2005-06-30,2021-09-07,-162302000.0,2367008000.0,,983752000.0,1383256000.0,,9.465,-22195000.0,59864000.0,59864000.0,299065000.0,56713000.0,1.045,1.664,754412000.0,614992000.0,139420000.0,754412000.0,0.0,23540000.0,0.0,0.02,0.185,88058000.0,111598000.0,0.216,111598000.0,88058000.0,81996000.0,0.6,0.6,0.6,888565000.0,,888565000.0,4118358462.0,14.0,10.576,49356000.0,0.526,1.0,216513000.0,0.42,782141000.0,6062000.0,1338229000.0,,432073000.0,361000.0,361000.0,0.0,1478443000.0,941186000.0,537257000.0,3411555462.0,37051000.0,0.0,-31002000.0,34390000.0,-16533000.0,-8933000.0,-22195000.0,0.0,71551000.0,-3372000.0,56713000.0,56713000.0,56713000.0,0.0,0.0,0.11,131013000.0,85500000.0,106299000.0,0.308,3.839,17.725,17.755,484069000.0,0.0,36.22,1.695,1.689,358743000.0,1702720000.0,515578000.0,515578000.0,44380000.0,,,,,0.0,82866000.0,1.0,94189825.0,93876000.0,95255000.0,5.492,1584867000.0,67277000.0,25283000.0,26516000.0,16.883,42566000.0
65,IFF,MRQ,2005-03-31,2005-03-31,2005-03-31,2021-09-07,-135877000.0,2373345000.0,,973251000.0,1400094000.0,,9.568,-15521000.0,22813000.0,22813000.0,308397000.0,52543000.0,2.358,1.63,729616000.0,68754000.0,660862000.0,729616000.0,0.0,22889000.0,0.0,0.018,0.175,81946000.0,104835000.0,0.2,104835000.0,81946000.0,76370000.0,0.56,0.55,0.56,902508000.0,,902508000.0,4385972542.0,15.0,11.272,-29531000.0,-0.313,1.0,214655000.0,0.41,785908000.0,5576000.0,1881581000.0,,441798000.0,362000.0,362000.0,0.0,1470837000.0,412659000.0,1058178000.0,3733642542.0,-9783000.0,0.0,-29986000.0,53698000.0,-16571000.0,20693000.0,-15486000.0,35000.0,-14010000.0,-980000.0,52543000.0,52543000.0,52543000.0,0.0,0.0,0.1,133265000.0,81390000.0,109449000.0,0.312,4.137,19.42,19.363,491721000.0,0.0,39.5,1.847,1.843,374065000.0,1663411000.0,523052000.0,523052000.0,44753000.0,,,,,0.0,84744000.0,1.0,94522596.0,94325000.0,96025000.0,5.545,1587437000.0,72093000.0,23827000.0,27562000.0,16.829,560592000.0
66,IFF,MRQ,2004-12-31,2004-12-31,2004-12-31,2021-09-07,-108172000.0,2363294000.0,,961370000.0,1401924000.0,,9.661,-28478000.0,32596000.0,32596000.0,268681000.0,40906000.0,2.406,1.596,684926000.0,15957000.0,668969000.0,684926000.0,0.0,22608000.0,0.0,0.016,0.175,61692000.0,84300000.0,0.18,84300000.0,61692000.0,56302000.0,0.43,0.43,0.43,910487000.0,,910487000.0,4751168321.0,16.0,11.998,76802000.0,0.815,1.0,199551000.0,0.426,789676000.0,5390000.0,1826426000.0,,457204000.0,399000.0,399000.0,0.0,1452807000.0,399522000.0,1053285000.0,4037190321.0,18332000.0,0.0,60311000.0,-51213000.0,-16537000.0,-60214000.0,-28346000.0,132000.0,105280000.0,1612000.0,40906000.0,40906000.0,40906000.0,0.0,0.0,0.087,135638000.0,63913000.0,103978000.0,0.407,4.434,20.59,20.596,501334000.0,0.0,42.84,1.985,1.985,335779000.0,1627386000.0,468232000.0,468232000.0,43059000.0,,,,,8085000.0,84702000.0,1.0,94238803.0,94238803.0,,4.969,1573618000.0,79267000.0,15396000.0,30339000.0,16.698,561848000.0
67,IFF,MRQ,2004-09-30,2004-09-30,2004-09-30,2021-09-07,-144660000.0,2305432000.0,,948028000.0,1357404000.0,,8.942,22688000.0,14264000.0,14264000.0,289052000.0,42305000.0,2.151,1.738,728242000.0,64918000.0,663324000.0,728242000.0,0.0,22306000.0,0.0,0.018,0.175,66376000.0,88682000.0,0.175,88682000.0,66376000.0,60335000.0,0.45,0.44,0.45,842084000.0,,842084000.0,4425491400.0,15.0,11.201,135678000.0,1.441,1.0,217177000.0,0.429,788918000.0,6041000.0,1789781000.0,,437114000.0,469000.0,469000.0,0.0,1463348000.0,440711000.0,1022637000.0,3599353400.0,3019000.0,0.0,-23212000.0,-106730000.0,-16520000.0,-133158000.0,22688000.0,0.0,112990000.0,499000.0,42305000.0,42305000.0,42305000.0,0.0,0.0,0.084,150477000.0,66700000.0,93549000.0,0.389,4.274,18.623,18.634,473287000.0,0.0,38.2,1.767,1.766,356698000.0,1603051000.0,506229000.0,506229000.0,43124000.0,,,,,0.0,83694000.0,1.0,94223911.0,94172000.0,95498000.0,5.376,1516514000.0,71592000.0,18030000.0,39945000.0,16.104,507317000.0
68,IFF,MRQ,2004-06-30,2004-06-30,2004-06-30,2021-09-07,-160423000.0,2343002000.0,,969715000.0,1373287000.0,,8.605,-14118000.0,11245000.0,11245000.0,295716000.0,56502000.0,1.884,1.892,837383000.0,170813000.0,666570000.0,837383000.0,0.0,23098000.0,0.0,0.018,0.175,88205000.0,111303000.0,0.212,111303000.0,88205000.0,82091000.0,0.6,0.59,0.6,810027000.0,,810027000.0,4393255386.0,14.0,10.739,42184000.0,0.448,1.0,228461000.0,0.436,792628000.0,6114000.0,1861828000.0,,459962000.0,466000.0,466000.0,0.0,1532975000.0,514684000.0,1018291000.0,3528966386.0,-551000.0,0.0,-16335000.0,-21283000.0,-15161000.0,-42289000.0,-14118000.0,0.0,56302000.0,-446000.0,56502000.0,56502000.0,56502000.0,0.0,0.0,0.108,138951000.0,89510000.0,116314000.0,0.292,4.357,17.466,17.395,485967000.0,0.0,37.4,1.754,1.75,371636000.0,1577283000.0,524177000.0,524177000.0,44342000.0,,,,,0.0,83184000.0,1.0,94357390.0,94136000.0,95330000.0,5.568,1550374000.0,60629000.0,25589000.0,32601000.0,16.47,455031000.0
69,IFF,MRQ,2004-03-31,2004-03-31,2004-03-31,2021-09-07,-149521000.0,2342026000.0,,952560000.0,1389466000.0,,8.338,-11702000.0,11796000.0,11796000.0,306786000.0,56358000.0,1.806,1.987,876085000.0,196924000.0,679161000.0,876085000.0,0.0,22984000.0,0.0,0.018,0.16,88731000.0,111715000.0,0.209,111715000.0,88731000.0,82274000.0,0.6,0.59,0.6,784029000.0,,784029000.0,4208938682.0,13.0,10.451,9573000.0,0.102,1.0,228229000.0,0.427,796337000.0,6457000.0,1882490000.0,,451079000.0,483000.0,483000.0,0.0,1557997000.0,527488000.0,1030509000.0,3336484682.0,-285000.0,0.0,-10781000.0,-12913000.0,-14996000.0,-9709000.0,-11702000.0,0.0,21275000.0,-149000.0,56358000.0,56358000.0,56358000.0,0.0,0.0,0.105,138073000.0,90156000.0,109063000.0,0.267,4.256,16.942,16.905,501700000.0,0.0,35.5,1.693,1.694,364404000.0,1537336000.0,535015000.0,535015000.0,44648000.0,,,,,0.0,89726000.0,1.0,93985484.0,94033000.0,95126000.0,5.69,1545689000.0,63873000.0,25916000.0,26116000.0,16.438,425072000.0
70,IFF,MRQ,2003-12-31,2003-12-31,2003-12-31,2021-09-07,-131681000.0,2306892000.0,,902672000.0,1404220000.0,,7.929,-24575000.0,12081000.0,12081000.0,268583000.0,38111000.0,1.716,2.106,884535000.0,194304000.0,690231000.0,884535000.0,0.0,22296000.0,0.0,0.018,0.16,61118000.0,83414000.0,0.177,83414000.0,61118000.0,55243000.0,0.4,0.41,0.4,742631000.0,,742631000.0,4218760636.0,15.0,11.493,95109000.0,1.015,1.0,203216000.0,0.431,799413000.0,5875000.0,1853888000.0,,454631000.0,474000.0,474000.0,0.0,1564261000.0,526045000.0,1038216000.0,3270523636.0,-2913000.0,-6400000.0,26278000.0,-85074000.0,-14959000.0,-94066000.0,-30975000.0,0.0,119684000.0,2444000.0,38111000.0,38111000.0,38111000.0,0.0,0.0,0.081,141112000.0,62104000.0,104028000.0,0.4,4.404,18.949,18.978,510612000.0,0.0,34.92,1.72,1.72,320768000.0,1496104000.0,471799000.0,471799000.0,42243000.0,,,,,0.0,84310000.0,1.0,93657607.0,93657607.0,,5.037,1507479000.0,66070000.0,17132000.0,27826000.0,16.096,376627000.0
71,IFF,MRQ,2003-09-30,2003-09-30,2003-09-30,2021-09-07,-175407000.0,2300429000.0,,959784000.0,1340645000.0,,7.174,-13875000.0,14994000.0,14994000.0,278191000.0,51071000.0,1.629,2.438,963231000.0,262814000.0,700417000.0,963231000.0,0.0,21407000.0,0.0,0.019,0.16,81245000.0,102652000.0,0.213,102652000.0,81245000.0,74713000.0,0.55,0.54,0.55,669045000.0,,669045000.0,4108836228.0,14.0,11.047,78750000.0,0.844,1.0,202695000.0,0.422,773229000.0,6532000.0,1886230000.0,,429781000.0,460000.0,460000.0,0.0,1631384000.0,589207000.0,1042177000.0,3116019228.0,-432000.0,0.0,-19579000.0,-53874000.0,-14975000.0,-78058000.0,-13875000.0,0.0,92625000.0,-1124000.0,51071000.0,51071000.0,51071000.0,0.0,0.0,0.106,121896000.0,80799000.0,93816000.0,0.291,4.657,17.962,17.785,486911000.0,0.0,33.08,1.681,1.664,366160000.0,1472989000.0,480886000.0,480886000.0,39184000.0,,,,,0.0,75638000.0,1.0,94196470.0,93265000.0,93793000.0,5.156,1527200000.0,64693000.0,23642000.0,45082000.0,16.375,370577000.0
72,IFF,MRQ,2003-06-30,2003-06-30,2003-06-30,2021-09-07,-162908000.0,2321043000.0,,982188000.0,1338855000.0,,6.965,75808000.0,15426000.0,15426000.0,275235000.0,51398000.0,1.615,2.553,1008243000.0,295307000.0,712936000.0,1008243000.0,0.0,21615000.0,0.0,0.019,0.16,83347000.0,104962000.0,0.217,104962000.0,83347000.0,75390000.0,0.55,0.54,0.55,653224000.0,,653224000.0,4068258166.0,14.0,10.875,118769000.0,1.266,1.0,207376000.0,0.43,776387000.0,7957000.0,1929192000.0,,441636000.0,455000.0,455000.0,0.0,1667819000.0,608281000.0,1059538000.0,2996531166.0,-440000.0,0.0,-16833000.0,-92653000.0,-14102000.0,-121091000.0,75835000.0,27000.0,42961000.0,1855000.0,51398000.0,51398000.0,51398000.0,0.0,0.0,0.106,121658000.0,85718000.0,102609000.0,0.291,4.587,17.421,17.448,491033000.0,0.0,31.93,1.632,1.631,370556000.0,1436877000.0,482611000.0,482611000.0,38897000.0,,,,,0.0,72888000.0,1.0,93846889.0,93782000.0,94874000.0,5.146,1544656000.0,66160000.0,23992000.0,47859000.0,16.471,373907000.0
73,IFF,MRQ,2003-03-31,2003-03-31,2003-03-31,2021-09-07,-205271000.0,2290722000.0,,945972000.0,1344750000.0,,6.249,-5638000.0,15866000.0,15866000.0,270447000.0,32017000.0,1.536,2.893,1087593000.0,294385000.0,793208000.0,1087593000.0,0.0,21403000.0,0.0,0.019,0.15,54627000.0,76030000.0,0.163,76030000.0,54627000.0,46514000.0,0.34,0.34,0.34,588396000.0,,588396000.0,3960289149.0,14.0,10.726,8688000.0,0.092,1.0,195777000.0,0.42,779545000.0,8113000.0,1967002000.0,,422872000.0,468000.0,468000.0,0.0,1702326000.0,615902000.0,1086424000.0,2918399149.0,1008000.0,0.0,-19035000.0,18691000.0,-14138000.0,-7038000.0,-5793000.0,-155000.0,14326000.0,-487000.0,32017000.0,32017000.0,32017000.0,0.0,0.0,0.069,138624000.0,57153000.0,98741000.0,0.441,4.96,17.579,17.665,511805000.0,0.0,31.09,1.595,1.6,355350000.0,1400454000.0,466224000.0,466224000.0,38962000.0,,,,,0.0,76115000.0,1.0,93869384.0,94158000.0,95281000.0,4.952,1511177000.0,70110000.0,14497000.0,38399000.0,16.049,330070000.0
74,IFF,MRQ,2002-12-31,2002-12-31,2002-12-31,2021-09-07,-212480000.0,2232694000.0,,866749000.0,1365945000.0,,6.092,-14895000.0,14858000.0,14858000.0,242284000.0,38997000.0,2.411,2.885,1056748000.0,49663000.0,1007085000.0,1056748000.0,0.0,21067000.0,0.0,0.017,0.15,67230000.0,88297000.0,0.208,88297000.0,67230000.0,58862000.0,0.42,0.41,0.42,574678000.0,,574678000.0,4364569270.0,14.0,11.251,46784000.0,0.496,1.0,182008000.0,0.429,794079000.0,8368000.0,2121008000.0,,421603000.0,307000.0,307000.0,0.0,1658016000.0,359497000.0,1298519000.0,3311302270.0,-8286000.0,-11791000.0,-4325000.0,-35453000.0,-14180000.0,-52684000.0,-18540000.0,8146000.0,61679000.0,1259000.0,38997000.0,38997000.0,38997000.0,0.0,0.0,0.092,115036000.0,66972000.0,104007000.0,0.357,5.762,18.82,18.871,520499000.0,0.0,35.1,1.83,1.83,314373000.0,1382539000.0,424292000.0,424292000.0,36171000.0,,,,,0.0,75707000.0,1.0,94339096.0,94339096.0,,4.498,1438615000.0,67176000.0,19865000.0,38496000.0,15.249,507252000.0
75,IFF,MRQ,2002-09-30,2002-09-30,2002-09-30,2021-09-07,-182131000.0,2225520000.0,,882151000.0,1343369000.0,,6.081,-17387000.0,23144000.0,23144000.0,261075000.0,49599000.0,2.423,2.868,1076411000.0,22703000.0,1053708000.0,1076411000.0,0.0,20993000.0,0.0,0.019,0.15,83804000.0,104797000.0,0.226,104797000.0,83804000.0,74857000.0,0.52,0.52,0.52,575388000.0,,575388000.0,4125217393.0,14.0,10.553,78018000.0,0.824,1.0,201702000.0,0.436,780126000.0,8947000.0,2134538000.0,,398049000.0,524000.0,524000.0,0.0,1650132000.0,364123000.0,1286009000.0,3017594393.0,-10971000.0,0.0,-23416000.0,-44746000.0,-14242000.0,-80186000.0,-25471000.0,-8084000.0,95405000.0,-719000.0,49599000.0,49599000.0,49599000.0,0.0,0.0,0.107,118459000.0,83243000.0,94889000.0,0.288,5.244,18.165,18.2,508615000.0,0.0,31.85,1.673,1.671,350017000.0,1357711000.0,462777000.0,462777000.0,37664000.0,,,,,0.0,75142000.0,1.0,94743937.0,94628000.0,95665000.0,4.89,1445394000.0,61628000.0,25258000.0,69665000.0,15.274,518028000.0
76,IFF,MRQ,2002-06-30,2002-06-30,2002-06-30,2021-09-07,-163713000.0,2285704000.0,,925383000.0,1360321000.0,,6.128,29642000.0,34115000.0,34115000.0,272612000.0,45401000.0,1.882,2.944,1141738000.0,162901000.0,978837000.0,1141738000.0,0.0,21924000.0,0.0,0.018,0.15,78188000.0,100112000.0,0.21,100112000.0,78188000.0,68894000.0,0.48,0.47,0.48,579515000.0,,579515000.0,4180884699.0,15.0,10.764,79248000.0,0.838,1.0,203724000.0,0.428,783284000.0,9294000.0,2118253000.0,,406495000.0,361000.0,361000.0,0.0,1706189000.0,491790000.0,1214399000.0,3062047699.0,-357000.0,0.0,-27501000.0,-57790000.0,-14189000.0,-81687000.0,29675000.0,33000.0,49606000.0,2049000.0,45401000.0,45401000.0,45401000.0,0.0,0.0,0.095,126343000.0,77381000.0,97469000.0,0.312,5.284,20.404,20.563,520732000.0,0.0,32.49,1.697,1.703,369827000.0,1322261000.0,476336000.0,476336000.0,35022000.0,,,,,0.0,78921000.0,1.0,94245851.0,94572000.0,96029000.0,5.037,1502420000.0,54570000.0,23493000.0,60439000.0,15.887,433593000.0
77,IFF,MRQ,2002-03-31,2002-03-31,2002-03-31,2021-09-07,-184098000.0,2239348000.0,,884556000.0,1354792000.0,,5.687,-14541000.0,34472000.0,34472000.0,259864000.0,41947000.0,1.596,3.165,1153309000.0,222581000.0,930728000.0,1153309000.0,0.0,20474000.0,0.0,0.017,0.15,74231000.0,94705000.0,0.212,94705000.0,74231000.0,63804000.0,0.44,0.44,0.44,537649000.0,,537649000.0,4421594409.0,16.0,11.272,22113000.0,0.234,1.0,185980000.0,0.417,786442000.0,10427000.0,2017540000.0,,408248000.0,396000.0,396000.0,0.0,1701699000.0,554203000.0,1147496000.0,3302766409.0,-14049000.0,0.0,-17031000.0,-12543000.0,-14215000.0,-35495000.0,-14555000.0,-14000.0,36654000.0,-653000.0,41947000.0,41947000.0,41947000.0,0.0,0.0,0.094,113714000.0,72266000.0,101875000.0,0.341,6.143,23.989,24.285,526884000.0,0.0,34.97,1.829,1.831,339628000.0,1291103000.0,445844000.0,445844000.0,35170000.0,,,,,0.0,75386000.0,1.0,94445708.0,94534000.0,96182000.0,4.716,1452906000.0,57168000.0,21857000.0,72618000.0,15.369,330353000.0
78,IFF,MRQ,2001-12-31,2001-12-31,2001-12-31,2021-09-07,-178536000.0,2268051000.0,,896361000.0,1371690000.0,,5.528,-8941000.0,48521000.0,48521000.0,241157000.0,29170000.0,1.6,3.327,1167349000.0,227945000.0,939404000.0,1167349000.0,0.0,30310000.0,0.0,0.02,0.15,60993000.0,91303000.0,0.218,91303000.0,60993000.0,47048000.0,0.31,0.3,0.31,524170000.0,,524170000.0,4001587442.0,15.0,10.484,55865000.0,0.589,1.0,178013000.0,0.425,795920000.0,13945000.0,2030745000.0,,415984000.0,384000.0,384000.0,0.0,1743881000.0,560214000.0,1183667000.0,2817205442.0,-17863000.0,0.0,-15280000.0,-47565000.0,-14282000.0,-72779000.0,-8920000.0,21000.0,64806000.0,-970000.0,29170000.0,29170000.0,29170000.0,0.0,0.0,0.07,118531000.0,59482000.0,85659000.0,0.484,5.375,24.286,24.554,532473000.0,0.0,29.71,1.528,1.528,318023000.0,1263344000.0,419170000.0,419170000.0,32744000.0,,,,,0.0,73944000.0,1.0,94823475.0,94823475.0,,4.421,1472131000.0,77449000.0,17878000.0,94394000.0,15.525,336147000.0
79,IFF,MRQ,2001-09-30,2001-09-30,2001-09-30,2021-09-07,-159570000.0,2374634000.0,,961350000.0,1413284000.0,,5.663,-10537000.0,66384000.0,66384000.0,268631000.0,33555000.0,1.506,3.392,1250766000.0,306156000.0,944610000.0,1250766000.0,0.0,30853000.0,0.0,0.022,0.15,71451000.0,102304000.0,0.221,102304000.0,71451000.0,54906000.0,0.35,0.35,0.35,540673000.0,,540673000.0,3846993124.0,18.0,11.542,79415000.0,0.832,1.0,194088000.0,0.419,773779000.0,16545000.0,2146725000.0,,419963000.0,406000.0,406000.0,0.0,1833961000.0,638512000.0,1195449000.0,2646152124.0,5695000.0,0.0,-15987000.0,-46365000.0,-14357000.0,-75366000.0,-11968000.0,-1431000.0,89952000.0,3077000.0,33555000.0,33555000.0,33555000.0,0.0,0.0,0.073,124501000.0,69587000.0,76235000.0,0.429,4.894,29.996,29.774,576951000.0,0.0,27.69,1.463,1.461,362353000.0,1248397000.0,462719000.0,462719000.0,31596000.0,,,,,0.0,72545000.0,1.0,95563457.0,95467000.0,96746000.0,4.847,1600855000.0,59555000.0,21351000.0,98857000.0,16.769,322838000.0
80,IFF,MRQ,2001-06-30,2001-06-30,2001-06-30,2021-09-07,-156940000.0,2385306000.0,,976582000.0,1408724000.0,,5.625,-9759000.0,60689000.0,60689000.0,269506000.0,33005000.0,1.257,3.429,1261530000.0,445252000.0,816278000.0,1261530000.0,0.0,32917000.0,0.0,0.033,0.15,71021000.0,103938000.0,0.217,103938000.0,71021000.0,53387000.0,0.34,0.34,0.34,538609000.0,,538609000.0,3624143128.0,19.0,12.369,40060000.0,0.418,1.0,208710000.0,0.436,780544000.0,17634000.0,2028913000.0,,418618000.0,408000.0,408000.0,0.0,1846697000.0,776690000.0,1070007000.0,2407643128.0,-5245000.0,0.0,-5858000.0,-15861000.0,-14365000.0,-34933000.0,-14721000.0,-4962000.0,49819000.0,-5410000.0,33005000.0,33005000.0,33005000.0,0.0,0.0,0.069,136683000.0,72027000.0,86957000.0,0.441,4.47,28.803,28.885,584629000.0,0.0,25.13,1.428,1.427,367475000.0,1229116000.0,478216000.0,478216000.0,35502000.0,,,,,0.0,81001000.0,1.0,95807526.0,95756000.0,96735000.0,4.994,1604762000.0,68780000.0,20382000.0,105046000.0,16.759,199892000.0
81,IFF,MRQ,2001-03-31,2001-03-31,2001-03-31,2021-09-07,-147968000.0,2406963000.0,,970622000.0,1436341000.0,,5.495,-7879000.0,65934000.0,65934000.0,284139000.0,20272000.0,1.238,3.517,1282434000.0,443902000.0,838532000.0,1282434000.0,0.0,29413000.0,0.0,0.048,0.15,54736000.0,84149000.0,0.174,84149000.0,54736000.0,32436000.0,0.21,0.21,0.21,532883000.0,,532883000.0,3254121343.0,17.0,11.599,-30951000.0,-0.319,1.0,199522000.0,0.413,790025000.0,22300000.0,2049372000.0,,417683000.0,5469000.0,5469000.0,0.0,1874080000.0,784066000.0,1090014000.0,2112603343.0,-62935000.0,0.0,-34109000.0,22420000.0,-14614000.0,-26303000.0,-13043000.0,-5164000.0,-23072000.0,-517000.0,20272000.0,20272000.0,20272000.0,0.0,0.0,0.042,145026000.0,54496000.0,80582000.0,0.714,3.964,21.232,21.842,603965000.0,0.0,22.06,1.34,1.357,346733000.0,1210468000.0,483661000.0,483661000.0,35406000.0,,,,,0.0,85845000.0,1.0,95766244.0,96984000.0,97586000.0,4.987,1616938000.0,0.0,12164000.0,120250000.0,16.672,186556000.0
82,IFF,MRQ,2000-12-31,2000-12-31,2000-12-31,2021-09-07,-77578000.0,2489033000.0,,1018940000.0,1470093000.0,,6.459,-4666000.0,128869000.0,128869000.0,231915000.0,1386000.0,0.864,2.943,1270387000.0,852985000.0,417402000.0,1270387000.0,0.0,24612000.0,0.0,0.064,0.15,18309000.0,42921000.0,0.112,42921000.0,18309000.0,2643000.0,0.03,0.03,0.03,631259000.0,,631259000.0,2144772364.0,10.0,7.7,53220000.0,0.545,1.0,152618000.0,0.397,755923000.0,15666000.0,1695611000.0,,435312000.0,369000.0,369000.0,0.0,1857774000.0,1179017000.0,678757000.0,1985039364.0,22049000.0,-953295000.0,-25198000.0,988799000.0,-37902000.0,927086000.0,-958009000.0,-48000.0,57886000.0,-4914000.0,1386000.0,1386000.0,1386000.0,0.0,0.0,0.004,134483000.0,18135000.0,75021000.0,5.0,3.145,16.138,16.648,679874000.0,0.0,20.31,1.357,1.357,332220000.0,1204561000.0,384533000.0,384533000.0,30248000.0,,,,,0.0,72969000.0,1.0,97737044.0,97737044.0,,3.934,1733110000.0,62057000.0,1257000.0,164224000.0,17.732,-160077000.0
83,IFF,MRQ,2000-09-30,2000-09-30,2000-09-30,2021-09-07,-100278000.0,1366938000.0,,826343000.0,540595000.0,,6.467,-12439000.0,106820000.0,106820000.0,191499000.0,28927000.0,1.553,1.117,266553000.0,250936000.0,15617000.0,266553000.0,0.0,15038000.0,0.0,0.083,0.38,46946000.0,61984000.0,0.183,61984000.0,46946000.0,42751000.0,0.29,0.29,0.29,645598000.0,,645598000.0,1976060028.0,8.0,6.399,83331000.0,0.835,1.0,148092000.0,0.436,0.0,4195000.0,994467000.0,,358363000.0,324000.0,324000.0,0.0,721340000.0,532204000.0,189136000.0,1823017028.0,54417000.0,0.0,-51861000.0,64388000.0,-38565000.0,-26038000.0,-11787000.0,652000.0,95770000.0,-3528000.0,28927000.0,28927000.0,28927000.0,0.0,0.0,0.085,98532000.0,49560000.0,48714000.0,1.31,2.824,11.52,11.851,506693000.0,0.0,18.25,1.289,1.288,273399000.0,1217789000.0,339591000.0,339591000.0,28666000.0,,,,,0.0,62181000.0,1.0,99891344.0,99833000.0,99833000.0,3.402,1366938000.0,0.0,13824000.0,84388000.0,13.692,294139000.0
84,IFF,MRQ,2000-06-30,2000-06-30,2000-06-30,2021-09-07,-72363000.0,1384587000.0,,828787000.0,555800000.0,,7.174,-17830000.0,52403000.0,52403000.0,203562000.0,48916000.0,1.791,0.886,205446000.0,188444000.0,17002000.0,205446000.0,0.0,15194000.0,0.0,0.05,0.38,76295000.0,91489000.0,0.248,91489000.0,76295000.0,73221000.0,0.48,0.48,0.48,734284000.0,,734284000.0,3206089185.0,12.0,9.575,54169000.0,0.529,1.0,165197000.0,0.448,0.0,3074000.0,1074970000.0,,370443000.0,983000.0,983000.0,0.0,650303000.0,462660000.0,187643000.0,3104146185.0,1340000.0,0.0,-65836000.0,51802000.0,-39153000.0,-53187000.0,-18106000.0,-276000.0,71999000.0,634000.0,48916000.0,48916000.0,48916000.0,0.0,0.0,0.133,88699000.0,76498000.0,55982000.0,0.792,4.227,17.392,17.655,520553000.0,0.0,30.19,2.157,2.147,324477000.0,1226699000.0,368759000.0,368759000.0,26945000.0,,,,,0.0,61754000.0,1.0,102820344.0,102359000.0,102387000.0,3.603,1384587000.0,0.0,24305000.0,91690000.0,13.527,366127000.0
85,IFF,MRQ,2000-03-31,2000-03-31,2000-03-31,2021-09-07,-72177000.0,1357349000.0,,810957000.0,546392000.0,,7.577,-14460000.0,51063000.0,51063000.0,204677000.0,43776000.0,2.112,0.718,153006000.0,138172000.0,14834000.0,153006000.0,0.0,14500000.0,0.0,0.043,0.38,67649000.0,82149000.0,0.222,82149000.0,67649000.0,65512000.0,0.42,0.42,0.42,790041000.0,,790041000.0,3646472219.0,15.0,12.149,28995000.0,0.278,1.0,165235000.0,0.447,0.0,2137000.0,1075333000.0,,387325000.0,709000.0,709000.0,0.0,567308000.0,383959000.0,183349000.0,3612301219.0,-11072000.0,0.0,-58058000.0,58171000.0,-39882000.0,-39769000.0,-14333000.0,127000.0,43455000.0,-425000.0,43776000.0,43776000.0,43776000.0,0.0,0.0,0.118,97915000.0,67320000.0,51934000.0,0.905,4.572,23.009,23.53,517662000.0,0.0,35.06,2.506,2.536,298236000.0,1216413000.0,369912000.0,369912000.0,26812000.0,,,,,0.0,61749000.0,1.0,103031980.0,104264000.0,104285000.0,3.548,1357349000.0,0.0,21736000.0,86411000.0,13.018,426998000.0
86,IFF,MRQ,1999-12-31,1999-12-31,1999-12-31,2021-09-07,-57135000.0,1401495000.0,,835414000.0,566081000.0,,8.168,-20821000.0,62135000.0,62135000.0,195271000.0,36631000.0,2.26,0.632,96306000.0,92474000.0,3832000.0,96306000.0,0.0,16539000.0,0.0,0.04,0.38,56640000.0,73179000.0,0.218,73179000.0,56640000.0,55047000.0,0.35,0.35,0.35,858497000.0,,858497000.0,3923145273.0,16.0,12.863,18789000.0,0.179,1.0,140710000.0,0.419,0.0,1593000.0,1065964000.0,,415269000.0,836000.0,836000.0,0.0,542998000.0,369702000.0,173296000.0,3955104273.0,-29230000.0,0.0,-43077000.0,37532000.0,-40334000.0,-45879000.0,-20846000.0,-25000.0,39610000.0,-2115000.0,36631000.0,36631000.0,36631000.0,0.0,0.0,0.109,88771000.0,51939000.0,71989000.0,1.086,4.607,24.414,24.595,523916000.0,0.0,37.63,2.748,2.748,280105000.0,1211790000.0,335981000.0,335981000.0,26802000.0,,,,,0.0,58489000.0,1.0,105105083.0,105105083.0,,3.197,1401495000.0,0.0,18416000.0,87282000.0,13.334,465712000.0
87,IFF,MRQ,1999-09-30,1999-09-30,1999-09-30,2021-09-07,-37653000.0,1437806000.0,,870189000.0,567617000.0,,8.714,-17996000.0,91365000.0,91365000.0,199432000.0,49155000.0,2.551,0.557,59406000.0,55485000.0,3921000.0,59406000.0,0.0,12736000.0,0.0,0.044,0.38,75279000.0,88015000.0,0.241,88015000.0,75279000.0,73917000.0,0.46,0.46,0.46,923723000.0,,923723000.0,3628543962.0,15.0,12.153,40300000.0,0.38,1.0,165242000.0,0.453,0.0,1362000.0,1064776000.0,,408494000.0,810000.0,810000.0,0.0,514083000.0,341071000.0,173012000.0,3661615962.0,5472000.0,0.0,-520000.0,3939000.0,-40317000.0,-36898000.0,-17510000.0,486000.0,58296000.0,1584000.0,49155000.0,49155000.0,49155000.0,0.0,0.0,0.135,87598000.0,77644000.0,80193000.0,0.826,3.964,22.832,22.848,525364000.0,0.0,34.5,2.574,2.571,300671000.0,1215041000.0,364674000.0,364674000.0,25124000.0,,,,,0.0,61764000.0,1.0,106133796.0,106003000.0,106271000.0,3.44,1437806000.0,0.0,24762000.0,76135000.0,13.564,529118000.0
88,IFF,MRQ,1999-06-30,1999-06-30,1999-06-30,2021-09-07,-57131000.0,1385025000.0,,834391000.0,550634000.0,,8.453,-28648000.0,85893000.0,85893000.0,205210000.0,27434000.0,2.614,0.547,52821000.0,49191000.0,3630000.0,52821000.0,0.0,14436000.0,0.0,0.034,0.38,42355000.0,56791000.0,0.153,56791000.0,42355000.0,41147000.0,0.26,0.26,0.26,895365000.0,,895365000.0,4617210868.0,19.0,15.489,22591000.0,0.213,1.0,165869000.0,0.447,0.0,1208000.0,1032806000.0,,386988000.0,1244000.0,1244000.0,0.0,489660000.0,319147000.0,170513000.0,4666441868.0,-15952000.0,0.0,1790000.0,1440000.0,-40297000.0,-37067000.0,-28820000.0,-172000.0,51239000.0,-1304000.0,27434000.0,27434000.0,27434000.0,0.0,0.0,0.074,118915000.0,46954000.0,73813000.0,1.462,5.212,28.9,28.947,509697000.0,0.0,44.0,3.315,3.311,291768000.0,1206220000.0,371079000.0,371079000.0,25943000.0,,,,,0.0,64214000.0,1.0,106055497.0,105928000.0,106127000.0,3.503,1385025000.0,0.0,13713000.0,71611000.0,13.075,515244000.0
89,IFF,MRQ,1999-03-31,1999-03-31,1999-03-31,2021-09-07,-39827000.0,1375952000.0,,826563000.0,549389000.0,,8.717,-34445000.0,101845000.0,101845000.0,206469000.0,48780000.0,2.948,0.49,52614000.0,48666000.0,3948000.0,52614000.0,0.0,12658000.0,0.0,0.04,0.38,74345000.0,87003000.0,0.237,87003000.0,74345000.0,73354000.0,0.46,0.46,0.46,923199000.0,,923199000.0,3901495613.0,13.0,11.479,12228000.0,0.115,1.0,161296000.0,0.439,0.0,991000.0,1046322000.0,,383506000.0,1205000.0,1205000.0,0.0,452753000.0,280399000.0,172354000.0,3983042613.0,-13115000.0,0.0,-201000.0,21029000.0,-40301000.0,-19473000.0,-34616000.0,-171000.0,46673000.0,-5699000.0,48780000.0,48780000.0,48780000.0,0.0,0.0,0.133,89505000.0,71791000.0,69191000.0,0.826,4.314,20.97,21.101,508523000.0,0.0,37.56,2.842,2.838,278383000.0,1219103000.0,367765000.0,367765000.0,25925000.0,,,,,0.0,63580000.0,1.0,106044798.0,105907000.0,106128000.0,3.473,1375952000.0,0.0,24574000.0,75888000.0,12.992,546164000.0
90,IFF,MRQ,1998-12-31,1998-12-31,1998-12-31,2021-09-07,-9130000.0,1388064000.0,,848028000.0,540036000.0,,8.907,-33090000.0,114960000.0,114960000.0,191111000.0,35003000.0,3.107,0.469,33413000.0,29072000.0,4341000.0,33413000.0,0.0,12715000.0,0.0,0.034,0.38,54049000.0,66764000.0,0.209,66764000.0,54049000.0,53402000.0,0.33,0.33,0.33,945051000.0,,945051000.0,4578457414.0,15.0,12.644,25056000.0,0.236,1.0,127728000.0,0.401,0.0,647000.0,1033609000.0,,403961000.0,1039000.0,1039000.0,0.0,443013000.0,272908000.0,170105000.0,4688892414.0,-27178000.0,0.0,-12756000.0,40000.0,-39448000.0,-52164000.0,-33220000.0,-130000.0,58146000.0,60000.0,35003000.0,35003000.0,35003000.0,0.0,0.0,0.11,73732000.0,53996000.0,60331000.0,1.152,4.962,23.009,23.258,498784000.0,0.0,44.19,3.332,3.332,254835000.0,1210620000.0,318839000.0,318839000.0,25488000.0,,,,,0.0,48244000.0,1.0,106107545.0,106107545.0,,3.005,1388064000.0,0.0,18399000.0,77377000.0,13.082,575120000.0
91,IFF,MRQ,1998-09-30,1998-09-30,1998-09-30,2021-09-07,-13468000.0,1417092000.0,,900268000.0,516824000.0,,8.964,-25690000.0,142138000.0,142138000.0,193176000.0,50249000.0,3.023,0.479,31703000.0,28572000.0,3131000.0,31703000.0,0.0,12331000.0,0.0,0.045,0.37,75206000.0,87537000.0,0.25,87537000.0,75206000.0,74729000.0,0.47,0.47,0.47,958006000.0,,958006000.0,3407708335.0,11.0,9.388,43781000.0,0.41,1.0,156670000.0,0.448,0.0,477000.0,1008872000.0,,402077000.0,912000.0,912000.0,0.0,459086000.0,297785000.0,161301000.0,3537583335.0,-7917000.0,0.0,-39783000.0,10096000.0,-39856000.0,-69543000.0,-14692000.0,10998000.0,69471000.0,6847000.0,50249000.0,50249000.0,50249000.0,0.0,0.0,0.144,82911000.0,73759000.0,63830000.0,0.787,3.693,17.363,17.46,474768000.0,0.0,33.0,2.536,2.529,287957000.0,1215918000.0,349846000.0,349846000.0,24655000.0,,,,,0.0,58256000.0,1.0,107199495.0,106872000.0,107054000.0,3.274,1417092000.0,0.0,24480000.0,83031000.0,13.26,602483000.0
92,IFF,MRQ,1998-06-30,1998-06-30,1998-06-30,2021-09-07,-52129000.0,1384649000.0,,894557000.0,490092000.0,,8.815,-18101000.0,150055000.0,150055000.0,195270000.0,55907000.0,3.183,0.461,20180000.0,16280000.0,3900000.0,20180000.0,0.0,11988000.0,0.0,0.034,0.37,86602000.0,98590000.0,0.27,98590000.0,86602000.0,86143000.0,0.52,0.52,0.52,947765000.0,,947765000.0,4537230995.0,14.0,12.04,42918000.0,0.399,1.0,169983000.0,0.465,0.0,459000.0,973707000.0,,375744000.0,11908000.0,11908000.0,0.0,436884000.0,281067000.0,155817000.0,4681306995.0,-9231000.0,0.0,-17624000.0,5308000.0,-39908000.0,-52224000.0,-17202000.0,899000.0,61019000.0,-824000.0,55907000.0,55907000.0,55907000.0,0.0,0.0,0.153,84965000.0,85018000.0,62095000.0,0.712,4.939,22.27,22.392,448294000.0,0.0,43.44,3.341,3.333,287882000.0,1205117000.0,365253000.0,365253000.0,24445000.0,,,,,0.0,60520000.0,1.0,107764894.0,107521000.0,107958000.0,3.397,1384649000.0,0.0,30236000.0,85255000.0,12.878,613490000.0
93,IFF,MRQ,1998-03-31,1998-03-31,1998-03-31,2021-09-07,-47798000.0,1381188000.0,,896542000.0,484646000.0,,8.815,-12860000.0,159286000.0,159286000.0,198207000.0,62626000.0,3.295,0.449,15210000.0,10978000.0,4232000.0,15210000.0,0.0,11972000.0,0.0,0.031,0.37,97253000.0,109225000.0,0.293,109225000.0,97253000.0,96794000.0,0.58,0.58,0.58,953106000.0,,953106000.0,4882906927.0,14.0,12.516,14930000.0,0.138,1.0,175204000.0,0.469,0.0,459000.0,965002000.0,,366915000.0,12816000.0,12816000.0,0.0,428082000.0,272110000.0,155972000.0,5084296927.0,-57708000.0,0.0,-59716000.0,-254000.0,-40407000.0,-100377000.0,17139000.0,29999000.0,27790000.0,-2260000.0,62626000.0,62626000.0,62626000.0,0.0,0.0,0.168,81223000.0,93981000.0,65793000.0,0.638,5.334,23.364,23.565,443239000.0,0.0,47.13,3.587,3.595,280432000.0,1189066000.0,373411000.0,373411000.0,23850000.0,,,,,0.0,57373000.0,1.0,107878144.0,108129000.0,108524000.0,3.453,1381188000.0,0.0,34168000.0,90615000.0,12.774,624432000.0
94,IFF,MRQ,1997-12-31,1997-12-31,1997-12-31,2021-09-07,-36851000.0,1422261000.0,,935459000.0,486802000.0,,9.164,-21110000.0,216994000.0,216994000.0,169819000.0,34961000.0,3.532,0.422,15604000.0,10490000.0,5114000.0,15604000.0,0.0,12767000.0,0.0,0.028,0.37,54876000.0,67643000.0,0.221,67643000.0,54876000.0,54370000.0,0.32,0.32,0.32,1000488000.0,,1000488000.0,5413992848.0,16.0,13.78,35866000.0,0.329,1.0,136447000.0,0.446,0.0,506000.0,956010000.0,,360074000.0,43452000.0,43452000.0,0.0,421773000.0,264861000.0,156912000.0,5622697848.0,-16465000.0,0.0,-6067000.0,-7920000.0,-39353000.0,-53340000.0,-17255000.0,3855000.0,56976000.0,-2846000.0,34961000.0,34961000.0,34961000.0,0.0,0.0,0.114,83096000.0,53351000.0,57832000.0,1.156,5.62,25.765,25.75,446509000.0,0.0,51.5,3.941,3.941,234690000.0,1166348000.0,306266000.0,306266000.0,24274000.0,,,,,0.0,58822000.0,1.0,109178599.0,109178599.0,,2.805,1422261000.0,0.0,19409000.0,79209000.0,13.027,670598000.0
95,IFF,MRQ,1997-09-30,1997-09-30,1997-09-30,2021-09-07,-13518000.0,1473407000.0,,993416000.0,479991000.0,,9.469,-12970000.0,233459000.0,233459000.0,191978000.0,56715000.0,3.416,0.426,24754000.0,18674000.0,6080000.0,24754000.0,0.0,12746000.0,0.0,0.029,0.36,88632000.0,101378000.0,0.285,101378000.0,88632000.0,87895000.0,0.52,0.52,0.52,1033154000.0,,1033154000.0,5176408397.0,15.0,12.82,68087000.0,0.624,1.0,164264000.0,0.461,0.0,737000.0,973900000.0,,356477000.0,47063000.0,47063000.0,0.0,440253000.0,290802000.0,149451000.0,5354683397.0,24930000.0,0.0,2798000.0,-4713000.0,-39300000.0,-41215000.0,-13293000.0,-323000.0,81057000.0,-1619000.0,56715000.0,56715000.0,56715000.0,0.0,0.0,0.159,77981000.0,86283000.0,58804000.0,0.692,5.183,23.886,23.902,446485000.0,0.0,49.0,3.707,3.701,273690000.0,1171794000.0,356242000.0,356242000.0,23068000.0,,,,,0.0,54913000.0,1.0,109279253.0,109113000.0,109844000.0,3.265,1473407000.0,0.0,31180000.0,86325000.0,13.503,702614000.0
96,IFF,MRQ,1997-06-30,1997-06-30,1997-06-30,2021-09-07,4283000.0,1478824000.0,,992376000.0,486448000.0,,9.44,-14511000.0,208529000.0,208529000.0,204055000.0,63309000.0,3.29,0.436,30254000.0,22903000.0,7351000.0,30254000.0,0.0,12469000.0,0.0,0.028,0.36,99415000.0,111884000.0,0.293,111884000.0,99415000.0,98797000.0,0.58,0.57,0.58,1030118000.0,,1030118000.0,5328526882.0,15.0,13.374,43769000.0,0.401,1.0,177415000.0,0.465,0.0,618000.0,998891000.0,,349501000.0,46326000.0,46326000.0,0.0,448706000.0,301658000.0,147048000.0,5510522882.0,1274000.0,0.0,-11071000.0,4026000.0,-39393000.0,-46438000.0,-6129000.0,8382000.0,58280000.0,-4439000.0,63309000.0,63309000.0,63309000.0,0.0,0.0,0.166,80497000.0,96918000.0,62190000.0,0.621,5.349,24.982,25.124,452746000.0,0.0,50.5,3.818,3.818,297543000.0,1154432000.0,381470000.0,381470000.0,23496000.0,,,,,0.0,57001000.0,1.0,109119265.0,109119265.0,,3.496,1478824000.0,0.0,35488000.0,92488000.0,13.552,690718000.0
97,IFF,MRQ,1997-03-31,1997-03-31,1997-03-31,2021-09-07,17428000.0,1463784000.0,,976906000.0,486878000.0,,9.407,-9620000.0,207255000.0,207255000.0,207293000.0,63244000.0,3.427,0.422,25259000.0,18282000.0,6977000.0,25259000.0,0.0,12296000.0,0.0,0.032,0.36,99688000.0,111984000.0,0.293,111984000.0,99688000.0,99129000.0,0.58,0.58,0.58,1029646000.0,,1029646000.0,4555077506.0,15.0,13.2,33215000.0,0.303,1.0,175520000.0,0.459,0.0,559000.0,996747000.0,,358152000.0,54136000.0,54136000.0,0.0,434138000.0,285041000.0,149097000.0,4789229506.0,-54115000.0,0.0,-41292000.0,-1055000.0,-39628000.0,-81975000.0,-8329000.0,1291000.0,42835000.0,-6646000.0,63244000.0,63244000.0,63244000.0,0.0,0.0,0.165,79903000.0,95617000.0,62052000.0,0.621,4.651,25.614,25.888,453398000.0,0.0,43.75,3.335,3.334,282438000.0,1130423000.0,382813000.0,382813000.0,23573000.0,,,,,0.0,56330000.0,1.0,109468103.0,109454000.0,109946000.0,3.497,1463784000.0,0.0,35885000.0,87549000.0,13.374,691865000.0
98,IFF,MRQ,1996-12-31,1996-12-31,1996-12-31,2021-09-07,47555000.0,1506913000.0,,1006356000.0,500557000.0,,9.834,-15935000.0,261370000.0,261370000.0,179170000.0,40912000.0,3.588,0.4,27218000.0,18929000.0,8289000.0,27218000.0,0.0,13090000.0,0.0,0.031,0.36,65426000.0,78516000.0,0.242,78516000.0,65426000.0,64779000.0,0.37,,0.37,1076537000.0,,1076537000.0,,,,67205000.0,0.614,1.0,144854000.0,0.447,0.0,647000.0,992297000.0,,369078000.0,56613000.0,56613000.0,0.0,430376000.0,280464000.0,149912000.0,4926064635.0,14279000.0,0.0,-25264000.0,6522000.0,-37588000.0,-56330000.0,-10982000.0,4953000.0,83140000.0,-1549000.0,40912000.0,40912000.0,40912000.0,0.0,0.0,0.126,81226000.0,63628000.0,57681000.0,0.973,4.576,25.941,26.316,467797000.0,0.0,45.0,3.43,3.43,244751000.0,1106572000.0,324024000.0,324024000.0,24069000.0,,,,,0.0,57157000.0,1.0,109468103.0,109468103.0,,2.96,1506913000.0,0.0,23867000.0,73773000.0,13.766,725892000.0
99,IFF,MRQ,1996-09-30,1996-09-30,1996-09-30,2021-09-07,,,,,,,,-18212000.0,,,193768000.0,53115000.0,,,,,,,,11596000.0,,0.031,0.34,84446000.0,96042000.0,0.271,96042000.0,84446000.0,83646000.0,0.48,,0.48,,,,,,,75889000.0,,1.0,161097000.0,0.454,,800000.0,,,,,,,,,,,20291000.0,0.0,-25846000.0,-5407000.0,-37773000.0,-69026000.0,-4402000.0,13810000.0,94101000.0,-382000.0,53115000.0,53115000.0,53115000.0,0.0,0.0,0.15,79145000.0,81952000.0,,0.708,,,,,0.0,43.62,,,,,354865000.0,354865000.0,23431000.0,,,,,0.0,55714000.0,1.0,,,,,,,30531000.0,,,
100,IFF,MRQ,1996-06-30,1996-06-30,1996-06-30,2021-09-07,,,,,,,,-24363000.0,,,201807000.0,29703000.0,,,,,,,,11418000.0,,0.028,0.34,47131000.0,58549000.0,0.156,58549000.0,47131000.0,46384000.0,0.26,,0.26,,,,,,,59380000.0,,1.0,172590000.0,0.461,,747000.0,,,,,,,,,,,-3446000.0,0.0,-1922000.0,1811000.0,-37754000.0,-37865000.0,-45466000.0,-21103000.0,83743000.0,-3858000.0,29703000.0,29703000.0,29703000.0,0.0,0.0,0.079,128158000.0,44432000.0,,1.308,,,,,0.0,47.875,,,,,374397000.0,374397000.0,23096000.0,,,,,0.0,55355000.0,1.0,,,,,,,16681000.0,,,
101,IFF,MRQ,1996-03-31,1996-03-31,1996-03-31,2021-09-07,,,,,,,,-20915000.0,,,204071000.0,66164000.0,,,,,,,,11660000.0,,0.027,0.34,104840000.0,116500000.0,0.304,116500000.0,104840000.0,104294000.0,0.6,,0.6,,,,,,,26100000.0,0.235,1.0,178696000.0,0.467,,546000.0,,,,,,,,,,,-21184000.0,0.0,2891000.0,1988000.0,-37749000.0,-32870000.0,-31218000.0,-10303000.0,47015000.0,-4111000.0,66164000.0,66164000.0,66164000.0,0.0,0.0,0.173,78270000.0,100426000.0,,0.567,,,,,0.0,48.25,,,,,382767000.0,382767000.0,22949000.0,,,,,0.0,55321000.0,1.0,,111000000.0,,3.448,,,38130000.0,,,
102,IFF,MRQ,1995-12-31,1995-12-31,1995-12-31,2021-09-07,75049000.0,1534269000.0,,1035977000.0,498292000.0,,,,251430000.0,251430000.0,,,3.748,0.374,23801000.0,12185000.0,11616000.0,23801000.0,0.0,,0.0,0.026,0.34,,,,,,,,,,1116560000.0,,1116560000.0,,,,,,1.0,,,0.0,,1030239000.0,,414547000.0,45503000.0,45503000.0,0.0,417709000.0,276401000.0,141308000.0,,,,,,,,,,,,,,,,,,,,63282000.0,,,,21.429,468585000.0,,48.0,,,245311000.0,1069421000.0,,,,,,,,,,1.0,,,,,1534269000.0,0.0,,83891000.0,,759576000.0
0,IFF,MRT,2021-06-30,2021-06-30,2021-06-30,2021-09-07,-834000000.0,40864000000.0,27080343500.0,6297000000.0,34567000000.0,0.299,85.673,-258264000.0,942000000.0,942000000.0,5389992000.0,142795000.0,1.951,0.876,12652000000.0,616000000.0,12036000000.0,12652000000.0,0.0,729116000.0,0.0,0.021,3.08,380020000.0,1109136000.0,0.137,1109136000.0,380020000.0,170420000.0,1.23,1.22,1.23,21761000000.0,13947801750.0,21761000000.0,48964629773.0,129.0,44.147,945438000.0,3.722,1.0,2702157000.0,0.334,28698000000.0,209600000.0,20649000000.0,13948048500.0,2464000000.0,0.0,0.0,0.0,19064000000.0,3227000000.0,15837000000.0,37188629773.0,430938000.0,193000000.0,5000000.0,-248028000.0,-436484000.0,-723981000.0,-79861000.0,-14597000.0,1203702000.0,31078000.0,138417000.0,138417000.0,138417000.0,0.0,4378000.0,0.017,2337265000.0,364892000.0,1389000000.0,2.504,1.709,268.671,121.463,5351000000.0,0.0,149.4,4.596,4.689,2059000000.0,3759000000.0,8092149000.0,8092149000.0,497006000.0,0.005,0.01,0.027,0.047,43816000.0,1351712000.0,1.0,248919878.0,254000000.0,255000000.0,31.859,12166000000.0,0.0,32003000.0,2674000000.0,47.898,3070000000.0
1,IFF,MRT,2021-03-31,2021-03-31,2021-03-31,2021-09-07,-1102000000.0,40817000000.0,20111626000.0,6174000000.0,34643000000.0,0.308,105.058,-221264000.0,879000000.0,879000000.0,3927992000.0,200795000.0,1.893,0.884,12655000000.0,628000000.0,12027000000.0,12655000000.0,0.0,487116000.0,0.0,0.022,3.06,396020000.0,883136000.0,0.142,883136000.0,396020000.0,231420000.0,1.87,1.85,1.87,21642000000.0,10004503000.0,21642000000.0,38481354600.0,97.0,43.574,833438000.0,4.046,1.0,2274157000.0,0.367,28756000000.0,164600000.0,20576000000.0,10654452250.0,2589000000.0,0.0,0.0,0.0,19136000000.0,3261000000.0,15875000000.0,34724672600.0,432938000.0,207000000.0,3000000.0,-251028000.0,-324484000.0,-619981000.0,-28861000.0,-14597000.0,1054702000.0,27078000.0,197417000.0,197417000.0,197417000.0,0.0,3378000.0,0.032,1899265000.0,374892000.0,1337000000.0,1.636,1.605,175.895,74.658,5390000000.0,0.0,139.61,5.599,4.637,2023000000.0,3922000000.0,6202149000.0,6202149000.0,414006000.0,0.01,0.02,0.037,0.064,37816000.0,1169712000.0,1.0,248726256.0,206000000.0,206000000.0,30.108,12061000000.0,0.0,34003000.0,2727000000.0,58.549,2913000000.0
2,IFF,MRT,2020-12-31,2020-12-31,2020-12-31,2021-09-07,-698000000.0,13555000000.0,13079645000.0,3060000000.0,10495000000.0,0.389,56.258,-174605000.0,657000000.0,657000000.0,2998373000.0,367372000.0,1.607,1.146,4678000000.0,634000000.0,4044000000.0,4678000000.0,0.0,325360000.0,0.0,0.028,3.04,569029000.0,894389000.0,0.176,894389000.0,569029000.0,437227000.0,3.25,3.21,3.25,6310000000.0,6050965500.0,6310000000.0,15487669685.0,27.0,17.316,539493000.0,4.81,1.0,2085866000.0,0.41,8320000000.0,131802000.0,7352000000.0,7312103500.0,1132000000.0,0.0,0.0,0.0,7233000000.0,1904000000.0,5329000000.0,11638626685.0,35927000.0,0.0,0.0,-147430000.0,-322584000.0,-511570000.0,-187463000.0,-14597000.0,714098000.0,20862000.0,363228000.0,363228000.0,363228000.0,0.0,4144000.0,0.071,1519382000.0,566484000.0,556000000.0,0.935,1.844,32.042,33.489,1757000000.0,0.0,108.84,2.289,2.401,929000000.0,4156000000.0,5084239000.0,5084239000.0,356863000.0,0.028,0.06,0.078,0.112,35798000.0,948833000.0,1.0,106933358.0,112162000.0,113630000.0,45.329,5235000000.0,0.0,73999000.0,593000000.0,46.674,1156000000.0
3,IFF,MRT,2020-09-30,2020-09-30,2020-09-30,2021-09-07,-939419000.0,13085374000.0,13012747750.0,2946205000.0,10139169000.0,0.392,54.181,-173551000.0,482681000.0,482681000.0,3023256000.0,381609000.0,1.823,1.151,4331724000.0,440962000.0,3890762000.0,4331724000.0,0.0,332233000.0,0.0,0.025,3.02,591194000.0,923427000.0,0.181,923427000.0,591194000.0,456791000.0,3.38,3.34,3.38,6078207000.0,6027791500.0,6078207000.0,16953258605.0,29.0,18.359,557011000.0,4.965,1.0,2074589000.0,0.407,8102964000.0,134403000.0,7215194000.0,7260138750.0,1151281000.0,0.0,0.0,0.0,6995059000.0,1616259000.0,5378800000.0,13093891605.0,-20517000.0,0.0,-200000.0,-190845000.0,-320206000.0,-557669000.0,-186148000.0,-14597000.0,730562000.0,-7262000.0,379371000.0,379371000.0,379371000.0,0.0,2238000.0,0.074,1491501000.0,583088000.0,505259000.0,0.893,2.154,34.515,36.228,1380423000.0,0.0,122.45,2.569,2.695,928625000.0,4170894000.0,5097845000.0,5097845000.0,342607000.0,0.029,0.063,0.081,0.116,35251000.0,936530000.0,1.0,106932557.0,112183000.0,113622000.0,45.442,4982410000.0,0.0,77420000.0,612744000.0,44.413,1329946000.0
4,IFF,MRT,2020-06-30,2020-06-30,2020-06-30,2021-09-07,-1017466000.0,12989130000.0,12987585250.0,3012585000.0,9976545000.0,0.392,53.463,-184527000.0,507534000.0,507534000.0,3013864000.0,425185000.0,2.241,1.167,4366901000.0,185200000.0,4181701000.0,4366901000.0,0.0,329516000.0,0.0,0.024,3.0,639933000.0,969449000.0,0.19,969449000.0,639933000.0,506877000.0,3.77,3.72,3.77,5987805000.0,6022194500.0,5987805000.0,16974520094.0,27.0,17.509,537522000.0,4.799,1.0,2083250000.0,0.409,8029710000.0,133056000.0,7474615000.0,7268790250.0,1165860000.0,0.0,0.0,0.0,6988214000.0,1344172000.0,5644042000.0,13084991094.0,57125000.0,-1000.0,-200000.0,-132873000.0,-317932000.0,-485624000.0,-156628000.0,0.0,722049000.0,-22672000.0,421667000.0,421667000.0,421667000.0,0.0,3518000.0,0.083,1465787000.0,617463000.0,550533000.0,0.796,2.185,31.032,32.483,1355619000.0,0.0,122.46,2.567,2.691,961568000.0,4168378000.0,5097114000.0,5097114000.0,337716000.0,0.032,0.07,0.088,0.126,35182000.0,912839000.0,1.0,106851144.0,112000000.0,114000000.0,45.51,4959420000.0,0.0,85210000.0,611715000.0,44.281,1668413000.0
5,IFF,MRT,2020-03-31,2020-03-31,2020-03-31,2021-09-07,-1164208000.0,12689076000.0,13077323250.0,2818294000.0,9870782000.0,0.397,52.034,-191297000.0,442945000.0,442945000.0,3042193000.0,476054000.0,1.975,1.175,4332474000.0,385569000.0,3946905000.0,4332474000.0,0.0,322555000.0,0.0,0.029,2.98,704515000.0,1027070000.0,0.198,1027070000.0,704515000.0,570866000.0,4.23,4.18,4.23,5827850000.0,6075088000.0,5827850000.0,14660818964.0,21.0,14.274,477436000.0,4.263,1.0,2147489000.0,0.414,7945005000.0,133649000.0,7206605000.0,7351549250.0,1075913000.0,0.0,0.0,0.0,6848402000.0,1426995000.0,5421407000.0,10902367964.0,-49184000.0,-15170000.0,-200000.0,-135021000.0,-315731000.0,-499878000.0,-178567000.0,0.0,668733000.0,-39472000.0,471044000.0,471044000.0,471044000.0,0.0,5010000.0,0.091,1450089000.0,697400000.0,456156000.0,0.704,1.871,23.145,24.132,1339124000.0,0.0,102.08,2.101,2.203,943114000.0,4162347000.0,5189682000.0,5189682000.0,341532000.0,0.036,0.078,0.096,0.136,35878000.0,892939000.0,1.0,106802194.0,112000000.0,113000000.0,46.336,4744071000.0,0.0,99822000.0,616084000.0,42.358,1391299000.0
6,IFF,MRT,2019-12-31,2019-12-31,2019-12-31,2021-09-07,-716894000.0,13287411000.0,13207909250.0,2942544000.0,10344867000.0,0.389,55.528,-199936000.0,623945000.0,623945000.0,3027336000.0,460268000.0,1.896,1.135,4382396000.0,384958000.0,3997438000.0,4382396000.0,0.0,323330000.0,0.0,0.023,2.96,691278000.0,1014608000.0,0.197,1014608000.0,691278000.0,553057000.0,4.05,4.0,4.05,6217304000.0,6153928250.0,6217304000.0,17665171162.0,26.0,17.411,499029000.0,4.457,1.0,2112748000.0,0.411,8349531000.0,138221000.0,7144141000.0,7466751250.0,1123068000.0,0.0,0.0,0.0,7057863000.0,1552190000.0,5505673000.0,13776268162.0,-24577000.0,-53720000.0,0.0,-156282000.0,-313510000.0,-505057000.0,-225866000.0,0.0,698965000.0,7381000.0,455873000.0,455873000.0,455873000.0,0.0,4395000.0,0.089,1447478000.0,665270000.0,510372000.0,0.731,2.216,30.22,31.857,1386920000.0,0.0,129.02,2.68,2.81,876197000.0,4117804000.0,5140084000.0,5140084000.0,346128000.0,0.035,0.074,0.093,0.134,34482000.0,876121000.0,1.0,106776222.0,111966000.0,113307000.0,45.908,4937880000.0,0.0,97184000.0,641456000.0,44.102,1390354000.0
7,IFF,MRT,2019-09-30,2019-09-30,2019-09-30,2021-09-07,-867552000.0,12984724000.0,13108405250.0,2898558000.0,10086166000.0,0.387,54.071,-195696000.0,504054000.0,504054000.0,2987261000.0,395390000.0,2.052,1.142,4392957000.0,384823000.0,4008134000.0,4392957000.0,0.0,313227000.0,0.0,0.024,2.94,658649000.0,971876000.0,0.191,971876000.0,658649000.0,517184000.0,3.08,3.04,3.08,6055819000.0,6107840000.0,6055819000.0,17158304247.0,26.0,17.655,422956000.0,3.776,1.0,2088101000.0,0.411,8211378000.0,141465000.0,7249800000.0,7492693750.0,1126389000.0,0.0,0.0,0.0,6917736000.0,1412449000.0,5505287000.0,13100218247.0,-4770405000.0,-4900884000.0,-671000.0,28329000.0,-300377000.0,-316200000.0,-5068790000.0,0.0,618652000.0,-4067000.0,385351000.0,385351000.0,385351000.0,0.0,10039000.0,0.076,1444381000.0,643720000.0,416563000.0,0.955,2.163,33.996,39.834,1313539000.0,0.0,122.69,2.581,2.707,942705000.0,4114299000.0,5075362000.0,5075362000.0,343527000.0,0.029,0.063,0.088,0.13,33786000.0,883725000.0,1.0,106774947.0,111998000.0,113493000.0,45.317,4773346000.0,0.0,131833000.0,634030000.0,42.62,1486109000.0
8,IFF,MRT,2019-06-30,2019-06-30,2019-06-30,2021-09-07,-668359000.0,13348082000.0,12266109750.0,2990026000.0,10358056000.0,0.384,55.354,-192850000.0,454820000.0,454820000.0,2759886000.0,361299000.0,2.601,1.151,4512906000.0,84231000.0,4428675000.0,4512906000.0,0.0,263638000.0,0.0,0.02,2.92,595585000.0,859223000.0,0.182,859223000.0,595585000.0,463703000.0,3.11,3.08,3.11,6199379000.0,5601838750.0,6199379000.0,19488121067.0,33.0,22.681,374472000.0,3.344,1.0,1955679000.0,0.415,8450984000.0,131882000.0,7805651000.0,7285597500.0,1163653000.0,0.0,0.0,0.0,7138095000.0,1149533000.0,5988562000.0,15479817067.0,132397000.0,-4900883000.0,2268294000.0,2721522000.0,-276972000.0,4660807000.0,-5090006000.0,0.0,567322000.0,-5726000.0,353943000.0,353943000.0,353943000.0,0.0,7356000.0,0.075,1337355000.0,618324000.0,463555000.0,0.939,2.497,43.735,46.653,1316305000.0,0.0,145.09,3.283,3.446,1046028000.0,4069211000.0,4715565000.0,4715565000.0,333752000.0,0.029,0.063,0.082,0.126,32528000.0,830692000.0,1.0,106691137.0,111996000.0,112872000.0,42.105,4897098000.0,0.0,109760000.0,707359000.0,43.726,1840493000.0
9,IFF,MRT,2019-03-31,2019-03-31,2019-03-31,2021-09-07,-657354000.0,13211420000.0,10097449750.0,2925825000.0,10285595000.0,0.43,54.917,-186071000.0,497129000.0,497129000.0,2535856000.0,321579000.0,2.557,1.149,4505433000.0,84003000.0,4421430000.0,4505433000.0,0.0,222183000.0,0.0,0.022,2.88,571167000.0,793350000.0,0.183,793350000.0,571167000.0,418632000.0,3.15,3.13,3.15,6143211000.0,4489457750.0,6143211000.0,17637839192.0,31.0,22.232,310131000.0,2.772,1.0,1808157000.0,0.416,8408177000.0,152535000.0,7667413000.0,6293016250.0,1114488000.0,0.0,0.0,0.0,7056942000.0,1144134000.0,5912808000.0,13733302192.0,191853000.0,-4885714000.0,2263436000.0,2792241000.0,-253577000.0,4773139000.0,-5068295000.0,-237000.0,496202000.0,-9193000.0,316715000.0,316715000.0,316715000.0,0.0,4864000.0,0.073,1235261000.0,572896000.0,476413000.0,0.914,2.236,43.362,40.886,1294029000.0,0.0,128.79,3.161,3.317,1003965000.0,4011326000.0,4344013000.0,4344013000.0,323703000.0,0.031,0.071,0.091,0.131,29385000.0,777999000.0,1.0,106633296.0,111864000.0,113389000.0,38.833,4803243000.0,0.0,101917000.0,658804000.0,42.938,1781691000.0
10,IFF,MRT,2018-12-31,2018-12-31,2018-12-31,2021-09-07,-702227000.0,12889395000.0,7964913750.0,2941860000.0,9947535000.0,0.499,68.908,-165244000.0,648522000.0,648522000.0,2294832000.0,339781000.0,2.607,1.135,4553059000.0,48642000.0,4504417000.0,4553059000.0,0.0,173792000.0,0.0,0.021,2.84,577836000.0,751628000.0,0.189,751628000.0,577836000.0,445278000.0,3.81,3.79,3.81,6032951000.0,3396942500.0,6032951000.0,13418531206.0,23.0,17.853,272331000.0,3.111,1.0,1682707000.0,0.423,8417710000.0,132558000.0,7247911000.0,5324213250.0,1078537000.0,0.0,0.0,0.0,6846021000.0,1128311000.0,5717710000.0,14315763206.0,280476000.0,-4847186000.0,2252619000.0,2879190000.0,-230218000.0,4870703000.0,-5013235000.0,-2642000.0,437575000.0,-14567000.0,337302000.0,337302000.0,337302000.0,0.0,2479000.0,0.085,1098825000.0,583882000.0,471382000.0,0.745,2.373,42.442,35.241,1241152000.0,0.0,134.27,3.599,2.955,937765000.0,3956221000.0,3977539000.0,3977539000.0,311583000.0,0.042,0.099,0.109,0.145,29401000.0,707461000.0,1.0,106619224.0,87551000.0,88121000.0,45.431,4471685000.0,0.0,107976000.0,655879000.0,51.075,1813549000.0
11,IFF,MRT,2018-09-30,2018-09-30,2018-09-30,2021-09-07,-715105000.0,9615542000.0,5892296500.0,6946827000.0,2668715000.0,0.613,49.614,-138251000.0,5274459000.0,5274459000.0,2051926000.0,284126000.0,9.159,1.383,4377227000.0,45985000.0,4331242000.0,4377227000.0,0.0,128515000.0,0.0,0.02,2.8,606183000.0,734698000.0,0.203,734698000.0,606183000.0,496649000.0,3.55,3.55,3.55,4031814000.0,2309755250.0,4031814000.0,12398343905.0,20.0,16.875,254974000.0,3.138,1.0,1561191000.0,0.432,1538439000.0,109534000.0,6421415000.0,4394532750.0,719508000.0,0.0,0.0,0.0,5577593000.0,758456000.0,4819137000.0,10997077905.0,4958457000.0,-1046000.0,2248632000.0,2709590000.0,-217758000.0,4721041000.0,-139037000.0,-3434000.0,393225000.0,-16772000.0,284126000.0,284126000.0,284126000.0,0.0,0.0,0.079,950678000.0,610513000.0,312236000.0,0.789,2.728,38.705,39.189,874817000.0,0.0,139.12,3.044,3.129,701111000.0,4021172000.0,3613117000.0,3613117000.0,305365000.0,0.048,0.123,0.138,0.168,28459000.0,599316000.0,1.0,79047426.0,81263000.0,81647000.0,44.462,8077103000.0,87481000.0,212523000.0,0.0,99.395,6188371000.0
12,IFF,MRT,2018-06-30,2018-06-30,2018-06-30,2021-09-07,-692498000.0,4673442000.0,4618520500.0,2026580000.0,2646862000.0,0.775,22.132,-133957000.0,322423000.0,322423000.0,2037586000.0,298671000.0,2.898,1.667,1723689000.0,6500000.0,1717189000.0,1723689000.0,0.0,127130000.0,0.0,0.022,2.76,642114000.0,769244000.0,0.215,769244000.0,642114000.0,537273000.0,3.76,3.77,3.76,1749855000.0,1741130000.0,1749855000.0,11193628812.0,17.0,14.551,254047000.0,3.213,1.0,1540923000.0,0.431,1540012000.0,104841000.0,3835326000.0,3690153750.0,695192000.0,0.0,0.0,0.0,2917239000.0,699370000.0,2217869000.0,9785874812.0,-168963000.0,-1046000.0,-20333000.0,-165835000.0,-213758000.0,-410706000.0,-137370000.0,-4224000.0,388004000.0,-8891000.0,298671000.0,298671000.0,298671000.0,0.0,0.0,0.083,940678000.0,600245000.0,315656000.0,0.734,5.592,32.765,32.968,867629000.0,0.0,123.96,2.735,2.739,723855000.0,3992452000.0,3578509000.0,3578509000.0,303825000.0,0.065,0.172,0.174,0.179,28847000.0,587172000.0,1.0,78943811.0,79065000.0,79303000.0,45.26,3133430000.0,82204000.0,238602000.0,0.0,39.631,1327210000.0
13,IFF,MRT,2018-03-31,2018-03-31,2018-03-31,2021-09-07,-620579000.0,4681276000.0,4604878750.0,1970341000.0,2710935000.0,0.76,22.44,-119603000.0,305276000.0,305276000.0,1986164000.0,309317000.0,2.749,1.637,1713030000.0,36819000.0,1676211000.0,1713030000.0,0.0,124549000.0,0.0,0.02,2.71,626546000.0,751095000.0,0.215,751095000.0,626546000.0,557395000.0,3.9,3.9,3.9,1773150000.0,1722255750.0,1773150000.0,12077088919.0,19.0,16.079,241263000.0,3.053,1.0,1515190000.0,0.433,1580077000.0,69151000.0,3792201000.0,3628634250.0,687817000.0,0.0,0.0,0.0,2902314000.0,716752000.0,2185562000.0,10805982919.0,5209000.0,-54257000.0,-30745000.0,89517000.0,-209861000.0,-174106000.0,-172981000.0,-2919000.0,360866000.0,-8570000.0,309317000.0,309317000.0,309317000.0,0.0,0.0,0.088,917767000.0,597423000.0,324262000.0,0.695,6.094,34.935,35.105,887483000.0,0.0,136.91,3.086,3.09,734378000.0,3947791000.0,3501354000.0,3501354000.0,301819000.0,0.067,0.18,0.173,0.179,28368000.0,569084000.0,1.0,78927638.0,79018000.0,79393000.0,44.311,3101199000.0,88231000.0,248078000.0,0.0,39.247,1253589000.0
14,IFF,MRT,2017-12-31,2017-12-31,2017-12-31,2021-09-07,-637482000.0,4598926000.0,4497624500.0,1896544000.0,2702382000.0,0.756,21.3,-112834000.0,368046000.0,368046000.0,1926256000.0,295665000.0,2.467,1.728,1639152000.0,6966000.0,1632186000.0,1639152000.0,0.0,117967000.0,0.0,0.017,2.66,602408000.0,720375000.0,0.212,720375000.0,602408000.0,537045000.0,3.73,3.72,3.73,1684202000.0,1685487500.0,1684202000.0,13410049082.0,22.0,18.615,277922000.0,3.515,1.0,1472463000.0,0.433,1572075000.0,65363000.0,3529189000.0,3432526750.0,649448000.0,0.0,0.0,0.0,2909632000.0,768768000.0,2140864000.0,12052704082.0,44054000.0,-192328000.0,-57740000.0,243751000.0,-206118000.0,-42558000.0,-299930000.0,1434000.0,390756000.0,-4214000.0,295665000.0,295665000.0,295665000.0,0.0,0.0,0.087,919833000.0,552630000.0,338188000.0,0.713,7.156,40.765,40.914,880580000.0,0.0,152.61,3.546,3.55,663663000.0,3870621000.0,3398719000.0,3398719000.0,295469000.0,0.066,0.175,0.175,0.177,26567000.0,570144000.0,1.0,78977158.0,79070000.0,79370000.0,42.984,3026851000.0,0.0,241380000.0,51104000.0,38.281,1127776000.0
15,IFF,MRT,2017-09-30,2017-09-30,2017-09-30,2021-09-07,-656651000.0,4520438000.0,4352139000.0,1849747000.0,2670691000.0,0.76,22.227,-129084000.0,316002000.0,316002000.0,1866743000.0,415737000.0,2.657,1.569,1673347000.0,47845000.0,1625502000.0,1673347000.0,0.0,112806000.0,0.0,0.018,2.61,587157000.0,699963000.0,0.212,699963000.0,587157000.0,525233000.0,5.24,5.22,5.24,1757313000.0,1670998000.0,1757313000.0,12689247289.0,22.0,18.128,278707000.0,3.525,1.0,1439911000.0,0.435,1577757000.0,61924000.0,3603899000.0,3238769500.0,619516000.0,0.0,0.0,0.0,2757950000.0,696127000.0,2061823000.0,11286422289.0,-182728000.0,-428140000.0,-85958000.0,281498000.0,-202524000.0,-30222000.0,-552408000.0,2875000.0,407791000.0,-7889000.0,415737000.0,415737000.0,415737000.0,0.0,0.0,0.126,915236000.0,524675000.0,271194000.0,0.498,6.423,27.148,27.273,828592000.0,0.0,142.91,3.413,3.417,691239000.0,3965133000.0,3306654000.0,3306654000.0,286460000.0,0.096,0.249,0.181,0.178,25265000.0,592821000.0,1.0,78975735.0,79063000.0,79362000.0,41.823,2942681000.0,158094000.0,109496000.0,0.0,37.219,1153620000.0
16,IFF,MRT,2017-06-30,2017-06-30,2017-06-30,2021-09-07,-676201000.0,4618875000.0,4246311750.0,1993926000.0,2624949000.0,0.756,21.175,-125630000.0,491386000.0,491386000.0,1804934000.0,395253000.0,2.315,1.755,1894211000.0,257873000.0,1636338000.0,1894211000.0,0.0,108531000.0,0.0,0.019,2.56,553111000.0,661642000.0,0.206,661642000.0,553111000.0,497297000.0,4.98,4.95,4.98,1674358000.0,1655113750.0,1674358000.0,11913127625.0,22.0,18.005,310134000.0,3.922,1.0,1405781000.0,0.438,1571229000.0,55814000.0,3589248000.0,3058852750.0,623762000.0,0.0,0.0,0.0,2938789000.0,861223000.0,2077566000.0,10661108625.0,-48606000.0,-428140000.0,-108292000.0,401913000.0,-196618000.0,73805000.0,-547243000.0,4294000.0,435764000.0,-10932000.0,395253000.0,395253000.0,395253000.0,0.0,0.0,0.123,905680000.0,500101000.0,265900000.0,0.514,6.367,26.973,27.108,811826000.0,0.0,135.0,3.32,3.325,665511000.0,3909200000.0,3210715000.0,3210715000.0,277113000.0,0.093,0.239,0.181,0.172,23706000.0,599215000.0,1.0,78971175.0,79072000.0,79305000.0,40.605,3047646000.0,150359000.0,102044000.0,0.0,38.543,1132703000.0
17,IFF,MRT,2017-03-31,2017-03-31,2017-03-31,2021-09-07,-681468000.0,4252259000.0,4130250000.0,1711433000.0,2540826000.0,0.765,20.558,-124453000.0,300067000.0,300067000.0,1762894000.0,402191000.0,1.736,1.612,1552086000.0,365669000.0,1186417000.0,1552086000.0,0.0,102574000.0,0.0,0.019,2.48,560625000.0,663199000.0,0.21,663199000.0,560625000.0,507307000.0,5.05,5.03,5.05,1626077000.0,1654992250.0,1626077000.0,11476242730.0,20.0,17.304,404238000.0,5.111,1.0,1398438000.0,0.442,1510683000.0,53318000.0,3007771000.0,2958581000.0,604251000.0,0.0,0.0,0.0,2620742000.0,985824000.0,1634918000.0,10474863730.0,-228810000.0,-374929000.0,-124398000.0,76450000.0,-190748000.0,-248445000.0,-496505000.0,2585000.0,528691000.0,-12551000.0,402191000.0,402191000.0,402191000.0,0.0,0.0,0.127,885352000.0,513086000.0,277421000.0,0.491,6.442,26.045,26.244,791920000.0,0.0,132.53,3.313,3.316,637521000.0,3850955000.0,3161332000.0,3161332000.0,267604000.0,0.097,0.243,0.189,0.177,24476000.0,592680000.0,1.0,79037680.0,79098000.0,79409000.0,39.967,2741576000.0,148258000.0,105116000.0,0.0,34.66,725609000.0
18,IFF,MRT,2016-12-31,2016-12-31,2016-12-31,2021-09-07,-680095000.0,4016984000.0,4107800250.0,1609014000.0,2407970000.0,0.759,20.418,-119556000.0,323992000.0,323992000.0,1720787000.0,405031000.0,1.791,1.467,1325371000.0,258516000.0,1066855000.0,1325371000.0,0.0,102469000.0,0.0,0.02,2.4,576706000.0,679175000.0,0.218,679175000.0,576706000.0,523717000.0,5.07,5.05,5.07,1626244000.0,1656064000.0,1626244000.0,10227653061.0,18.0,15.059,430583000.0,5.406,1.0,1395563000.0,0.448,1365906000.0,52989000.0,2754160000.0,2999442500.0,592017000.0,0.0,0.0,0.0,2385850000.0,898297000.0,1487553000.0,9358507061.0,142004000.0,-236836000.0,-126630000.0,299485000.0,-184897000.0,-34427000.0,-355463000.0,637000.0,550139000.0,-18245000.0,405031000.0,405031000.0,405031000.0,0.0,0.0,0.13,842608000.0,552955000.0,274815000.0,0.473,5.755,23.106,23.241,775716000.0,0.0,117.83,3.003,3.012,550658000.0,3818535000.0,3116350000.0,3116350000.0,258863000.0,0.099,0.245,0.192,0.185,24587000.0,572518000.0,1.0,79423806.0,79648000.0,79981000.0,39.127,2651078000.0,138636000.0,118686000.0,0.0,33.285,710717000.0
19,IFF,MRT,2016-09-30,2016-09-30,2016-09-30,2021-09-07,-611647000.0,4097129000.0,4029056750.0,1857035000.0,2240094000.0,0.762,21.284,-100042000.0,498730000.0,498730000.0,1684166000.0,404280000.0,2.17,1.416,1367876000.0,257675000.0,1110201000.0,1367876000.0,0.0,99607000.0,0.0,0.016,2.32,575505000.0,675112000.0,0.22,675112000.0,575505000.0,523151000.0,5.06,5.03,5.06,1693776000.0,1647082250.0,1693776000.0,12330410937.0,21.0,18.264,414415000.0,5.208,1.0,1385274000.0,0.451,1226119000.0,52354000.0,2884232000.0,2964701250.0,585185000.0,0.0,0.0,0.0,2398931000.0,855924000.0,1543007000.0,11379245937.0,226454000.0,45000.0,-133912000.0,190273000.0,-179046000.0,-178620000.0,-97324000.0,2381000.0,514457000.0,-12059000.0,404280000.0,404280000.0,404280000.0,0.0,0.0,0.132,805224000.0,580050000.0,259208000.0,0.458,6.718,28.147,28.255,745241000.0,0.0,142.97,3.707,3.707,587074000.0,3789271000.0,3069440000.0,3069440000.0,248428000.0,0.1,0.245,0.194,0.187,24276000.0,530623000.0,1.0,79591844.0,79580000.0,79935000.0,38.57,2871010000.0,148621000.0,118871000.0,0.0,36.077,1001111000.0
20,IFF,MRT,2016-06-30,2016-06-30,2016-06-30,2021-09-07,-608310000.0,4154628000.0,3982695750.0,1929434000.0,2225194000.0,0.768,20.985,-99912000.0,539992000.0,539992000.0,1671399000.0,420950000.0,2.803,1.48,1491157000.0,133473000.0,1357684000.0,1491157000.0,0.0,98299000.0,0.0,0.018,2.24,603758000.0,702057000.0,0.23,702057000.0,603758000.0,552660000.0,5.25,5.22,5.25,1673872000.0,1621606250.0,1673872000.0,11024297969.0,18.0,15.703,373381000.0,4.681,1.0,1386132000.0,0.453,1229381000.0,51098000.0,3188161000.0,2965587250.0,584489000.0,0.0,0.0,0.0,2476696000.0,688251000.0,1788445000.0,10049527969.0,162738000.0,-304589000.0,-154000000.0,499574000.0,-172406000.0,117313000.0,-402429000.0,1752000.0,473293000.0,-25439000.0,420950000.0,420950000.0,420950000.0,0.0,0.0,0.138,773795000.0,612337000.0,255143000.0,0.427,6.004,23.873,24.013,737353000.0,0.0,126.07,3.287,3.289,621164000.0,3750364000.0,3057531000.0,3057531000.0,246763000.0,0.106,0.26,0.204,0.197,24074000.0,500826000.0,1.0,79713873.0,79764000.0,80040000.0,38.332,2925247000.0,139023000.0,131710000.0,0.0,36.674,1241183000.0
21,IFF,MRT,2016-03-31,2016-03-31,2016-03-31,2021-09-07,-606999000.0,4162460000.0,3857445750.0,1891529000.0,2270931000.0,0.786,20.465,-99943000.0,528877000.0,528877000.0,1666063000.0,409591000.0,2.654,1.55,1503647000.0,133692000.0,1369955000.0,1503647000.0,0.0,96309000.0,0.0,0.019,2.15,585033000.0,681342000.0,0.225,681342000.0,585033000.0,537588000.0,5.09,5.05,5.09,1630364000.0,1608888250.0,1630364000.0,9974774163.0,17.0,14.64,375839000.0,4.718,1.0,1365531000.0,0.45,1253265000.0,47445000.0,3171217000.0,2879014000.0,600696000.0,0.0,0.0,0.0,2526900000.0,712748000.0,1814152000.0,9086569163.0,85188000.0,-493424000.0,-150718000.0,568728000.0,-165725000.0,205460000.0,-580371000.0,12128000.0,475782000.0,-15683000.0,409591000.0,409591000.0,409591000.0,0.0,0.0,0.135,769045000.0,596486000.0,276929000.0,0.422,5.573,22.184,22.352,733939000.0,0.0,113.77,2.997,2.99,609587000.0,3678219000.0,3031594000.0,3031594000.0,246025000.0,0.106,0.255,0.203,0.193,23703000.0,499065000.0,1.0,79867884.0,79666000.0,80055000.0,38.054,2909195000.0,160990000.0,127997000.0,0.0,36.517,1178781000.0
22,IFF,MRT,2015-12-31,2015-12-31,2015-12-31,2021-09-07,-613440000.0,3702010000.0,3693623750.0,1437109000.0,2264901000.0,0.818,19.768,-96728000.0,181988000.0,181988000.0,1671590000.0,419247000.0,1.982,1.325,1067722000.0,132349000.0,935373000.0,1067722000.0,0.0,89597000.0,0.0,0.017,2.06,585163000.0,674760000.0,0.223,674760000.0,585163000.0,539101000.0,5.19,5.16,5.19,1590317000.0,1593126500.0,1590317000.0,10519907364.0,18.0,15.591,370587000.0,4.606,1.0,1351599000.0,0.447,1247393000.0,46062000.0,2615195000.0,2778587500.0,572047000.0,0.0,0.0,0.0,2107021000.0,725156000.0,1381865000.0,9601135364.0,-296585000.0,-493424000.0,-121307000.0,138036000.0,-158870000.0,-165033000.0,-577156000.0,12128000.0,467315000.0,-21711000.0,419247000.0,419247000.0,419247000.0,0.0,0.0,0.139,763252000.0,588347000.0,285501000.0,0.397,6.037,22.901,23.052,732794000.0,0.0,119.64,3.176,3.184,537896000.0,3604254000.0,3023189000.0,3023189000.0,246101000.0,0.114,0.263,0.211,0.194,23160000.0,494517000.0,1.0,80250212.0,80449000.0,80891000.0,37.579,2454617000.0,166323000.0,119854000.0,0.0,30.511,711953000.0
23,IFF,MRT,2015-09-30,2015-09-30,2015-09-30,2021-09-07,-611636000.0,3911685000.0,3641776500.0,1638751000.0,2272934000.0,0.841,19.817,-107774000.0,272276000.0,272276000.0,1697199000.0,430214000.0,2.384,1.455,1191048000.0,133056000.0,1057992000.0,1191048000.0,0.0,85775000.0,0.0,0.019,1.97,600250000.0,686025000.0,0.224,686025000.0,600250000.0,553874000.0,5.31,5.28,5.31,1591872000.0,1575187500.0,1591872000.0,8941994556.0,15.0,13.035,387808000.0,4.828,1.0,1366423000.0,0.446,1255361000.0,46376000.0,2887776000.0,2796669000.0,589463000.0,0.0,0.0,0.0,2315536000.0,687320000.0,1628216000.0,8321259556.0,-132560000.0,-493469000.0,-116196000.0,248913000.0,-152001000.0,-7330000.0,-586864000.0,13511000.0,495582000.0,-33948000.0,430214000.0,430214000.0,430214000.0,0.0,0.0,0.14,768534000.0,597889000.0,254344000.0,0.371,5.227,19.342,19.446,708902000.0,0.0,103.26,2.716,2.708,569608000.0,3569911000.0,3063622000.0,3063622000.0,250731000.0,0.118,0.273,0.215,0.196,21376000.0,499966000.0,1.0,80585508.0,80330000.0,,38.138,2656324000.0,192033000.0,123660000.0,0.0,33.068,951431000.0
24,IFF,MRT,2015-06-30,2015-06-30,2015-06-30,2021-09-07,-556248000.0,3653628000.0,3532982500.0,1722254000.0,1931374000.0,0.87,20.089,-118139000.0,377254000.0,377254000.0,1712935000.0,431182000.0,3.29,1.249,997989000.0,8793000.0,989196000.0,997989000.0,0.0,81264000.0,0.0,0.017,1.88,598649000.0,679913000.0,0.221,679913000.0,598649000.0,553160000.0,5.31,5.28,5.31,1623000000.0,1587099250.0,1623000000.0,9339930066.0,16.0,13.737,412539000.0,5.106,1.0,1359408000.0,0.442,908974000.0,45489000.0,2841868000.0,2760747750.0,561715000.0,0.0,0.0,0.0,2026954000.0,523521000.0,1503433000.0,8840070066.0,50401000.0,-188835000.0,-91787000.0,65714000.0,-145749000.0,-159672000.0,-292915000.0,13511000.0,530678000.0,-27690000.0,431182000.0,431182000.0,431182000.0,0.0,0.0,0.14,765642000.0,593766000.0,241532000.0,0.354,5.447,20.502,20.582,714809000.0,0.0,109.29,2.877,2.874,566414000.0,3508347000.0,3072343000.0,3072343000.0,251682000.0,0.122,0.272,0.217,0.195,21474000.0,500929000.0,1.0,80886358.0,80790000.0,,38.029,2744654000.0,190370000.0,121978000.0,0.0,33.973,1198733000.0
25,IFF,MRT,2015-03-31,2015-03-31,2015-03-31,2021-09-07,-573315000.0,3507172000.0,3469708750.0,1755110000.0,1752062000.0,0.891,19.433,-126024000.0,443689000.0,443689000.0,1726201000.0,436093000.0,3.602,1.235,943549000.0,8379000.0,935170000.0,943549000.0,0.0,86509000.0,0.0,0.015,1.8,608020000.0,694529000.0,0.225,694529000.0,608020000.0,562535000.0,5.36,5.34,5.36,1567317000.0,1580923750.0,1567317000.0,9942974030.0,16.0,14.316,388849000.0,4.821,1.0,1367015000.0,0.442,750201000.0,45485000.0,2769511000.0,2746541500.0,536465000.0,0.0,0.0,0.0,1935075000.0,487320000.0,1447755000.0,9479225030.0,175105000.0,-100000.0,-77563000.0,10897000.0,-139467000.0,-192544000.0,-116906000.0,3776000.0,514873000.0,-30318000.0,436093000.0,436093000.0,436093000.0,0.0,0.0,0.141,768955000.0,598060000.0,215915000.0,0.336,6.048,21.737,21.903,692008000.0,0.0,117.4,3.065,3.061,525260000.0,3441033000.0,3093216000.0,3093216000.0,255599000.0,0.126,0.276,0.221,0.197,23340000.0,502825000.0,1.0,80742973.0,80654000.0,,38.352,2756971000.0,196075000.0,126442000.0,0.0,34.183,1267790000.0
26,IFF,MRT,2014-12-31,2014-12-31,2014-12-31,2021-09-07,-540430000.0,3494621000.0,3423254000.0,1710027000.0,1784594000.0,0.902,18.754,-139887000.0,478573000.0,478573000.0,1726383000.0,414543000.0,3.296,1.299,942322000.0,8090000.0,934232000.0,942322000.0,0.0,89354000.0,0.0,0.017,1.72,595128000.0,684482000.0,0.222,684482000.0,595128000.0,549061000.0,5.09,5.06,5.09,1518561000.0,1568223500.0,1518561000.0,8745598477.0,15.0,12.777,378503000.0,4.675,1.0,1362150000.0,0.441,752041000.0,46067000.0,2687521000.0,2739873250.0,568729000.0,0.0,0.0,0.0,1971932000.0,518808000.0,1453124000.0,8207281477.0,73068000.0,-102500000.0,-86339000.0,11941000.0,-133239000.0,-202330000.0,-221333000.0,3304000.0,518390000.0,-21659000.0,414543000.0,414543000.0,414543000.0,0.0,0.0,0.134,769829000.0,592321000.0,216038000.0,0.338,5.405,19.798,19.914,720268000.0,0.0,101.36,2.657,2.657,493768000.0,3350734000.0,3088533000.0,3088533000.0,253640000.0,0.121,0.264,0.217,0.193,22648000.0,507563000.0,1.0,80971601.0,80971601.0,,38.143,2742580000.0,210756000.0,134518000.0,0.0,33.871,1191219000.0
27,IFF,MRT,2014-09-30,2014-09-30,2014-09-30,2021-09-07,-399061000.0,3476509000.0,3382531500.0,1712609000.0,1763900000.0,0.904,20.255,-132493000.0,404836000.0,404836000.0,1709995000.0,385886000.0,3.314,1.118,943153000.0,9528000.0,933625000.0,943153000.0,0.0,90821000.0,0.0,0.017,1.64,559607000.0,650428000.0,0.213,650428000.0,559607000.0,514429000.0,4.73,4.71,4.73,1639519000.0,1554351250.0,1639519000.0,8390544542.0,15.0,12.9,335256000.0,4.142,1.0,1347625000.0,0.441,753881000.0,45178000.0,2744091000.0,2718612250.0,556302000.0,0.0,0.0,0.0,1832855000.0,516854000.0,1316001000.0,7781724542.0,61687000.0,-102500000.0,-70346000.0,12716000.0,-126935000.0,-178979000.0,-217695000.0,-452000.0,467749000.0,-9388000.0,385886000.0,385886000.0,385886000.0,0.0,0.0,0.126,791058000.0,556567000.0,207227000.0,0.347,4.746,20.166,20.271,700948000.0,0.0,95.88,2.545,2.538,562617000.0,3298761000.0,3057620000.0,3057620000.0,262046000.0,0.114,0.248,0.206,0.183,24444000.0,528054000.0,1.0,81161082.0,80942000.0,,37.775,2722628000.0,183805000.0,128543000.0,0.0,33.637,1195755000.0
28,IFF,MRT,2014-06-30,2014-06-30,2014-06-30,2021-09-07,-383714000.0,3400533000.0,3344532000.0,1644048000.0,1756485000.0,0.905,19.745,-120793000.0,326853000.0,326853000.0,1693145000.0,377517000.0,3.508,1.125,935673000.0,3052000.0,932621000.0,935673000.0,0.0,92551000.0,0.0,0.015,1.56,552063000.0,644614000.0,0.213,644614000.0,552063000.0,506228000.0,4.62,4.6,4.62,1598298000.0,1503460750.0,1598298000.0,9142255796.0,17.0,14.183,322756000.0,3.987,1.0,1332918000.0,0.44,755660000.0,45835000.0,2785043000.0,2709509000.0,554871000.0,0.0,0.0,0.0,1798589000.0,468650000.0,1329939000.0,8476913796.0,-39044000.0,-102500000.0,-65035000.0,-97058000.0,-123031000.0,-279433000.0,-205995000.0,-452000.0,443549000.0,2835000.0,377517000.0,377517000.0,377517000.0,0.0,0.0,0.125,787412000.0,545506000.0,195251000.0,0.338,5.304,22.454,22.571,698842000.0,0.0,104.28,2.801,2.79,583220000.0,3229301000.0,3026063000.0,3026063000.0,263999000.0,0.113,0.251,0.204,0.182,23720000.0,523063000.0,1.0,81289929.0,80949000.0,,37.382,2644873000.0,182305000.0,128711000.0,0.0,32.673,1175398000.0
29,IFF,MRT,2014-03-31,2014-03-31,2014-03-31,2021-09-07,-397282000.0,3321353000.0,3321629000.0,1569851000.0,1751502000.0,0.902,18.71,-108982000.0,268584000.0,268584000.0,1681027000.0,369554000.0,3.24,1.187,933926000.0,2291000.0,931635000.0,933926000.0,0.0,86652000.0,0.0,0.016,1.51,547912000.0,634564000.0,0.212,634564000.0,547912000.0,500620000.0,4.52,4.49,4.52,1516516000.0,1446307750.0,1516516000.0,8302543742.0,15.0,13.084,314854000.0,3.885,1.0,1314257000.0,0.439,759316000.0,47292000.0,2742838000.0,2690732500.0,552116000.0,0.0,0.0,0.0,1800415000.0,484541000.0,1315874000.0,7775234742.0,-31462000.0,-102400000.0,-54501000.0,-83778000.0,-119090000.0,-254486000.0,-199430000.0,-356000.0,423836000.0,-1382000.0,369554000.0,369554000.0,369554000.0,0.0,0.0,0.123,779470000.0,534787000.0,208995000.0,0.334,5.127,21.04,21.166,696234000.0,0.0,95.67,2.596,2.589,574678000.0,3150688000.0,2995284000.0,2995284000.0,262240000.0,0.111,0.256,0.204,0.183,23908000.0,514957000.0,1.0,81271399.0,81053000.0,,36.955,2562037000.0,185269000.0,131066000.0,0.0,31.609,1085310000.0
30,IFF,MRT,2013-12-31,2013-12-31,2013-12-31,2021-09-07,-392711000.0,3331731000.0,3291428000.0,1652903000.0,1678828000.0,0.897,17.949,-106845000.0,405505000.0,405505000.0,1668691000.0,353544000.0,2.95,1.274,932814000.0,149000.0,932665000.0,932814000.0,0.0,83227000.0,0.0,0.017,1.46,531977000.0,615204000.0,0.208,615204000.0,531977000.0,485210000.0,4.32,4.29,4.32,1463072000.0,1393830250.0,1463072000.0,7598963248.0,14.0,12.352,300717000.0,3.689,1.0,1284205000.0,0.435,696197000.0,46767000.0,2602477000.0,2673892750.0,533806000.0,0.0,0.0,0.0,1864680000.0,560366000.0,1304314000.0,7008504248.0,81083000.0,0.0,-47564000.0,-85439000.0,-87347000.0,-217038000.0,-105406000.0,646000.0,407562000.0,-4035000.0,353544000.0,353544000.0,353544000.0,0.0,0.0,0.12,767866000.0,516339000.0,226733000.0,0.338,4.79,19.824,19.903,687215000.0,0.0,85.98,2.373,2.373,524493000.0,3075657000.0,2952896000.0,2952896000.0,259838000.0,0.107,0.254,0.199,0.18,23736000.0,505877000.0,1.0,81513192.0,81513192.0,,36.226,2635534000.0,194626000.0,131666000.0,0.0,32.333,1092537000.0
31,IFF,MRT,2013-09-30,2013-09-30,2013-09-30,2021-09-07,-403558000.0,3324511000.0,3270043250.0,1633867000.0,1690644000.0,0.889,17.633,-110090000.0,343149000.0,343149000.0,1650467000.0,360183000.0,3.206,1.313,933608000.0,144000.0,933464000.0,933608000.0,0.0,81419000.0,0.0,0.017,1.41,537001000.0,618420000.0,0.213,618420000.0,537001000.0,490941000.0,4.4,4.37,4.4,1435957000.0,1340264250.0,1435957000.0,7393929188.0,14.0,11.956,333444000.0,4.095,1.0,1257818000.0,0.432,697716000.0,46060000.0,2707678000.0,2678472750.0,520707000.0,0.0,0.0,0.0,1884981000.0,509576000.0,1375405000.0,6726855188.0,245968000.0,0.0,-26763000.0,45251000.0,-111010000.0,-88279000.0,-104715000.0,626000.0,443534000.0,-4572000.0,360183000.0,360183000.0,360183000.0,0.0,0.0,0.124,737058000.0,520760000.0,176238000.0,0.32,4.685,18.676,18.705,656662000.0,0.0,82.3,2.313,2.305,553884000.0,3045829000.0,2908285000.0,2908285000.0,251673000.0,0.11,0.269,0.2,0.185,23272000.0,483280000.0,1.0,81735786.0,81437000.0,,35.712,2626795000.0,221668000.0,130758000.0,0.0,32.256,1124291000.0
32,IFF,MRT,2013-06-30,2013-06-30,2013-06-30,2021-09-07,-412532000.0,3308921000.0,3203891750.0,1633893000.0,1675028000.0,0.897,16.845,-114890000.0,365897000.0,365897000.0,1641046000.0,277500000.0,2.883,1.412,1032971000.0,100175000.0,932796000.0,1032971000.0,0.0,79380000.0,0.0,0.018,1.36,523143000.0,602523000.0,0.21,602523000.0,523143000.0,478801000.0,3.39,3.37,3.39,1369686000.0,1293081000.0,1369686000.0,6840963922.0,13.0,11.354,191583000.0,2.356,1.0,1233938000.0,0.429,699234000.0,44342000.0,2709937000.0,2628979750.0,512784000.0,0.0,0.0,0.0,1934491000.0,566824000.0,1367667000.0,6125021922.0,261260000.0,0.0,-11797000.0,178515000.0,-108470000.0,62501000.0,-104280000.0,626000.0,306473000.0,-3434000.0,277500000.0,277500000.0,277500000.0,0.0,0.0,0.097,720532000.0,513406000.0,176731000.0,0.401,4.472,22.072,22.171,651011000.0,0.0,75.16,2.13,2.126,541607000.0,2978709000.0,2874984000.0,2874984000.0,243677000.0,0.087,0.215,0.199,0.182,22494000.0,474750000.0,1.0,81493107.0,81309000.0,,35.359,2609687000.0,212440000.0,201301000.0,0.0,32.096,1067069000.0
33,IFF,MRT,2013-03-31,2013-03-31,2013-03-31,2021-09-07,-398395000.0,3200549000.0,3132988250.0,1534698000.0,1665851000.0,0.906,16.073,-125344000.0,300046000.0,300046000.0,1637171000.0,263774000.0,2.841,1.446,1015988000.0,100206000.0,915782000.0,1015988000.0,0.0,77033000.0,0.0,0.017,1.33,502691000.0,579724000.0,0.204,579724000.0,502691000.0,460596000.0,3.23,3.21,3.23,1306606000.0,1256479500.0,1306606000.0,6954602647.0,14.0,11.996,164535000.0,2.024,1.0,1201495000.0,0.423,700752000.0,42095000.0,2675479000.0,2594701000.0,515786000.0,0.0,0.0,0.0,1889697000.0,540260000.0,1349437000.0,6247849647.0,223520000.0,0.0,-4165000.0,154598000.0,-105857000.0,52388000.0,-115229000.0,530000.0,289879000.0,-3518000.0,263774000.0,263774000.0,263774000.0,0.0,0.0,0.093,698177000.0,503318000.0,159367000.0,0.412,4.782,23.686,23.737,644910000.0,0.0,76.67,2.201,2.196,527564000.0,2904131000.0,2838666000.0,2838666000.0,235405000.0,0.084,0.21,0.194,0.177,21249000.0,462772000.0,1.0,81490148.0,81291000.0,,34.92,2499797000.0,207760000.0,196822000.0,0.0,30.751,994438000.0
34,IFF,MRT,2012-12-31,2012-12-31,2012-12-31,2021-09-07,-403625000.0,3246192000.0,3086200500.0,1572687000.0,1673505000.0,0.914,15.31,-124377000.0,324422000.0,324422000.0,1645912000.0,254134000.0,2.497,1.596,1031175000.0,150071000.0,881104000.0,1031175000.0,0.0,76667000.0,0.0,0.02,1.3,485168000.0,561835000.0,0.199,561835000.0,485168000.0,443415000.0,3.11,3.09,3.11,1248808000.0,1229202750.0,1248808000.0,6233867437.0,13.0,11.096,199419000.0,2.445,1.0,1175534000.0,0.417,702270000.0,41753000.0,2620797000.0,2570766250.0,540658000.0,0.0,0.0,0.0,1993637000.0,629878000.0,1363759000.0,5427368437.0,236143000.0,0.0,9211000.0,138756000.0,-130943000.0,25404000.0,-114261000.0,1960000.0,323796000.0,1204000.0,254134000.0,254134000.0,254134000.0,0.0,0.0,0.09,688916000.0,486618000.0,199272000.0,0.418,4.346,21.356,21.395,654641000.0,0.0,66.54,1.924,1.924,499443000.0,2841166000.0,2821446000.0,2821446000.0,233713000.0,0.082,0.207,0.189,0.172,19716000.0,453535000.0,1.0,81565501.0,81565501.0,,34.591,2543922000.0,222837000.0,189281000.0,0.0,31.189,942809000.0
35,IFF,MRT,2012-09-30,2012-09-30,2012-09-30,2021-09-07,-361697000.0,3059905000.0,3016047750.0,1388964000.0,1670941000.0,0.923,15.351,-136431000.0,97181000.0,97181000.0,1652407000.0,210409000.0,2.127,1.45,903680000.0,226722000.0,676958000.0,903680000.0,0.0,75414000.0,0.0,0.021,1.27,437257000.0,512671000.0,0.184,512671000.0,437257000.0,395256000.0,2.59,2.57,2.59,1247224000.0,1193103750.0,1247224000.0,5614593898.0,13.0,10.952,73611000.0,0.906,1.0,1132864000.0,0.407,703788000.0,42001000.0,2509706000.0,2540398750.0,547676000.0,0.0,0.0,0.0,1809095000.0,652910000.0,1156185000.0,4854348898.0,-10102000.0,0.0,8001000.0,-5962000.0,-100534000.0,-90865000.0,-130729000.0,1705000.0,210042000.0,1450000.0,210409000.0,210409000.0,210409000.0,0.0,0.0,0.076,684730000.0,448134000.0,160956000.0,0.49,3.892,23.071,23.004,619917000.0,0.0,59.58,1.743,1.738,534758000.0,2800927000.0,2785271000.0,2785271000.0,223925000.0,0.07,0.176,0.172,0.157,19243000.0,462290000.0,1.0,81476148.0,81246000.0,,34.282,2356117000.0,213595000.0,184847000.0,0.0,29.0,736054000.0
36,IFF,MRT,2012-06-30,2012-06-30,2012-06-30,2021-09-07,-388162000.0,3025307000.0,2989453750.0,1364253000.0,1661054000.0,0.933,15.085,-135161000.0,104637000.0,104637000.0,1680376000.0,276287000.0,2.689,1.47,864882000.0,87478000.0,777404000.0,864882000.0,0.0,75065000.0,0.0,0.023,1.24,428260000.0,503325000.0,0.18,503325000.0,428260000.0,385886000.0,3.4,3.37,3.4,1223280000.0,1180141500.0,1223280000.0,5236438677.0,12.0,10.404,187250000.0,2.309,1.0,1109715000.0,0.398,705307000.0,42374000.0,2572822000.0,2531183000.0,539267000.0,0.0,0.0,0.0,1798796000.0,507423000.0,1291373000.0,4442417677.0,-18794000.0,0.0,6901000.0,-116163000.0,-97107000.0,-198998000.0,-138252000.0,-1491000.0,322411000.0,-3955000.0,276287000.0,276287000.0,276287000.0,0.0,0.0,0.099,673002000.0,436713000.0,169673000.0,0.365,3.632,16.079,16.118,604022000.0,0.0,54.8,1.592,1.593,516598000.0,2812293000.0,2790091000.0,2790091000.0,219904000.0,0.092,0.234,0.169,0.153,18730000.0,449382000.0,1.0,81066016.0,81095000.0,,34.405,2320000000.0,215631000.0,109599000.0,0.0,28.608,856830000.0
37,IFF,MRT,2012-03-31,2012-03-31,2012-03-31,2021-09-07,-342944000.0,3013398000.0,2985277250.0,1345365000.0,1668033000.0,0.933,14.825,-136211000.0,76526000.0,76526000.0,1691768000.0,263879000.0,2.583,1.513,870547000.0,92594000.0,777953000.0,870547000.0,0.0,76404000.0,0.0,0.02,1.2,412037000.0,488441000.0,0.175,488441000.0,412037000.0,368267000.0,3.25,3.22,3.25,1197499000.0,1170475250.0,1197499000.0,5549002054.0,13.0,11.361,140559000.0,1.74,1.0,1092595000.0,0.392,706827000.0,43770000.0,2579740000.0,2520186250.0,555017000.0,0.0,0.0,0.0,1812342000.0,520852000.0,1291490000.0,4742345054.0,-35444000.0,0.0,12281000.0,-98812000.0,-93679000.0,-173781000.0,-139081000.0,-515000.0,276770000.0,648000.0,263879000.0,263879000.0,263879000.0,0.0,0.0,0.095,670205000.0,422390000.0,189223000.0,0.369,3.96,17.972,18.031,611441000.0,0.0,58.6,1.703,1.7,521606000.0,2748828000.0,2784363000.0,2784363000.0,219733000.0,0.088,0.225,0.163,0.148,18720000.0,442771000.0,1.0,80927390.0,80777000.0,,34.47,2306571000.0,220437000.0,104388000.0,0.0,28.555,824513000.0
38,IFF,MRT,2011-12-31,2011-12-31,2011-12-31,2021-09-07,-375309000.0,2965581000.0,2968564250.0,1317220000.0,1648361000.0,0.939,13.652,-126752000.0,88279000.0,88279000.0,1683362000.0,266866000.0,2.333,1.683,894936000.0,116688000.0,778248000.0,894936000.0,0.0,75327000.0,0.0,0.022,1.16,418185000.0,493512000.0,0.177,493512000.0,418185000.0,373546000.0,3.3,3.26,3.3,1104412000.0,1145741000.0,1104412000.0,5045100890.0,12.0,10.223,62438000.0,0.772,1.0,1104656000.0,0.396,708345000.0,44639000.0,2499327000.0,2490199500.0,544439000.0,0.0,0.0,0.0,1858174000.0,564566000.0,1293608000.0,4240661890.0,-43053000.0,0.0,14656000.0,-31046000.0,-90250000.0,-100707000.0,-131163000.0,-2475000.0,189190000.0,-373000.0,266866000.0,266866000.0,266866000.0,0.0,0.0,0.096,676927000.0,427729000.0,208759000.0,0.352,3.84,15.891,15.885,608065000.0,0.0,52.42,1.521,1.521,472346000.0,2692893000.0,2788018000.0,2788018000.0,219781000.0,0.09,0.233,0.168,0.15,20547000.0,443974000.0,1.0,80897785.0,80897785.0,,34.463,2257236000.0,206172000.0,106680000.0,0.0,27.902,752654000.0
39,IFF,MRT,2011-09-30,2011-09-30,2011-09-30,2021-09-07,-280847000.0,2953529000.0,2945282750.0,1383437000.0,1570092000.0,0.942,14.823,-126862000.0,107283000.0,107283000.0,1660900000.0,298049000.0,2.405,1.468,911722000.0,154652000.0,757070000.0,911722000.0,0.0,75350000.0,0.0,0.02,1.12,449359000.0,524709000.0,0.189,524709000.0,449359000.0,403712000.0,3.67,3.64,3.67,1195375000.0,1119493500.0,1195375000.0,5407051854.0,12.0,10.305,96675000.0,1.199,1.0,1112604000.0,0.401,709863000.0,45647000.0,2472843000.0,2437198500.0,534765000.0,0.0,0.0,0.0,1755065000.0,575262000.0,1179803000.0,4546784854.0,-7602000.0,0.0,23438000.0,-43812000.0,-86750000.0,-100498000.0,-131030000.0,1423000.0,223537000.0,389000.0,298049000.0,298049000.0,298049000.0,0.0,0.0,0.107,656134000.0,456470000.0,180931000.0,0.305,3.804,15.255,15.319,563691000.0,0.0,56.22,1.639,1.635,518967000.0,2693584000.0,2773504000.0,2773504000.0,224406000.0,0.101,0.266,0.184,0.162,18341000.0,420531000.0,1.0,80874864.0,80644000.0,,34.392,2243666000.0,168100000.0,105663000.0,0.0,27.822,808175000.0
40,IFF,MRT,2011-06-30,2011-06-30,2011-06-30,2021-09-07,-230179000.0,3008601000.0,2922977250.0,1439230000.0,1569371000.0,0.935,14.725,-114369000.0,123431000.0,123431000.0,1613735000.0,292846000.0,2.289,1.536,983698000.0,216345000.0,767353000.0,983698000.0,0.0,76377000.0,0.0,0.017,1.08,445032000.0,521409000.0,0.191,521409000.0,445032000.0,397421000.0,3.62,3.59,3.62,1184615000.0,1057438250.0,1184615000.0,6024070507.0,14.0,11.553,75272000.0,0.936,1.0,1119277000.0,0.41,711381000.0,47611000.0,2528835000.0,2403608250.0,568162000.0,0.0,0.0,0.0,1819887000.0,628652000.0,1191235000.0,5163952507.0,12879000.0,0.0,24705000.0,-10470000.0,-84899000.0,-64186000.0,-116127000.0,3471000.0,189641000.0,3551000.0,292846000.0,292846000.0,292846000.0,0.0,0.0,0.107,667134000.0,452143000.0,166438000.0,0.298,4.359,17.634,17.746,564693000.0,0.0,64.24,1.889,1.891,545550000.0,2636419000.0,2733012000.0,2733012000.0,223983000.0,0.1,0.277,0.185,0.163,20691000.0,432703000.0,1.0,80385313.0,80451000.0,,33.971,2297220000.0,169196000.0,104575000.0,0.0,28.554,810578000.0
41,IFF,MRT,2011-03-31,2011-03-31,2011-03-31,2021-09-07,-245914000.0,2946546000.0,2852547500.0,1387619000.0,1558927000.0,0.941,13.724,-110989000.0,111970000.0,111970000.0,1563368000.0,283810000.0,2.189,1.678,972088000.0,185108000.0,786980000.0,972088000.0,0.0,77172000.0,0.0,0.017,1.06,433786000.0,510958000.0,0.19,510958000.0,433786000.0,386133000.0,3.52,3.49,3.52,1098562000.0,972477000.0,1098562000.0,5790190653.0,13.0,11.332,136811000.0,1.709,1.0,1119855000.0,0.417,712899000.0,47653000.0,2459793000.0,2368114000.0,559550000.0,0.0,0.0,0.0,1843700000.0,633972000.0,1209728000.0,4999955653.0,22152000.0,0.0,22331000.0,-56969000.0,-83052000.0,-115471000.0,-111489000.0,3575000.0,247800000.0,1312000.0,283810000.0,283810000.0,283810000.0,0.0,0.0,0.106,680013000.0,439842000.0,185205000.0,0.301,4.551,17.617,17.699,551082000.0,0.0,62.3,1.863,1.859,520078000.0,2582057000.0,2683223000.0,2683223000.0,223598000.0,0.099,0.292,0.183,0.162,17738000.0,446002000.0,1.0,80256110.0,80049000.0,,33.52,2233647000.0,179366000.0,102323000.0,0.0,27.903,753647000.0
42,IFF,MRT,2010-12-31,2010-12-31,2010-12-31,2021-09-07,-275351000.0,2872455000.0,2785467500.0,1325195000.0,1547260000.0,0.942,12.5,-104644000.0,131332000.0,131332000.0,1530260000.0,263557000.0,2.005,1.87,921567000.0,133899000.0,787668000.0,921567000.0,0.0,79242000.0,0.0,0.019,1.04,408302000.0,487544000.0,0.186,487544000.0,408302000.0,359593000.0,3.29,3.26,3.29,999422000.0,901163000.0,999422000.0,5278172973.0,13.0,10.826,210492000.0,2.633,1.0,1092602000.0,0.417,714416000.0,48709000.0,2287323000.0,2355399000.0,531675000.0,0.0,0.0,0.0,1869300000.0,660951000.0,1208349000.0,4444466973.0,51197000.0,0.0,26224000.0,-103190000.0,-81181000.0,-156744000.0,-106783000.0,1719000.0,315136000.0,-412000.0,263557000.0,263557000.0,263557000.0,0.0,0.0,0.1,684300000.0,408302000.0,200153000.0,0.316,4.447,16.863,16.897,538118000.0,0.0,55.59,1.695,1.695,451804000.0,2519706000.0,2622862000.0,2622862000.0,218772000.0,0.095,0.292,0.173,0.156,18382000.0,447392000.0,1.0,79950836.0,79950836.0,,32.806,2158039000.0,196960000.0,96036000.0,0.0,26.992,664244000.0
43,IFF,MRT,2010-09-30,2010-09-30,2010-09-30,2021-09-07,-265374000.0,2864307000.0,2728547250.0,1328150000.0,1536157000.0,0.945,11.935,-88528000.0,114885000.0,114885000.0,1502957000.0,255427000.0,2.064,2.02,948591000.0,137872000.0,810719000.0,948591000.0,0.0,80588000.0,0.0,0.021,1.02,411536000.0,492124000.0,0.191,492124000.0,411536000.0,360018000.0,3.2,3.18,3.2,947154000.0,843558250.0,947154000.0,4747496626.0,12.0,9.647,211362000.0,2.663,1.0,1075668000.0,0.417,715934000.0,51518000.0,2338482000.0,2376364250.0,503991000.0,0.0,0.0,0.0,1913435000.0,643597000.0,1269838000.0,3874709626.0,-39687000.0,0.0,22012000.0,-213362000.0,-60005000.0,-251355000.0,-89413000.0,1364000.0,299890000.0,1191000.0,255427000.0,255427000.0,255427000.0,0.0,0.0,0.099,664515000.0,411153000.0,169652000.0,0.319,4.091,15.17,15.162,505673000.0,0.0,48.52,1.503,1.493,511973000.0,2485785000.0,2578625000.0,2578625000.0,205489000.0,0.094,0.303,0.173,0.16,19092000.0,437256000.0,1.0,79857989.0,79357000.0,,32.494,2148373000.0,215140000.0,104591000.0,42597000.0,27.072,684553000.0
44,IFF,MRT,2010-06-30,2010-06-30,2010-06-30,2021-09-07,-303606000.0,2726882000.0,2710160750.0,1223620000.0,1503262000.0,0.929,10.668,-82900000.0,110552000.0,110552000.0,1478502000.0,231189000.0,2.47,2.224,983339000.0,48739000.0,934600000.0,983339000.0,0.0,80483000.0,0.0,0.024,1.0,380896000.0,461379000.0,0.183,461379000.0,380896000.0,328119000.0,2.91,2.89,2.91,844770000.0,795739250.0,844770000.0,4298648218.0,11.0,9.317,248840000.0,3.142,1.0,1039474000.0,0.413,717452000.0,52777000.0,2386858000.0,2470384500.0,454608000.0,0.0,0.0,0.0,1878851000.0,495359000.0,1383492000.0,3373608218.0,-53263000.0,0.0,20177000.0,-246153000.0,-79134000.0,-305110000.0,-84043000.0,1106000.0,331740000.0,4150000.0,231189000.0,231189000.0,231189000.0,0.0,0.0,0.092,658985000.0,380489000.0,155056000.0,0.344,3.994,14.592,14.577,482041000.0,0.0,42.42,1.34,1.334,475996000.0,2430322000.0,2517976000.0,2517976000.0,201667000.0,0.085,0.291,0.154,0.151,18093000.0,429500000.0,1.0,79528718.0,79188000.0,,31.797,2009430000.0,202636000.0,96930000.0,29190000.0,25.375,728261000.0
45,IFF,MRT,2010-03-31,2010-03-31,2010-03-31,2021-09-07,-279972000.0,2678226000.0,2722324750.0,1170934000.0,1507292000.0,0.889,10.325,-70952000.0,89818000.0,89818000.0,1438050000.0,212120000.0,2.463,2.289,1014858000.0,80782000.0,934076000.0,1014858000.0,0.0,79926000.0,0.0,0.021,1.0,357173000.0,437099000.0,0.181,437099000.0,357173000.0,302400000.0,2.68,2.66,2.68,813306000.0,762695000.0,813306000.0,4708532170.0,13.0,10.772,267445000.0,3.395,1.0,982387000.0,0.406,718991000.0,54773000.0,2408933000.0,2547167250.0,446912000.0,0.0,0.0,0.0,1861355000.0,475342000.0,1386013000.0,3777138170.0,2229000.0,0.0,14035000.0,-225779000.0,-59289000.0,-271033000.0,-76547000.0,-3346000.0,338397000.0,11412000.0,212120000.0,212120000.0,212120000.0,0.0,0.0,0.088,624052000.0,358335000.0,154451000.0,0.373,4.644,17.807,17.787,489759000.0,0.0,47.67,1.561,1.551,468820000.0,2383145000.0,2420437000.0,2420437000.0,190071000.0,0.078,0.278,0.14,0.148,18151000.0,406009000.0,1.0,79235120.0,78767000.0,,30.729,1959235000.0,190367000.0,90280000.0,595000.0,24.874,695592000.0
46,IFF,MRT,2009-12-31,2009-12-31,2009-12-31,2021-09-07,-270974000.0,2644774000.0,2707676250.0,1128066000.0,1516708000.0,0.859,9.729,-65035000.0,80135000.0,80135000.0,1391913000.0,195526000.0,2.329,2.435,1011529000.0,76780000.0,934749000.0,1011529000.0,0.0,78525000.0,0.0,0.024,1.0,338367000.0,416892000.0,0.179,416892000.0,338367000.0,276549000.0,2.48,2.46,2.48,769003000.0,718796500.0,769003000.0,4254858286.0,13.0,10.206,226602000.0,2.867,1.0,934245000.0,0.402,720530000.0,61818000.0,2371184000.0,2613832500.0,444977000.0,0.0,0.0,0.0,1872864000.0,484454000.0,1388410000.0,3251821286.0,-98332000.0,0.0,5043000.0,-238394000.0,-78841000.0,-312192000.0,-80888000.0,-13604000.0,291637000.0,3111000.0,195526000.0,195526000.0,195526000.0,0.0,0.0,0.084,595878000.0,338367000.0,161027000.0,0.403,4.229,16.631,16.589,501293000.0,0.0,41.14,1.398,1.398,444265000.0,2339205000.0,2326158000.0,2326158000.0,184771000.0,0.072,0.272,0.129,0.145,17449000.0,390885000.0,1.0,79042812.0,79042812.0,,29.429,1924244000.0,184722000.0,81023000.0,0.0,24.344,643612000.0
47,IFF,MRT,2009-09-30,2009-09-30,2009-09-30,2021-09-07,-248446000.0,2790761000.0,2733961000.0,1191781000.0,1598980000.0,0.834,9.63,-63520000.0,154572000.0,154572000.0,1365860000.0,197049000.0,3.337,2.683,1157609000.0,1582000.0,1156027000.0,1157609000.0,0.0,74044000.0,0.0,0.026,1.0,314095000.0,388139000.0,0.17,388139000.0,314095000.0,247557000.0,2.51,2.48,2.51,755878000.0,669823500.0,755878000.0,4046620712.0,13.0,10.426,220667000.0,2.811,1.0,913768000.0,0.401,722068000.0,66538000.0,2714563000.0,2683380500.0,435744000.0,0.0,0.0,0.0,2027973000.0,357167000.0,1670806000.0,2996155712.0,45836000.0,0.0,45000.0,-58293000.0,-98092000.0,-156298000.0,-81911000.0,-18391000.0,284187000.0,-142000.0,197049000.0,197049000.0,197049000.0,0.0,0.0,0.086,603279000.0,310489000.0,140597000.0,0.398,3.964,15.205,15.112,492163000.0,0.0,37.93,1.314,1.306,477218000.0,2311544000.0,2279628000.0,2279628000.0,177483000.0,0.072,0.294,0.117,0.138,18758000.0,402024000.0,1.0,78991714.0,78491000.0,,29.043,2068693000.0,172511000.0,50508000.0,0.0,26.356,834614000.0
48,IFF,MRT,2009-06-30,2009-06-30,2009-06-30,2021-09-07,-254200000.0,2775538000.0,2730204250.0,1187211000.0,1588327000.0,0.837,9.095,-72383000.0,163815000.0,163815000.0,1372879000.0,201933000.0,2.907,2.886,1214280000.0,73351000.0,1140929000.0,1214280000.0,0.0,71720000.0,0.0,0.031,1.0,323911000.0,395631000.0,0.173,395631000.0,323911000.0,252839000.0,2.57,2.55,2.57,712593000.0,661862000.0,712593000.0,3702602214.0,11.0,9.359,156917000.0,2.003,1.0,911653000.0,0.399,723605000.0,71072000.0,2693989000.0,2681778250.0,441007000.0,344000.0,344000.0,0.0,2056317000.0,408409000.0,1647908000.0,2574823214.0,44325000.0,0.0,4053000.0,-10840000.0,-77060000.0,-83752000.0,-91084000.0,-18701000.0,229300000.0,-10139000.0,201933000.0,201933000.0,201933000.0,0.0,0.0,0.088,588319000.0,323334000.0,117892000.0,0.389,3.613,12.751,12.732,488790000.0,0.0,32.72,1.127,1.122,471767000.0,2278499000.0,2284532000.0,2284532000.0,180220000.0,0.074,0.305,0.121,0.142,18484000.0,393290000.0,1.0,78692641.0,78352000.0,,29.157,2051933000.0,168144000.0,50906000.0,0.0,26.189,778802000.0
49,IFF,MRT,2009-03-31,2009-03-31,2009-03-31,2021-09-07,-297659000.0,2619632000.0,2741014250.0,1052057000.0,1567575000.0,0.858,8.155,-78021000.0,87589000.0,87589000.0,1404877000.0,220882000.0,3.035,3.096,1215368000.0,90465000.0,1124903000.0,1215368000.0,0.0,75123000.0,0.0,0.032,0.98,347736000.0,422859000.0,0.18,422859000.0,347736000.0,272166000.0,2.8,2.78,2.8,637712000.0,644460000.0,637712000.0,3474255555.0,10.0,8.216,120583000.0,1.542,1.0,947520000.0,0.403,725144000.0,75570000.0,2675594000.0,2669067000.0,452282000.0,328000.0,328000.0,0.0,1974039000.0,346673000.0,1627366000.0,2397068555.0,27131000.0,0.0,3419000.0,32009000.0,-95575000.0,-60014000.0,-93549000.0,-15528000.0,198604000.0,-17910000.0,220882000.0,220882000.0,220882000.0,0.0,0.0,0.094,606047000.0,341473000.0,95303000.0,0.35,3.759,10.852,10.879,474382000.0,0.0,30.46,1.019,1.013,418384000.0,2250165000.0,2352397000.0,2352397000.0,192138000.0,0.081,0.343,0.13,0.148,18120000.0,401920000.0,1.0,78695619.0,78195000.0,,30.084,1894488000.0,170764000.0,51284000.0,0.0,24.228,705384000.0
50,IFF,MRT,2008-12-31,2008-12-31,2008-12-31,2021-09-07,-325105000.0,2749913000.0,2771320000.0,1202416000.0,1547497000.0,0.862,7.287,-82547000.0,178467000.0,178467000.0,1418441000.0,229628000.0,2.666,3.785,1255654000.0,101982000.0,1153672000.0,1255654000.0,0.0,75986000.0,0.0,0.032,0.96,357930000.0,433916000.0,0.182,433916000.0,357930000.0,283922000.0,2.89,2.86,2.89,573111000.0,630819750.0,573111000.0,3418651405.0,10.0,7.879,138066000.0,1.756,1.0,970931000.0,0.406,726683000.0,74008000.0,2649376000.0,2663998750.0,479567000.0,0.0,0.0,0.0,2169271000.0,451041000.0,1718230000.0,2337338405.0,26996000.0,0.0,-22642000.0,2705000.0,-74865000.0,-94669000.0,-89745000.0,-7198000.0,220613000.0,-9203000.0,229628000.0,229628000.0,229628000.0,0.0,0.0,0.096,615798000.0,355133000.0,114997000.0,0.332,4.078,10.179,10.284,496856000.0,0.0,29.72,0.978,0.978,400971000.0,2222641000.0,2389372000.0,2389372000.0,196863000.0,0.083,0.364,0.134,0.15,17246000.0,400723000.0,1.0,78645303.0,78645303.0,,30.382,2023230000.0,184356000.0,54294000.0,1788000.0,25.726,751375000.0
51,IFF,MRT,2008-09-30,2008-09-30,2008-09-30,2021-09-07,-35009000.0,2775734000.0,2765420250.0,1239409000.0,1536325000.0,0.869,9.273,-68880000.0,108736000.0,108736000.0,1422466000.0,227887000.0,2.946,2.834,1190049000.0,58631000.0,1131418000.0,1190049000.0,0.0,79979000.0,0.0,0.024,0.94,378953000.0,458932000.0,0.191,458932000.0,378953000.0,307923000.0,2.84,2.83,2.84,724032000.0,641841250.0,724032000.0,4197071394.0,11.0,9.145,189598000.0,2.428,1.0,981301000.0,0.408,728221000.0,71030000.0,2708154000.0,2629456000.0,509281000.0,624000.0,624000.0,0.0,2051702000.0,420672000.0,1631030000.0,3100115394.0,46772000.0,0.0,-21045000.0,-33362000.0,-75566000.0,-129667000.0,-72908000.0,-4028000.0,258478000.0,-9131000.0,227887000.0,227887000.0,227887000.0,0.0,0.0,0.095,610542000.0,370759000.0,115511000.0,0.331,4.282,13.604,13.894,503544000.0,0.0,39.46,1.29,1.282,458498000.0,2187810000.0,2403767000.0,2403767000.0,212119000.0,0.082,0.355,0.144,0.158,18411000.0,385630000.0,1.0,78563492.0,78077000.0,,30.787,2047513000.0,63204000.0,80036000.0,0.0,26.224,818737000.0
52,IFF,MRT,2008-06-30,2008-06-30,2008-06-30,2021-09-07,-69659000.0,2818778000.0,2704901500.0,1279021000.0,1539757000.0,0.876,8.075,-63949000.0,119490000.0,119490000.0,1390842000.0,229047000.0,2.356,3.384,1216446000.0,147562000.0,1068884000.0,1216446000.0,0.0,83030000.0,0.0,0.024,0.92,370554000.0,453584000.0,0.191,453584000.0,370554000.0,308965000.0,2.79,2.77,2.79,642985000.0,597760000.0,642985000.0,4308215921.0,12.0,9.498,233321000.0,2.93,1.0,978700000.0,0.413,729759000.0,61589000.0,2643144000.0,2579844750.0,525651000.0,55000.0,55000.0,0.0,2175793000.0,542831000.0,1632962000.0,3144462921.0,-4681000.0,0.0,-509790000.0,357084000.0,-76513000.0,-226527000.0,-74823000.0,-10874000.0,297270000.0,-601000.0,229047000.0,229047000.0,229047000.0,0.0,0.0,0.097,618106000.0,360594000.0,137178000.0,0.33,4.89,13.728,14.0,514920000.0,0.0,39.06,1.327,1.313,464487000.0,2149779000.0,2369542000.0,2369542000.0,209723000.0,0.085,0.383,0.144,0.156,18818000.0,387629000.0,1.0,80503403.0,79627000.0,,29.758,2089019000.0,130045000.0,79918000.0,0.0,26.235,736190000.0
53,IFF,MRT,2008-03-31,2008-03-31,2008-03-31,2021-09-07,-69828000.0,2740855000.0,2636954000.0,1180140000.0,1560715000.0,0.875,7.263,-52012000.0,60458000.0,60458000.0,1346165000.0,240387000.0,2.278,3.7,1224211000.0,152869000.0,1071342000.0,1224211000.0,0.0,81143000.0,0.0,0.02,0.9,370132000.0,451275000.0,0.196,451275000.0,370132000.0,318692000.0,2.83,2.81,2.83,583151000.0,685677750.0,583151000.0,4630136592.0,13.0,10.26,266545000.0,3.32,1.0,960977000.0,0.417,731298000.0,51440000.0,2655321000.0,2453314000.0,512034000.0,706000.0,706000.0,0.0,2157704000.0,517989000.0,1639715000.0,3568966592.0,-22747000.0,0.0,-538850000.0,330450000.0,-76464000.0,-280028000.0,-62598000.0,-10586000.0,318557000.0,1322000.0,240387000.0,240387000.0,240387000.0,0.0,0.0,0.104,599507000.0,361470000.0,133236000.0,0.318,6.12,14.847,15.565,523420000.0,0.0,44.05,1.547,1.533,451290000.0,2100820000.0,2307142000.0,2307142000.0,202317000.0,0.091,0.351,0.151,0.16,17776000.0,374165000.0,1.0,81020808.0,80296000.0,,28.733,2009557000.0,76907000.0,78305000.0,0.0,25.027,662151000.0
54,IFF,MRT,2007-12-31,2007-12-31,2007-12-31,2021-09-07,-34833000.0,2726314000.0,2576088500.0,1156093000.0,1570221000.0,0.884,7.622,-48655000.0,151471000.0,151471000.0,1324424000.0,247128000.0,2.127,3.417,1212641000.0,152473000.0,1060168000.0,1212641000.0,0.0,82788000.0,0.0,0.018,0.88,372349000.0,455137000.0,0.2,455137000.0,372349000.0,330814000.0,2.84,2.81,2.84,617197000.0,774786000.0,617197000.0,5022243251.0,13.0,11.035,265407000.0,3.278,1.0,952214000.0,0.418,732836000.0,41535000.0,2511205000.0,2324587750.0,484222000.0,604000.0,604000.0,0.0,2109117000.0,543443000.0,1565674000.0,3897136251.0,36963000.0,0.0,-526885000.0,368921000.0,-76600000.0,-227996000.0,-51354000.0,-2699000.0,314062000.0,2251000.0,247128000.0,247128000.0,247128000.0,0.0,0.0,0.109,591001000.0,361213000.0,130992000.0,0.31,6.314,15.77,16.947,508820000.0,0.0,48.13,1.712,1.712,400527000.0,2078937000.0,2276638000.0,2276638000.0,196893000.0,0.096,0.319,0.16,0.164,18168000.0,375287000.0,1.0,80971042.0,80971042.0,,28.117,1993478000.0,133749000.0,83686000.0,4547000.0,24.62,612650000.0
55,IFF,MRT,2007-09-30,2007-09-30,2007-09-30,2021-09-07,-29243000.0,2533659000.0,2514236000.0,1118261000.0,1415398000.0,0.89,6.291,-42417000.0,61964000.0,61964000.0,1299628000.0,247887000.0,2.701,3.626,1187071000.0,52578000.0,1134493000.0,1187071000.0,0.0,85648000.0,0.0,0.016,0.86,359812000.0,445460000.0,0.199,445460000.0,359812000.0,327105000.0,2.79,2.76,2.79,547707000.0,846778750.0,547707000.0,5403332997.0,15.0,12.13,193777000.0,2.226,1.0,937830000.0,0.419,735049000.0,32707000.0,2509709000.0,2191598750.0,467903000.0,600000.0,600000.0,0.0,1985952000.0,414008000.0,1571944000.0,4722747997.0,-100799000.0,0.0,-566795000.0,348890000.0,-72814000.0,-280075000.0,-64167000.0,-21750000.0,236194000.0,7249000.0,247887000.0,247887000.0,247887000.0,0.0,0.0,0.111,582973000.0,354857000.0,116919000.0,0.308,8.623,19.052,18.946,492593000.0,0.0,52.86,2.111,2.057,430661000.0,2050343000.0,2237458000.0,2237458000.0,193156000.0,0.099,0.293,0.164,0.161,18480000.0,367492000.0,1.0,89344457.0,87063000.0,,25.699,1798610000.0,69076000.0,79218000.0,0.0,20.659,704253000.0
56,IFF,MRT,2007-06-30,2007-06-30,2007-06-30,2021-09-07,-14697000.0,2546988000.0,2526309750.0,1154316000.0,1392672000.0,0.868,11.154,-30325000.0,124171000.0,124171000.0,1270602000.0,252689000.0,3.28,1.561,804756000.0,18982000.0,785774000.0,804756000.0,0.0,87418000.0,0.0,0.016,0.815,367785000.0,455203000.0,0.208,455203000.0,367785000.0,337199000.0,2.82,2.79,2.82,994656000.0,949630000.0,994656000.0,5382922248.0,15.0,11.825,226176000.0,2.536,1.0,922678000.0,0.421,738605000.0,30586000.0,2137021000.0,1996954500.0,454737000.0,583000.0,583000.0,0.0,1552332000.0,351947000.0,1200385000.0,4653675248.0,94338000.0,0.0,-136212000.0,75420000.0,-70621000.0,-123051000.0,-43513000.0,-13188000.0,256501000.0,4401000.0,252689000.0,252689000.0,252689000.0,0.0,0.0,0.115,567870000.0,354808000.0,114157000.0,0.289,4.679,18.417,18.489,482861000.0,0.0,52.14,2.122,2.12,415011000.0,2011852000.0,2193280000.0,2193280000.0,189894000.0,0.1,0.266,0.184,0.168,18339000.0,361120000.0,1.0,89253457.0,89174000.0,,24.596,1808383000.0,64255000.0,84510000.0,0.0,20.279,802369000.0
57,IFF,MRT,2007-03-31,2007-03-31,2007-03-31,2021-09-07,-33533000.0,2497393000.0,2502707750.0,1120312000.0,1377081000.0,0.859,10.512,-34822000.0,83205000.0,83205000.0,1245823000.0,235499000.0,3.256,1.658,812452000.0,12717000.0,799735000.0,812452000.0,0.0,88611000.0,0.0,0.017,0.79,353644000.0,442255000.0,0.206,442255000.0,353644000.0,325154000.0,2.61,2.59,2.61,939584000.0,937465500.0,939584000.0,4931873915.0,14.0,11.152,208831000.0,2.336,1.0,904236000.0,0.421,742160000.0,28490000.0,2140416000.0,1882145000.0,445204000.0,527000.0,527000.0,0.0,1557809000.0,344064000.0,1213745000.0,4239041915.0,-122046000.0,0.0,-106922000.0,-153070000.0,-68956000.0,-322646000.0,-48099000.0,-13277000.0,243653000.0,5046000.0,235499000.0,235499000.0,235499000.0,0.0,0.0,0.11,561036000.0,343200000.0,117286000.0,0.303,4.512,18.0,18.092,487035000.0,0.0,47.22,1.972,1.963,400179000.0,1952231000.0,2150059000.0,2150059000.0,186722000.0,0.094,0.251,0.188,0.164,19600000.0,357606000.0,1.0,89772171.0,89378000.0,,24.056,1755233000.0,75566000.0,89655000.0,0.0,19.638,776248000.0
58,IFF,MRT,2006-12-31,2006-12-31,2006-12-31,2021-09-07,-34319000.0,2478904000.0,2525096250.0,1079803000.0,1399101000.0,0.83,10.092,-31047000.0,114508000.0,114508000.0,1211259000.0,226500000.0,2.417,1.739,807340000.0,15897000.0,791443000.0,807340000.0,0.0,89733000.0,0.0,0.016,0.765,338831000.0,428564000.0,0.205,428564000.0,338831000.0,313282000.0,2.5,2.48,2.5,905168000.0,925129750.0,905168000.0,5054561309.0,15.0,11.794,250572000.0,2.794,1.0,884131000.0,0.422,745716000.0,25549000.0,1979249000.0,1690128000.0,446606000.0,604000.0,604000.0,0.0,1573736000.0,446771000.0,1126965000.0,4409063309.0,-158037000.0,0.0,-160131000.0,-174377000.0,-67381000.0,-397236000.0,-48402000.0,-17355000.0,281619000.0,5982000.0,226500000.0,226500000.0,226500000.0,0.0,0.0,0.108,555138000.0,328993000.0,111661000.0,0.306,4.871,19.466,19.664,495124000.0,0.0,49.16,2.104,2.104,357155000.0,1909599000.0,2095390000.0,2095390000.0,185692000.0,0.09,0.245,0.2,0.162,18185000.0,351923000.0,1.0,89688025.0,89688025.0,,23.363,1733188000.0,89448000.0,86782000.0,45251000.0,19.325,633032000.0
59,IFF,MRT,2006-09-30,2006-09-30,2006-09-30,2021-09-07,-136347000.0,2581954000.0,2564919250.0,1134229000.0,1447725000.0,0.796,10.651,-46113000.0,162763000.0,162763000.0,1182674000.0,193756000.0,1.544,1.692,808261000.0,302663000.0,505598000.0,808261000.0,0.0,89292000.0,0.0,0.019,0.74,296335000.0,385627000.0,0.189,385627000.0,296335000.0,272435000.0,2.14,2.12,2.14,959112000.0,927674500.0,959112000.0,4279997860.0,14.0,11.099,226960000.0,2.52,1.0,860043000.0,0.421,761519000.0,23900000.0,1731132000.0,1530560000.0,433458000.0,321000.0,321000.0,0.0,1622842000.0,734801000.0,888041000.0,3585103860.0,134475000.0,0.0,-113418000.0,109711000.0,-68101000.0,-93343000.0,-46123000.0,-10000.0,273073000.0,868000.0,193756000.0,193756000.0,193756000.0,0.0,0.0,0.095,569638000.0,290405000.0,104717000.0,0.346,3.738,18.503,18.477,479468000.0,0.0,39.54,1.755,1.743,373220000.0,1880381000.0,2042717000.0,2042717000.0,183689000.0,0.076,0.209,0.194,0.145,20365000.0,347055000.0,1.0,90670305.0,90053000.0,,22.683,1820435000.0,69175000.0,78679000.0,67262000.0,20.215,399428000.0
60,IFF,MRT,2006-06-30,2006-06-30,2006-06-30,2021-09-07,-153748000.0,2452580000.0,2523219000.0,995534000.0,1457046000.0,0.791,10.411,-66232000.0,29833000.0,29833000.0,1159237000.0,198682000.0,1.413,1.593,724727000.0,308936000.0,415791000.0,724727000.0,0.0,90101000.0,0.0,0.021,0.74,271977000.0,362078000.0,0.181,362078000.0,271977000.0,247986000.0,2.16,2.14,2.16,945998000.0,920034250.0,945998000.0,3931745124.0,14.0,10.859,174147000.0,1.916,1.0,837463000.0,0.419,765230000.0,23991000.0,1677783000.0,1440248500.0,443339000.0,319000.0,319000.0,0.0,1506582000.0,704461000.0,802121000.0,3201136124.0,-30031000.0,0.0,-82485000.0,-37940000.0,-68665000.0,-206649000.0,-66242000.0,-10000.0,240379000.0,2481000.0,198682000.0,198682000.0,198682000.0,0.0,0.0,0.1,565487000.0,271976000.0,107633000.0,0.343,3.384,16.112,16.315,487631000.0,0.0,35.24,1.603,1.604,375625000.0,1833300000.0,1996700000.0,1996700000.0,181869000.0,0.079,0.216,0.189,0.136,15444000.0,344985000.0,1.0,90838142.0,90869000.0,,21.973,1687350000.0,61335000.0,49304000.0,55842000.0,18.569,291073000.0
61,IFF,MRT,2006-03-31,2006-03-31,2006-03-31,2021-09-07,-144712000.0,2586947000.0,2501826000.0,1153562000.0,1433385000.0,0.792,9.726,-79488000.0,205251000.0,205251000.0,1155413000.0,194213000.0,0.981,1.906,935860000.0,805705000.0,130155000.0,935860000.0,0.0,91300000.0,0.0,0.022,0.74,268812000.0,360112000.0,0.182,360112000.0,268812000.0,245059000.0,2.09,2.07,2.09,890241000.0,905676000.0,890241000.0,3792289862.0,14.0,10.531,152794000.0,1.669,1.0,826360000.0,0.417,768941000.0,23753000.0,1372348000.0,1355360000.0,437560000.0,330000.0,330000.0,0.0,1696706000.0,1176267000.0,520439000.0,3114161862.0,182438000.0,0.0,-114243000.0,227339000.0,-68397000.0,31230000.0,-79498000.0,-10000.0,232282000.0,-1576000.0,194213000.0,194213000.0,194213000.0,0.0,0.0,0.098,559821000.0,266539000.0,105298000.0,0.354,3.498,16.035,16.421,485624000.0,0.0,34.32,1.571,1.585,348466000.0,1788945000.0,1981773000.0,1981773000.0,180661000.0,0.078,0.214,0.198,0.136,10212000.0,340167000.0,1.0,90738982.0,91535000.0,,21.65,1818006000.0,68451000.0,50846000.0,43342000.0,19.861,-22705000.0
62,IFF,MRT,2005-12-31,2005-12-31,2005-12-31,2021-09-07,-150355000.0,2638196000.0,2448425500.0,1191274000.0,1446922000.0,0.814,9.855,-90646000.0,272545000.0,272545000.0,1168992000.0,193066000.0,0.991,1.882,950673000.0,819392000.0,131281000.0,950673000.0,0.0,91928000.0,0.0,0.022,0.73,270144000.0,362072000.0,0.182,362072000.0,270144000.0,246188000.0,2.06,2.04,2.06,915347000.0,908742750.0,915347000.0,3772304544.0,14.0,10.419,86514000.0,0.931,1.0,824401000.0,0.414,772651000.0,23956000.0,1340977000.0,1482668250.0,430794000.0,352000.0,352000.0,0.0,1722849000.0,1202696000.0,520153000.0,3111609544.0,239949000.0,0.0,-75304000.0,300441000.0,-67779000.0,157358000.0,-90646000.0,0.0,177160000.0,-3923000.0,193066000.0,193066000.0,193066000.0,0.0,0.0,0.097,557525000.0,266876000.0,98588000.0,0.354,3.399,16.117,16.262,499145000.0,0.0,33.5,1.561,1.561,304823000.0,1752055000.0,1993393000.0,1993393000.0,179812000.0,0.079,0.212,0.182,0.136,7350000.0,339323000.0,1.0,92883867.0,92883867.0,,21.461,1865545000.0,75366000.0,53122000.0,41089000.0,20.085,-11422000.0
63,IFF,MRT,2005-09-30,2005-09-30,2005-09-30,2021-09-07,-155377000.0,2415153000.0,2379700000.0,965342000.0,1449811000.0,0.84,9.944,-89006000.0,28288000.0,28288000.0,1162855000.0,218734000.0,1.041,1.601,688983000.0,552609000.0,136374000.0,688983000.0,0.0,92154000.0,0.0,0.02,0.72,304515000.0,396669000.0,0.198,396669000.0,304515000.0,280921000.0,2.32,2.3,2.32,928551000.0,907527750.0,928551000.0,4039603782.0,13.0,10.184,157868000.0,1.691,1.0,837125000.0,0.419,778373000.0,23594000.0,1369886000.0,1604030500.0,437294000.0,359000.0,359000.0,0.0,1486602000.0,927589000.0,559013000.0,3345055782.0,14024000.0,0.0,-23302000.0,-21587000.0,-67030000.0,-142797000.0,-88839000.0,167000.0,246874000.0,-1214000.0,218734000.0,218734000.0,218734000.0,0.0,0.0,0.109,534357000.0,302768000.0,98720000.0,0.31,3.602,15.293,15.362,494180000.0,0.0,35.64,1.673,1.664,338828000.0,1754011000.0,1999980000.0,1999980000.0,176843000.0,0.092,0.241,0.19,0.152,8085000.0,338334000.0,1.0,93856784.0,93380000.0,,21.418,1636780000.0,71058000.0,62187000.0,44187000.0,17.528,37753000.0
64,IFF,MRT,2005-06-30,2005-06-30,2005-06-30,2021-09-07,-162302000.0,2367008000.0,2352269750.0,983752000.0,1383256000.0,0.856,9.465,-43506000.0,59864000.0,59864000.0,1165195000.0,192467000.0,1.045,1.664,754412000.0,614992000.0,139420000.0,754412000.0,0.0,91343000.0,0.0,0.02,0.71,298072000.0,389415000.0,0.193,389415000.0,298072000.0,275003000.0,2.04,2.02,2.04,888565000.0,885911000.0,888565000.0,4118358462.0,14.0,10.576,232305000.0,2.475,1.0,847896000.0,0.421,782141000.0,23069000.0,1338229000.0,1709004250.0,432073000.0,361000.0,361000.0,0.0,1478443000.0,941186000.0,537257000.0,3411555462.0,48619000.0,0.0,-23889000.0,-69855000.0,-66161000.0,-181612000.0,-43339000.0,167000.0,275811000.0,-2241000.0,192467000.0,192467000.0,192467000.0,0.0,0.0,0.096,550393000.0,297503000.0,106299000.0,0.348,3.839,17.725,17.755,484069000.0,0.0,36.22,1.695,1.689,358743000.0,1702720000.0,2013091000.0,2013091000.0,175316000.0,0.082,0.217,0.174,0.148,8085000.0,336006000.0,1.0,94189825.0,93876000.0,,21.444,1584867000.0,67277000.0,82536000.0,26516000.0,16.883,42566000.0
65,IFF,MRT,2005-03-31,2005-03-31,2005-03-31,2021-09-07,-135877000.0,2373345000.0,2346268250.0,973251000.0,1400094000.0,0.862,9.568,-35429000.0,22813000.0,22813000.0,1161846000.0,192256000.0,2.358,1.63,729616000.0,68754000.0,660862000.0,729616000.0,0.0,90901000.0,0.0,0.018,0.7,298219000.0,389120000.0,0.192,389120000.0,298219000.0,275098000.0,2.04,2.01,2.04,902508000.0,866276500.0,902508000.0,4385972542.0,15.0,11.272,225133000.0,2.387,1.0,859844000.0,0.425,785908000.0,23121000.0,1881581000.0,1839904000.0,441798000.0,362000.0,362000.0,0.0,1470837000.0,412659000.0,1058178000.0,3733642542.0,11017000.0,0.0,-9222000.0,-125528000.0,-64789000.0,-214968000.0,-35262000.0,167000.0,260562000.0,685000.0,192256000.0,192256000.0,192256000.0,0.0,0.0,0.095,558331000.0,301513000.0,109449000.0,0.343,4.137,19.42,19.363,491721000.0,0.0,39.5,1.847,1.843,374065000.0,1663411000.0,2021690000.0,2021690000.0,175278000.0,0.082,0.222,0.162,0.148,8085000.0,336324000.0,1.0,94522596.0,94325000.0,,21.433,1587437000.0,72093000.0,82842000.0,27562000.0,16.829,560592000.0
66,IFF,MRT,2004-12-31,2004-12-31,2004-12-31,2021-09-07,-108172000.0,2363294000.0,2338438500.0,961370000.0,1401924000.0,0.87,9.661,-31610000.0,32596000.0,32596000.0,1160235000.0,196071000.0,2.406,1.596,684926000.0,15957000.0,668969000.0,684926000.0,0.0,90996000.0,0.0,0.016,0.685,305004000.0,396000000.0,0.195,396000000.0,305004000.0,281002000.0,2.08,2.05,2.08,910487000.0,836656750.0,910487000.0,4751168321.0,16.0,11.998,264237000.0,2.804,1.0,873418000.0,0.429,789676000.0,24002000.0,1826426000.0,1840131250.0,457204000.0,399000.0,399000.0,0.0,1452807000.0,399522000.0,1053285000.0,4037190321.0,20515000.0,0.0,9983000.0,-192139000.0,-63214000.0,-245370000.0,-31478000.0,132000.0,295847000.0,1516000.0,196071000.0,196071000.0,196071000.0,0.0,0.0,0.096,563139000.0,310279000.0,103978000.0,0.329,4.434,20.59,20.596,501334000.0,0.0,42.84,1.985,1.985,335779000.0,1627386000.0,2033653000.0,2033653000.0,175173000.0,0.084,0.234,0.166,0.15,8085000.0,341306000.0,1.0,94238803.0,94238803.0,,21.58,1573618000.0,79267000.0,84931000.0,30339000.0,16.698,561848000.0
67,IFF,MRT,2004-09-30,2004-09-30,2004-09-30,2021-09-07,-144660000.0,2305432000.0,2324338000.0,948028000.0,1357404000.0,0.876,8.942,-27707000.0,14264000.0,14264000.0,1160137000.0,193276000.0,2.151,1.738,728242000.0,64918000.0,663324000.0,728242000.0,0.0,90684000.0,0.0,0.018,0.67,304430000.0,395114000.0,0.194,395114000.0,304430000.0,279943000.0,2.05,2.03,2.05,842084000.0,794692750.0,842084000.0,4425491400.0,15.0,11.201,282544000.0,3.0,1.0,877083000.0,0.431,788918000.0,24487000.0,1789781000.0,1846996750.0,437114000.0,469000.0,469000.0,0.0,1463348000.0,440711000.0,1022637000.0,3599353400.0,-730000.0,-6400000.0,-24050000.0,-226000000.0,-61636000.0,-279222000.0,-34107000.0,0.0,310251000.0,2348000.0,193276000.0,193276000.0,193276000.0,0.0,0.0,0.095,568613000.0,308470000.0,93549000.0,0.327,4.274,18.623,18.634,473287000.0,0.0,38.2,1.767,1.766,356698000.0,1603051000.0,2037220000.0,2037220000.0,174357000.0,0.083,0.243,0.165,0.149,0.0,340914000.0,1.0,94223911.0,94172000.0,,21.633,1516514000.0,71592000.0,86667000.0,39945000.0,16.104,507317000.0
68,IFF,MRT,2004-06-30,2004-06-30,2004-06-30,2021-09-07,-160423000.0,2343002000.0,2323087250.0,969715000.0,1373287000.0,0.866,8.605,-64270000.0,11245000.0,11245000.0,1149276000.0,202042000.0,1.884,1.892,837383000.0,170813000.0,666570000.0,837383000.0,0.0,89785000.0,0.0,0.018,0.655,319299000.0,409084000.0,0.203,409084000.0,319299000.0,294321000.0,2.15,2.13,2.15,810027000.0,751433000.0,810027000.0,4393255386.0,14.0,10.739,225616000.0,2.397,1.0,862601000.0,0.429,792628000.0,24978000.0,1861828000.0,1871109000.0,459962000.0,466000.0,466000.0,0.0,1532975000.0,514684000.0,1018291000.0,3528966386.0,-4181000.0,-6400000.0,-20417000.0,-173144000.0,-60091000.0,-224122000.0,-70670000.0,0.0,289886000.0,725000.0,202042000.0,202042000.0,202042000.0,0.0,0.0,0.1,540032000.0,322569000.0,116314000.0,0.305,4.357,17.466,17.395,485967000.0,0.0,37.4,1.754,1.75,371636000.0,1577283000.0,2011877000.0,2011877000.0,170417000.0,0.087,0.269,0.171,0.159,0.0,332858000.0,1.0,94357390.0,94136000.0,,21.372,1550374000.0,60629000.0,92279000.0,32601000.0,16.47,455031000.0
69,IFF,MRT,2004-03-31,2004-03-31,2004-03-31,2021-09-07,-149521000.0,2342026000.0,2317597500.0,952560000.0,1389466000.0,0.85,8.338,25656000.0,11796000.0,11796000.0,1128795000.0,196938000.0,1.806,1.987,876085000.0,196924000.0,679161000.0,876085000.0,0.0,88302000.0,0.0,0.018,0.64,314441000.0,402743000.0,0.204,402743000.0,314441000.0,287620000.0,2.1,2.08,2.1,784029000.0,712232250.0,784029000.0,4208938682.0,13.0,10.451,302201000.0,3.214,1.0,841516000.0,0.427,796337000.0,26821000.0,1882490000.0,1887950000.0,451079000.0,483000.0,483000.0,0.0,1557997000.0,527488000.0,1030509000.0,3336484682.0,-4070000.0,-6400000.0,-20915000.0,-244514000.0,-59032000.0,-302924000.0,19283000.0,27000.0,276545000.0,3026000.0,196938000.0,196938000.0,196938000.0,0.0,0.0,0.1,522739000.0,318777000.0,109063000.0,0.305,4.256,16.942,16.905,501700000.0,0.0,35.5,1.693,1.694,364404000.0,1537336000.0,1970311000.0,1970311000.0,164972000.0,0.085,0.277,0.167,0.16,0.0,322562000.0,1.0,93985484.0,94033000.0,,20.953,1545689000.0,63873000.0,90682000.0,26116000.0,16.438,425072000.0
70,IFF,MRT,2003-12-31,2003-12-31,2003-12-31,2021-09-07,-131681000.0,2306892000.0,2304771500.0,902672000.0,1404220000.0,0.825,7.929,31720000.0,12081000.0,12081000.0,1092456000.0,172597000.0,1.716,2.106,884535000.0,194304000.0,690231000.0,884535000.0,0.0,86721000.0,0.0,0.018,0.63,280337000.0,367058000.0,0.193,367058000.0,280337000.0,251860000.0,1.84,1.83,1.84,742631000.0,663324000.0,742631000.0,4218760636.0,15.0,11.493,301316000.0,3.217,1.0,809064000.0,0.425,799413000.0,28477000.0,1853888000.0,1909078000.0,454631000.0,474000.0,474000.0,0.0,1564261000.0,526045000.0,1038216000.0,3270523636.0,-2777000.0,-6400000.0,-29169000.0,-212910000.0,-58174000.0,-300253000.0,25192000.0,-128000.0,269596000.0,2688000.0,172597000.0,172597000.0,172597000.0,0.0,0.0,0.091,523290000.0,285774000.0,104028000.0,0.342,4.404,18.949,18.978,510612000.0,0.0,34.92,1.72,1.72,320768000.0,1496104000.0,1901520000.0,1901520000.0,159286000.0,0.075,0.26,0.147,0.147,0.0,308951000.0,1.0,93657607.0,93657607.0,,20.303,1507479000.0,66070000.0,79263000.0,27826000.0,16.096,376627000.0
71,IFF,MRT,2003-09-30,2003-09-30,2003-09-30,2021-09-07,-175407000.0,2300429000.0,2286222000.0,959784000.0,1340645000.0,0.811,7.174,41400000.0,14994000.0,14994000.0,1066157000.0,173483000.0,1.629,2.438,963231000.0,262814000.0,700417000.0,963231000.0,0.0,85492000.0,0.0,0.019,0.62,286449000.0,371941000.0,0.201,371941000.0,286449000.0,255479000.0,1.86,1.83,1.86,669045000.0,621335750.0,669045000.0,4108836228.0,14.0,11.047,252991000.0,2.713,1.0,787856000.0,0.425,773229000.0,30970000.0,1886230000.0,1975858000.0,429781000.0,460000.0,460000.0,0.0,1631384000.0,589207000.0,1042177000.0,3116019228.0,-8150000.0,-11791000.0,-59772000.0,-163289000.0,-57395000.0,-258871000.0,37627000.0,8018000.0,211591000.0,1503000.0,173483000.0,173483000.0,173483000.0,0.0,0.0,0.094,497214000.0,290642000.0,93816000.0,0.333,4.657,17.962,17.785,486911000.0,0.0,33.08,1.681,1.664,366160000.0,1472989000.0,1854013000.0,1854013000.0,153214000.0,0.076,0.279,0.145,0.155,0.0,300348000.0,1.0,94196470.0,93265000.0,,19.879,1527200000.0,64693000.0,81996000.0,45082000.0,16.375,370577000.0
72,IFF,MRT,2003-06-30,2003-06-30,2003-06-30,2021-09-07,-162908000.0,2321043000.0,2267494750.0,982188000.0,1338855000.0,0.81,6.965,37888000.0,15426000.0,15426000.0,1049041000.0,172011000.0,1.615,2.553,1008243000.0,295307000.0,712936000.0,1008243000.0,0.0,85078000.0,0.0,0.019,0.61,289008000.0,374086000.0,0.204,374086000.0,289008000.0,255623000.0,1.83,1.81,1.83,653224000.0,597921500.0,653224000.0,4068258166.0,14.0,10.875,252259000.0,2.69,1.0,786863000.0,0.429,776387000.0,33385000.0,1929192000.0,2037935000.0,441636000.0,455000.0,455000.0,0.0,1667819000.0,608281000.0,1059538000.0,2996531166.0,-18689000.0,-11791000.0,-63609000.0,-154161000.0,-56662000.0,-260999000.0,26031000.0,-66000.0,214371000.0,1908000.0,172011000.0,172011000.0,172011000.0,0.0,0.0,0.094,493777000.0,293086000.0,102609000.0,0.333,4.587,17.421,17.448,491033000.0,0.0,31.93,1.632,1.631,370556000.0,1436877000.0,1835904000.0,1835904000.0,151694000.0,0.076,0.288,0.142,0.157,0.0,299852000.0,1.0,93846889.0,93782000.0,,19.576,1544656000.0,66160000.0,83612000.0,47859000.0,16.471,373907000.0
73,IFF,MRT,2003-03-31,2003-03-31,2003-03-31,2021-09-07,-205271000.0,2290722000.0,2258660000.0,945972000.0,1344750000.0,0.81,6.249,-8278000.0,15866000.0,15866000.0,1046418000.0,166014000.0,1.536,2.893,1087593000.0,294385000.0,793208000.0,1087593000.0,0.0,85387000.0,0.0,0.019,0.6,283849000.0,369236000.0,0.202,369236000.0,283849000.0,249127000.0,1.76,1.74,1.76,588396000.0,579494250.0,588396000.0,3960289149.0,14.0,10.726,212738000.0,2.259,1.0,783211000.0,0.428,779545000.0,34722000.0,1967002000.0,2085200250.0,422872000.0,468000.0,468000.0,0.0,1702326000.0,615902000.0,1086424000.0,2918399149.0,-18606000.0,-11791000.0,-74277000.0,-119298000.0,-56749000.0,-221595000.0,-20129000.0,-60000.0,221016000.0,2102000.0,166014000.0,166014000.0,166014000.0,0.0,0.0,0.091,498462000.0,284749000.0,98741000.0,0.341,4.96,17.579,17.665,511805000.0,0.0,31.09,1.595,1.6,355350000.0,1400454000.0,1829629000.0,1829629000.0,147819000.0,0.074,0.286,0.136,0.155,0.0,305885000.0,1.0,93869384.0,94158000.0,,19.431,1511177000.0,70110000.0,83113000.0,38399000.0,16.049,330070000.0
74,IFF,MRT,2002-12-31,2002-12-31,2002-12-31,2021-09-07,-212480000.0,2232694000.0,2245816500.0,866749000.0,1365945000.0,0.806,6.092,-17181000.0,14858000.0,14858000.0,1035835000.0,175944000.0,2.411,2.885,1056748000.0,49663000.0,1007085000.0,1056748000.0,0.0,84458000.0,0.0,0.017,0.6,303453000.0,387911000.0,0.214,387911000.0,303453000.0,266417000.0,1.86,1.84,1.86,574678000.0,566807500.0,574678000.0,4364569270.0,14.0,11.251,226163000.0,2.397,1.0,773414000.0,0.427,794079000.0,37036000.0,2121008000.0,2097834750.0,421603000.0,307000.0,307000.0,0.0,1658016000.0,359497000.0,1298519000.0,3311302270.0,-33663000.0,-11791000.0,-72273000.0,-150532000.0,-56826000.0,-250052000.0,-28891000.0,81000.0,243344000.0,1936000.0,175944000.0,175944000.0,175944000.0,0.0,0.0,0.097,473552000.0,299862000.0,104007000.0,0.323,5.762,18.82,18.871,520499000.0,0.0,35.1,1.83,1.83,314373000.0,1382539000.0,1809249000.0,1809249000.0,144027000.0,0.078,0.31,0.145,0.168,0.0,305156000.0,1.0,94339096.0,94339096.0,,19.178,1438615000.0,67176000.0,90473000.0,38496000.0,15.249,507252000.0
75,IFF,MRT,2002-09-30,2002-09-30,2002-09-30,2021-09-07,-182131000.0,2225520000.0,2254655750.0,882151000.0,1343369000.0,0.8,6.081,-11227000.0,23144000.0,23144000.0,1034708000.0,166117000.0,2.423,2.868,1076411000.0,22703000.0,1053708000.0,1076411000.0,0.0,93701000.0,0.0,0.019,0.6,297216000.0,390917000.0,0.217,390917000.0,297216000.0,254603000.0,1.75,1.73,1.75,575388000.0,554180500.0,575388000.0,4125217393.0,14.0,10.553,235244000.0,2.486,1.0,769419000.0,0.426,780126000.0,42613000.0,2134538000.0,2075269000.0,398049000.0,524000.0,524000.0,0.0,1650132000.0,364123000.0,1286009000.0,3017594393.0,-43240000.0,0.0,-83228000.0,-162644000.0,-56928000.0,-270147000.0,-19271000.0,-8044000.0,246471000.0,-293000.0,166117000.0,166117000.0,166117000.0,0.0,0.0,0.092,477047000.0,292372000.0,94889000.0,0.343,5.244,18.165,18.2,508615000.0,0.0,31.85,1.673,1.671,350017000.0,1357711000.0,1804127000.0,1804127000.0,140600000.0,0.074,0.3,0.143,0.165,0.0,303393000.0,1.0,94743937.0,94628000.0,,19.065,1445394000.0,61628000.0,88486000.0,69665000.0,15.274,518028000.0
76,IFF,MRT,2002-06-30,2002-06-30,2002-06-30,2021-09-07,-163713000.0,2285704000.0,2291934250.0,925383000.0,1360321000.0,0.787,6.128,-4377000.0,34115000.0,34115000.0,1042264000.0,150073000.0,1.882,2.944,1141738000.0,162901000.0,978837000.0,1141738000.0,0.0,103561000.0,0.0,0.018,0.6,284863000.0,388424000.0,0.215,388424000.0,284863000.0,234652000.0,1.58,1.56,1.58,579515000.0,545501750.0,579515000.0,4180884699.0,15.0,10.764,236641000.0,2.502,1.0,761805000.0,0.422,783284000.0,50211000.0,2118253000.0,2078315750.0,406495000.0,361000.0,361000.0,0.0,1706189000.0,491790000.0,1214399000.0,3062047699.0,-26574000.0,0.0,-75799000.0,-164263000.0,-57043000.0,-265327000.0,-5768000.0,-1391000.0,241018000.0,3503000.0,150073000.0,150073000.0,150073000.0,0.0,0.0,0.083,483089000.0,278716000.0,97469000.0,0.38,5.284,20.404,20.563,520732000.0,0.0,32.49,1.697,1.703,369827000.0,1322261000.0,1804069000.0,1804069000.0,134532000.0,0.065,0.275,0.137,0.158,0.0,300796000.0,1.0,94245851.0,94572000.0,,19.076,1502420000.0,54570000.0,84579000.0,60439000.0,15.887,433593000.0
77,IFF,MRT,2002-03-31,2002-03-31,2002-03-31,2021-09-07,-184098000.0,2239348000.0,2316834750.0,884556000.0,1354792000.0,0.779,5.687,-43778000.0,34472000.0,34472000.0,1039158000.0,137677000.0,1.596,3.165,1153309000.0,222581000.0,930728000.0,1153309000.0,0.0,114554000.0,0.0,0.017,0.6,277696000.0,392250000.0,0.217,392250000.0,277696000.0,219145000.0,1.44,1.43,1.44,537649000.0,535275250.0,537649000.0,4421594409.0,16.0,11.272,197453000.0,2.089,1.0,766791000.0,0.425,786442000.0,58551000.0,2017540000.0,2055980750.0,408248000.0,396000.0,396000.0,0.0,1701699000.0,554203000.0,1147496000.0,3302766409.0,-31462000.0,0.0,-54156000.0,-122334000.0,-57219000.0,-218573000.0,-50164000.0,-6386000.0,241231000.0,-3956000.0,137677000.0,137677000.0,137677000.0,0.0,0.0,0.076,493429000.0,273362000.0,101875000.0,0.417,6.143,23.989,24.285,526884000.0,0.0,34.97,1.829,1.831,339628000.0,1291103000.0,1805949000.0,1805949000.0,135012000.0,0.059,0.257,0.135,0.154,0.0,302876000.0,1.0,94445708.0,94534000.0,,19.104,1452906000.0,57168000.0,81468000.0,72618000.0,15.369,330353000.0
78,IFF,MRT,2001-12-31,2001-12-31,2001-12-31,2021-09-07,-178536000.0,2268051000.0,2358738500.0,896361000.0,1371690000.0,0.782,5.528,-37116000.0,48521000.0,48521000.0,1063433000.0,116002000.0,1.6,3.327,1167349000.0,227945000.0,939404000.0,1167349000.0,0.0,123493000.0,0.0,0.02,0.6,258201000.0,381694000.0,0.207,381694000.0,258201000.0,187777000.0,1.21,1.2,1.21,524170000.0,534083750.0,524170000.0,4001587442.0,15.0,10.484,144389000.0,1.523,1.0,780333000.0,0.423,795920000.0,70424000.0,2030745000.0,2063938750.0,415984000.0,384000.0,384000.0,0.0,1743881000.0,560214000.0,1183667000.0,2817205442.0,-80348000.0,0.0,-71234000.0,-87371000.0,-57618000.0,-209381000.0,-48652000.0,-11536000.0,181505000.0,-3820000.0,116002000.0,116002000.0,116002000.0,0.0,0.0,0.063,524741000.0,255592000.0,85659000.0,0.496,5.375,24.286,24.554,532473000.0,0.0,29.71,1.528,1.528,318023000.0,1263344000.0,1843766000.0,1843766000.0,135248000.0,0.049,0.217,0.125,0.14,0.0,313335000.0,1.0,94823475.0,94823475.0,,19.444,1472131000.0,77449000.0,71775000.0,94394000.0,15.525,336147000.0
79,IFF,MRT,2001-09-30,2001-09-30,2001-09-30,2021-09-07,-159570000.0,2374634000.0,2413984000.0,961350000.0,1413284000.0,0.749,5.663,-32841000.0,66384000.0,66384000.0,1054191000.0,88218000.0,1.506,3.392,1250766000.0,306156000.0,944610000.0,1250766000.0,0.0,117795000.0,0.0,0.022,0.6,215517000.0,333312000.0,0.184,333312000.0,215517000.0,143372000.0,0.93,0.93,0.93,540673000.0,560856000.0,540673000.0,3846993124.0,18.0,11.542,141744000.0,1.485,1.0,754938000.0,0.417,773779000.0,72145000.0,2146725000.0,1980155250.0,419963000.0,406000.0,406000.0,0.0,1833961000.0,638512000.0,1195449000.0,2646152124.0,-40436000.0,-953295000.0,-81152000.0,948993000.0,-81238000.0,790484000.0,-997741000.0,-11605000.0,174585000.0,-7764000.0,88218000.0,88218000.0,88218000.0,0.0,0.0,0.049,540693000.0,214245000.0,76235000.0,0.645,4.894,29.996,29.774,576951000.0,0.0,27.69,1.463,1.461,362353000.0,1248397000.0,1809129000.0,1809129000.0,132752000.0,0.037,0.157,0.109,0.119,0.0,312360000.0,1.0,95563457.0,95467000.0,,18.95,1600855000.0,59555000.0,55154000.0,98857000.0,16.769,322838000.0
80,IFF,MRT,2001-06-30,2001-06-30,2001-06-30,2021-09-07,-156940000.0,2385306000.0,2162060000.0,976582000.0,1408724000.0,0.78,5.625,-34743000.0,60689000.0,60689000.0,977059000.0,83590000.0,1.257,3.429,1261530000.0,445252000.0,816278000.0,1261530000.0,0.0,101980000.0,0.0,0.033,0.83,191012000.0,292992000.0,0.174,292992000.0,191012000.0,131217000.0,0.87,0.87,0.87,538609000.0,587087250.0,538609000.0,3624143128.0,19.0,12.369,145660000.0,1.521,1.0,708942000.0,0.42,780544000.0,59795000.0,2028913000.0,1692090750.0,418618000.0,408000.0,408000.0,0.0,1846697000.0,776690000.0,1070007000.0,2407643128.0,8286000.0,-953295000.0,-117026000.0,1059746000.0,-105446000.0,839812000.0,-997560000.0,-9522000.0,180403000.0,-14369000.0,83590000.0,83590000.0,83590000.0,0.0,0.0,0.05,514724000.0,194218000.0,86957000.0,0.954,4.47,28.803,28.885,584629000.0,0.0,25.13,1.428,1.427,367475000.0,1229116000.0,1686001000.0,1686001000.0,129822000.0,0.039,0.142,0.113,0.113,0.0,301996000.0,1.0,95807526.0,95756000.0,,17.607,1604762000.0,68780000.0,47627000.0,105046000.0,16.759,199892000.0
81,IFF,MRT,2001-03-31,2001-03-31,2001-03-31,2021-09-07,-147968000.0,2406963000.0,1911880250.0,970622000.0,1436341000.0,0.825,5.495,-42814000.0,65934000.0,65934000.0,911115000.0,99501000.0,1.238,3.517,1282434000.0,443902000.0,838532000.0,1282434000.0,0.0,84257000.0,0.0,0.048,1.06,196286000.0,280543000.0,0.178,280543000.0,196286000.0,151051000.0,1.01,1.01,1.01,532883000.0,636006000.0,532883000.0,3254121343.0,17.0,11.599,159769000.0,1.647,1.0,665429000.0,0.422,790025000.0,45235000.0,2049372000.0,1453605000.0,417683000.0,5469000.0,5469000.0,0.0,1874080000.0,784066000.0,1090014000.0,2112603343.0,14871000.0,-953295000.0,-177004000.0,1127409000.0,-130234000.0,821558000.0,-1000945000.0,-4836000.0,202583000.0,-8325000.0,99501000.0,99501000.0,99501000.0,0.0,0.0,0.063,466740000.0,198689000.0,80582000.0,1.05,3.964,21.232,21.842,603965000.0,0.0,22.06,1.34,1.357,346733000.0,1210468000.0,1576544000.0,1576544000.0,121265000.0,0.052,0.156,0.135,0.125,0.0,282749000.0,1.0,95766244.0,96984000.0,,16.256,1616938000.0,0.0,51550000.0,120250000.0,16.672,186556000.0
82,IFF,MRT,2000-12-31,2000-12-31,2000-12-31,2021-09-07,-77578000.0,2489033000.0,1649476750.0,1018940000.0,1470093000.0,0.887,6.459,-49395000.0,128869000.0,128869000.0,831653000.0,123005000.0,0.864,2.943,1270387000.0,852985000.0,417402000.0,1270387000.0,0.0,69344000.0,0.0,0.064,1.29,209199000.0,278543000.0,0.19,278543000.0,209199000.0,184127000.0,1.22,1.22,1.22,631259000.0,700295500.0,631259000.0,2144772364.0,10.0,7.7,219715000.0,2.248,1.0,631142000.0,0.431,755923000.0,25072000.0,1695611000.0,1210095250.0,435312000.0,369000.0,369000.0,0.0,1857774000.0,1179017000.0,678757000.0,1985039364.0,66734000.0,-953295000.0,-200953000.0,1163160000.0,-155502000.0,808092000.0,-1002235000.0,455000.0,269110000.0,-8233000.0,123005000.0,123005000.0,123005000.0,0.0,0.0,0.084,419629000.0,211513000.0,75021000.0,1.057,3.145,16.138,16.648,679874000.0,0.0,20.31,1.357,1.357,332220000.0,1204561000.0,1462795000.0,1462795000.0,112671000.0,0.075,0.176,0.173,0.143,0.0,258653000.0,1.0,97737044.0,97737044.0,,14.967,1733110000.0,62057000.0,61122000.0,164224000.0,17.732,-160077000.0
83,IFF,MRT,2000-09-30,2000-09-30,2000-09-30,2021-09-07,-100278000.0,1366938000.0,1377592250.0,826343000.0,540595000.0,1.027,6.467,-65550000.0,106820000.0,106820000.0,795009000.0,158250000.0,1.553,1.117,266553000.0,250936000.0,15617000.0,266553000.0,0.0,61271000.0,0.0,0.083,1.52,247530000.0,308801000.0,0.218,308801000.0,247530000.0,236531000.0,1.54,1.54,1.54,645598000.0,757105000.0,645598000.0,1976060028.0,8.0,6.399,185284000.0,1.856,1.0,619234000.0,0.438,0.0,10999000.0,994467000.0,1052683500.0,358363000.0,324000.0,324000.0,0.0,721340000.0,532204000.0,189136000.0,1823017028.0,15455000.0,0.0,-218832000.0,211893000.0,-157934000.0,-164873000.0,-65072000.0,478000.0,250834000.0,-5434000.0,158250000.0,158250000.0,158250000.0,0.0,0.0,0.112,373917000.0,245317000.0,48714000.0,0.987,2.824,11.52,11.851,506693000.0,0.0,18.25,1.289,1.288,273399000.0,1217789000.0,1414243000.0,1414243000.0,109225000.0,0.115,0.209,0.235,0.175,0.0,244173000.0,1.0,99891344.0,99833000.0,,14.166,1366938000.0,0.0,78281000.0,84388000.0,13.692,294139000.0
84,IFF,MRT,2000-06-30,2000-06-30,2000-06-30,2021-09-07,-72363000.0,1384587000.0,1395309250.0,828787000.0,555800000.0,1.032,7.174,-71107000.0,52403000.0,52403000.0,802942000.0,178478000.0,1.791,0.886,205446000.0,188444000.0,17002000.0,205446000.0,0.0,58969000.0,0.0,0.05,1.52,275863000.0,334832000.0,0.233,334832000.0,275863000.0,267697000.0,1.71,1.71,1.71,734284000.0,826636250.0,734284000.0,3206089185.0,12.0,9.575,142253000.0,1.39,1.0,636384000.0,0.442,0.0,8166000.0,1074970000.0,1070260750.0,370443000.0,983000.0,983000.0,0.0,650303000.0,462660000.0,187643000.0,3104146185.0,-33490000.0,0.0,-167491000.0,151444000.0,-159686000.0,-175733000.0,-70795000.0,312000.0,213360000.0,-322000.0,178478000.0,178478000.0,178478000.0,0.0,0.0,0.124,362983000.0,273401000.0,55982000.0,0.889,4.227,17.392,17.655,520553000.0,0.0,30.19,2.157,2.147,324477000.0,1226699000.0,1439326000.0,1439326000.0,105683000.0,0.128,0.216,0.258,0.192,0.0,243756000.0,1.0,102820344.0,102359000.0,,14.062,1384587000.0,0.0,89219000.0,91690000.0,13.527,366127000.0
85,IFF,MRT,2000-03-31,2000-03-31,2000-03-31,2021-09-07,-72177000.0,1357349000.0,1395418750.0,810957000.0,546392000.0,1.033,7.577,-81925000.0,51063000.0,51063000.0,804590000.0,156996000.0,2.112,0.718,153006000.0,138172000.0,14834000.0,153006000.0,0.0,58211000.0,0.0,0.043,1.52,241923000.0,300134000.0,0.208,300134000.0,241923000.0,235623000.0,1.49,1.49,1.49,790041000.0,866906500.0,790041000.0,3646472219.0,15.0,12.149,110675000.0,1.061,1.0,637056000.0,0.442,0.0,6300000.0,1075333000.0,1059719750.0,387325000.0,709000.0,709000.0,0.0,567308000.0,383959000.0,183349000.0,3612301219.0,-50782000.0,0.0,-99865000.0,101082000.0,-160830000.0,-159613000.0,-81509000.0,416000.0,192600000.0,-2260000.0,156996000.0,156996000.0,156996000.0,0.0,0.0,0.109,393199000.0,243857000.0,51934000.0,1.02,4.572,23.009,23.53,517662000.0,0.0,35.06,2.506,2.536,298236000.0,1216413000.0,1441646000.0,1441646000.0,104681000.0,0.113,0.181,0.228,0.168,0.0,246216000.0,1.0,103031980.0,104264000.0,,13.827,1357349000.0,0.0,78627000.0,86411000.0,13.018,426998000.0
86,IFF,MRT,1999-12-31,1999-12-31,1999-12-31,2021-09-07,-57135000.0,1401495000.0,1400069500.0,835414000.0,566081000.0,1.028,8.168,-101910000.0,62135000.0,62135000.0,806382000.0,162000000.0,2.26,0.632,96306000.0,92474000.0,3832000.0,96306000.0,0.0,56369000.0,0.0,0.04,1.52,248619000.0,304988000.0,0.212,304988000.0,248619000.0,243465000.0,1.53,1.53,1.53,858497000.0,900196000.0,858497000.0,3923145273.0,16.0,12.863,93908000.0,0.893,1.0,633117000.0,0.44,0.0,5154000.0,1065964000.0,1052467000.0,415269000.0,836000.0,836000.0,0.0,542998000.0,369702000.0,173296000.0,3955104273.0,-52825000.0,0.0,-42008000.0,63940000.0,-161249000.0,-139317000.0,-101792000.0,118000.0,195818000.0,-7534000.0,162000000.0,162000000.0,162000000.0,0.0,0.0,0.113,384789000.0,248328000.0,71989000.0,0.993,4.607,24.414,24.595,523916000.0,0.0,37.63,2.748,2.748,280105000.0,1211790000.0,1439499000.0,1439499000.0,103794000.0,0.116,0.18,0.236,0.173,0.0,248047000.0,1.0,105105083.0,105105083.0,,13.696,1401495000.0,0.0,81465000.0,87282000.0,13.334,465712000.0
87,IFF,MRT,1999-09-30,1999-09-30,1999-09-30,2021-09-07,-37653000.0,1437806000.0,1396711750.0,870189000.0,567617000.0,1.018,8.714,-114179000.0,91365000.0,91365000.0,802222000.0,160372000.0,2.551,0.557,59406000.0,55485000.0,3921000.0,59406000.0,0.0,52545000.0,0.0,0.044,1.52,246028000.0,298573000.0,0.21,298573000.0,246028000.0,241820000.0,1.51,1.51,1.51,923723000.0,921834500.0,923723000.0,3628543962.0,15.0,12.153,100175000.0,0.945,1.0,620135000.0,0.436,0.0,4208000.0,1064776000.0,1044378250.0,408494000.0,810000.0,810000.0,0.0,514083000.0,341071000.0,173012000.0,3661615962.0,-50773000.0,0.0,-11687000.0,26448000.0,-160363000.0,-145602000.0,-114166000.0,13000.0,214354000.0,-5359000.0,160372000.0,160372000.0,160372000.0,0.0,0.0,0.113,369750000.0,250385000.0,80193000.0,1.007,3.964,22.832,22.848,525364000.0,0.0,34.5,2.574,2.571,300671000.0,1215041000.0,1422357000.0,1422357000.0,102480000.0,0.115,0.174,0.236,0.173,0.0,237802000.0,1.0,106133796.0,106003000.0,,13.418,1437806000.0,0.0,81448000.0,76135000.0,13.564,529118000.0
88,IFF,MRT,1999-06-30,1999-06-30,1999-06-30,2021-09-07,-57131000.0,1385025000.0,1391533250.0,834391000.0,550634000.0,1.011,8.453,-121873000.0,85893000.0,85893000.0,795966000.0,161466000.0,2.614,0.547,52821000.0,49191000.0,3630000.0,52821000.0,0.0,52140000.0,0.0,0.034,1.51,245955000.0,298095000.0,0.212,298095000.0,245955000.0,242632000.0,1.52,1.52,1.52,895365000.0,930405250.0,895365000.0,4617210868.0,19.0,15.489,103656000.0,0.979,1.0,611563000.0,0.434,0.0,3323000.0,1032806000.0,1030402250.0,386988000.0,1244000.0,1244000.0,0.0,489660000.0,319147000.0,170513000.0,4666441868.0,-64162000.0,0.0,-50950000.0,32605000.0,-159902000.0,-178247000.0,-111348000.0,10525000.0,225529000.0,-96000.0,161466000.0,161466000.0,161466000.0,0.0,0.0,0.115,365063000.0,246500000.0,73813000.0,0.993,5.212,28.9,28.947,509697000.0,0.0,44.0,3.315,3.311,291768000.0,1206220000.0,1407529000.0,1407529000.0,102011000.0,0.116,0.174,0.239,0.175,0.0,234294000.0,1.0,106055497.0,105928000.0,,13.288,1385025000.0,0.0,81166000.0,71611000.0,13.075,515244000.0
89,IFF,MRT,1999-03-31,1999-03-31,1999-03-31,2021-09-07,-39827000.0,1375952000.0,1391439250.0,826563000.0,549389000.0,1.007,8.717,-111326000.0,101845000.0,101845000.0,786026000.0,189939000.0,2.948,0.49,52614000.0,48666000.0,3948000.0,52614000.0,0.0,49692000.0,0.0,0.04,1.5,290202000.0,339894000.0,0.242,339894000.0,290202000.0,287628000.0,1.78,1.78,1.78,923199000.0,943505250.0,923199000.0,3901495613.0,13.0,11.479,123983000.0,1.171,1.0,615677000.0,0.439,0.0,2574000.0,1046322000.0,1015627500.0,383506000.0,1205000.0,1205000.0,0.0,452753000.0,280399000.0,172354000.0,3983042613.0,-57441000.0,0.0,-70364000.0,36473000.0,-159513000.0,-193404000.0,-99730000.0,11596000.0,235309000.0,384000.0,189939000.0,189939000.0,189939000.0,0.0,0.0,0.136,331113000.0,284564000.0,69191000.0,0.843,4.314,20.97,21.101,508523000.0,0.0,37.56,2.842,2.838,278383000.0,1219103000.0,1401703000.0,1401703000.0,100513000.0,0.137,0.201,0.286,0.207,0.0,230600000.0,1.0,106044798.0,105907000.0,,13.235,1375952000.0,0.0,97689000.0,75888000.0,12.992,546164000.0
90,IFF,MRT,1998-12-31,1998-12-31,1998-12-31,2021-09-07,-9130000.0,1388064000.0,1392748250.0,848028000.0,540036000.0,1.01,8.907,-89741000.0,114960000.0,114960000.0,777764000.0,203785000.0,3.107,0.469,33413000.0,29072000.0,4341000.0,33413000.0,0.0,49006000.0,0.0,0.034,1.49,313110000.0,362116000.0,0.257,362116000.0,313110000.0,311068000.0,1.9,1.9,1.9,945051000.0,950982000.0,945051000.0,4578457414.0,15.0,12.644,126685000.0,1.194,1.0,629585000.0,0.447,0.0,2042000.0,1033609000.0,995297500.0,403961000.0,1039000.0,1039000.0,0.0,443013000.0,272908000.0,170105000.0,4688892414.0,-102034000.0,0.0,-129879000.0,15190000.0,-159619000.0,-274308000.0,-47975000.0,41766000.0,216426000.0,3823000.0,203785000.0,203785000.0,203785000.0,0.0,0.0,0.145,322831000.0,306754000.0,60331000.0,0.784,4.962,23.009,23.258,498784000.0,0.0,44.19,3.332,3.332,254835000.0,1210620000.0,1407349000.0,1407349000.0,98438000.0,0.146,0.214,0.315,0.222,0.0,224393000.0,1.0,106107545.0,106107545.0,,13.263,1388064000.0,0.0,107283000.0,77377000.0,13.082,575120000.0
91,IFF,MRT,1998-09-30,1998-09-30,1998-09-30,2021-09-07,-13468000.0,1417092000.0,1401297500.0,900268000.0,516824000.0,0.995,8.964,-77761000.0,142138000.0,142138000.0,756472000.0,203743000.0,3.023,0.479,31703000.0,28572000.0,3131000.0,31703000.0,0.0,49058000.0,0.0,0.045,1.48,313937000.0,362995000.0,0.26,362995000.0,313937000.0,312036000.0,1.89,1.89,1.89,958006000.0,964841250.0,958006000.0,3407708335.0,11.0,9.388,137495000.0,1.287,1.0,638304000.0,0.458,0.0,1901000.0,1008872000.0,975897750.0,402077000.0,912000.0,912000.0,0.0,459086000.0,297785000.0,161301000.0,3537583335.0,-91321000.0,0.0,-123190000.0,7230000.0,-159524000.0,-275484000.0,-32010000.0,45751000.0,215256000.0,917000.0,203743000.0,203743000.0,203743000.0,0.0,0.0,0.146,332195000.0,306109000.0,63830000.0,0.783,3.693,17.363,17.46,474768000.0,0.0,33.0,2.536,2.529,287957000.0,1215918000.0,1394776000.0,1394776000.0,97224000.0,0.145,0.211,0.322,0.225,0.0,234971000.0,1.0,107199495.0,106872000.0,,13.051,1417092000.0,0.0,108293000.0,83031000.0,13.26,602483000.0
92,IFF,MRT,1998-06-30,1998-06-30,1998-06-30,2021-09-07,-52129000.0,1384649000.0,1415376250.0,894557000.0,490092000.0,0.99,8.815,-65041000.0,150055000.0,150055000.0,755274000.0,210209000.0,3.183,0.461,20180000.0,16280000.0,3900000.0,20180000.0,0.0,49473000.0,0.0,0.034,1.47,327363000.0,376836000.0,0.269,376836000.0,327363000.0,325202000.0,1.94,1.94,1.94,947765000.0,983628250.0,947765000.0,4537230995.0,14.0,12.04,161801000.0,1.505,1.0,645898000.0,0.461,0.0,2161000.0,973707000.0,967154750.0,375744000.0,11908000.0,11908000.0,0.0,436884000.0,281067000.0,155817000.0,4681306995.0,-58474000.0,0.0,-80609000.0,-7579000.0,-158968000.0,-247156000.0,-30611000.0,34430000.0,226842000.0,-7549000.0,210209000.0,210209000.0,210209000.0,0.0,0.0,0.15,327265000.0,318633000.0,62095000.0,0.758,4.939,22.27,22.392,448294000.0,0.0,43.44,3.341,3.333,287882000.0,1205117000.0,1401172000.0,1401172000.0,95637000.0,0.149,0.214,0.338,0.234,0.0,231628000.0,1.0,107764894.0,107521000.0,,13.032,1384649000.0,0.0,114993000.0,85255000.0,12.878,613490000.0
93,IFF,MRT,1998-03-31,1998-03-31,1998-03-31,2021-09-07,-47798000.0,1381188000.0,1438920000.0,896542000.0,484646000.0,0.985,8.815,-61451000.0,159286000.0,159286000.0,764059000.0,217611000.0,3.295,0.449,15210000.0,10978000.0,4232000.0,15210000.0,0.0,49954000.0,0.0,0.031,1.46,340176000.0,390130000.0,0.275,390130000.0,340176000.0,337856000.0,2.0,1.99,2.0,953106000.0,1004216500.0,953106000.0,4882906927.0,14.0,12.516,162652000.0,1.504,1.0,653330000.0,0.461,0.0,2320000.0,965002000.0,973450750.0,366915000.0,12816000.0,12816000.0,0.0,428082000.0,272110000.0,155972000.0,5084296927.0,-47969000.0,0.0,-74056000.0,-8861000.0,-158453000.0,-241370000.0,-19538000.0,41913000.0,224103000.0,-11164000.0,217611000.0,217611000.0,217611000.0,0.0,0.0,0.154,322797000.0,330533000.0,65793000.0,0.73,5.334,23.364,23.565,443239000.0,0.0,47.13,3.587,3.595,280432000.0,1189066000.0,1417389000.0,1417389000.0,94688000.0,0.151,0.217,0.349,0.24,0.0,228109000.0,1.0,107878144.0,108129000.0,,13.108,1381188000.0,0.0,120245000.0,90615000.0,12.774,624432000.0
94,IFF,MRT,1997-12-31,1997-12-31,1997-12-31,2021-09-07,-36851000.0,1422261000.0,1459569000.0,935459000.0,486802000.0,0.978,9.164,-58211000.0,216994000.0,216994000.0,773145000.0,218229000.0,3.532,0.422,15604000.0,10490000.0,5114000.0,15604000.0,0.0,50278000.0,0.0,0.028,1.45,342611000.0,392889000.0,0.275,392889000.0,342611000.0,340191000.0,2.0,1.99,2.0,1000488000.0,1023351500.0,1000488000.0,5413992848.0,16.0,13.78,180937000.0,1.657,1.0,653646000.0,0.458,0.0,2420000.0,956010000.0,981387000.0,360074000.0,43452000.0,43452000.0,0.0,421773000.0,264861000.0,156912000.0,5622697848.0,-44376000.0,0.0,-55632000.0,-9662000.0,-157674000.0,-222968000.0,-45006000.0,13205000.0,239148000.0,-15550000.0,218229000.0,218229000.0,218229000.0,0.0,0.0,0.153,321477000.0,332169000.0,57832000.0,0.725,5.62,25.765,25.75,446509000.0,0.0,51.5,3.941,3.941,234690000.0,1166348000.0,1426791000.0,1426791000.0,94411000.0,0.15,0.213,0.349,0.24,0.0,227066000.0,1.0,109178599.0,109178599.0,,13.068,1422261000.0,0.0,121962000.0,79209000.0,13.027,670598000.0
95,IFF,MRT,1997-09-30,1997-09-30,1997-09-30,2021-09-07,-13518000.0,1473407000.0,1480732000.0,993416000.0,479991000.0,0.976,9.469,-53036000.0,233459000.0,233459000.0,782496000.0,224180000.0,3.416,0.426,24754000.0,18674000.0,6080000.0,24754000.0,0.0,50601000.0,0.0,0.029,1.44,353161000.0,403762000.0,0.28,403762000.0,353161000.0,350600000.0,2.05,,2.05,1033154000.0,1042363750.0,1033154000.0,5176408397.0,15.0,12.82,212276000.0,1.945,1.0,662053000.0,0.458,0.0,2561000.0,973900000.0,990458750.0,356477000.0,47063000.0,47063000.0,0.0,440253000.0,290802000.0,149451000.0,5354683397.0,-13632000.0,0.0,-74829000.0,4780000.0,-155909000.0,-225958000.0,-38733000.0,14303000.0,265312000.0,-14253000.0,224180000.0,224180000.0,224180000.0,0.0,0.0,0.155,319607000.0,342446000.0,58804000.0,0.702,5.183,23.886,23.902,446485000.0,0.0,49.0,3.707,3.701,273690000.0,1171794000.0,1444549000.0,1444549000.0,94206000.0,0.151,0.215,0.357,0.244,0.0,225401000.0,1.0,109279253.0,109113000.0,,13.239,1473407000.0,0.0,126420000.0,86325000.0,13.503,702614000.0
96,IFF,MRT,1997-06-30,1997-06-30,1997-06-30,2021-09-07,4283000.0,1478824000.0,,992376000.0,486448000.0,,9.44,-58278000.0,208529000.0,208529000.0,784286000.0,220580000.0,3.29,0.436,30254000.0,22903000.0,7351000.0,30254000.0,0.0,49451000.0,0.0,0.028,1.42,348975000.0,398426000.0,0.276,398426000.0,348975000.0,346351000.0,2.01,,2.01,1030118000.0,,1030118000.0,5328526882.0,15.0,13.374,220078000.0,2.017,1.0,658886000.0,0.457,0.0,2624000.0,998891000.0,,349501000.0,46326000.0,46326000.0,0.0,448706000.0,301658000.0,147048000.0,5510522882.0,-18271000.0,0.0,-103473000.0,4086000.0,-154382000.0,-253769000.0,-29842000.0,28436000.0,278356000.0,-13016000.0,220580000.0,220580000.0,220580000.0,0.0,0.0,0.153,320771000.0,338115000.0,62190000.0,0.706,5.349,24.982,25.124,452746000.0,0.0,50.5,3.818,3.818,297543000.0,1154432000.0,1443172000.0,1443172000.0,94569000.0,,,,0.242,0.0,226202000.0,1.0,109119265.0,109119265.0,,13.226,1478824000.0,0.0,125771000.0,92488000.0,13.552,690718000.0
97,IFF,MRT,1997-03-31,1997-03-31,1997-03-31,2021-09-07,17428000.0,1463784000.0,,976906000.0,486878000.0,,9.407,-68130000.0,207255000.0,207255000.0,782038000.0,186974000.0,3.427,0.422,25259000.0,18282000.0,6977000.0,25259000.0,0.0,48400000.0,0.0,0.032,1.4,296691000.0,345091000.0,0.24,345091000.0,296691000.0,293938000.0,1.69,,1.69,1029646000.0,,1029646000.0,4555077506.0,15.0,13.2,235689000.0,2.153,1.0,654061000.0,0.455,0.0,2753000.0,996747000.0,,358152000.0,54136000.0,54136000.0,0.0,434138000.0,285041000.0,149097000.0,4789229506.0,-22991000.0,0.0,-94324000.0,1871000.0,-152743000.0,-245196000.0,-69179000.0,-1049000.0,303819000.0,-12435000.0,186974000.0,186974000.0,186974000.0,0.0,0.0,0.13,368432000.0,285629000.0,62052000.0,0.828,4.651,25.614,25.888,453398000.0,0.0,43.75,3.335,3.334,282438000.0,1130423000.0,1436099000.0,1436099000.0,94169000.0,,,,0.207,0.0,224556000.0,1.0,109468103.0,109454000.0,,13.121,1463784000.0,0.0,106964000.0,87549000.0,13.374,691865000.0
98,IFF,MRT,1996-12-31,1996-12-31,1996-12-31,2021-09-07,47555000.0,1506913000.0,1520591000.0,1006356000.0,500557000.0,0.944,9.834,-79425000.0,261370000.0,261370000.0,778816000.0,189894000.0,3.588,0.4,27218000.0,18929000.0,8289000.0,27218000.0,0.0,47764000.0,0.0,0.031,1.38,301843000.0,349607000.0,0.243,349607000.0,301843000.0,299103000.0,1.71,1.7,1.71,1076537000.0,1096548500.0,1076537000.0,,,,228574000.0,2.088,1.0,657237000.0,0.458,0.0,2740000.0,992297000.0,1011268000.0,369078000.0,56613000.0,56613000.0,0.0,430376000.0,280464000.0,149912000.0,4926064635.0,9940000.0,0.0,-50141000.0,4914000.0,-150864000.0,-196091000.0,-92068000.0,-12643000.0,307999000.0,-9900000.0,189894000.0,189894000.0,189894000.0,0.0,0.0,0.132,366799000.0,290438000.0,57681000.0,0.807,4.576,25.941,26.316,467797000.0,0.0,45.0,3.43,3.43,244751000.0,1106572000.0,1436053000.0,1436053000.0,93545000.0,0.125,0.173,0.298,0.21,0.0,223547000.0,1.0,109468103.0,109468103.0,,13.118,1506913000.0,0.0,109209000.0,73773000.0,13.766,725892000.0
99,IFF,MRT,1996-09-30,1996-09-30,1996-09-30,2021-09-07,,,,,,,,,,,,,,,,,,,,,,0.031,1.36,,,,,,,,,,,,,,,,,,1.0,,,,,,,,,,,,,,,,,,,,,,,,,,,,,,,,,,,,,,,,43.62,,,,,,,,,,,,,,1.0,,,,,,,,,,
100,IFF,MRT,1996-06-30,1996-06-30,1996-06-30,2021-09-07,,,,,,,,,,,,,,,,,,,,,,0.028,1.33,,,,,,,,,,,,,,,,,,1.0,,,,,,,,,,,,,,,,,,,,,,,,,,,,,,,,,,,,,,,,47.875,,,,,,,,,,,,,,1.0,,,,,,,,,,
101,IFF,MRT,1996-03-31,1996-03-31,1996-03-31,2021-09-07,,,,,,,,,,,,,,,,,,,,,,0.027,1.3,,,,,,,,,,,,,,,,,,1.0,,,,,,,,,,,,,,,,,,,,,,,,,,,,,,,,,,,,,,,,48.25,,,,,,,,,,,,,,1.0,,111000000.0,,,,,,,,
102,IFF,MRT,1995-12-31,1995-12-31,1995-12-31,2021-09-07,75049000.0,1534269000.0,,1035977000.0,498292000.0,,,-94483000.0,251430000.0,251430000.0,746971000.0,248817000.0,3.748,0.374,23801000.0,12185000.0,11616000.0,23801000.0,0.0,40702000.0,0.0,0.026,1.27,396883000.0,437585000.0,0.304,437585000.0,396883000.0,393723000.0,2.24,2.22,2.24,1116560000.0,,1116560000.0,,,,149855000.0,,1.0,692516000.0,0.481,0.0,3160000.0,1030239000.0,,414547000.0,45503000.0,45503000.0,0.0,417709000.0,276401000.0,141308000.0,,20849000.0,0.0,-32805000.0,-325000.0,-138048000.0,-171178000.0,-65135000.0,29348000.0,244338000.0,12824000.0,248817000.0,248817000.0,248817000.0,0.0,0.0,0.173,308504000.0,384012000.0,63282000.0,0.567,,,21.429,468585000.0,0.0,48.0,,,245311000.0,1069421000.0,1439487000.0,1439487000.0,90846000.0,,,,0.276,0.0,217658000.0,1.0,,,,,1534269000.0,0.0,144906000.0,83891000.0,,759576000.0
103,IFF,MRT,1994-12-31,1994-12-31,1994-12-31,2021-09-07,,,,,,,,-101135000.0,,,,,,,,,,,,36358000.0,,0.024,1.12,,,,,,,,,,,,,,,,138396000.0,,1.0,,,,,,,,,,,,,,,43376000.0,0.0,-26811000.0,-11399000.0,-120520000.0,-158730000.0,-47511000.0,53624000.0,239531000.0,10086000.0,,,,,,,,,,,,,,,,46.25,,,,,,,,,,,,0.0,,1.0,,,,,,,,,,
