None,ticker,dimension,calendardate,datekey,reportperiod,lastupdated,accoci,assets,assetsavg,assetsc,assetsnc,assetturnover,bvps,capex,cashneq,cashnequsd,cor,consolinc,currentratio,de,debt,debtc,debtnc,debtusd,deferredrev,depamor,deposits,divyield,dps,ebit,ebitda,ebitdamargin,ebitdausd,ebitusd,ebt,eps,epsdil,epsusd,equity,equityavg,equityusd,ev,evebit,evebitda,fcf,fcfps,fxusd,gp,grossmargin,intangibles,intexp,invcap,invcapavg,inventory,investments,investmentsc,investmentsnc,liabilities,liabilitiesc,liabilitiesnc,marketcap,ncf,ncfbus,ncfcommon,ncfdebt,ncfdiv,ncff,ncfi,ncfinv,ncfo,ncfx,netinc,netinccmn,netinccmnusd,netincdis,netincnci,netmargin,opex,opinc,payables,payoutratio,pb,pe,pe1,ppnenet,prefdivis,price,ps,ps1,receivables,retearn,revenue,revenueusd,rnd,roa,roe,roic,ros,sbcomp,sgna,sharefactor,sharesbas,shareswa,shareswadil,sps,tangibles,taxassets,taxexp,taxliabilities,tbvps,workingcapital
0,ADSK,MRY,2020-12-31,2021-01-31,2021-01-31,2021-09-01,-125900000.0,7279800000.0,6128875000.0,2625500000.0,4654300000.0,0.618,4.401,-95900000.0,1772200000.0,1772200000.0,337100000.0,1208200000.0,0.807,6.54,2104600000.0,71400000.0,2033200000.0,2104600000.0,3360200000.0,123800000.0,0.0,0.0,0.0,629100000.0,752900000.0,0.199,752900000.0,629100000.0,546700000.0,5.51,5.44,5.51,965500000.0,240750000.0,965500000.0,61565817074.0,98.0,81.772,1341300000.0,6.113,1.0,3453300000.0,0.911,2905800000.0,82400000.0,1451700000.0,1252550000.0,0.0,4000000.0,4000000.0,0.0,6314300000.0,3254700000.0,3059600000.0,61003917074.0,-2500000.0,-246200000.0,-437600000.0,-450000000.0,0.0,-1046800000.0,-403900000.0,-4000000.0,1437200000.0,11000000.0,1208200000.0,1208200000.0,1208200000.0,0.0,0.0,0.319,2824200000.0,629100000.0,122500000.0,0.0,63.184,50.492,50.35,609500000.0,0.0,277.43,16.094,16.059,643100000.0,-1487500000.0,3790400000.0,3790400000.0,932500000.0,0.197,5.018,0.502,0.166,398400000.0,1854200000.0,1.0,219889403.0,219400000,222100000.0,17.276,4374000000.0,763100000.0,-661500000.0,69900000.0,19.936,-629200000.0
1,ADSK,MRY,2019-12-31,2020-01-31,2020-01-31,2021-09-01,-160300000.0,6179300000.0,5224275000.0,2659300000.0,3520000000.0,0.627,-0.633,-53200000.0,1774700000.0,1774700000.0,324900000.0,214500000.0,0.826,-45.423,2544600000.0,497800000.0,2046800000.0,2544600000.0,3007100000.0,127300000.0,0.0,0.0,0.0,343000000.0,470300000.0,0.144,470300000.0,343000000.0,294800000.0,0.98,0.96,0.98,-139100000.0,-187550000.0,-139100000.0,44400796444.0,129.0,94.41,1361900000.0,6.199,1.0,2949400000.0,0.901,2515900000.0,48200000.0,1214100000.0,1075825000.0,0.0,69000000.0,69000000.0,0.0,6318400000.0,3219200000.0,3099200000.0,43313496444.0,888700000.0,0.0,-348800000.0,-1100000.0,0.0,-466800000.0,-57300000.0,7500000.0,1415100000.0,-2300000.0,214500000.0,214500000.0,214500000.0,0.0,0.0,0.066,2606400000.0,343000000.0,83700000.0,0.0,-311.384,201.928,200.867,600500000.0,0.0,196.85,13.228,13.208,652300000.0,-2295800000.0,3274300000.0,3274300000.0,851100000.0,0.041,-1.144,0.319,0.105,362400000.0,1715900000.0,1.0,220033002.0,219700000,222500000.0,14.904,3663400000.0,56400000.0,80300000.0,122800000.0,16.675,-559900000.0
2,ADSK,MRY,2018-12-31,2019-01-31,2019-01-31,2021-09-01,-135000000.0,4729200000.0,4062000000.0,1620000000.0,3109200000.0,0.633,-0.963,-67000000.0,886000000.0,886000000.0,285900000.0,-80800000.0,0.704,-23.424,2087700000.0,0.0,2087700000.0,2087700000.0,2091400000.0,95200000.0,0.0,0.0,0.0,-25000000.0,70200000.0,0.027,70200000.0,-25000000.0,-42700000.0,-0.37,-0.37,-0.37,-210900000.0,-229850000.0,-210900000.0,32950200659.0,-1318.0,469.376,310100000.0,1.417,1.0,2283900000.0,0.889,2556400000.0,17700000.0,1073300000.0,940225000.0,0.0,67600000.0,67600000.0,0.0,4940100000.0,2301200000.0,2638900000.0,32238100659.0,-192000000.0,-1040200000.0,-202600000.0,500000000.0,0.0,151900000.0,-710400000.0,392800000.0,377100000.0,-10600000.0,-80800000.0,-80800000.0,-80800000.0,0.0,0.0,-0.031,2308900000.0,-25000000.0,101600000.0,0.0,-152.86,-398.986,-397.838,149700000.0,0.0,147.2,12.545,12.539,474300000.0,-2147400000.0,2569800000.0,2569800000.0,725000000.0,-0.02,0.352,-0.027,-0.01,249500000.0,1524000000.0,1.0,219008836.0,218900000,218900000.0,11.74,2172800000.0,65300000.0,38100000.0,114500000.0,9.926,-681200000.0
3,ADSK,MRY,2017-12-31,2018-01-31,2018-01-31,2021-09-01,-123800000.0,4113600000.0,4262750000.0,1877900000.0,2235700000.0,0.482,-1.166,-50700000.0,1078000000.0,1078000000.0,303400000.0,-566900000.0,0.884,-17.069,1586000000.0,0.0,1586000000.0,1586000000.0,1955100000.0,108400000.0,0.0,0.0,0.0,-509100000.0,-400700000.0,-0.195,-400700000.0,-509100000.0,-557300000.0,-2.58,-2.58,-2.58,-256000000.0,168725000.0,-256000000.0,26027449960.0,-51.0,-64.955,-49800000.0,-0.227,1.0,1753200000.0,0.852,1647300000.0,48200000.0,851100000.0,1139125000.0,0.0,436000000.0,245200000.0,190800000.0,4369600000.0,2123200000.0,2246400000.0,25467249960.0,-135100000.0,0.0,-604600000.0,96900000.0,0.0,-656600000.0,506400000.0,569300000.0,900000.0,14200000.0,-566900000.0,-566900000.0,-566900000.0,0.0,0.0,-0.276,2262300000.0,-509100000.0,94700000.0,0.0,-99.481,-44.924,-44.814,145000000.0,0.0,115.62,12.383,12.34,438200000.0,-2084900000.0,2056600000.0,2056600000.0,755500000.0,-0.133,-3.36,-0.447,-0.248,261400000.0,1392500000.0,1.0,220266822.0,219500000,219500000.0,9.369,2466300000.0,81700000.0,9600000.0,136200000.0,11.236,-245300000.0
4,ADSK,MRY,2016-12-31,2017-01-31,2017-01-31,2021-09-01,-178500000.0,4798100000.0,4970075000.0,2460600000.0,2337500000.0,0.409,3.294,-76000000.0,1213100000.0,1213100000.0,341900000.0,-582100000.0,1.126,5.54,1490700000.0,398700000.0,1092000000.0,1490700000.0,1788000000.0,139200000.0,0.0,0.0,0.0,-499600000.0,-360400000.0,-0.177,-360400000.0,-499600000.0,-523800000.0,-2.61,-2.61,-2.61,733600000.0,1140450000.0,733600000.0,18156133672.0,-36.0,-50.378,93700000.0,0.421,1.0,1689100000.0,0.832,1606800000.0,24200000.0,1283500000.0,1787150000.0,0.0,993000000.0,686800000.0,306200000.0,4064500000.0,2185400000.0,1879100000.0,18102733672.0,-139900000.0,-85200000.0,-502100000.0,0.0,0.0,-578300000.0,272000000.0,447000000.0,169700000.0,-3300000.0,-582100000.0,-582100000.0,-582100000.0,0.0,0.0,-0.287,2188700000.0,-499600000.0,93500000.0,0.0,24.677,-31.099,-31.165,158600000.0,0.0,81.34,8.913,8.919,452300000.0,-964200000.0,2031000000.0,2031000000.0,766100000.0,-0.117,-0.51,-0.28,-0.246,221800000.0,1310300000.0,1.0,222556352.0,222700000,222700000.0,9.12,3191300000.0,63900000.0,58300000.0,180800000.0,14.33,275200000.0
5,ADSK,MRY,2015-12-31,2016-01-31,2016-01-31,2021-09-01,-121100000.0,5515300000.0,5213250000.0,2993100000.0,2522200000.0,0.48,7.166,-72400000.0,1353000000.0,1353000000.0,370700000.0,-330500000.0,1.881,2.405,1487700000.0,0.0,1487700000.0,1487700000.0,1519200000.0,145800000.0,0.0,0.0,0.0,1300000.0,147100000.0,0.059,147100000.0,1300000.0,-20300000.0,-1.46,-1.46,-1.46,1619600000.0,1869800000.0,1619600000.0,10699030398.0,8230.0,72.733,341600000.0,1.512,1.0,2133400000.0,0.852,1605800000.0,21600000.0,2453200000.0,2230950000.0,0.0,1430200000.0,897900000.0,532300000.0,3895700000.0,1591000000.0,2304700000.0,10549630398.0,-57600000.0,-148500000.0,-347200000.0,748300000.0,0.0,343200000.0,-809500000.0,-544100000.0,414000000.0,-5300000.0,-330500000.0,-330500000.0,-330500000.0,0.0,0.0,-0.132,2132100000.0,1300000.0,119900000.0,0.0,6.514,-31.92,-32.068,169300000.0,0.0,46.82,4.213,4.226,653600000.0,-80800000.0,2504100000.0,2504100000.0,790000000.0,-0.063,-0.177,0.001,0.001,197200000.0,1308900000.0,1.0,225323161.0,226000000,226000000.0,11.08,3909500000.0,9200000.0,310200000.0,258500000.0,17.299,1402100000.0
6,ADSK,MRY,2014-12-31,2015-01-31,2015-01-31,2021-09-01,-53300000.0,4909700000.0,4749625000.0,2671300000.0,2238400000.0,0.529,9.772,-75500000.0,1410600000.0,1410600000.0,342100000.0,81800000.0,1.908,1.212,743100000.0,0.0,743100000.0,743100000.0,1157100000.0,145900000.0,0.0,0.0,0.0,120700000.0,266600000.0,0.106,266600000.0,120700000.0,83000000.0,0.36,0.35,0.36,2219200000.0,2264950000.0,2219200000.0,11689244819.0,97.0,43.846,633100000.0,2.788,1.0,2170100000.0,0.864,1542700000.0,37700000.0,1299400000.0,1352400000.0,0.0,888800000.0,615800000.0,273000000.0,2690500000.0,1400100000.0,1290400000.0,12287244819.0,-442400000.0,-630000000.0,-197000000.0,0.0,0.0,-240400000.0,-905600000.0,-196100000.0,708600000.0,-5000000.0,81800000.0,81800000.0,81800000.0,0.0,0.0,0.033,2049400000.0,120700000.0,100500000.0,0.0,5.537,150.211,150.014,159200000.0,0.0,54.005,4.891,4.882,458900000.0,499400000.0,2512200000.0,2512200000.0,725200000.0,0.017,0.036,0.089,0.048,165600000.0,1281300000.0,1.0,227520504.0,227100000,232400000.0,11.062,3367000000.0,185100000.0,1200000.0,187000000.0,14.826,1271200000.0
7,ADSK,MRY,2013-12-31,2014-01-31,2014-01-31,2021-09-01,-600000.0,4595000000.0,4357375000.0,2835000000.0,1760000000.0,0.522,10.096,-64200000.0,1853000000.0,1853000000.0,274300000.0,228800000.0,2.646,1.032,746400000.0,0.0,746400000.0,746400000.0,900600000.0,128900000.0,0.0,0.0,0.0,284800000.0,413700000.0,0.182,413700000.0,284800000.0,279900000.0,1.02,1.0,1.02,2261500000.0,2139750000.0,2261500000.0,10834800000.0,38.0,26.19,499300000.0,2.229,1.0,1999600000.0,0.879,1073000000.0,4900000.0,1343900000.0,1523650000.0,0.0,691400000.0,414100000.0,277300000.0,2333500000.0,1071500000.0,1262000000.0,11562000000.0,240800000.0,-176100000.0,-111000000.0,0.0,0.0,-126500000.0,-194000000.0,64900000.0,563500000.0,-2200000.0,228800000.0,228800000.0,228800000.0,0.0,0.0,0.101,1714800000.0,284800000.0,84500000.0,0.0,5.113,50.533,50.245,130300000.0,0.0,51.25,5.085,5.049,423700000.0,624800000.0,2273900000.0,2273900000.0,611100000.0,0.053,0.107,0.187,0.125,123100000.0,1054400000.0,1.0,225600000.0,224000000,229600000.0,10.151,3522000000.0,187900000.0,51100000.0,236100000.0,15.723,1763500000.0
8,ADSK,MRY,2012-12-31,2013-01-31,2013-01-31,2021-09-01,-5700000.0,4308400000.0,3607625000.0,2552400000.0,1756000000.0,0.641,9.025,-56400000.0,1612200000.0,1612200000.0,238500000.0,247400000.0,2.446,1.109,745600000.0,0.0,745600000.0,745600000.0,834600000.0,127800000.0,0.0,0.0,0.0,310000000.0,437800000.0,0.189,437800000.0,310000000.0,310000000.0,1.09,1.07,1.09,2043200000.0,2039425000.0,2043200000.0,8019336000.0,26.0,18.317,502700000.0,2.22,1.0,2073700000.0,0.897,947500000.0,0.0,1450600000.0,905000000.0,0.0,753200000.0,342100000.0,411100000.0,2265200000.0,1043700000.0,1221500000.0,8736336000.0,455300000.0,-263700000.0,-211000000.0,745600000.0,0.0,541400000.0,-647200000.0,-300000000.0,559100000.0,2000000.0,247400000.0,247400000.0,247400000.0,0.0,0.0,0.107,1767800000.0,305900000.0,94200000.0,0.0,4.276,35.313,35.67,114900000.0,0.0,38.88,3.778,3.807,495100000.0,599100000.0,2312200000.0,2312200000.0,600000000.0,0.069,0.121,0.343,0.134,143400000.0,1081800000.0,1.0,224700000.0,226400000,231700000.0,10.213,3360900000.0,165000000.0,62600000.0,208100000.0,14.845,1508700000.0
9,ADSK,MRY,2011-12-31,2012-01-31,2012-01-31,2021-09-01,5900000.0,3227800000.0,3027175000.0,1895900000.0,1331900000.0,0.732,8.269,-63000000.0,1156900000.0,1156900000.0,229100000.0,285300000.0,1.987,0.714,0.0,0.0,0.0,0.0,719200000.0,115500000.0,0.0,0.0,0.0,362900000.0,478400000.0,0.216,478400000.0,362900000.0,362900000.0,1.25,1.22,1.25,1882900000.0,1812675000.0,1882900000.0,7061500000.0,19.0,14.761,510500000.0,2.242,1.0,1986500000.0,0.897,767000000.0,0.0,349800000.0,338675000.0,0.0,447200000.0,254400000.0,192800000.0,1344900000.0,954100000.0,390800000.0,8164800000.0,81800000.0,-221700000.0,-151300000.0,0.0,0.0,-119800000.0,-370300000.0,-55100000.0,573500000.0,-1600000.0,285300000.0,285300000.0,285300000.0,0.0,0.0,0.129,1630900000.0,355600000.0,89300000.0,0.0,4.336,28.618,28.8,104500000.0,0.0,36.0,3.685,3.7,395100000.0,511600000.0,2215600000.0,2215600000.0,566500000.0,0.094,0.157,1.072,0.164,77300000.0,1065700000.0,1.0,226800000.0,227700000,233300000.0,9.73,2460800000.0,165900000.0,77600000.0,189200000.0,10.807,941800000.0
10,ADSK,MRY,2010-12-31,2011-01-31,2011-01-31,2021-09-01,-600000.0,2787600000.0,2598850000.0,1714300000.0,1073300000.0,0.751,7.071,-28300000.0,1075100000.0,1075100000.0,196600000.0,212000000.0,1.971,0.732,0.0,0.0,0.0,0.0,587900000.0,105400000.0,0.0,0.0,0.0,272000000.0,377400000.0,0.193,377400000.0,272000000.0,272000000.0,0.93,0.9,0.93,1609300000.0,1551325000.0,1609300000.0,8346126119.0,31.0,22.115,512500000.0,2.252,1.0,1755200000.0,0.899,611300000.0,0.0,231400000.0,280825000.0,0.0,391800000.0,199200000.0,192600000.0,1178300000.0,869800000.0,308500000.0,9250426119.0,236400000.0,-13500000.0,-159400000.0,0.0,0.0,-159400000.0,-142300000.0,-96500000.0,540800000.0,-2700000.0,212000000.0,212000000.0,212000000.0,0.0,0.0,0.109,1483800000.0,271400000.0,76800000.0,0.0,5.748,43.634,43.742,84500000.0,0.0,40.68,4.739,4.744,318400000.0,342700000.0,1951800000.0,1951800000.0,496200000.0,0.082,0.137,0.969,0.139,80700000.0,976800000.0,1.0,227394939.0,227600000,234200000.0,8.576,2176300000.0,147500000.0,60000000.0,167700000.0,9.562,844500000.0
11,ADSK,MRY,2009-12-31,2010-01-31,2010-01-31,2021-09-01,-3500000.0,2447200000.0,2335800000.0,1379600000.0,1067600000.0,0.734,6.443,-31700000.0,838700000.0,838700000.0,191800000.0,58000000.0,1.96,0.661,0.0,0.0,0.0,0.0,516500000.0,111500000.0,0.0,0.0,0.0,84700000.0,196200000.0,0.114,196200000.0,84700000.0,84700000.0,0.25,0.25,0.25,1473500000.0,1404700000.0,1473500000.0,4766527666.0,56.0,24.294,215100000.0,0.941,1.0,1521900000.0,0.888,630900000.0,0.0,273600000.0,271525000.0,0.0,287500000.0,161900000.0,125600000.0,973700000.0,704000000.0,269700000.0,5465027666.0,-78900000.0,-26100000.0,6800000.0,-52100000.0,0.0,-45300000.0,-283000000.0,-213800000.0,246800000.0,2600000.0,58000000.0,58000000.0,58000000.0,0.0,0.0,0.034,1456300000.0,65600000.0,67800000.0,0.0,3.709,94.225,95.16,101600000.0,0.0,23.79,3.189,3.175,277400000.0,272700000.0,1713700000.0,1713700000.0,457500000.0,0.025,0.041,0.312,0.049,93600000.0,929600000.0,1.0,229719532.0,228700000,232100000.0,7.493,1816300000.0,146100000.0,26700000.0,135600000.0,7.942,675600000.0
12,ADSK,MRY,2008-12-31,2009-01-31,2009-01-31,2021-09-01,-11200000.0,2420700000.0,2344475000.0,1388000000.0,1032700000.0,0.988,5.812,-78400000.0,917600000.0,917600000.0,219100000.0,183600000.0,1.735,0.847,52100000.0,52100000.0,0.0,52100000.0,552100000.0,91800000.0,0.0,0.0,0.0,252500000.0,344300000.0,0.149,344300000.0,252500000.0,252500000.0,0.81,0.8,0.81,1310700000.0,1276525000.0,1310700000.0,2954845426.0,12.0,8.582,515500000.0,2.286,1.0,2096100000.0,0.905,655800000.0,0.0,99300000.0,84050000.0,0.0,71100000.0,63500000.0,7600000.0,1110000000.0,800100000.0,309900000.0,3747345426.0,-300000.0,-364500000.0,-166500000.0,52100000.0,0.0,-114400000.0,-478100000.0,-35200000.0,593900000.0,-1700000.0,183600000.0,183600000.0,183600000.0,0.0,0.0,0.079,1851600000.0,244500000.0,62400000.0,0.0,2.859,20.41,20.444,120600000.0,0.0,16.56,1.619,1.613,316500000.0,241500000.0,2315200000.0,2315200000.0,576100000.0,0.078,0.144,3.004,0.109,89500000.0,1106400000.0,1.0,226288975.0,225500000,230100000.0,10.267,1764900000.0,156800000.0,68900000.0,156300000.0,7.827,587900000.0
13,ADSK,MRY,2007-12-31,2008-01-31,2008-01-31,2021-09-01,13800000.0,2212200000.0,2017675000.0,1481800000.0,730400000.0,1.076,5.343,-43300000.0,917900000.0,917900000.0,207700000.0,356200000.0,2.029,0.798,0.0,0.0,0.0,0.0,506100000.0,61300000.0,0.0,0.0,0.0,470000000.0,531300000.0,0.245,531300000.0,470000000.0,470000000.0,1.55,1.47,1.55,1230500000.0,1191550000.0,1230500000.0,8673235000.0,18.0,16.325,665200000.0,2.888,1.0,1964200000.0,0.904,507800000.0,0.0,56200000.0,121725000.0,0.0,39800000.0,31400000.0,8400000.0,981700000.0,730300000.0,251400000.0,9501535000.0,252000000.0,-114500000.0,-375700000.0,0.0,0.0,-375700000.0,-85700000.0,72100000.0,708500000.0,4900000.0,356200000.0,356200000.0,356200000.0,0.0,0.0,0.164,1518600000.0,445600000.0,79300000.0,0.0,7.722,26.675,26.548,80200000.0,0.0,41.15,4.375,4.363,386500000.0,218400000.0,2171900000.0,2171900000.0,490500000.0,0.177,0.299,3.861,0.216,99300000.0,1028100000.0,1.0,230900000.0,230300000,242000000.0,9.431,1704400000.0,152700000.0,113800000.0,104200000.0,7.401,751500000.0
14,ADSK,MRY,2006-12-31,2007-01-31,2007-01-31,2021-09-01,-3600000.0,1797500000.0,1578225000.0,1189700000.0,607800000.0,1.166,4.833,-35300000.0,665900000.0,665900000.0,217700000.0,289700000.0,2.072,0.612,0.0,0.0,0.0,0.0,378800000.0,53500000.0,0.0,0.0,0.0,366500000.0,420000000.0,0.228,420000000.0,366500000.0,366500000.0,1.26,1.19,1.26,1115000000.0,964225000.0,1115000000.0,9872624000.0,27.0,23.506,541300000.0,2.346,1.0,1622100000.0,0.882,406600000.0,0.0,150800000.0,171400000.0,0.0,112000000.0,112000000.0,0.0,682500000.0,574200000.0,108300000.0,10129924000.0,378700000.0,-52500000.0,-80200000.0,0.0,0.0,-80200000.0,-117800000.0,-32300000.0,576600000.0,100000.0,289700000.0,289700000.0,289700000.0,0.0,0.0,0.157,1272400000.0,349700000.0,61000000.0,0.0,9.085,34.967,34.698,65600000.0,0.0,43.72,5.506,5.482,301300000.0,210300000.0,1839800000.0,1839800000.0,410600000.0,0.184,0.3,2.138,0.199,99400000.0,861800000.0,1.0,231700000.0,230700000,243200000.0,7.975,1390900000.0,137900000.0,76800000.0,23600000.0,6.029,615500000.0
15,ADSK,MRY,2005-12-31,2006-01-31,2006-01-31,2021-09-01,-7400000.0,1355800000.0,1251481500.0,746800000.0,609000000.0,1.228,3.507,-20500000.0,287200000.0,287200000.0,171100000.0,333600000.0,1.531,0.688,0.0,0.0,0.0,0.0,266500000.0,43700000.0,0.0,0.0,0.015,391700000.0,435400000.0,0.283,435400000.0,391700000.0,391700000.0,1.46,1.35,1.46,803000000.0,750793000.0,803000000.0,8977294000.0,23.0,20.618,394700000.0,1.724,1.0,1366100000.0,0.889,368000000.0,0.0,212800000.0,135321250.0,14200000.0,90300000.0,90300000.0,0.0,552800000.0,487800000.0,65000000.0,9368172000.0,-230500000.0,-242100000.0,-302000000.0,0.0,-3400000.0,-305600000.0,-338000000.0,-75300000.0,415200000.0,-2100000.0,333600000.0,333600000.0,333600000.0,0.0,0.0,0.217,987600000.0,378500000.0,56400000.0,0.01,11.666,28.082,27.801,61400000.0,0.0,40.59,6.094,6.047,261400000.0,16700000.0,1537200000.0,1537200000.0,303200000.0,0.267,0.444,2.895,0.255,129200000.0,684400000.0,1.0,230800000.0,229000000,247500000.0,6.713,987800000.0,188600000.0,58100000.0,10800000.0,4.314,259000000.0
16,ADSK,MRY,2004-12-31,2005-01-31,2005-01-31,2021-09-01,-2800000.0,1142200000.0,1066008250.0,781800000.0,360400000.0,1.162,2.855,-42400000.0,517700000.0,517700000.0,169700000.0,221100000.0,1.669,0.762,0.0,0.0,0.0,0.0,194200000.0,51900000.0,0.0,0.002,0.06,243100000.0,295000000.0,0.238,295000000.0,243100000.0,243100000.0,0.97,0.9,0.97,648100000.0,654916500.0,648100000.0,6363267000.0,26.0,21.57,330900000.0,1.458,1.0,1069200000.0,0.863,175900000.0,0.0,-19700000.0,96451750.0,12500000.0,15000000.0,15000000.0,0.0,494100000.0,468300000.0,25800000.0,6740415000.0,235500000.0,-11800000.0,-304100000.0,0.0,-13500000.0,-317800000.0,175600000.0,230700000.0,373300000.0,4400000.0,221100000.0,221100000.0,221100000.0,0.0,0.0,0.178,837500000.0,231700000.0,46200000.0,0.062,10.4,30.486,30.278,69600000.0,0.0,29.37,5.441,5.381,196800000.0,26000000.0,1238900000.0,1238900000.0,241500000.0,0.207,0.338,2.52,0.196,124400000.0,569300000.0,1.0,229500000.0,227000000,247000000.0,5.458,966300000.0,119400000.0,22000000.0,41600000.0,4.257,313500000.0
17,ADSK,MRY,2003-12-31,2004-01-31,2004-01-31,2021-09-01,-4754000.0,1017160000.0,935141000.0,597252000.0,419908000.0,1.018,2.788,-30100000.0,282249000.0,282249000.0,148100000.0,120300000.0,1.552,0.636,0.0,0.0,0.0,0.0,127276000.0,50300000.0,0.0,0.005,0.06,123200000.0,173500000.0,0.182,173500000.0,123200000.0,123200000.0,0.54,0.52,0.54,621643000.0,589572000.0,621643000.0,2663122000.0,22.0,15.349,190000000.0,0.852,1.0,803500000.0,0.844,179472000.0,0.0,170517000.0,182207000.0,17365000.0,247251000.0,81275000.0,165976000.0,395517000.0,384922000.0,10595000.0,2897832000.0,95800000.0,-5200000.0,-63100000.0,0.0,-13400000.0,-76500000.0,-59000000.0,-24000000.0,220100000.0,11200000.0,120300000.0,120300000.0,120300000.0,0.0,0.0,0.126,697300000.0,106200000.0,52307000.0,0.111,4.662,24.088,23.787,66474000.0,0.0,12.845,3.045,3.01,166816000.0,153175000.0,951600000.0,951600000.0,209400000.0,0.129,0.204,0.676,0.129,1800000.0,484700000.0,1.0,225600000.0,223000000,231300000.0,4.267,837688000.0,25410000.0,2900000.0,58544000.0,3.756,212330000.0
18,ADSK,MRY,2002-12-31,2003-01-31,2003-01-31,2021-09-01,-11568000.0,883650000.0,907942000.0,449632000.0,434018000.0,0.909,2.518,-39759000.0,186377000.0,186377000.0,145810000.0,31904000.0,1.45,0.552,0.0,0.0,0.0,0.0,93241000.0,48844000.0,0.0,0.008,0.06,38466000.0,87310000.0,0.106,87310000.0,38466000.0,38466000.0,0.14,0.14,0.14,569208000.0,586491250.0,569208000.0,1559554000.0,41.0,17.862,45876000.0,0.203,1.0,679135000.0,0.823,186070000.0,0.0,201175000.0,249394250.0,12284000.0,224672000.0,60643000.0,164029000.0,314442000.0,310028000.0,4414000.0,1694196000.0,28690000.0,-145231000.0,9870000.0,-210000.0,-13566000.0,-3906000.0,-65018000.0,123005000.0,85635000.0,11979000.0,31904000.0,31904000.0,31904000.0,0.0,0.0,0.039,654173000.0,24962000.0,45122000.0,0.429,2.976,53.103,53.357,76122000.0,0.0,7.47,2.054,2.047,132803000.0,103087000.0,824945000.0,824945000.0,190252000.0,0.035,0.054,0.154,0.047,2753000.0,438034000.0,1.0,226800000.0,226070000,229550000.0,3.649,697580000.0,28923000.0,6562000.0,41480000.0,3.086,139604000.0
19,ADSK,MRY,2001-12-31,2002-01-31,2002-01-31,2021-09-01,-19972000.0,902444000.0,840782250.0,563870000.0,338574000.0,1.127,2.432,-57433000.0,157687000.0,157687000.0,157628000.0,90313000.0,1.521,0.705,0.0,0.0,0.0,0.0,65474000.0,62907000.0,0.0,0.006,0.06,125482000.0,188389000.0,0.199,188389000.0,125482000.0,125482000.0,0.415,0.4,0.415,529314000.0,479414000.0,529314000.0,2136206000.0,17.0,11.339,153033000.0,0.703,1.0,789863000.0,0.834,59323000.0,0.0,314783000.0,296549000.0,17999000.0,346924000.0,180124000.0,166800000.0,373130000.0,370651000.0,2479000.0,2246800000.0,25405000.0,-34271000.0,-17108000.0,-486000.0,-13092000.0,-33342000.0,-145551000.0,-56817000.0,210466000.0,-6168000.0,90313000.0,90313000.0,90313000.0,0.0,0.0,0.095,691689000.0,98174000.0,53769000.0,0.145,4.245,24.878,24.699,72820000.0,0.0,10.25,2.371,2.354,140465000.0,91864000.0,947491000.0,947491000.0,185084000.0,0.107,0.188,0.423,0.132,12945000.0,452072000.0,1.0,219200000.0,217630000,224550000.0,4.354,843121000.0,60936000.0,35169000.0,91922000.0,3.874,193219000.0
20,ADSK,MRY,2000-12-31,2001-01-31,2001-01-31,2021-09-01,-16104000.0,807759000.0,823824000.0,491321000.0,316438000.0,1.137,2.01,-35506000.0,116391000.0,116391000.0,150198000.0,93233000.0,1.471,0.757,0.0,0.0,0.0,0.0,50993000.0,68844000.0,0.0,0.007,0.06,144773000.0,213617000.0,0.228,213617000.0,144773000.0,144773000.0,0.41,0.4,0.41,459674000.0,498820500.0,459674000.0,1984132000.0,14.0,9.288,160613000.0,0.702,1.0,786126000.0,0.84,70676000.0,0.0,286779000.0,327686500.0,17255000.0,306109000.0,142961000.0,163148000.0,348085000.0,333913000.0,14172000.0,2080032000.0,544000.0,0.0,-245257000.0,-427000.0,-13580000.0,-245307000.0,61389000.0,96895000.0,196119000.0,-11657000.0,93233000.0,93233000.0,93233000.0,0.0,0.0,0.1,646112000.0,140014000.0,47962000.0,0.146,4.525,22.31,22.488,53996000.0,0.0,9.22,2.221,2.253,157422000.0,52298000.0,936324000.0,936324000.0,170487000.0,0.113,0.187,0.442,0.155,21055000.0,450330000.0,1.0,225600000.0,228750000,234056000.0,4.093,737083000.0,44938000.0,51540000.0,97109000.0,3.222,157408000.0
21,ADSK,MRY,1999-12-31,2000-01-31,2000-01-31,2021-09-01,-14822000.0,902946000.0,926614750.0,545259000.0,357687000.0,0.915,2.496,-14495000.0,108641000.0,108641000.0,146315000.0,9808000.0,1.821,0.499,0.0,0.0,0.0,0.0,33604000.0,79748000.0,0.0,0.008,0.06,23920000.0,103668000.0,0.122,103668000.0,23920000.0,23920000.0,0.04,0.04,0.04,602299000.0,636304000.0,602299000.0,1699302000.0,71.0,16.392,93432000.0,0.387,1.0,701736000.0,0.827,104518000.0,0.0,390395000.0,354898250.0,19264000.0,432282000.0,250290000.0,181992000.0,300647000.0,299392000.0,1255000.0,1882496000.0,-150300000.0,-26596000.0,70508000.0,-2625000.0,-14581000.0,53302000.0,-304354000.0,-263263000.0,107927000.0,-7495000.0,9808000.0,9808000.0,9808000.0,0.0,0.0,0.012,700973000.0,763000.0,45310000.0,1.5,3.126,191.935,191.0,41884000.0,0.0,7.64,2.22,2.174,110839000.0,56645000.0,848051000.0,848051000.0,163985000.0,0.011,0.015,0.067,0.028,4642000.0,471615000.0,1.0,246400000.0,241314000,245622000.0,3.514,798428000.0,51108000.0,14112000.0,88006000.0,3.309,245867000.0
22,ADSK,MRY,1998-12-31,1999-01-31,1999-01-31,2021-09-01,-14132000.0,823260000.0,678757500.0,544415000.0,278845000.0,1.317,2.382,-46069000.0,258941000.0,258941000.0,136722000.0,97132000.0,1.951,0.532,0.0,0.0,0.0,0.0,24833000.0,80782000.0,0.0,0.005,0.06,159221000.0,240003000.0,0.269,240003000.0,159221000.0,159221000.0,0.43,0.41,0.43,537327000.0,439298000.0,537327000.0,1995738430.0,13.0,8.315,141953000.0,0.629,1.0,757110000.0,0.847,126176000.0,0.0,159029000.0,211788250.0,23169000.0,169021000.0,102756000.0,66265000.0,285933000.0,279114000.0,6819000.0,2072378430.0,116393000.0,-71679000.0,42096000.0,4471000.0,-11722000.0,34845000.0,-79039000.0,38709000.0,188022000.0,6375000.0,97132000.0,97132000.0,97132000.0,0.0,0.0,0.109,615023000.0,142087000.0,49053000.0,0.14,3.857,21.336,25.692,48655000.0,0.0,11.047,2.319,2.788,114901000.0,81209000.0,893832000.0,893832000.0,157080000.0,0.143,0.221,0.752,0.178,15469000.0,428138000.0,1.0,187588000.0,225576000,236564000.0,3.962,697084000.0,32470000.0,62089000.0,100064000.0,3.09,265301000.0
23,ADSK,MRY,1997-12-31,1998-01-31,1998-01-31,2021-09-01,-16078000.0,563490000.0,527861500.0,307702000.0,255788000.0,1.456,1.477,-43553000.0,96089000.0,96089000.0,133371000.0,56215000.0,1.542,0.692,0.0,0.0,0.0,0.0,18934000.0,66331000.0,0.0,0.006,0.06,106704000.0,173035000.0,0.225,173035000.0,106704000.0,106704000.0,0.25,0.235,0.25,332939000.0,288276500.0,332939000.0,,,,132166000.0,0.586,1.0,635313000.0,0.826,78355000.0,0.0,189559000.0,222210500.0,7351000.0,205230000.0,100399000.0,104831000.0,230551000.0,199487000.0,31064000.0,1806145650.0,46066000.0,-16108000.0,-79660000.0,2713000.0,-11290000.0,-88237000.0,-33002000.0,26659000.0,175719000.0,-8414000.0,56215000.0,56215000.0,56215000.0,0.0,0.0,0.073,540319000.0,94994000.0,26417000.0,0.24,5.425,32.129,38.63,39139000.0,0.0,9.658,2.35,2.831,60856000.0,49702000.0,768684000.0,768684000.0,136816000.0,0.106,0.195,0.48,0.139,0.0,355141000.0,1.0,187020000.0,225360000,240088000.0,3.411,485135000.0,41359000.0,50489000.0,76946000.0,2.153,108215000.0
24,ADSK,MRY,1996-12-31,1997-01-31,1997-01-31,2021-09-01,-9849000.0,492233000.0,,297671000.0,194562000.0,,1.337,-18404000.0,64814000.0,64814000.0,64217000.0,41571000.0,1.982,1.021,0.0,0.0,0.0,0.0,3141000.0,34833000.0,0.0,0.008,0.06,66512000.0,101345000.0,0.204,101345000.0,66512000.0,66512000.0,0.228,0.22,0.228,243614000.0,,243614000.0,,,,95779000.0,0.526,1.0,432476000.0,0.871,22386000.0,0.0,254862000.0,,7340000.0,221494000.0,117971000.0,103523000.0,248619000.0,150171000.0,98448000.0,,-64491000.0,-9908000.0,-43962000.0,0.0,-10879000.0,-54841000.0,-110542000.0,-78823000.0,114183000.0,-13291000.0,41571000.0,41571000.0,41571000.0,0.0,0.0,0.084,372659000.0,59817000.0,24557000.0,0.263,,,34.682,44050000.0,0.0,7.907,,2.9,68577000.0,106372000.0,496693000.0,496693000.0,93702000.0,,,,0.134,0.0,274219000.0,1.0,,182160000,188760000.0,2.727,469847000.0,35616000.0,24941000.0,78035000.0,2.579,147500000.0
25,ADSK,MRY,1995-12-31,1996-01-31,1996-01-31,2021-09-01,,,,,,,,-17715000.0,,,66812000.0,87788000.0,,,,,,,,25247000.0,,0.008,0.06,138280000.0,163527000.0,0.306,163527000.0,138280000.0,138280000.0,0.465,0.44,0.465,,,,,,,88917000.0,0.472,1.0,467355000.0,0.875,,0.0,,,,,,,,,,,-65733000.0,-7194000.0,-61552000.0,0.0,-11184000.0,-72736000.0,-104588000.0,-82762000.0,106632000.0,4959000.0,87788000.0,87788000.0,87788000.0,0.0,0.0,0.164,338328000.0,129027000.0,,0.129,,,16.263,,0.0,7.562,,2.667,,,534167000.0,534167000.0,78678000.0,,,,0.259,0.0,259650000.0,1.0,,188360000,199200000.0,2.836,,,50492000.0,,,
0,ADSK,MRQ,2021-06-30,2021-07-31,2021-07-31,2021-09-01,-113400000.0,7420600000.0,,1546000000.0,5874600000.0,,6.041,-22600000.0,923500000.0,923500000.0,105400000.0,115600000.0,0.501,4.589,2085000000.0,87700000.0,1997300000.0,2085000000.0,3300400000.0,39400000.0,0.0,0.0,0.0,148100000.0,187500000.0,0.177,187500000.0,148100000.0,138800000.0,0.53,0.52,0.53,1327800000.0,,1327800000.0,71820875846.0,113.0,93.213,179400000.0,0.816,1.0,954300000.0,0.901,4073500000.0,9300000.0,1421200000.0,,0.0,1400000.0,1400000.0,0.0,6092800000.0,3087400000.0,3005400000.0,70652875846.0,300000.0,-123000000.0,-46800000.0,0.0,0.0,-53800000.0,-146000000.0,0.0,202000000.0,-1900000.0,115600000.0,115600000.0,115600000.0,0.0,0.0,0.109,806200000.0,148100000.0,108400000.0,0.0,53.21,53.741,53.522,582600000.0,0.0,321.13,17.486,17.469,357800000.0,-1339500000.0,1059700000.0,1059700000.0,276900000.0,,,,,150200000.0,518200000.0,1.0,220013315.0,219800000,222500000.0,4.821,3347100000.0,739600000.0,23200000.0,103400000.0,15.228,-1541400000.0
1,ADSK,MRQ,2021-03-31,2021-04-30,2021-04-30,2021-09-01,-101700000.0,7298300000.0,,1505400000.0,5792900000.0,,5.138,-21200000.0,923200000.0,923200000.0,92800000.0,155600000.0,0.481,5.468,2091200000.0,76000000.0,2015200000.0,2091200000.0,3345000000.0,33000000.0,0.0,0.0,0.0,133800000.0,166800000.0,0.169,166800000.0,133800000.0,131400000.0,0.71,0.7,0.71,1128400000.0,,1128400000.0,64433586542.0,102.0,84.882,314900000.0,1.434,1.0,896500000.0,0.906,3657900000.0,2400000.0,1678300000.0,,0.0,0.0,0.0,0.0,6169900000.0,3130100000.0,3039800000.0,64101186542.0,-849000000.0,-1031600000.0,-87200000.0,0.0,0.0,-142100000.0,-1040400000.0,4000000.0,336100000.0,-2600000.0,155600000.0,155600000.0,155600000.0,0.0,0.0,0.157,762700000.0,133800000.0,124000000.0,0.0,56.807,49.411,49.309,598800000.0,0.0,291.91,16.462,16.462,326100000.0,-1409300000.0,989300000.0,989300000.0,265500000.0,,,,,115800000.0,489000000.0,1.0,219592294.0,219600000,222000000.0,4.505,3640400000.0,743700000.0,-24200000.0,122900000.0,16.577,-1624700000.0
2,ADSK,MRQ,2020-12-31,2021-01-31,2021-01-31,2021-09-01,-125900000.0,7279800000.0,,2625500000.0,4654300000.0,,4.401,-23500000.0,1772200000.0,1772200000.0,90600000.0,911300000.0,0.807,6.54,2104600000.0,71400000.0,2033200000.0,2104600000.0,3360200000.0,31600000.0,0.0,0.0,0.0,184400000.0,216000000.0,0.208,216000000.0,184400000.0,171100000.0,4.16,4.1,4.16,965500000.0,,965500000.0,61565817074.0,98.0,81.772,634100000.0,2.89,1.0,948600000.0,0.913,2905800000.0,13300000.0,1451700000.0,,0.0,4000000.0,4000000.0,0.0,6314300000.0,3254700000.0,3059600000.0,61003917074.0,235200000.0,-201400000.0,-151100000.0,0.0,0.0,-202800000.0,-227200000.0,0.0,657600000.0,7600000.0,911300000.0,911300000.0,911300000.0,0.0,0.0,0.877,764200000.0,184400000.0,122500000.0,0.0,63.184,50.492,50.35,609500000.0,0.0,277.43,16.094,16.059,643100000.0,-1487500000.0,1039200000.0,1039200000.0,249600000.0,,,,,106900000.0,505900000.0,1.0,219889403.0,219400000,222100000.0,4.737,4374000000.0,763100000.0,-740200000.0,69900000.0,19.936,-629200000.0
3,ADSK,MRQ,2020-09-30,2020-10-31,2020-10-31,2021-09-01,-156400000.0,5944500000.0,,2339800000.0,3604700000.0,,0.316,-20900000.0,1537000000.0,1537000000.0,83700000.0,132200000.0,0.832,84.779,2098900000.0,64100000.0,2034800000.0,2098900000.0,2932800000.0,32200000.0,0.0,0.0,0.0,168000000.0,200200000.0,0.21,200200000.0,168000000.0,156100000.0,0.6,0.59,0.6,69300000.0,,69300000.0,52292418764.0,90.0,74.533,340200000.0,1.549,1.0,868700000.0,0.912,2549600000.0,11900000.0,1145200000.0,,0.0,78500000.0,78500000.0,0.0,5875200000.0,2811600000.0,3063600000.0,51649018764.0,97200000.0,-44800000.0,-136000000.0,0.0,0.0,-201400000.0,-64900000.0,2000000.0,361100000.0,2400000.0,132200000.0,132200000.0,132200000.0,0.0,0.0,0.139,700700000.0,168000000.0,121300000.0,0.0,745.296,120.478,120.79,617900000.0,0.0,235.54,14.148,14.169,540400000.0,-2281400000.0,952400000.0,952400000.0,233000000.0,,,,,97400000.0,458100000.0,1.0,219279183.0,219600000,222300000.0,4.337,3394900000.0,44300000.0,23900000.0,148700000.0,15.459,-471800000.0
4,ADSK,MRQ,2020-06-30,2020-07-31,2020-07-31,2021-09-01,-154500000.0,5747300000.0,,2203900000.0,3543400000.0,,0.307,-28000000.0,1439800000.0,1439800000.0,80900000.0,98200000.0,0.841,84.398,2083200000.0,53800000.0,2029400000.0,2083200000.0,2878900000.0,30000000.0,0.0,0.0,0.0,146100000.0,176100000.0,0.193,176100000.0,146100000.0,129000000.0,0.45,0.44,0.45,67300000.0,,67300000.0,52518580037.0,101.0,81.601,63200000.0,0.288,1.0,832200000.0,0.911,2520100000.0,17100000.0,1251000000.0,,0.0,79700000.0,79700000.0,0.0,5680000000.0,2619600000.0,3060400000.0,51824680037.0,50100000.0,0.0,-5300000.0,0.0,0.0,-12400000.0,-33800000.0,5000000.0,91200000.0,5100000.0,98200000.0,98200000.0,98200000.0,0.0,0.0,0.108,686100000.0,146100000.0,99200000.0,0.0,770.055,142.689,143.291,594000000.0,0.0,236.43,14.636,14.637,490100000.0,-2270900000.0,913100000.0,913100000.0,232500000.0,,,,,95900000.0,444100000.0,1.0,219196718.0,219200000,222200000.0,4.166,3227200000.0,51500000.0,30800000.0,142600000.0,14.723,-415700000.0
5,ADSK,MRQ,2020-03-31,2020-04-30,2020-04-30,2021-09-01,-179100000.0,5543900000.0,,2024300000.0,3519600000.0,,-0.635,-23500000.0,1389700000.0,1389700000.0,81900000.0,66500000.0,0.785,-40.855,2083600000.0,46000000.0,2037600000.0,2083600000.0,3005100000.0,30000000.0,0.0,0.0,0.0,130600000.0,160600000.0,0.181,160600000.0,130600000.0,90500000.0,0.3,0.3,0.3,-139100000.0,,-139100000.0,41848944260.0,93.0,72.984,303800000.0,1.386,1.0,803800000.0,0.908,2497200000.0,40100000.0,1162300000.0,,0.0,77200000.0,77200000.0,0.0,5683000000.0,2578300000.0,3104700000.0,41079044260.0,-385000000.0,0.0,-145200000.0,-450000000.0,0.0,-630200000.0,-78000000.0,-11000000.0,327300000.0,-4100000.0,66500000.0,66500000.0,66500000.0,0.0,0.0,0.075,673200000.0,130600000.0,85200000.0,0.0,-295.32,134.597,135.601,588900000.0,0.0,187.13,11.996,11.978,356500000.0,-2361300000.0,885700000.0,885700000.0,217400000.0,,,,,98200000.0,446100000.0,1.0,219521425.0,219200000,221300000.0,4.041,3046700000.0,50800000.0,24000000.0,125100000.0,13.899,-554000000.0
6,ADSK,MRQ,2019-12-31,2020-01-31,2020-01-31,2021-09-01,-160300000.0,6179300000.0,,2659300000.0,3520000000.0,,-0.632,-14000000.0,1774700000.0,1774700000.0,83200000.0,131800000.0,0.826,-45.423,2544600000.0,497800000.0,2046800000.0,2544600000.0,3007100000.0,30900000.0,0.0,0.0,0.0,133800000.0,164700000.0,0.183,164700000.0,133800000.0,123300000.0,0.6,0.59,0.6,-139100000.0,,-139100000.0,44400796444.0,129.0,94.41,684200000.0,3.11,1.0,816100000.0,0.907,2515900000.0,10500000.0,1214100000.0,,0.0,69000000.0,69000000.0,0.0,6318400000.0,3219200000.0,3099200000.0,43313496444.0,818500000.0,0.0,-178700000.0,348900000.0,0.0,133200000.0,-14600000.0,0.0,698200000.0,1700000.0,131800000.0,131800000.0,131800000.0,0.0,0.0,0.147,682300000.0,133800000.0,83700000.0,0.0,-311.384,201.928,200.867,600500000.0,0.0,196.85,13.228,13.208,652300000.0,-2295800000.0,899300000.0,899300000.0,217100000.0,,,,,105000000.0,455500000.0,1.0,220033002.0,220000000,223700000.0,4.088,3663400000.0,56400000.0,-8500000.0,122800000.0,16.652,-559900000.0
7,ADSK,MRQ,2019-09-30,2019-10-31,2019-10-31,2021-09-01,-156300000.0,5036600000.0,,1706800000.0,3329800000.0,,-0.781,-9700000.0,956200000.0,956200000.0,79500000.0,66700000.0,0.601,-30.368,2043500000.0,513400000.0,1530100000.0,2043500000.0,2420000000.0,31600000.0,0.0,0.0,0.0,110600000.0,142200000.0,0.169,142200000.0,110600000.0,96400000.0,0.3,0.3,0.3,-171500000.0,,-171500000.0,33590529915.0,135.0,90.467,266700000.0,1.214,1.0,763200000.0,0.906,2522800000.0,14200000.0,760900000.0,,0.0,68300000.0,68300000.0,0.0,5208100000.0,2840200000.0,2367900000.0,32358429915.0,32300000.0,0.0,-85200000.0,-100000000.0,0.0,-233900000.0,-10200000.0,0.0,276400000.0,0.0,66700000.0,66700000.0,66700000.0,0.0,0.0,0.079,652600000.0,110600000.0,106100000.0,0.0,-188.679,219.528,219.94,433200000.0,0.0,147.36,10.397,10.402,520300000.0,-2240300000.0,842700000.0,842700000.0,213000000.0,,,,,94000000.0,429800000.0,1.0,219587608.0,219700000,221900000.0,3.836,2513800000.0,39600000.0,29700000.0,134300000.0,11.442,-1133400000.0
8,ADSK,MRQ,2019-06-30,2019-07-31,2019-07-31,2021-09-01,-170700000.0,4872700000.0,,1515500000.0,3357200000.0,,-0.885,-14800000.0,923900000.0,923900000.0,79500000.0,40200000.0,0.56,-26.078,2156000000.0,508100000.0,1647900000.0,2156000000.0,2249500000.0,32100000.0,0.0,0.0,0.0,73800000.0,105900000.0,0.133,105900000.0,73800000.0,66500000.0,0.18,0.18,0.18,-194300000.0,,-194300000.0,35702889809.0,232.0,133.569,204500000.0,0.931,1.0,717300000.0,0.9,2519400000.0,7300000.0,878100000.0,,0.0,67400000.0,67400000.0,0.0,5067000000.0,2707300000.0,2359700000.0,34297989809.0,40700000.0,0.0,-43300000.0,-125000000.0,0.0,-173700000.0,-3300000.0,22700000.0,219300000.0,-1600000.0,40200000.0,40200000.0,40200000.0,0.0,0.0,0.05,643500000.0,73800000.0,93000000.0,0.0,-176.521,601.719,600.654,450200000.0,0.0,156.17,11.704,11.703,347400000.0,-2224300000.0,796800000.0,796800000.0,215400000.0,,,,,88200000.0,418200000.0,1.0,219619580.0,219600000,222400000.0,3.628,2353300000.0,46300000.0,26300000.0,124300000.0,10.716,-1191800000.0
9,ADSK,MRQ,2019-03-31,2019-04-30,2019-04-30,2021-09-01,-141600000.0,4808500000.0,,1422300000.0,3386200000.0,,-1.117,-14700000.0,883200000.0,883200000.0,82700000.0,-24200000.0,0.64,-20.603,2288100000.0,59200000.0,2228900000.0,2288100000.0,2153500000.0,32700000.0,0.0,0.0,0.0,24800000.0,57500000.0,0.078,57500000.0,24800000.0,8600000.0,-0.11,-0.11,-0.11,-245300000.0,,-245300000.0,40325070843.0,715.0,251.717,206500000.0,0.94,1.0,652800000.0,0.888,2542500000.0,16200000.0,1450200000.0,,0.0,88900000.0,88900000.0,0.0,5053800000.0,2220700000.0,2833100000.0,39123370843.0,-2800000.0,0.0,-41600000.0,-125000000.0,0.0,-192400000.0,-29200000.0,-15200000.0,221200000.0,-2400000.0,-24200000.0,-24200000.0,-24200000.0,0.0,0.0,-0.033,628000000.0,24800000.0,98000000.0,0.0,-159.492,-1731.123,-1782.1,462500000.0,0.0,178.21,14.251,14.255,268100000.0,-2226800000.0,735500000.0,735500000.0,205600000.0,,,,,75200000.0,412400000.0,1.0,219535216.0,219600000,219600000.0,3.349,2266000000.0,54400000.0,32800000.0,118800000.0,10.319,-798400000.0
10,ADSK,MRQ,2018-12-31,2019-01-31,2019-01-31,2021-09-01,-135000000.0,4729200000.0,,1620000000.0,3109200000.0,,-0.961,-17600000.0,886000000.0,886000000.0,77000000.0,64700000.0,0.704,-23.424,2087700000.0,0.0,2087700000.0,2087700000.0,2091400000.0,25400000.0,0.0,0.0,0.0,40300000.0,65700000.0,0.089,65700000.0,40300000.0,33000000.0,0.3,0.3,0.3,-210900000.0,,-210900000.0,32950200659.0,-1318.0,469.376,293900000.0,1.339,1.0,660300000.0,0.896,2556400000.0,7300000.0,1073300000.0,,0.0,67600000.0,67600000.0,0.0,4940100000.0,2301200000.0,2638900000.0,32238100659.0,10300000.0,-1006100000.0,-31400000.0,500000000.0,0.0,443800000.0,-750100000.0,271900000.0,311500000.0,5100000.0,64700000.0,64700000.0,64700000.0,0.0,0.0,0.088,620000000.0,40300000.0,101600000.0,0.0,-152.86,-398.986,-397.838,149700000.0,0.0,147.2,12.545,12.539,474300000.0,-2147400000.0,737300000.0,737300000.0,190400000.0,,,,,74000000.0,421500000.0,1.0,219008836.0,219500000,219500000.0,3.359,2172800000.0,65300000.0,-31700000.0,114500000.0,9.899,-681200000.0
11,ADSK,MRQ,2018-09-30,2018-10-31,2018-10-31,2021-09-01,-157500000.0,3774400000.0,,1590000000.0,2184400000.0,,-1.545,-12700000.0,875700000.0,875700000.0,72300000.0,-23700000.0,0.801,-12.157,1587800000.0,0.0,1587800000.0,1587800000.0,1792100000.0,23500000.0,0.0,0.0,0.0,14700000.0,38200000.0,0.058,38200000.0,14700000.0,11500000.0,-0.11,-0.11,-0.11,-338300000.0,,-338300000.0,28947999815.0,-118.0,-194.021,26500000.0,0.121,1.0,588600000.0,0.891,1665100000.0,3200000.0,835900000.0,,0.0,317300000.0,202500000.0,114800000.0,4112700000.0,1985500000.0,2127200000.0,28256199815.0,-19700000.0,0.0,-66900000.0,0.0,0.0,-134600000.0,80000000.0,84400000.0,39200000.0,-4300000.0,-23700000.0,-23700000.0,-23700000.0,0.0,0.0,-0.036,573900000.0,14700000.0,88600000.0,0.0,-83.524,-88.577,-88.527,144700000.0,0.0,129.25,11.841,11.856,309000000.0,-2189900000.0,660900000.0,660900000.0,181000000.0,,,,,64200000.0,385000000.0,1.0,218616633.0,218900000,218900000.0,3.019,2109300000.0,71700000.0,35200000.0,182000000.0,9.636,-395500000.0
12,ADSK,MRQ,2018-06-30,2018-07-31,2018-07-31,2021-09-01,-150900000.0,3833000000.0,,1598800000.0,2234200000.0,,-1.103,-20000000.0,895400000.0,895400000.0,69800000.0,-39400000.0,0.835,-16.865,1587200000.0,0.0,1587200000.0,1587200000.0,1799500000.0,22200000.0,0.0,0.0,0.0,-23400000.0,-1200000.0,-0.002,-1200000.0,-23400000.0,-23400000.0,-0.18,-0.18,-0.18,-241600000.0,,-241600000.0,28640594974.0,-79.0,-109.024,23300000.0,0.106,1.0,541900000.0,0.886,1682400000.0,0.0,927300000.0,,0.0,402500000.0,274400000.0,128100000.0,4074600000.0,1915100000.0,2159500000.0,28146994974.0,-197600000.0,-34100000.0,-131400000.0,0.0,0.0,-145600000.0,-87900000.0,-28400000.0,43300000.0,-7400000.0,-39400000.0,-39400000.0,-39400000.0,0.0,0.0,-0.064,566600000.0,-24700000.0,82200000.0,0.0,-116.502,-67.808,-67.6,146800000.0,0.0,128.44,12.562,12.553,234400000.0,-2103200000.0,611700000.0,611700000.0,180800000.0,,,,,56900000.0,368200000.0,1.0,219145087.0,219000000,219000000.0,2.793,2150600000.0,81500000.0,16000000.0,168500000.0,9.82,-316300000.0
13,ADSK,MRQ,2018-03-31,2018-04-30,2018-04-30,2021-09-01,-133800000.0,3911400000.0,,1698000000.0,2213400000.0,,-0.588,-16700000.0,1093000000.0,1093000000.0,66800000.0,-82400000.0,0.917,-31.415,1586600000.0,0.0,1586600000.0,1586600000.0,1806400000.0,24100000.0,0.0,0.0,0.0,-55300000.0,-31200000.0,-0.056,-31200000.0,-55300000.0,-63800000.0,-0.38,-0.38,-0.38,-128600000.0,,-128600000.0,27995477826.0,-60.0,-77.873,-33600000.0,-0.154,1.0,493100000.0,0.881,1628000000.0,8500000.0,924400000.0,,0.0,371400000.0,199900000.0,171500000.0,4040000000.0,1852600000.0,2187400000.0,27487477826.0,15000000.0,0.0,27100000.0,0.0,0.0,-11700000.0,47600000.0,64900000.0,-16900000.0,-4000000.0,-82400000.0,-82400000.0,-82400000.0,0.0,0.0,-0.147,548400000.0,-55300000.0,103500000.0,0.0,-213.744,-52.891,-52.899,158200000.0,0.0,125.9,12.9,12.916,206700000.0,-1995800000.0,559900000.0,559900000.0,172800000.0,,,,,54400000.0,349300000.0,1.0,218327862.0,218600000,218600000.0,2.561,2283400000.0,67000000.0,18600000.0,151100000.0,10.446,-154600000.0
14,ADSK,MRQ,2017-12-31,2018-01-31,2018-01-31,2021-09-01,-123800000.0,4113600000.0,,1877900000.0,2235700000.0,,-1.169,-11400000.0,1078000000.0,1078000000.0,73100000.0,-173500000.0,0.884,-17.069,1586000000.0,0.0,1586000000.0,1586000000.0,1955100000.0,26900000.0,0.0,0.0,0.0,-181900000.0,-155000000.0,-0.28,-155000000.0,-181900000.0,-198300000.0,-0.79,-0.79,-0.79,-256000000.0,,-256000000.0,26027449960.0,-51.0,-64.955,67900000.0,0.31,1.0,480700000.0,0.868,1647300000.0,16400000.0,851100000.0,,0.0,436000000.0,245200000.0,190800000.0,4369600000.0,2123200000.0,2246400000.0,25467249960.0,52800000.0,0.0,-259900000.0,0.0,0.0,-282400000.0,247500000.0,259600000.0,79300000.0,8400000.0,-173500000.0,-173500000.0,-173500000.0,0.0,0.0,-0.313,662600000.0,-181900000.0,94700000.0,0.0,-99.481,-44.924,-44.814,145000000.0,0.0,115.62,12.383,12.34,438200000.0,-2084900000.0,553800000.0,553800000.0,182200000.0,,,,,61900000.0,381600000.0,1.0,220266822.0,218900000,218900000.0,2.53,2466300000.0,81700000.0,-24800000.0,136200000.0,11.267,-245300000.0
15,ADSK,MRQ,2017-09-30,2017-10-31,2017-10-31,2021-09-01,-155500000.0,4152000000.0,,1871900000.0,2280100000.0,,0.489,-12900000.0,1025200000.0,1025200000.0,77500000.0,-119800000.0,1.07,37.695,1585400000.0,0.0,1585400000.0,1585400000.0,1763900000.0,24700000.0,0.0,0.0,0.0,-100000000.0,-75300000.0,-0.146,-75300000.0,-100000000.0,-111200000.0,-0.55,-0.55,-0.55,107300000.0,,107300000.0,27801063310.0,-54.0,-70.046,-64000000.0,-0.291,1.0,437800000.0,0.85,1618600000.0,11200000.0,1343600000.0,,0.0,693000000.0,428700000.0,264300000.0,4044700000.0,1750000000.0,2294700000.0,27390263310.0,-148900000.0,0.0,-85400000.0,0.0,0.0,-156200000.0,58200000.0,78300000.0,-51100000.0,200000.0,-119800000.0,-119800000.0,-119800000.0,0.0,0.0,-0.232,537800000.0,-100000000.0,93300000.0,0.0,255.268,-48.324,-48.434,148100000.0,0.0,124.96,13.822,13.848,307800000.0,-1668000000.0,515300000.0,515300000.0,191800000.0,,,,,65100000.0,341300000.0,1.0,219192248.0,219600000,219600000.0,2.347,2533400000.0,64700000.0,8600000.0,150900000.0,11.536,121900000.0
16,ADSK,MRQ,2017-06-30,2017-07-31,2017-07-31,2021-09-01,-152900000.0,4354000000.0,,2083300000.0,2270700000.0,,1.437,-17800000.0,1174100000.0,1174100000.0,74600000.0,-144000000.0,1.224,12.8,1584900000.0,0.0,1584900000.0,1584900000.0,1776000000.0,28400000.0,0.0,0.0,0.0,-126400000.0,-98000000.0,-0.195,-98000000.0,-126400000.0,-126400000.0,-0.66,-0.66,-0.66,315500000.0,,315500000.0,24568496000.0,-46.0,-60.306,-90300000.0,-0.411,1.0,427200000.0,0.851,1622600000.0,0.0,1440500000.0,,0.0,769600000.0,533600000.0,236000000.0,4038500000.0,1701700000.0,2336800000.0,24417196000.0,-166100000.0,0.0,-113500000.0,96900000.0,0.0,-39200000.0,-57800000.0,-31800000.0,-72500000.0,3400000.0,-144000000.0,-144000000.0,-144000000.0,0.0,0.0,-0.287,534800000.0,-107600000.0,93000000.0,0.0,77.392,-41.399,-41.494,153000000.0,0.0,110.79,12.484,12.433,265600000.0,-1466400000.0,501800000.0,501800000.0,193800000.0,,,,,67600000.0,335600000.0,1.0,220391696.0,219500000,219500000.0,2.286,2731400000.0,66200000.0,17600000.0,155400000.0,12.444,381600000.0
17,ADSK,MRQ,2017-03-31,2017-04-30,2017-04-30,2021-09-01,-166300000.0,4431400000.0,,2139700000.0,2291700000.0,,2.311,-8600000.0,1340200000.0,1340200000.0,78200000.0,-129600000.0,1.044,7.722,1491500000.0,399100000.0,1092400000.0,1491500000.0,1801500000.0,28400000.0,0.0,0.0,0.0,-119600000.0,-91200000.0,-0.188,-91200000.0,-119600000.0,-121400000.0,-0.59,-0.59,-0.59,508100000.0,,508100000.0,20169493569.0,-43.0,-59.444,36600000.0,0.166,1.0,407500000.0,0.839,1611800000.0,1800000.0,921300000.0,,0.0,735500000.0,471100000.0,264400000.0,3923300000.0,2049600000.0,1873700000.0,19891893569.0,127100000.0,0.0,-145800000.0,0.0,0.0,-178800000.0,258500000.0,263200000.0,45200000.0,2200000.0,-129600000.0,-129600000.0,-129600000.0,0.0,0.0,-0.267,527100000.0,-119600000.0,93400000.0,0.0,39.15,-36.566,-36.763,150400000.0,0.0,90.07,9.922,9.879,231500000.0,-1224600000.0,485700000.0,485700000.0,187700000.0,,,,,66800000.0,334000000.0,1.0,220849268.0,219900000,219900000.0,2.209,2819600000.0,64000000.0,8200000.0,147000000.0,12.822,90100000.0
18,ADSK,MRQ,2016-12-31,2017-01-31,2017-01-31,2021-09-01,-178500000.0,4798100000.0,,2460600000.0,2337500000.0,,3.321,-10900000.0,1213100000.0,1213100000.0,82900000.0,-173400000.0,1.126,5.54,1490700000.0,398700000.0,1092000000.0,1490700000.0,1788000000.0,34700000.0,0.0,0.0,0.0,-167100000.0,-132400000.0,-0.277,-132400000.0,-167100000.0,-168200000.0,-0.78,-0.78,-0.78,733600000.0,,733600000.0,18156133672.0,-36.0,-50.378,4700000.0,0.021,1.0,395900000.0,0.827,1606800000.0,1100000.0,1283500000.0,,0.0,993000000.0,686800000.0,306200000.0,4064500000.0,2185400000.0,1879100000.0,18102733672.0,-223400000.0,0.0,-206700000.0,0.0,0.0,-224000000.0,-13800000.0,-3900000.0,15600000.0,-1200000.0,-173400000.0,-173400000.0,-173400000.0,0.0,0.0,-0.362,563000000.0,-167100000.0,93500000.0,0.0,24.677,-31.099,-31.165,158600000.0,0.0,81.34,8.913,8.919,452300000.0,-964200000.0,478800000.0,478800000.0,187000000.0,,,,,59300000.0,357700000.0,1.0,222556352.0,220900000,220900000.0,2.167,3191300000.0,63900000.0,5200000.0,180800000.0,14.447,275200000.0
19,ADSK,MRQ,2016-09-30,2016-10-31,2016-10-31,2021-09-01,-187500000.0,4829200000.0,,2332100000.0,2497100000.0,,4.771,-22500000.0,1436500000.0,1436500000.0,81500000.0,-142800000.0,1.46,3.553,1489900000.0,0.0,1489900000.0,1489900000.0,1533000000.0,34100000.0,0.0,0.0,0.0,-119900000.0,-85800000.0,-0.175,-85800000.0,-119900000.0,-129300000.0,-0.64,-0.64,-0.64,1060600000.0,,1060600000.0,16060323221.0,-47.0,-79.664,-14800000.0,-0.067,1.0,408100000.0,0.834,1611200000.0,9400000.0,1673800000.0,,0.0,987400000.0,532400000.0,455000000.0,3768600000.0,1597600000.0,2171000000.0,16038423221.0,-30800000.0,0.0,-79600000.0,0.0,0.0,-118600000.0,85200000.0,115800000.0,7700000.0,-5100000.0,-142800000.0,-142800000.0,-142800000.0,0.0,0.0,-0.292,528000000.0,-119900000.0,102800000.0,0.0,15.122,-35.969,-36.14,168300000.0,0.0,72.28,7.289,7.302,259800000.0,-634700000.0,489600000.0,489600000.0,192600000.0,,,,,56600000.0,325400000.0,1.0,221892961.0,222300000,222300000.0,2.202,3218000000.0,49600000.0,13500000.0,201800000.0,14.476,734500000.0
20,ADSK,MRQ,2016-06-30,2016-07-31,2016-07-31,2021-09-01,-129800000.0,5047400000.0,,2486500000.0,2560900000.0,,5.966,-20300000.0,1467300000.0,1467300000.0,85100000.0,-98200000.0,1.594,2.79,1489200000.0,0.0,1489200000.0,1489200000.0,1520000000.0,33000000.0,0.0,0.0,0.0,-62900000.0,-29900000.0,-0.054,-29900000.0,-62900000.0,-73000000.0,-0.44,-0.44,-0.44,1331700000.0,,1331700000.0,13620802589.0,-57.0,-143.528,-38300000.0,-0.172,1.0,465600000.0,0.845,1664000000.0,10100000.0,1845700000.0,,0.0,1103200000.0,597600000.0,505600000.0,3715700000.0,1559600000.0,2156100000.0,13355802589.0,243900000.0,-25600000.0,-166900000.0,0.0,0.0,-168500000.0,430800000.0,482400000.0,-18000000.0,-400000.0,-98200000.0,-98200000.0,-98200000.0,0.0,0.0,-0.178,528500000.0,-62900000.0,110300000.0,0.0,10.029,-38.5,-38.355,173000000.0,0.0,59.45,5.78,5.743,306900000.0,-395600000.0,550700000.0,550700000.0,193000000.0,,,,,54300000.0,311700000.0,1.0,224656057.0,223200000,223200000.0,2.467,3383400000.0,9800000.0,25200000.0,163400000.0,15.159,926900000.0
21,ADSK,MRQ,2016-03-31,2016-04-30,2016-04-30,2021-09-01,-121500000.0,5205600000.0,,2629000000.0,2576600000.0,,6.399,-22300000.0,1223400000.0,1223400000.0,92400000.0,-167700000.0,1.783,2.625,1488400000.0,0.0,1488400000.0,1488400000.0,1523700000.0,37400000.0,0.0,0.0,0.0,-149700000.0,-112300000.0,-0.219,-112300000.0,-149700000.0,-153300000.0,-0.75,-0.75,-0.75,1435900000.0,,1435900000.0,13563882745.0,-80.0,-553.628,142100000.0,0.633,1.0,419500000.0,0.819,1650500000.0,3600000.0,2345600000.0,,0.0,1582800000.0,1043900000.0,538900000.0,3769700000.0,1474500000.0,2295200000.0,13429182745.0,-129600000.0,-59600000.0,-48900000.0,0.0,0.0,-67200000.0,-230200000.0,-147300000.0,164400000.0,3400000.0,-167700000.0,-167700000.0,-167700000.0,0.0,0.0,-0.328,569200000.0,-149700000.0,107200000.0,0.0,9.352,-25.96,-26.122,174900000.0,0.0,59.82,5.668,5.665,256400000.0,-308200000.0,511900000.0,511900000.0,193500000.0,,,,,51600000.0,315500000.0,1.0,224493192.0,224400000,224400000.0,2.281,3555100000.0,9800000.0,14400000.0,257000000.0,15.843,1154500000.0
22,ADSK,MRQ,2015-12-31,2016-01-31,2016-01-31,2021-09-01,-121100000.0,5515300000.0,,2993100000.0,2522200000.0,,7.214,-30600000.0,1353000000.0,1353000000.0,94900000.0,-37200000.0,1.881,2.405,1487700000.0,0.0,1487700000.0,1487700000.0,1519200000.0,36100000.0,0.0,0.0,0.0,-9700000.0,26400000.0,0.041,26400000.0,-9700000.0,-20500000.0,-0.17,-0.17,-0.17,1619600000.0,,1619600000.0,10699030398.0,8230.0,72.733,139300000.0,0.62,1.0,553400000.0,0.854,1605800000.0,10800000.0,2453200000.0,,0.0,1430200000.0,897900000.0,532300000.0,3895700000.0,1591000000.0,2304700000.0,10549630398.0,15500000.0,-43900000.0,-88800000.0,0.0,0.0,-98100000.0,-53400000.0,50100000.0,169900000.0,-2900000.0,-37200000.0,-37200000.0,-37200000.0,0.0,0.0,-0.057,563100000.0,-9700000.0,119900000.0,0.0,6.514,-31.92,-32.068,169300000.0,0.0,46.82,4.213,4.226,653600000.0,-80800000.0,648300000.0,648300000.0,204500000.0,,,,,56100000.0,350600000.0,1.0,225323161.0,224500000,224500000.0,2.888,3909500000.0,9200000.0,16700000.0,258500000.0,17.414,1402100000.0
23,ADSK,MRQ,2015-09-30,2015-10-31,2015-10-31,2021-09-01,-86500000.0,5220000000.0,,2747500000.0,2472500000.0,,7.692,-12000000.0,1337500000.0,1337500000.0,91000000.0,-43800000.0,2.095,2.012,1486900000.0,0.0,1486900000.0,1486900000.0,1212300000.0,35700000.0,0.0,0.0,0.0,-14800000.0,20900000.0,0.035,20900000.0,-14800000.0,-22500000.0,-0.19,-0.19,-0.19,1733100000.0,,1733100000.0,12497025790.0,494.0,73.082,68400000.0,0.304,1.0,508800000.0,0.848,1591100000.0,7700000.0,2467100000.0,,0.0,1486900000.0,946800000.0,540100000.0,3486900000.0,1311200000.0,2175700000.0,12483925790.0,-135600000.0,-67100000.0,-112600000.0,0.0,0.0,-126200000.0,-89500000.0,-8000000.0,80400000.0,-300000.0,-43800000.0,-43800000.0,-43800000.0,0.0,0.0,-0.073,523600000.0,-14800000.0,104600000.0,0.0,7.203,-44.301,-44.508,155300000.0,0.0,55.19,4.953,4.933,362300000.0,9700000.0,599800000.0,599800000.0,197900000.0,,,,,50200000.0,317600000.0,1.0,226199054.0,225300000,225300000.0,2.662,3628900000.0,14600000.0,21300000.0,246900000.0,16.107,1436300000.0
24,ADSK,MRQ,2015-06-30,2015-07-31,2015-07-31,2021-09-01,-70300000.0,5341800000.0,,2899800000.0,2442000000.0,,8.379,-17300000.0,1473100000.0,1473100000.0,93000000.0,-268600000.0,2.207,1.808,1486200000.0,0.0,1486200000.0,1486200000.0,1236300000.0,36200000.0,0.0,0.0,0.0,4300000.0,40500000.0,0.066,40500000.0,4300000.0,900000.0,-1.18,-1.18,-1.18,1902100000.0,,1902100000.0,11079349945.0,203.0,55.039,59900000.0,0.264,1.0,516500000.0,0.847,1547000000.0,3400000.0,2494100000.0,,0.0,1479300000.0,916800000.0,562500000.0,3439700000.0,1313800000.0,2125900000.0,11514649945.0,290400000.0,-3000000.0,-107600000.0,748300000.0,0.0,628800000.0,-413700000.0,-390900000.0,77200000.0,-1900000.0,-268600000.0,-268600000.0,-268600000.0,0.0,0.0,-0.441,512200000.0,4300000.0,90800000.0,0.0,6.054,-50.658,-50.58,158200000.0,0.0,50.58,4.536,4.523,394100000.0,164400000.0,609500000.0,609500000.0,193100000.0,,,,,40700000.0,310900000.0,1.0,227652233.0,227000000,227000000.0,2.685,3794800000.0,14200000.0,269500000.0,205200000.0,16.717,1586000000.0
25,ADSK,MRQ,2015-03-31,2015-04-30,2015-04-30,2021-09-01,-56000000.0,4775900000.0,,2341000000.0,2434900000.0,,9.79,-12500000.0,1182700000.0,1182700000.0,91800000.0,19100000.0,1.843,1.147,747400000.0,0.0,747400000.0,747400000.0,1153700000.0,37800000.0,0.0,0.0,0.0,21800000.0,59600000.0,0.092,59600000.0,21800000.0,21800000.0,0.08,0.08,0.08,2224400000.0,,2224400000.0,12248621278.0,122.0,49.41,74000000.0,0.326,1.0,554700000.0,0.858,1560900000.0,0.0,1509400000.0,,0.0,1088500000.0,648200000.0,440300000.0,2551500000.0,1270300000.0,1281200000.0,12912021278.0,-227900000.0,-34500000.0,-38200000.0,0.0,0.0,-61300000.0,-252900000.0,-195300000.0,86500000.0,-200000.0,19100000.0,19100000.0,19100000.0,0.0,0.0,0.03,533200000.0,21500000.0,93100000.0,0.0,5.805,177.852,177.594,156900000.0,0.0,56.83,5.032,5.031,316000000.0,464200000.0,646500000.0,646500000.0,194500000.0,,,,,50200000.0,329800000.0,1.0,227204316.0,227200000,231700000.0,2.846,3215000000.0,188000000.0,2700000.0,168600000.0,14.151,1070700000.0
26,ADSK,MRQ,2014-12-31,2015-01-31,2015-01-31,2021-09-01,-53300000.0,4909700000.0,,2671300000.0,2238400000.0,,9.772,-15500000.0,1410600000.0,1410600000.0,89500000.0,11500000.0,1.908,1.212,743100000.0,0.0,743100000.0,743100000.0,1157100000.0,36000000.0,0.0,0.0,0.0,14000000.0,50000000.0,0.075,50000000.0,14000000.0,-7100000.0,0.05,0.05,0.05,2219200000.0,,2219200000.0,11689244819.0,97.0,43.846,242200000.0,1.066,1.0,575100000.0,0.865,1542700000.0,21100000.0,1299400000.0,,0.0,888800000.0,615800000.0,273000000.0,2690500000.0,1400100000.0,1290400000.0,12287244819.0,65600000.0,-26200000.0,-19000000.0,0.0,0.0,-60700000.0,-127900000.0,-81000000.0,257700000.0,-3500000.0,11500000.0,11500000.0,11500000.0,0.0,0.0,0.017,561100000.0,14000000.0,100500000.0,0.0,5.537,150.211,150.014,159200000.0,0.0,54.005,4.891,4.882,458900000.0,499400000.0,664600000.0,664600000.0,191500000.0,,,,,49100000.0,360300000.0,1.0,227520504.0,227100000,233900000.0,2.926,3367000000.0,185100000.0,-18600000.0,187000000.0,14.826,1271200000.0
27,ADSK,MRQ,2014-09-30,2014-10-31,2014-10-31,2021-09-01,-1300000.0,4736800000.0,,2458700000.0,2278100000.0,,9.998,-28400000.0,1345000000.0,1345000000.0,86000000.0,10700000.0,2.06,1.088,747000000.0,0.0,747000000.0,747000000.0,1006200000.0,36600000.0,0.0,0.0,0.0,14600000.0,51200000.0,0.083,51200000.0,14600000.0,11600000.0,0.05,0.05,0.05,2268500000.0,,2268500000.0,12498885506.0,77.0,41.061,107600000.0,0.474,1.0,532000000.0,0.861,1571300000.0,3000000.0,1374200000.0,,0.0,811900000.0,556400000.0,255500000.0,2468300000.0,1193300000.0,1275000000.0,13075185506.0,21900000.0,-55500000.0,-65000000.0,0.0,0.0,-65000000.0,-47300000.0,34700000.0,136000000.0,-1800000.0,10700000.0,10700000.0,10700000.0,0.0,0.0,0.017,517400000.0,14600000.0,99100000.0,0.0,5.764,105.275,104.618,160400000.0,0.0,57.54,5.371,5.363,375700000.0,538600000.0,618000000.0,618000000.0,183900000.0,,,,,43100000.0,324000000.0,1.0,227236453.0,226900000,231500000.0,2.724,3165500000.0,178400000.0,900000.0,220300000.0,13.951,1265400000.0
28,ADSK,MRQ,2014-06-30,2014-07-31,2014-07-31,2021-09-01,2300000.0,4703400000.0,,2450000000.0,2253400000.0,,10.046,-17100000.0,1323100000.0,1323100000.0,87900000.0,31300000.0,2.117,1.06,746800000.0,0.0,746800000.0,746800000.0,980800000.0,37200000.0,0.0,0.0,0.0,49900000.0,87100000.0,0.137,87100000.0,49900000.0,42900000.0,0.14,0.13,0.14,2283400000.0,,2283400000.0,11293698048.0,52.0,31.993,79100000.0,0.348,1.0,549200000.0,0.862,1548300000.0,7000000.0,1421500000.0,,0.0,845400000.0,583300000.0,262100000.0,2420000000.0,1157300000.0,1262700000.0,12156698048.0,-286500000.0,-226000000.0,-72700000.0,0.0,0.0,-74400000.0,-308700000.0,-65700000.0,96200000.0,400000.0,31300000.0,31300000.0,31300000.0,0.0,0.0,0.049,499300000.0,49900000.0,92400000.0,0.0,5.324,71.05,70.197,146900000.0,0.0,53.35,5.126,5.114,365300000.0,584000000.0,637100000.0,637100000.0,179300000.0,,,,,39800000.0,309100000.0,1.0,227866880.0,227300000,232400000.0,2.803,3155100000.0,163100000.0,11600000.0,224100000.0,13.881,1292700000.0
29,ADSK,MRQ,2014-03-31,2014-04-30,2014-04-30,2021-09-01,5600000.0,4648600000.0,,2590300000.0,2058300000.0,,10.082,-14500000.0,1609600000.0,1609600000.0,78700000.0,28300000.0,2.315,1.031,746600000.0,0.0,746600000.0,746600000.0,963500000.0,36100000.0,0.0,0.0,0.0,35600000.0,71700000.0,0.121,71700000.0,35600000.0,35600000.0,0.12,0.12,0.12,2288700000.0,,2288700000.0,9802825669.0,40.0,25.817,204200000.0,0.9,1.0,513800000.0,0.867,1352400000.0,0.0,1314500000.0,,0.0,778300000.0,510100000.0,268200000.0,2359900000.0,1118700000.0,1241200000.0,10909425669.0,-243400000.0,-322300000.0,-40300000.0,0.0,0.0,-40300000.0,-421700000.0,-84100000.0,218700000.0,-100000.0,28300000.0,28300000.0,28300000.0,0.0,0.0,0.048,471600000.0,42200000.0,90300000.0,0.0,4.767,54.141,53.356,142100000.0,0.0,48.02,4.751,4.748,323300000.0,600000000.0,592500000.0,592500000.0,170500000.0,,,,,33600000.0,287900000.0,1.0,227185041.0,227000000,231600000.0,2.61,3296200000.0,148100000.0,7300000.0,206900000.0,14.521,1471600000.0
30,ADSK,MRQ,2013-12-31,2014-01-31,2014-01-31,2021-09-01,-600000.0,4595000000.0,,2835000000.0,1760000000.0,,10.016,-9200000.0,1853000000.0,1853000000.0,71900000.0,53900000.0,2.646,1.032,746400000.0,0.0,746400000.0,746400000.0,900600000.0,33200000.0,0.0,0.0,0.0,61200000.0,94400000.0,0.161,94400000.0,61200000.0,56300000.0,0.24,0.23,0.24,2261500000.0,,2261500000.0,10834800000.0,38.0,26.19,174300000.0,0.772,1.0,514700000.0,0.877,1073000000.0,4900000.0,1343900000.0,,0.0,691400000.0,414100000.0,277300000.0,2333500000.0,1071500000.0,1262000000.0,11562000000.0,379600000.0,-108100000.0,24300000.0,0.0,0.0,9600000.0,189500000.0,309700000.0,183500000.0,-3000000.0,53900000.0,53900000.0,53900000.0,0.0,0.0,0.092,463000000.0,51700000.0,84500000.0,0.0,5.113,50.533,50.245,130300000.0,0.0,51.25,5.085,5.049,423700000.0,624800000.0,586600000.0,586600000.0,162400000.0,,,,,26200000.0,285300000.0,1.0,225600000.0,225800000,232600000.0,2.598,3522000000.0,187900000.0,2400000.0,236100000.0,15.598,1763500000.0
31,ADSK,MRQ,2013-09-30,2013-10-31,2013-10-31,2021-09-01,-4100000.0,4321500000.0,,2517900000.0,1803600000.0,,9.69,-12400000.0,1473400000.0,1473400000.0,67100000.0,57600000.0,2.656,0.999,746200000.0,0.0,746200000.0,746200000.0,765700000.0,30600000.0,0.0,0.0,0.0,69200000.0,99800000.0,0.18,99800000.0,69200000.0,69200000.0,0.26,0.25,0.26,2161900000.0,,2161900000.0,8242700000.0,27.0,18.729,78200000.0,0.351,1.0,488100000.0,0.879,976600000.0,0.0,1669600000.0,,0.0,1005600000.0,587100000.0,418500000.0,2159600000.0,948100000.0,1211500000.0,8897700000.0,72400000.0,-20800000.0,24700000.0,0.0,0.0,20700000.0,-38000000.0,5500000.0,90600000.0,-900000.0,57600000.0,57600000.0,57600000.0,0.0,0.0,0.104,420000000.0,68100000.0,75300000.0,0.0,4.116,35.676,35.625,134100000.0,0.0,39.9,3.878,3.88,304100000.0,630900000.0,555200000.0,555200000.0,149000000.0,,,,,35500000.0,259200000.0,1.0,223000000.0,223100000,227700000.0,2.489,3344900000.0,171800000.0,11600000.0,246200000.0,14.993,1569800000.0
32,ADSK,MRQ,2013-06-30,2013-07-31,2013-07-31,2021-09-01,-7500000.0,4223300000.0,,2436500000.0,1786800000.0,,9.194,-16800000.0,1401000000.0,1401000000.0,67800000.0,61700000.0,2.549,1.059,746000000.0,0.0,746000000.0,746000000.0,805500000.0,32000000.0,0.0,0.0,0.0,81800000.0,113800000.0,0.203,113800000.0,81800000.0,81800000.0,0.28,0.27,0.28,2051100000.0,,2051100000.0,7045672000.0,26.0,17.201,48500000.0,0.217,1.0,493900000.0,0.879,966300000.0,0.0,1646100000.0,,0.0,1007000000.0,596900000.0,410100000.0,2172200000.0,955900000.0,1216300000.0,7955672000.0,-254800000.0,-12500000.0,-100800000.0,0.0,0.0,-106600000.0,-213800000.0,-182700000.0,65300000.0,300000.0,61700000.0,61700000.0,61700000.0,0.0,0.0,0.11,410300000.0,83600000.0,74400000.0,0.0,3.879,35.966,35.747,133400000.0,0.0,35.39,3.479,3.452,303900000.0,602800000.0,561700000.0,561700000.0,148900000.0,,,,,36900000.0,250400000.0,1.0,224800000.0,223100000,228300000.0,2.518,3257000000.0,176900000.0,20100000.0,245900000.0,14.599,1480600000.0
33,ADSK,MRQ,2013-03-31,2013-04-30,2013-04-30,2021-09-01,-2000000.0,4289700000.0,,2511100000.0,1778600000.0,,9.314,-25800000.0,1655800000.0,1655800000.0,67500000.0,55600000.0,2.563,1.058,745800000.0,0.0,745800000.0,745800000.0,851400000.0,33100000.0,0.0,0.0,0.0,72600000.0,105700000.0,0.185,105700000.0,72600000.0,72600000.0,0.25,0.24,0.25,2084500000.0,,2084500000.0,7946644000.0,28.0,19.066,198300000.0,0.886,1.0,502900000.0,0.882,964900000.0,0.0,1435000000.0,,0.0,824100000.0,432100000.0,392000000.0,2205200000.0,979800000.0,1225400000.0,8813244000.0,43600000.0,-34700000.0,-59200000.0,0.0,0.0,-50200000.0,-131700000.0,-67600000.0,224100000.0,1400000.0,55600000.0,55600000.0,55600000.0,0.0,0.0,0.097,421500000.0,81400000.0,86100000.0,0.0,4.228,39.327,39.778,129000000.0,0.0,39.38,3.842,3.842,285800000.0,587000000.0,570400000.0,570400000.0,150800000.0,,,,,24500000.0,270300000.0,1.0,223800000.0,223800000,229300000.0,2.549,3324800000.0,190300000.0,17000000.0,228700000.0,14.856,1531300000.0
34,ADSK,MRQ,2012-12-31,2013-01-31,2013-01-31,2021-09-01,-5700000.0,4308400000.0,,2552400000.0,1756000000.0,,9.109,-11700000.0,1612200000.0,1612200000.0,62000000.0,74500000.0,2.446,1.109,745600000.0,0.0,745600000.0,745600000.0,834600000.0,34700000.0,0.0,0.0,0.0,86100000.0,120800000.0,0.199,120800000.0,86100000.0,86100000.0,0.33,0.32,0.33,2043200000.0,,2043200000.0,8019336000.0,26.0,18.317,143900000.0,0.642,1.0,544900000.0,0.898,947500000.0,0.0,1450600000.0,,0.0,753200000.0,342100000.0,411100000.0,2265200000.0,1043700000.0,1221500000.0,8736336000.0,785200000.0,-59500000.0,-70100000.0,635600000.0,0.0,544900000.0,83300000.0,159500000.0,155600000.0,1400000.0,74500000.0,74500000.0,74500000.0,0.0,0.0,0.123,460300000.0,84600000.0,94200000.0,0.0,4.276,35.313,35.67,114900000.0,0.0,38.88,3.778,3.807,495100000.0,599100000.0,606900000.0,606900000.0,149400000.0,,,,,52000000.0,261600000.0,1.0,224700000.0,224300000,232600000.0,2.706,3360900000.0,165000000.0,11600000.0,208100000.0,14.984,1508700000.0
35,ADSK,MRQ,2012-09-30,2012-10-31,2012-10-31,2021-09-01,-6400000.0,3429200000.0,,1724600000.0,1704600000.0,,8.949,-16500000.0,827000000.0,827000000.0,57900000.0,29400000.0,1.75,0.699,110000000.0,110000000.0,0.0,110000000.0,713700000.0,35000000.0,0.0,0.0,0.0,34300000.0,69300000.0,0.126,69300000.0,34300000.0,34300000.0,0.13,0.13,0.13,2017900000.0,,2017900000.0,6297018800.0,20.0,14.305,140600000.0,0.624,1.0,490100000.0,0.894,900500000.0,0.0,826400000.0,,0.0,910400000.0,502100000.0,408300000.0,1411300000.0,985300000.0,426000000.0,7227218800.0,-103200000.0,-135000000.0,-89400000.0,110000000.0,0.0,19900000.0,-279200000.0,-123600000.0,157100000.0,-1000000.0,29400000.0,29400000.0,29400000.0,0.0,0.0,0.054,455700000.0,34400000.0,75900000.0,0.0,3.582,29.511,29.493,114600000.0,0.0,31.852,3.145,3.126,293300000.0,585400000.0,548000000.0,548000000.0,153000000.0,,,,,52600000.0,266000000.0,1.0,226900000.0,225500000,229900000.0,2.43,2528700000.0,176700000.0,4900000.0,198600000.0,11.214,739300000.0
36,ADSK,MRQ,2012-06-30,2012-07-31,2012-07-31,2021-09-01,600000.0,3375900000.0,,1902700000.0,1473200000.0,,9.005,-16700000.0,930200000.0,930200000.0,59800000.0,64600000.0,2.111,0.646,0.0,0.0,0.0,0.0,752000000.0,28900000.0,0.0,0.0,0.0,92100000.0,121000000.0,0.213,121000000.0,92100000.0,92100000.0,0.28,0.28,0.28,2051300000.0,,2051300000.0,6720316000.0,18.0,13.626,90400000.0,0.397,1.0,508900000.0,0.895,810600000.0,0.0,733700000.0,,0.0,786600000.0,500500000.0,286100000.0,1324600000.0,901400000.0,423200000.0,7794816000.0,-144300000.0,-69200000.0,-105300000.0,0.0,0.0,-87100000.0,-164300000.0,-65400000.0,107100000.0,0.0,64600000.0,64600000.0,64600000.0,0.0,0.0,0.114,416000000.0,92900000.0,82900000.0,0.0,3.8,27.037,26.709,109000000.0,0.0,33.92,3.392,3.362,361400000.0,593400000.0,568700000.0,568700000.0,144900000.0,,,,,15300000.0,271100000.0,1.0,229800000.0,227800000,232100000.0,2.496,2565300000.0,181600000.0,27500000.0,196000000.0,11.261,1001300000.0
37,ADSK,MRQ,2012-03-31,2012-04-30,2012-04-30,2021-09-01,3700000.0,3317000000.0,,1912100000.0,1404900000.0,,8.967,-11500000.0,1074500000.0,1074500000.0,58800000.0,78900000.0,2.184,0.622,0.0,0.0,0.0,0.0,726900000.0,29200000.0,0.0,0.0,0.0,97500000.0,126700000.0,0.215,126700000.0,97500000.0,97500000.0,0.35,0.34,0.35,2045300000.0,,2045300000.0,7791901000.0,21.0,15.706,127800000.0,0.56,1.0,529800000.0,0.9,757700000.0,0.0,609300000.0,,0.0,721600000.0,437500000.0,284100000.0,1271700000.0,875500000.0,396200000.0,8948801000.0,-82400000.0,0.0,53800000.0,0.0,0.0,63700000.0,-287000000.0,-270500000.0,139300000.0,1600000.0,78900000.0,78900000.0,78900000.0,0.0,0.0,0.134,435800000.0,94000000.0,88900000.0,0.0,4.375,30.345,30.285,104000000.0,0.0,39.37,3.932,3.946,300600000.0,545400000.0,588600000.0,588600000.0,152700000.0,,,,,23500000.0,283100000.0,1.0,227300000.0,228100000,234100000.0,2.58,2559300000.0,168000000.0,18600000.0,189100000.0,11.22,1036600000.0
38,ADSK,MRQ,2011-12-31,2012-01-31,2012-01-31,2021-09-01,5900000.0,3227800000.0,,1895900000.0,1331900000.0,,8.324,-14300000.0,1156900000.0,1156900000.0,57500000.0,72000000.0,1.987,0.714,0.0,0.0,0.0,0.0,719200000.0,30300000.0,0.0,0.0,0.0,92900000.0,123200000.0,0.208,123200000.0,92900000.0,92900000.0,0.32,0.31,0.32,1882900000.0,,1882900000.0,7061500000.0,19.0,14.761,160900000.0,0.711,1.0,534900000.0,0.903,767000000.0,0.0,349800000.0,,0.0,447200000.0,254400000.0,192800000.0,1344900000.0,954100000.0,390800000.0,8164800000.0,53600000.0,-39000000.0,-43900000.0,0.0,0.0,-45400000.0,-77200000.0,-16900000.0,175200000.0,1000000.0,72000000.0,72000000.0,72000000.0,0.0,0.0,0.122,443100000.0,91800000.0,89300000.0,0.0,4.336,28.618,28.8,104500000.0,0.0,36.0,3.685,3.7,395100000.0,511600000.0,592400000.0,592400000.0,149500000.0,,,,,31500000.0,293600000.0,1.0,226800000.0,226200000,232100000.0,2.619,2460800000.0,165900000.0,20900000.0,189200000.0,10.879,941800000.0
39,ADSK,MRQ,2011-09-30,2011-10-31,2011-10-31,2021-09-01,3400000.0,3005000000.0,,1698600000.0,1306400000.0,,8.047,-8900000.0,1103300000.0,1103300000.0,59600000.0,72800000.0,2.088,0.644,0.0,0.0,0.0,0.0,619900000.0,31000000.0,0.0,0.0,0.0,91300000.0,122300000.0,0.223,122300000.0,91300000.0,91300000.0,0.32,0.32,0.32,1827500000.0,,1827500000.0,6757300000.0,20.0,14.884,128800000.0,0.567,1.0,489000000.0,0.891,744300000.0,0.0,343800000.0,,0.0,430900000.0,240300000.0,190600000.0,1177500000.0,813600000.0,363900000.0,7888800000.0,-28200000.0,-88300000.0,-67600000.0,0.0,0.0,-48100000.0,-118300000.0,-12700000.0,137700000.0,500000.0,72800000.0,72800000.0,72800000.0,0.0,0.0,0.133,398800000.0,90200000.0,81900000.0,0.0,4.317,28.697,28.833,102100000.0,0.0,34.6,3.668,3.653,259200000.0,464200000.0,548600000.0,548600000.0,141200000.0,,,,,6100000.0,257600000.0,1.0,228000000.0,227100000,230700000.0,2.416,2260700000.0,172900000.0,18500000.0,183600000.0,9.955,885000000.0
40,ADSK,MRQ,2011-06-30,2011-07-31,2011-07-31,2021-09-01,14300000.0,2973700000.0,,1778800000.0,1194900000.0,,7.799,-16600000.0,1131500000.0,1131500000.0,57400000.0,71200000.0,2.151,0.662,0.0,0.0,0.0,0.0,642400000.0,29700000.0,0.0,0.0,0.0,94200000.0,123900000.0,0.227,123900000.0,94200000.0,94200000.0,0.31,0.3,0.31,1789100000.0,,1789100000.0,6820600000.0,21.0,15.862,115600000.0,0.504,1.0,488900000.0,0.895,676800000.0,0.0,338300000.0,,0.0,421000000.0,241800000.0,179200000.0,1184600000.0,827100000.0,357500000.0,7912000000.0,40100000.0,-18000000.0,-82500000.0,0.0,0.0,-69000000.0,-22100000.0,13100000.0,132200000.0,-1000000.0,71200000.0,71200000.0,71200000.0,0.0,0.0,0.13,393900000.0,95000000.0,89800000.0,0.0,4.422,30.943,30.714,105200000.0,0.0,34.4,3.806,3.796,297000000.0,418300000.0,546300000.0,546300000.0,139200000.0,,,,,13800000.0,256000000.0,1.0,230000000.0,229400000,236600000.0,2.381,2296900000.0,154100000.0,23000000.0,172700000.0,10.013,951700000.0
41,ADSK,MRQ,2011-03-31,2011-04-30,2011-04-30,2021-09-01,4800000.0,2902200000.0,,1732400000.0,1169800000.0,,7.674,-23200000.0,1091400000.0,1091400000.0,54600000.0,69300000.0,2.114,0.657,0.0,0.0,0.0,0.0,622400000.0,24500000.0,0.0,0.0,0.0,84500000.0,109000000.0,0.206,109000000.0,84500000.0,84500000.0,0.3,0.29,0.3,1751200000.0,,1751200000.0,9175842000.0,30.0,22.255,105200000.0,0.461,1.0,473700000.0,0.897,668500000.0,0.0,322800000.0,,0.0,434300000.0,258400000.0,175900000.0,1151000000.0,819500000.0,331500000.0,10250942000.0,16300000.0,-76400000.0,42700000.0,0.0,0.0,42700000.0,-152700000.0,-38600000.0,128400000.0,-2100000.0,69300000.0,69300000.0,69300000.0,0.0,0.0,0.131,395100000.0,78600000.0,101700000.0,0.0,5.854,41.943,42.037,99800000.0,0.0,44.98,5.111,5.118,271000000.0,382900000.0,528300000.0,528300000.0,136600000.0,,,,,25900000.0,258500000.0,1.0,227900000.0,228200000,237100000.0,2.315,2233700000.0,141800000.0,15200000.0,168200000.0,9.788,912900000.0
42,ADSK,MRQ,2010-12-31,2011-01-31,2011-01-31,2021-09-01,-600000.0,2787600000.0,,1714300000.0,1073300000.0,,7.099,-10200000.0,1075100000.0,1075100000.0,48400000.0,61600000.0,1.971,0.732,0.0,0.0,0.0,0.0,587900000.0,25800000.0,0.0,0.0,0.0,73000000.0,98800000.0,0.187,98800000.0,73000000.0,73000000.0,0.27,0.26,0.27,1609300000.0,,1609300000.0,8346126119.0,31.0,22.115,165700000.0,0.731,1.0,479300000.0,0.908,611300000.0,0.0,231400000.0,,0.0,391800000.0,199200000.0,192600000.0,1178300000.0,869800000.0,308500000.0,9250426119.0,170800000.0,-5000000.0,-31700000.0,0.0,0.0,-31700000.0,26900000.0,42100000.0,175900000.0,-300000.0,61600000.0,61600000.0,61600000.0,0.0,0.0,0.117,407700000.0,71600000.0,76800000.0,0.0,5.748,43.634,43.742,84500000.0,0.0,40.68,4.739,4.744,318400000.0,342700000.0,527700000.0,527700000.0,126900000.0,,,,,18400000.0,279000000.0,1.0,227394939.0,226700000,236600000.0,2.328,2176300000.0,147500000.0,11400000.0,167700000.0,9.6,844500000.0
43,ADSK,MRQ,2010-09-30,2010-10-31,2010-10-31,2021-09-01,-4000000.0,2581100000.0,,1470800000.0,1110300000.0,,6.87,-7000000.0,904300000.0,904300000.0,48500000.0,53600000.0,2.002,0.659,0.0,0.0,0.0,0.0,507100000.0,26600000.0,0.0,0.0,0.0,71700000.0,98300000.0,0.206,98300000.0,71700000.0,71700000.0,0.24,0.23,0.24,1556100000.0,,1556100000.0,7377093369.0,29.0,20.244,107300000.0,0.474,1.0,428200000.0,0.898,615000000.0,0.0,327100000.0,,0.0,432300000.0,232500000.0,199800000.0,1025000000.0,734700000.0,290300000.0,8227093369.0,54300000.0,0.0,-38600000.0,0.0,0.0,-38600000.0,-19000000.0,-8500000.0,114300000.0,-2400000.0,53600000.0,53600000.0,53600000.0,0.0,0.0,0.112,359000000.0,69200000.0,86100000.0,0.0,5.287,41.033,41.134,84800000.0,0.0,36.197,4.376,4.361,240100000.0,318000000.0,476700000.0,476700000.0,122800000.0,,,,,17000000.0,236200000.0,1.0,227283469.0,226500000,232400000.0,2.105,1966100000.0,152400000.0,18100000.0,167500000.0,8.68,736100000.0
44,ADSK,MRQ,2010-06-30,2010-07-31,2010-07-31,2021-09-01,-2900000.0,2525000000.0,,1417400000.0,1107600000.0,,6.692,-5300000.0,850000000.0,850000000.0,48400000.0,59900000.0,1.96,0.655,0.0,0.0,0.0,0.0,526100000.0,26300000.0,0.0,0.0,0.0,79900000.0,106200000.0,0.225,106200000.0,79900000.0,79900000.0,0.26,0.25,0.26,1525800000.0,,1525800000.0,5840245616.0,27.0,17.86,106200000.0,0.466,1.0,424400000.0,0.898,619300000.0,0.0,332600000.0,,0.0,420700000.0,236600000.0,184100000.0,999200000.0,723100000.0,276100000.0,6778345616.0,-88100000.0,-8500000.0,-66500000.0,0.0,0.0,-66500000.0,-133700000.0,-119400000.0,111500000.0,600000.0,59900000.0,59900000.0,59900000.0,0.0,0.0,0.127,344600000.0,79800000.0,79000000.0,0.0,4.442,38.426,38.364,88500000.0,0.0,29.54,3.724,3.7,231000000.0,303600000.0,472800000.0,472800000.0,119300000.0,,,,,21000000.0,223400000.0,1.0,229463291.0,228000000,233800000.0,2.074,1905700000.0,156700000.0,20000000.0,158100000.0,8.358,694300000.0
45,ADSK,MRQ,2010-03-31,2010-04-30,2010-04-30,2021-09-01,-1100000.0,2501700000.0,,1394000000.0,1107700000.0,,6.612,-5800000.0,938100000.0,938100000.0,51300000.0,36900000.0,1.961,0.652,0.0,0.0,0.0,0.0,543700000.0,26700000.0,0.0,0.0,0.0,47400000.0,74100000.0,0.156,74100000.0,47400000.0,47400000.0,0.16,0.16,0.16,1514100000.0,,1514100000.0,6955207000.0,46.0,26.476,133300000.0,0.582,1.0,423300000.0,0.892,620400000.0,0.0,232200000.0,,0.0,301200000.0,121700000.0,179500000.0,987600000.0,711000000.0,276600000.0,7793907000.0,99400000.0,0.0,-22600000.0,0.0,0.0,-22600000.0,-16500000.0,-10700000.0,139100000.0,-600000.0,36900000.0,36900000.0,36900000.0,0.0,0.0,0.078,372500000.0,50800000.0,90400000.0,0.0,5.148,61.369,60.696,95500000.0,0.0,33.99,4.422,4.416,218100000.0,277600000.0,474600000.0,474600000.0,127200000.0,,,,,24300000.0,238200000.0,1.0,229300000.0,229000000,234600000.0,2.072,1881300000.0,156200000.0,10500000.0,146400000.0,8.215,683000000.0
46,ADSK,MRQ,2009-12-31,2010-01-31,2010-01-31,2021-09-01,-3500000.0,2447200000.0,,1379600000.0,1067600000.0,,6.426,-1500000.0,838700000.0,838700000.0,44400000.0,50100000.0,1.96,0.661,0.0,0.0,0.0,0.0,516500000.0,27100000.0,0.0,0.0,0.0,58700000.0,85800000.0,0.188,85800000.0,58700000.0,58700000.0,0.22,0.22,0.22,1473500000.0,,1473500000.0,4766527666.0,56.0,24.294,124100000.0,0.541,1.0,411700000.0,0.903,630900000.0,0.0,273600000.0,,0.0,287500000.0,161900000.0,125600000.0,973700000.0,704000000.0,269700000.0,5465027666.0,140200000.0,-22500000.0,-21300000.0,0.0,0.0,-21300000.0,36100000.0,71500000.0,125600000.0,-200000.0,50100000.0,50100000.0,50100000.0,0.0,0.0,0.11,355600000.0,56100000.0,67800000.0,0.0,3.709,94.225,95.16,101600000.0,0.0,23.79,3.189,3.175,277400000.0,272700000.0,456100000.0,456100000.0,116800000.0,,,,,18900000.0,238400000.0,1.0,229719532.0,229300000,235100000.0,1.989,1816300000.0,146100000.0,8600000.0,135600000.0,7.921,675600000.0
47,ADSK,MRQ,2009-09-30,2009-10-31,2009-10-31,2021-09-01,3700000.0,2315400000.0,,1287100000.0,1028300000.0,,6.236,-5900000.0,698500000.0,698500000.0,45000000.0,29500000.0,2.052,0.617,0.0,0.0,0.0,0.0,469500000.0,28900000.0,0.0,0.0,0.0,32000000.0,60900000.0,0.146,60900000.0,32000000.0,32000000.0,0.13,0.13,0.13,1431700000.0,,1431700000.0,5058735712.0,-46.0,2529.368,40800000.0,0.178,1.0,371900000.0,0.892,619400000.0,0.0,370200000.0,,0.0,355100000.0,263100000.0,92000000.0,883700000.0,627300000.0,256400000.0,5727235712.0,30000000.0,-3600000.0,-16000000.0,0.0,0.0,-16000000.0,-2300000.0,7200000.0,46700000.0,1600000.0,29500000.0,29500000.0,29500000.0,0.0,0.0,0.071,345600000.0,26300000.0,60000000.0,0.0,4.0,-58.741,-57.977,111900000.0,0.0,24.93,3.278,3.276,215700000.0,233800000.0,416900000.0,416900000.0,109300000.0,,,,,30300000.0,231400000.0,1.0,229732680.0,229600000,232900000.0,1.816,1696000000.0,142500000.0,2500000.0,133000000.0,7.387,659800000.0
48,ADSK,MRQ,2009-06-30,2009-07-31,2009-07-31,2021-09-01,-1400000.0,2311100000.0,,1267300000.0,1043800000.0,,6.051,-10700000.0,668500000.0,668500000.0,50100000.0,10500000.0,1.915,0.669,0.0,0.0,0.0,0.0,501900000.0,28500000.0,0.0,0.0,0.0,13400000.0,41900000.0,0.101,41900000.0,13400000.0,13400000.0,0.05,0.05,0.05,1385100000.0,,1385100000.0,4103199527.0,-746.0,39.953,36600000.0,0.16,1.0,364800000.0,0.879,622200000.0,0.0,358700000.0,,0.0,360200000.0,267900000.0,92300000.0,926000000.0,661700000.0,264300000.0,4981599527.0,-212000000.0,0.0,18700000.0,-2100000.0,0.0,16600000.0,-278300000.0,-267600000.0,47300000.0,2400000.0,10500000.0,10500000.0,10500000.0,0.0,0.0,0.025,362100000.0,2700000.0,56700000.0,0.0,3.597,-221.404,-218.1,118300000.0,0.0,21.81,2.571,2.577,223900000.0,219900000.0,414900000.0,414900000.0,109800000.0,,,,,21400000.0,225900000.0,1.0,228408965.0,228900000,232300000.0,1.813,1688900000.0,141000000.0,2900000.0,140400000.0,7.378,605600000.0
49,ADSK,MRQ,2009-03-31,2009-04-30,2009-04-30,2021-09-01,-9700000.0,2269500000.0,,1302200000.0,967300000.0,,5.85,-13600000.0,880500000.0,880500000.0,52300000.0,-32100000.0,1.91,0.708,2100000.0,2100000.0,0.0,2100000.0,534000000.0,27000000.0,0.0,0.0,0.0,-19400000.0,7600000.0,0.018,7600000.0,-19400000.0,-19400000.0,-0.14,-0.14,-0.14,1328500000.0,,1328500000.0,3648916000.0,34.0,17.534,13600000.0,0.06,1.0,373500000.0,0.877,625700000.0,0.0,83600000.0,,0.0,86000000.0,78400000.0,7600000.0,941000000.0,681800000.0,259200000.0,4514416000.0,-37100000.0,0.0,25400000.0,-50000000.0,0.0,-24600000.0,-38500000.0,-24900000.0,27200000.0,-1200000.0,-32100000.0,-32100000.0,-32100000.0,0.0,0.0,-0.075,392900000.0,-19400000.0,65000000.0,0.0,3.398,79.479,79.76,120700000.0,0.0,19.94,2.107,2.114,228600000.0,209400000.0,425800000.0,425800000.0,121500000.0,,,,,23000000.0,233900000.0,1.0,226400000.0,227100000,227100000.0,1.875,1643800000.0,135300000.0,12700000.0,139600000.0,7.238,620400000.0
50,ADSK,MRQ,2008-12-31,2009-01-31,2009-01-31,2021-09-01,-11200000.0,2420700000.0,,1388000000.0,1032700000.0,,5.789,-19300000.0,917600000.0,917600000.0,48500000.0,-105400000.0,1.735,0.847,52100000.0,52100000.0,0.0,52100000.0,552100000.0,27300000.0,0.0,0.0,0.0,-135700000.0,-108400000.0,-0.221,-108400000.0,-135700000.0,-135700000.0,-0.47,-0.45,-0.47,1310700000.0,,1310700000.0,2954845426.0,12.0,8.582,67100000.0,0.296,1.0,441300000.0,0.901,655800000.0,0.0,99300000.0,,0.0,71100000.0,63500000.0,7600000.0,1110000000.0,800100000.0,309900000.0,3747345426.0,121200000.0,-67200000.0,1000000.0,48100000.0,0.0,49100000.0,-15700000.0,70800000.0,86400000.0,1400000.0,-105400000.0,-105400000.0,-105400000.0,0.0,0.0,-0.215,575100000.0,-133800000.0,62400000.0,0.0,2.859,20.41,20.444,120600000.0,0.0,16.56,1.619,1.613,316500000.0,241500000.0,489800000.0,489800000.0,138700000.0,,,,,18600000.0,267300000.0,1.0,226288975.0,226400000,226800000.0,2.163,1764900000.0,156800000.0,-30300000.0,156300000.0,7.795,587900000.0
51,ADSK,MRQ,2008-09-30,2008-10-31,2008-10-31,2021-09-01,-6000000.0,2373700000.0,,1310400000.0,1063300000.0,,6.214,-19200000.0,796400000.0,796400000.0,52900000.0,104500000.0,1.973,0.695,3900000.0,3900000.0,0.0,3900000.0,499400000.0,25400000.0,0.0,0.0,0.0,136200000.0,161600000.0,0.266,161600000.0,136200000.0,136200000.0,0.46,0.45,0.46,1400100000.0,,1400100000.0,3984152308.0,8.0,6.633,88000000.0,0.391,1.0,554200000.0,0.913,740000000.0,0.0,176900000.0,,0.0,145100000.0,136800000.0,8300000.0,973600000.0,664300000.0,309300000.0,4793752308.0,-133200000.0,-33400000.0,39000000.0,-116000000.0,0.0,-77000000.0,-157700000.0,-105100000.0,107200000.0,-5700000.0,104500000.0,104500000.0,104500000.0,0.0,0.0,0.172,414600000.0,139600000.0,76000000.0,0.0,3.424,12.438,12.535,116600000.0,0.0,21.31,1.977,1.98,291400000.0,346900000.0,607100000.0,607100000.0,137000000.0,,,,,22500000.0,277600000.0,1.0,224953182.0,225300000,230400000.0,2.695,1633700000.0,120800000.0,31700000.0,160600000.0,7.251,646100000.0
52,ADSK,MRQ,2008-06-30,2008-07-31,2008-07-31,2021-09-01,19900000.0,2443500000.0,,1402500000.0,1041000000.0,,5.62,-25500000.0,929600000.0,929600000.0,59700000.0,89800000.0,1.614,0.939,120000000.0,120000000.0,0.0,120000000.0,562600000.0,22200000.0,0.0,0.0,0.0,125100000.0,147300000.0,0.238,147300000.0,125100000.0,125100000.0,0.4,0.39,0.4,1259900000.0,,1259900000.0,6272602900.0,13.0,11.11,189500000.0,0.845,1.0,559800000.0,0.904,733100000.0,0.0,31800000.0,,0.0,40900000.0,32600000.0,8300000.0,1183600000.0,869000000.0,314600000.0,7141702900.0,20500000.0,-264100000.0,14800000.0,80000000.0,0.0,94800000.0,-289200000.0,400000.0,215000000.0,-100000.0,89800000.0,89800000.0,89800000.0,0.0,0.0,0.145,441000000.0,118800000.0,78100000.0,0.0,5.668,19.529,19.807,109200000.0,0.0,31.89,3.032,3.035,325200000.0,242400000.0,619500000.0,619500000.0,154800000.0,,,,,23200000.0,286200000.0,1.0,223948037.0,224200000,231100000.0,2.763,1710400000.0,125700000.0,35300000.0,151800000.0,7.629,533500000.0
53,ADSK,MRQ,2008-03-31,2008-04-30,2008-04-30,2021-09-01,20100000.0,2140000000.0,,1423400000.0,716600000.0,,5.019,-14400000.0,909100000.0,909100000.0,58000000.0,94600000.0,1.938,0.885,40000000.0,40000000.0,0.0,40000000.0,549700000.0,16900000.0,0.0,0.0,0.0,126800000.0,143700000.0,0.24,143700000.0,126800000.0,126800000.0,0.42,0.41,0.42,1135400000.0,,1135400000.0,7833500000.0,16.0,14.253,170900000.0,0.756,1.0,540800000.0,0.903,508200000.0,0.0,28200000.0,,0.0,41200000.0,32900000.0,8300000.0,1004600000.0,734500000.0,270100000.0,8751400000.0,-8800000.0,200000.0,-221300000.0,40000000.0,0.0,-181300000.0,-15500000.0,-1300000.0,185300000.0,2700000.0,94600000.0,94600000.0,94600000.0,0.0,0.0,0.158,420900000.0,119900000.0,73700000.0,0.0,7.708,23.813,23.602,84300000.0,0.0,38.0,3.869,3.8,333500000.0,152600000.0,598800000.0,598800000.0,145600000.0,,,,,25200000.0,275300000.0,1.0,230300000.0,226200000,232600000.0,2.647,1631800000.0,136500000.0,32200000.0,111900000.0,7.214,688900000.0
54,ADSK,MRQ,2007-12-31,2008-01-31,2008-01-31,2021-09-01,13800000.0,2212200000.0,,1481800000.0,730400000.0,,5.343,-14200000.0,917900000.0,917900000.0,51600000.0,96500000.0,2.029,0.798,0.0,0.0,0.0,0.0,506100000.0,17200000.0,0.0,0.0,0.0,130900000.0,148100000.0,0.247,148100000.0,130900000.0,130900000.0,0.42,0.4,0.42,1230500000.0,,1230500000.0,8673235000.0,18.0,16.325,204800000.0,0.889,1.0,547500000.0,0.914,507800000.0,0.0,56200000.0,,0.0,39800000.0,31400000.0,8400000.0,981700000.0,730300000.0,251400000.0,9501535000.0,89600000.0,-48500000.0,-72900000.0,0.0,0.0,-72900000.0,-58200000.0,4500000.0,219000000.0,1700000.0,96500000.0,96500000.0,96500000.0,0.0,0.0,0.161,423400000.0,124100000.0,79300000.0,0.0,7.722,26.675,26.548,80200000.0,0.0,41.15,4.375,4.363,386500000.0,218400000.0,599100000.0,599100000.0,137600000.0,,,,,26200000.0,285800000.0,1.0,230900000.0,230300000,240500000.0,2.601,1704400000.0,152700000.0,34400000.0,104200000.0,7.401,751500000.0
55,ADSK,MRQ,2007-09-30,2007-10-31,2007-10-31,2021-09-01,11800000.0,1991000000.0,,1320300000.0,670700000.0,,5.139,-10900000.0,828300000.0,828300000.0,51600000.0,84800000.0,2.171,0.689,0.0,0.0,0.0,0.0,423900000.0,15500000.0,0.0,0.0,0.0,110000000.0,125500000.0,0.233,125500000.0,110000000.0,110000000.0,0.37,0.35,0.37,1178800000.0,,1178800000.0,10472100000.0,23.0,20.073,150400000.0,0.656,1.0,486800000.0,0.904,450800000.0,0.0,103800000.0,,0.0,44300000.0,44300000.0,0.0,812200000.0,608100000.0,204100000.0,11247000000.0,53400000.0,-44700000.0,-61500000.0,0.0,0.0,-61500000.0,-48000000.0,7600000.0,161300000.0,1600000.0,84800000.0,84800000.0,84800000.0,0.0,0.0,0.158,381200000.0,105600000.0,77200000.0,0.0,9.541,31.584,31.548,68700000.0,0.0,48.9,5.433,5.418,299200000.0,179100000.0,538400000.0,538400000.0,123200000.0,,,,,37200000.0,258000000.0,1.0,230000000.0,229400000,239900000.0,2.347,1540200000.0,169100000.0,25200000.0,79100000.0,6.714,712200000.0
56,ADSK,MRQ,2007-06-30,2007-07-31,2007-07-31,2021-09-01,4500000.0,1878100000.0,,1264900000.0,613200000.0,,4.832,-11400000.0,774900000.0,774900000.0,51900000.0,91600000.0,2.117,0.688,0.0,0.0,0.0,0.0,411900000.0,14400000.0,0.0,0.0,0.0,117900000.0,132300000.0,0.252,132300000.0,117900000.0,117900000.0,0.4,0.38,0.4,1112700000.0,,1112700000.0,9033644000.0,21.0,18.665,125200000.0,0.544,1.0,474000000.0,0.901,416900000.0,0.0,88800000.0,,0.0,52000000.0,52000000.0,0.0,765400000.0,597500000.0,167900000.0,9795944000.0,12600000.0,-21300000.0,-241300000.0,0.0,0.0,-241300000.0,117000000.0,149700000.0,136600000.0,300000.0,91600000.0,91600000.0,91600000.0,0.0,0.0,0.174,359500000.0,114500000.0,77100000.0,0.0,8.804,29.748,29.629,66500000.0,0.0,42.37,4.926,4.907,278400000.0,180700000.0,525900000.0,525900000.0,114900000.0,,,,,21100000.0,244600000.0,1.0,231200000.0,230300000,243000000.0,2.284,1461200000.0,164400000.0,26300000.0,60800000.0,6.345,667400000.0
57,ADSK,MRQ,2007-03-31,2007-04-30,2007-04-30,2021-09-01,2400000.0,1989400000.0,,1384500000.0,604900000.0,,5.381,-6800000.0,762300000.0,762300000.0,52700000.0,83300000.0,2.367,0.599,0.0,0.0,0.0,0.0,399900000.0,14200000.0,0.0,0.0,0.0,111200000.0,125400000.0,0.247,125400000.0,111200000.0,111200000.0,0.36,0.34,0.36,1244200000.0,,1244200000.0,9304959000.0,22.0,19.794,184800000.0,0.799,1.0,455900000.0,0.896,404000000.0,0.0,238100000.0,,0.0,201700000.0,201700000.0,0.0,745200000.0,585000000.0,160200000.0,9562259000.0,96400000.0,0.0,0.0,0.0,0.0,0.0,-96500000.0,-89700000.0,191600000.0,1300000.0,83300000.0,83300000.0,83300000.0,0.0,0.0,0.164,354500000.0,101400000.0,76800000.0,0.0,7.685,29.468,29.27,63900000.0,0.0,41.27,5.0,4.989,260400000.0,320000000.0,508600000.0,508600000.0,114700000.0,,,,,14800000.0,239800000.0,1.0,231700000.0,231200000,243800000.0,2.2,1585400000.0,178700000.0,27900000.0,59900000.0,6.857,799500000.0
58,ADSK,MRQ,2006-12-31,2007-01-31,2007-01-31,2021-09-01,-3600000.0,1797500000.0,,1189700000.0,607800000.0,,4.827,-9900000.0,665900000.0,665900000.0,55700000.0,96400000.0,2.072,0.612,0.0,0.0,0.0,0.0,378800000.0,14300000.0,0.0,0.0,0.0,124200000.0,138500000.0,0.278,138500000.0,124200000.0,124200000.0,0.42,0.39,0.42,1115000000.0,,1115000000.0,9872624000.0,27.0,23.506,180900000.0,0.783,1.0,441700000.0,0.888,406600000.0,0.0,150800000.0,,0.0,112000000.0,112000000.0,0.0,682500000.0,574200000.0,108300000.0,10129924000.0,151000000.0,0.0,100000.0,0.0,0.0,100000.0,-39400000.0,-29500000.0,190800000.0,-500000.0,96400000.0,96400000.0,96400000.0,0.0,0.0,0.194,322000000.0,119700000.0,61000000.0,0.0,9.085,34.967,34.698,65600000.0,0.0,43.72,5.506,5.482,301300000.0,210300000.0,497400000.0,497400000.0,104300000.0,,,,,18900000.0,217700000.0,1.0,231700000.0,231000000,243800000.0,2.153,1390900000.0,137900000.0,27800000.0,23600000.0,6.021,615500000.0
59,ADSK,MRQ,2006-09-30,2006-10-31,2006-10-31,2021-09-01,-3300000.0,1600300000.0,,968600000.0,631700000.0,,4.333,-7000000.0,514900000.0,514900000.0,56300000.0,58000000.0,1.891,0.599,0.0,0.0,0.0,0.0,313800000.0,13200000.0,0.0,0.0,0.0,74600000.0,87800000.0,0.192,87800000.0,74600000.0,74600000.0,0.25,0.24,0.25,1000600000.0,,1000600000.0,8257675000.0,24.0,20.964,125900000.0,0.545,1.0,400500000.0,0.877,418800000.0,0.0,154400000.0,,7500000.0,82400000.0,82400000.0,0.0,599700000.0,512200000.0,87500000.0,8514975000.0,75800000.0,-9000000.0,9900000.0,0.0,0.0,9900000.0,-66800000.0,-53400000.0,132900000.0,-200000.0,58000000.0,58000000.0,58000000.0,0.0,0.0,0.127,331900000.0,68600000.0,70900000.0,0.0,8.51,30.773,30.372,64100000.0,0.0,36.75,4.832,4.815,256000000.0,113900000.0,456800000.0,456800000.0,108900000.0,,,,,38800000.0,223000000.0,1.0,231700000.0,230900000,242000000.0,1.978,1181500000.0,150300000.0,16600000.0,17000000.0,5.117,456400000.0
60,ADSK,MRQ,2006-06-30,2006-07-31,2006-07-31,2021-09-01,-3000000.0,1475500000.0,,835900000.0,639600000.0,,3.883,-7000000.0,439100000.0,439100000.0,55800000.0,86800000.0,1.683,0.649,0.0,0.0,0.0,0.0,312200000.0,13500000.0,0.0,0.0,0.0,104900000.0,118400000.0,0.263,118400000.0,104900000.0,104900000.0,0.38,0.36,0.38,895000000.0,,895000000.0,7645987000.0,21.0,18.469,155700000.0,0.675,1.0,393800000.0,0.876,415300000.0,0.0,124300000.0,,7000000.0,29100000.0,29100000.0,0.0,580500000.0,496800000.0,83700000.0,7903287000.0,181800000.0,0.0,-73600000.0,0.0,0.0,-73600000.0,92200000.0,99500000.0,162700000.0,500000.0,86800000.0,86800000.0,86800000.0,0.0,0.0,0.193,291700000.0,102100000.0,47800000.0,0.0,8.83,25.138,24.717,64800000.0,0.0,34.11,4.685,4.661,258700000.0,55900000.0,449600000.0,449600000.0,98000000.0,,,,,20000000.0,193700000.0,1.0,231700000.0,230500000,243100000.0,1.951,1060200000.0,156300000.0,18100000.0,20900000.0,4.6,339100000.0
61,ADSK,MRQ,2006-03-31,2006-04-30,2006-04-30,2021-09-01,-5700000.0,1439600000.0,,786900000.0,652700000.0,,3.675,-11400000.0,257300000.0,257300000.0,49900000.0,48500000.0,1.513,0.701,0.0,0.0,0.0,0.0,327100000.0,12500000.0,0.0,0.0,0.0,62800000.0,75300000.0,0.173,75300000.0,62800000.0,62800000.0,0.21,0.2,0.21,846300000.0,,846300000.0,9386204000.0,26.0,23.378,78800000.0,0.342,1.0,386100000.0,0.886,406200000.0,0.0,256100000.0,,13200000.0,128500000.0,128500000.0,0.0,593300000.0,520000000.0,73300000.0,9673404000.0,-29900000.0,-43500000.0,-16600000.0,0.0,0.0,-16600000.0,-103800000.0,-48900000.0,90200000.0,300000.0,48500000.0,48500000.0,48500000.0,0.0,0.0,0.111,326800000.0,59300000.0,59800000.0,0.0,11.43,31.789,31.373,65900000.0,0.0,42.04,5.993,5.998,276400000.0,42900000.0,436000000.0,436000000.0,99400000.0,,,,,21700000.0,227400000.0,1.0,230100000.0,230300000,244700000.0,1.893,1033400000.0,184900000.0,14300000.0,21100000.0,4.487,266900000.0
62,ADSK,MRQ,2005-12-31,2006-01-31,2006-01-31,2021-09-01,-7400000.0,1355800000.0,,746800000.0,609000000.0,,3.493,-5200000.0,287200000.0,287200000.0,40600000.0,83400000.0,1.531,0.688,0.0,0.0,0.0,0.0,266500000.0,9900000.0,0.0,0.0,0.0,102500000.0,112400000.0,0.268,112400000.0,102500000.0,102500000.0,0.37,0.34,0.37,803000000.0,,803000000.0,8977294000.0,23.0,20.618,108600000.0,0.472,1.0,379200000.0,0.903,368000000.0,0.0,212800000.0,,14200000.0,90300000.0,90300000.0,0.0,552800000.0,487800000.0,65000000.0,9368172000.0,-103700000.0,-189400000.0,-89200000.0,0.0,0.0,-89400000.0,-128000000.0,66700000.0,113800000.0,-100000.0,83400000.0,83400000.0,83400000.0,0.0,0.0,0.199,280900000.0,98300000.0,56400000.0,0.0,11.666,28.082,27.801,61400000.0,0.0,40.59,6.094,6.047,261400000.0,16700000.0,419800000.0,419800000.0,89000000.0,,,,,20300000.0,191900000.0,1.0,230800000.0,229900000,246000000.0,1.826,987800000.0,188600000.0,19100000.0,10800000.0,4.297,259000000.0
63,ADSK,MRQ,2005-09-30,2005-10-31,2005-10-31,2021-09-01,-7661000.0,1290629000.0,,859786000.0,430843000.0,,3.385,-5400000.0,390878000.0,390878000.0,42500000.0,95700000.0,1.855,0.661,0.0,0.0,0.0,0.0,243124000.0,9500000.0,0.0,0.001,0.0,98400000.0,107900000.0,0.283,107900000.0,98400000.0,98400000.0,0.42,0.38,0.42,777101000.0,,777101000.0,9826745000.0,27.0,23.834,119500000.0,0.52,1.0,339000000.0,0.889,210933000.0,0.0,225395000.0,,15112000.0,157062000.0,157062000.0,0.0,513528000.0,463423000.0,50105000.0,10305408000.0,-87800000.0,-9400000.0,-83500000.0,0.0,0.0,-83500000.0,-129000000.0,-114200000.0,124900000.0,-200000.0,95700000.0,95700000.0,95700000.0,0.0,0.0,0.251,243800000.0,95200000.0,62483000.0,0.0,13.261,32.834,32.934,60132000.0,0.0,45.12,6.988,7.025,201769000.0,32321000.0,381500000.0,381500000.0,74300000.0,,,,,55700000.0,169500000.0,1.0,228400000.0,229600000,249500000.0,1.662,1079696000.0,210321000.0,2700000.0,40257000.0,4.703,396363000.0
64,ADSK,MRQ,2005-06-30,2005-07-31,2005-07-31,2021-09-01,-8487000.0,1181892000.0,,806010000.0,375882000.0,,3.114,-4400000.0,478663000.0,478663000.0,44500000.0,76700000.0,1.852,0.659,0.0,0.0,0.0,0.0,231540000.0,11700000.0,0.0,0.001,0.0,94200000.0,105900000.0,0.281,105900000.0,94200000.0,94200000.0,0.34,0.31,0.34,712280000.0,,712280000.0,7297756000.0,23.0,19.499,108800000.0,0.476,1.0,332300000.0,0.882,204936000.0,0.0,63188000.0,,14301000.0,42807000.0,42807000.0,0.0,469612000.0,435105000.0,34507000.0,7815834000.0,-39400000.0,-28700000.0,-95800000.0,0.0,0.0,-95800000.0,-56200000.0,-23100000.0,113200000.0,-600000.0,76700000.0,76700000.0,76700000.0,0.0,0.0,0.204,240900000.0,91400000.0,62658000.0,0.0,10.973,26.745,26.711,61076000.0,0.0,34.19,5.609,5.612,202415000.0,31270000.0,376800000.0,376800000.0,73500000.0,,,,,29200000.0,167400000.0,1.0,228600000.0,228700000,250300000.0,1.648,976956000.0,136257000.0,17500000.0,22813000.0,4.272,370905000.0
65,ADSK,MRQ,2005-03-31,2005-04-30,2005-04-30,2021-09-01,-3311000.0,1177605000.0,,796710000.0,380895000.0,,3.122,-5500000.0,518078000.0,518078000.0,43500000.0,76100000.0,1.824,0.657,0.0,0.0,0.0,0.0,222074000.0,12600000.0,0.0,0.002,0.015,93600000.0,106200000.0,0.299,106200000.0,93600000.0,93600000.0,0.33,0.31,0.33,710791000.0,,710791000.0,6739586000.0,24.0,20.254,57800000.0,0.254,1.0,311600000.0,0.877,182725000.0,0.0,39902000.0,,14724000.0,19698000.0,19698000.0,0.0,466814000.0,436900000.0,29914000.0,7257240000.0,400000.0,-14600000.0,-33500000.0,0.0,-3400000.0,-36900000.0,-24800000.0,-4700000.0,63300000.0,-1200000.0,76100000.0,76100000.0,76100000.0,0.0,0.0,0.214,221000000.0,90600000.0,61191000.0,0.045,10.21,28.494,28.676,65585000.0,0.0,31.83,5.599,5.592,190216000.0,49495000.0,355100000.0,355100000.0,65900000.0,,,,,24000000.0,155100000.0,1.0,228000000.0,227700000,249300000.0,1.56,994880000.0,142401000.0,17500000.0,53720000.0,4.369,359810000.0
66,ADSK,MRQ,2004-12-31,2005-01-31,2005-01-31,2021-09-01,-2800000.0,1142200000.0,,781800000.0,360400000.0,,2.868,-13109000.0,517700000.0,517700000.0,44218000.0,65360000.0,1.669,0.762,0.0,0.0,0.0,0.0,194200000.0,13319000.0,0.0,0.002,0.015,78981000.0,92300000.0,0.255,92300000.0,78981000.0,78981000.0,0.28,0.27,0.28,648100000.0,,648100000.0,6363267000.0,26.0,21.57,130765000.0,0.579,1.0,317070000.0,0.878,175900000.0,0.0,-19700000.0,,12500000.0,15000000.0,15000000.0,0.0,494100000.0,468300000.0,25800000.0,6740415000.0,140601000.0,-50000.0,-115490000.0,0.0,-3354000.0,-119044000.0,112890000.0,125462000.0,143874000.0,2881000.0,65360000.0,65360000.0,65360000.0,0.0,0.0,0.181,242093000.0,74977000.0,46200000.0,0.054,10.4,30.486,30.278,69600000.0,0.0,29.37,5.441,5.381,196800000.0,26000000.0,361288000.0,361288000.0,65335000.0,,,,,30071000.0,164947000.0,1.0,229500000.0,225968000,251524000.0,1.599,966300000.0,119400000.0,13621000.0,41600000.0,4.276,313500000.0
67,ADSK,MRQ,2004-09-30,2004-10-31,2004-10-31,2021-09-01,-4432000.0,1082127000.0,,697520000.0,384607000.0,,2.955,-13516000.0,377148000.0,377148000.0,43394000.0,74070000.0,1.711,0.607,0.0,0.0,0.0,0.0,157105000.0,13209000.0,0.0,0.002,0.015,56659000.0,69868000.0,0.233,69868000.0,56659000.0,56659000.0,0.33,0.3,0.33,673278000.0,,673278000.0,5751929000.0,25.0,20.282,77263000.0,0.339,1.0,256764000.0,0.855,179777000.0,0.0,117646000.0,,12530000.0,140816000.0,56917000.0,83899000.0,408849000.0,407556000.0,1293000.0,6097900000.0,31177000.0,0.0,-133079000.0,0.0,-3405000.0,-136484000.0,71560000.0,85073000.0,90779000.0,5322000.0,74070000.0,74070000.0,74070000.0,0.0,0.0,0.247,202906000.0,53858000.0,50909000.0,0.045,9.057,28.585,27.763,67899000.0,0.0,26.375,5.199,5.123,168044000.0,77186000.0,300158000.0,300158000.0,59942000.0,,,,,69538000.0,140042000.0,1.0,231200000.0,227823000,248045000.0,1.318,902350000.0,101033000.0,-17411000.0,37734000.0,3.961,289964000.0
68,ADSK,MRQ,2004-06-30,2004-07-31,2004-07-31,2021-09-01,-9521000.0,1049406000.0,,642403000.0,407003000.0,,2.899,-9911000.0,345971000.0,345971000.0,40216000.0,39165000.0,1.667,0.587,0.0,0.0,0.0,0.0,149390000.0,12870000.0,0.0,0.003,0.015,51523000.0,64393000.0,0.23,64393000.0,51523000.0,51523000.0,0.17,0.16,0.17,661065000.0,,661065000.0,4258553000.0,21.0,16.68,73573000.0,0.323,1.0,239362000.0,0.856,183723000.0,0.0,134460000.0,,16312000.0,225703000.0,76390000.0,149313000.0,388341000.0,385252000.0,3089000.0,4562700000.0,41824000.0,-5250000.0,-11432000.0,0.0,-3439000.0,-14871000.0,-26400000.0,-10592000.0,83484000.0,-389000.0,39165000.0,39165000.0,39165000.0,0.0,0.0,0.14,190018000.0,49344000.0,44315000.0,0.088,6.902,28.189,27.917,64417000.0,0.0,20.1,4.123,4.141,156273000.0,140071000.0,279578000.0,279578000.0,58342000.0,,,,,180000.0,127959000.0,1.0,227000000.0,228004000,250607000.0,1.226,865683000.0,21504000.0,12358000.0,47641000.0,3.797,257151000.0
69,ADSK,MRQ,2004-03-31,2004-04-30,2004-04-30,2021-09-01,-8889000.0,990300000.0,,565243000.0,425057000.0,,2.843,-5864000.0,304147000.0,304147000.0,41872000.0,42505000.0,1.614,0.554,0.0,0.0,0.0,0.0,137220000.0,12502000.0,0.0,0.004,0.015,55937000.0,68439000.0,0.23,68439000.0,55937000.0,55937000.0,0.19,0.18,0.19,637223000.0,,637223000.0,3655176000.0,22.0,16.633,49299000.0,0.22,1.0,256004000.0,0.859,182431000.0,0.0,153401000.0,,16686000.0,215243000.0,49780000.0,165463000.0,353077000.0,350321000.0,2756000.0,3937425000.0,21898000.0,-6500000.0,-44099000.0,0.0,-3302000.0,-47401000.0,17550000.0,30757000.0,55163000.0,-3414000.0,42505000.0,42505000.0,42505000.0,0.0,0.0,0.143,202483000.0,53521000.0,46639000.0,0.079,6.179,25.354,24.108,63552000.0,0.0,16.755,3.791,3.615,142630000.0,127097000.0,297876000.0,297876000.0,57881000.0,,,,,24611000.0,136352000.0,1.0,235000000.0,224104000,238565000.0,1.329,807869000.0,27930000.0,13432000.0,44403000.0,3.605,214922000.0
70,ADSK,MRQ,2003-12-31,2004-01-31,2004-01-31,2021-09-01,-4754000.0,1017160000.0,,597252000.0,419908000.0,,2.787,-11384000.0,282249000.0,282249000.0,37202000.0,57583000.0,1.552,0.636,0.0,0.0,0.0,0.0,127276000.0,14334000.0,0.0,0.005,0.015,66564000.0,80898000.0,0.274,80898000.0,66564000.0,66564000.0,0.26,0.24,0.26,621643000.0,,621643000.0,2663122000.0,22.0,15.349,107766000.0,0.483,1.0,258065000.0,0.874,179472000.0,0.0,170517000.0,,17365000.0,247251000.0,81275000.0,165976000.0,395517000.0,384922000.0,10595000.0,2897832000.0,47467000.0,-50000.0,-32492000.0,0.0,-3324000.0,-35816000.0,-40010000.0,-28927000.0,119150000.0,4143000.0,57583000.0,57583000.0,57583000.0,0.0,0.0,0.195,200354000.0,57711000.0,52307000.0,0.058,4.662,24.088,23.787,66474000.0,0.0,12.845,3.045,3.01,166816000.0,153175000.0,295267000.0,295267000.0,55153000.0,,,,,303000.0,142001000.0,1.0,225600000.0,223018000,243243000.0,1.324,837688000.0,25410000.0,8981000.0,58544000.0,3.756,212330000.0
71,ADSK,MRQ,2003-09-30,2003-10-31,2003-10-31,2021-09-01,-7819000.0,934828000.0,,525175000.0,409653000.0,,2.682,-4851000.0,234710000.0,234710000.0,36609000.0,22606000.0,1.567,0.567,0.0,0.0,0.0,0.0,107248000.0,11837000.0,0.0,0.006,0.015,29745000.0,41582000.0,0.178,41582000.0,29745000.0,29745000.0,0.1,0.1,0.1,596486000.0,,596486000.0,1935572000.0,32.0,17.873,48528000.0,0.218,1.0,197253000.0,0.843,181801000.0,0.0,183105000.0,,11773000.0,218468000.0,66125000.0,152343000.0,338342000.0,335212000.0,3130000.0,2154996000.0,15286000.0,0.0,-6404000.0,0.0,-3396000.0,-9800000.0,-32262000.0,-25912000.0,53379000.0,3969000.0,22606000.0,22606000.0,22606000.0,0.0,0.0,0.097,169313000.0,27940000.0,50816000.0,0.15,3.613,31.174,31.656,69319000.0,0.0,9.655,2.53,2.521,131623000.0,136134000.0,233862000.0,233862000.0,53004000.0,,,,,484000.0,116309000.0,1.0,223200000.0,222440000,228333000.0,1.051,753027000.0,52743000.0,7139000.0,56140000.0,3.385,189963000.0
72,ADSK,MRQ,2003-06-30,2003-07-31,2003-07-31,2021-09-01,-10194000.0,916113000.0,,495061000.0,421052000.0,,2.605,-9782000.0,219424000.0,219424000.0,36046000.0,32602000.0,1.49,0.577,0.0,0.0,0.0,0.0,104378000.0,11822000.0,0.0,0.008,0.015,17011000.0,28833000.0,0.136,28833000.0,17011000.0,17011000.0,0.145,0.145,0.145,580821000.0,,580821000.0,1487495000.0,59.0,20.284,20383000.0,0.091,1.0,175659000.0,0.83,184018000.0,0.0,180318000.0,,11606000.0,192502000.0,42930000.0,149572000.0,335292000.0,332353000.0,2939000.0,1666938000.0,39981000.0,0.0,-9446000.0,0.0,-3333000.0,-12779000.0,20577000.0,28963000.0,30165000.0,2018000.0,32602000.0,32602000.0,32602000.0,0.0,0.0,0.154,161718000.0,13941000.0,47238000.0,0.103,2.87,39.118,39.237,72995000.0,0.0,7.455,2.066,2.06,138018000.0,128747000.0,211705000.0,211705000.0,49664000.0,,,,,456000.0,112054000.0,1.0,223600000.0,222960000,226920000.0,0.95,732095000.0,59283000.0,-15591000.0,58202000.0,3.284,162708000.0
73,ADSK,MRQ,2003-03-31,2003-04-30,2003-04-30,2021-09-01,-11399000.0,872463000.0,,435843000.0,436620000.0,,2.502,-4083000.0,179443000.0,179443000.0,38242000.0,7508000.0,1.405,0.56,0.0,0.0,0.0,0.0,96168000.0,12307000.0,0.0,0.008,0.015,9879000.0,22186000.0,0.105,22186000.0,9879000.0,9879000.0,0.035,0.035,0.035,559338000.0,,559338000.0,1579683000.0,65.0,21.731,13323000.0,0.06,1.0,172524000.0,0.819,187867000.0,0.0,194888000.0,,8849000.0,222344000.0,59047000.0,163297000.0,313125000.0,310265000.0,2860000.0,1766060000.0,-6934000.0,-5150000.0,-14758000.0,0.0,-3347000.0,-18105000.0,-7305000.0,1876000.0,17406000.0,1070000.0,7508000.0,7508000.0,7508000.0,0.0,0.0,0.036,165917000.0,6607000.0,43966000.0,0.429,3.157,81.12,81.895,71559000.0,0.0,7.78,2.19,2.157,133596000.0,102136000.0,210766000.0,210766000.0,51579000.0,,,,,557000.0,114338000.0,1.0,227000000.0,223550000,226892000.0,0.943,684596000.0,32638000.0,2371000.0,47322000.0,3.062,125578000.0
74,ADSK,MRQ,2002-12-31,2003-01-31,2003-01-31,2021-09-01,-11568000.0,883650000.0,,449632000.0,434018000.0,,2.526,-10953000.0,186377000.0,186377000.0,39073000.0,6413000.0,1.45,0.552,0.0,0.0,0.0,0.0,93241000.0,12146000.0,0.0,0.008,0.015,3547000.0,15693000.0,0.08,15693000.0,3547000.0,3547000.0,0.025,0.03,0.025,569208000.0,,569208000.0,1559554000.0,41.0,17.862,31496000.0,0.14,1.0,156443000.0,0.8,186070000.0,0.0,201175000.0,,12284000.0,224672000.0,60643000.0,164029000.0,314442000.0,310028000.0,4414000.0,1694196000.0,21937000.0,-1700000.0,-16014000.0,0.0,-3343000.0,-19357000.0,-5899000.0,7714000.0,42449000.0,4744000.0,6413000.0,6413000.0,6413000.0,0.0,0.0,0.033,155217000.0,1226000.0,45122000.0,0.6,2.976,53.103,53.357,76122000.0,0.0,7.47,2.054,2.047,132803000.0,103087000.0,195516000.0,195516000.0,57224000.0,,,,,-5801000.0,90942000.0,1.0,226800000.0,225314000,228500000.0,0.868,697580000.0,28923000.0,-2866000.0,41480000.0,3.096,139604000.0
75,ADSK,MRQ,2002-09-30,2002-10-31,2002-10-31,2021-09-01,-16151000.0,900485000.0,,436724000.0,463761000.0,,2.595,-6452000.0,134642000.0,134642000.0,31835000.0,-3910000.0,1.398,0.538,0.0,0.0,0.0,0.0,76656000.0,11979000.0,0.0,0.01,0.015,-5356000.0,6623000.0,0.035,6623000.0,-5356000.0,-5356000.0,-0.015,-0.015,-0.015,585527000.0,,585527000.0,1183000000.0,18.0,9.992,-480000.0,-0.002,1.0,156866000.0,0.831,201149000.0,0.0,252373000.0,,15510000.0,260578000.0,94983000.0,165595000.0,314958000.0,312321000.0,2637000.0,1319760000.0,19605000.0,-10000000.0,2963000.0,0.0,-3417000.0,-454000.0,14299000.0,29779000.0,5972000.0,-212000.0,-3910000.0,-3910000.0,-3910000.0,0.0,0.0,-0.021,164711000.0,-7845000.0,46100000.0,-1.0,2.254,27.926,27.209,77759000.0,0.0,5.85,1.494,1.494,129007000.0,103946000.0,188701000.0,188701000.0,41179000.0,,,,,400000.0,110220000.0,1.0,225600000.0,225618000,225618000.0,0.836,699336000.0,42788000.0,-1446000.0,62994000.0,3.1,124403000.0
76,ADSK,MRQ,2002-06-30,2002-07-31,2002-07-31,2021-09-01,-15369000.0,918002000.0,,468380000.0,449622000.0,,2.599,-12453000.0,136760000.0,136760000.0,34210000.0,11760000.0,1.437,0.558,0.0,0.0,0.0,0.0,74222000.0,12082000.0,0.0,0.009,0.015,16109000.0,28191000.0,0.133,28191000.0,16109000.0,16109000.0,0.05,0.05,0.05,589291000.0,,589291000.0,1356316000.0,14.0,8.811,9557000.0,0.042,1.0,177191000.0,0.838,194783000.0,0.0,260422000.0,,17643000.0,269984000.0,121256000.0,148728000.0,328711000.0,326037000.0,2674000.0,1478483000.0,7208000.0,0.0,-25191000.0,-210000.0,-3383000.0,-28784000.0,9284000.0,24147000.0,22010000.0,4698000.0,11760000.0,11760000.0,11760000.0,0.0,0.0,0.056,166798000.0,10393000.0,46084000.0,0.3,2.509,20.353,19.53,79629000.0,0.0,6.445,1.623,1.604,129039000.0,111273000.0,211401000.0,211401000.0,46642000.0,,,,,256000.0,116377000.0,1.0,229400000.0,226696000,228550000.0,0.933,723219000.0,47355000.0,4349000.0,71250000.0,3.19,142343000.0
77,ADSK,MRQ,2002-03-31,2002-04-30,2002-04-30,2021-09-01,-18596000.0,929631000.0,,461570000.0,468061000.0,,2.657,-9901000.0,122167000.0,122167000.0,40692000.0,17641000.0,1.42,0.544,0.0,0.0,0.0,0.0,68017000.0,12637000.0,0.0,0.007,0.015,24166000.0,36803000.0,0.16,36803000.0,24166000.0,24166000.0,0.08,0.075,0.08,601939000.0,,601939000.0,1972552000.0,18.0,11.675,5303000.0,0.023,1.0,188635000.0,0.823,198749000.0,0.0,283607000.0,,16995000.0,300794000.0,135666000.0,165128000.0,327692000.0,325108000.0,2584000.0,2109333000.0,-20060000.0,-133531000.0,48112000.0,0.0,-3423000.0,44689000.0,-82702000.0,61365000.0,15204000.0,2749000.0,17641000.0,17641000.0,17641000.0,0.0,0.0,0.077,167447000.0,21188000.0,47449000.0,0.188,3.504,26.349,24.851,75373000.0,0.0,9.195,2.265,2.237,125650000.0,102896000.0,229327000.0,229327000.0,45207000.0,,,,,7898000.0,120495000.0,1.0,229400000.0,226516000,236804000.0,1.012,730882000.0,48598000.0,6525000.0,82786000.0,3.227,136462000.0
78,ADSK,MRQ,2001-12-31,2002-01-31,2002-01-31,2021-09-01,-19972000.0,902444000.0,,563870000.0,338574000.0,,2.391,-20727000.0,157687000.0,157687000.0,47911000.0,21769000.0,1.521,0.705,0.0,0.0,0.0,0.0,65474000.0,15679000.0,0.0,0.006,0.015,31098000.0,46777000.0,0.184,46777000.0,31098000.0,31098000.0,0.1,0.095,0.1,529314000.0,,529314000.0,2136206000.0,17.0,11.339,60253000.0,0.272,1.0,206123000.0,0.811,59323000.0,0.0,314783000.0,,17999000.0,346924000.0,180124000.0,166800000.0,373130000.0,370651000.0,2479000.0,2246800000.0,31202000.0,0.0,16574000.0,-210000.0,-3339000.0,13025000.0,-59182000.0,-46027000.0,80980000.0,-3621000.0,21769000.0,21769000.0,21769000.0,0.0,0.0,0.086,176770000.0,29353000.0,53769000.0,0.15,4.245,24.878,24.699,72820000.0,0.0,10.25,2.371,2.354,140465000.0,91864000.0,254034000.0,254034000.0,55705000.0,,,,,4677000.0,99275000.0,1.0,219200000.0,221404000,229188000.0,1.147,843121000.0,60936000.0,9329000.0,91922000.0,3.808,193219000.0
79,ADSK,MRQ,2001-09-30,2001-10-31,2001-10-31,2021-09-01,-17856000.0,853173000.0,,483601000.0,369572000.0,,2.26,-10409000.0,110594000.0,110594000.0,37799000.0,21471000.0,1.34,0.736,0.0,0.0,0.0,0.0,59900000.0,15543000.0,0.0,0.007,0.015,26618000.0,42161000.0,0.195,42161000.0,26618000.0,26618000.0,0.1,0.095,0.1,491551000.0,,491551000.0,1678174000.0,12.0,8.348,22782000.0,0.105,1.0,178558000.0,0.825,66319000.0,0.0,315351000.0,,20788000.0,317049000.0,141936000.0,175113000.0,361622000.0,360909000.0,713000.0,1797202000.0,-8434000.0,-34271000.0,9331000.0,0.0,-3276000.0,4814000.0,-47420000.0,-2099000.0,33191000.0,981000.0,21471000.0,21471000.0,21471000.0,0.0,0.0,0.099,165726000.0,12832000.0,48732000.0,0.15,3.656,18.546,18.456,69675000.0,0.0,8.305,1.919,1.929,141438000.0,76550000.0,216357000.0,216357000.0,39637000.0,,,,,2738000.0,113601000.0,1.0,216400000.0,217480000,224040000.0,0.995,786854000.0,76830000.0,5147000.0,103805000.0,3.618,122692000.0
80,ADSK,MRQ,2001-06-30,2001-07-31,2001-07-31,2021-09-01,-19538000.0,830416000.0,,519702000.0,310714000.0,,2.126,-13118000.0,119028000.0,119028000.0,35193000.0,19173000.0,1.448,0.808,0.0,0.0,0.0,0.0,59000000.0,15820000.0,0.0,0.006,0.015,27390000.0,43210000.0,0.187,43210000.0,27390000.0,27390000.0,0.09,0.085,0.09,459386000.0,,459386000.0,1886943000.0,13.0,9.202,40100000.0,0.186,1.0,196167000.0,0.848,59153000.0,0.0,293421000.0,,20567000.0,313675000.0,155771000.0,157904000.0,371030000.0,358814000.0,12216000.0,2009931000.0,-3960000.0,0.0,4901000.0,-272000.0,-3247000.0,721000.0,-57316000.0,-42225000.0,53218000.0,-583000.0,19173000.0,19173000.0,19173000.0,0.0,0.0,0.083,176779000.0,19388000.0,54241000.0,0.167,4.375,21.394,21.58,66458000.0,0.0,9.322,2.117,2.122,159367000.0,62252000.0,231360000.0,231360000.0,43583000.0,,,,,2066000.0,118248000.0,1.0,215600000.0,216046000,222840000.0,1.071,771263000.0,48468000.0,8217000.0,103626000.0,3.57,160888000.0
81,ADSK,MRQ,2001-03-31,2001-04-30,2001-04-30,2021-09-01,-18722000.0,777096000.0,,455094000.0,322002000.0,,2.024,-13179000.0,122988000.0,122988000.0,36725000.0,27900000.0,1.395,0.777,0.0,0.0,0.0,0.0,49671000.0,15865000.0,0.0,0.007,0.015,40376000.0,56241000.0,0.229,56241000.0,40376000.0,40376000.0,0.13,0.125,0.13,437405000.0,,437405000.0,1759077000.0,12.0,8.292,29898000.0,0.138,1.0,209015000.0,0.851,65194000.0,0.0,262641000.0,,17114000.0,271790000.0,102431000.0,169359000.0,339691000.0,326273000.0,13418000.0,1875468000.0,6597000.0,0.0,-47914000.0,-4000.0,-3230000.0,-51902000.0,18367000.0,33534000.0,43077000.0,-2945000.0,27900000.0,27900000.0,27900000.0,0.0,0.0,0.114,172414000.0,36601000.0,52216000.0,0.115,4.288,19.633,20.174,60434000.0,0.0,8.715,1.973,1.981,150477000.0,49350000.0,245740000.0,245740000.0,46159000.0,,,,,3464000.0,120948000.0,1.0,215200000.0,216132000,222746000.0,1.137,711902000.0,44557000.0,12476000.0,101788000.0,3.294,128821000.0
82,ADSK,MRQ,2000-12-31,2001-01-31,2001-01-31,2021-09-01,-16104000.0,807759000.0,,491321000.0,316438000.0,,2.079,-10595000.0,116391000.0,116391000.0,36307000.0,28363000.0,1.471,0.757,0.0,0.0,0.0,0.0,50993000.0,16346000.0,0.0,0.007,0.015,43079000.0,59425000.0,0.245,59425000.0,43079000.0,43079000.0,0.13,0.128,0.13,459674000.0,,459674000.0,1984132000.0,14.0,9.288,56985000.0,0.258,1.0,206740000.0,0.851,70676000.0,0.0,286779000.0,,17255000.0,306109000.0,142961000.0,163148000.0,348085000.0,333913000.0,14172000.0,2080032000.0,13285000.0,23800000.0,-59542000.0,-206000.0,-3247000.0,-62995000.0,7125000.0,689000.0,67580000.0,1575000.0,28363000.0,28363000.0,28363000.0,0.0,0.0,0.117,168229000.0,38511000.0,47962000.0,0.115,4.525,22.31,22.488,53996000.0,0.0,9.22,2.221,2.253,157422000.0,52298000.0,243047000.0,243047000.0,45302000.0,,,,,1012000.0,117314000.0,1.0,225600000.0,221100000,224396000.0,1.099,737083000.0,44938000.0,14716000.0,97109000.0,3.334,157408000.0
83,ADSK,MRQ,2000-09-30,2000-10-31,2000-10-31,2021-09-01,-18741000.0,829944000.0,,464532000.0,365412000.0,,2.152,-6646000.0,95900000.0,95900000.0,37956000.0,18511000.0,1.438,0.701,0.0,0.0,0.0,0.0,45830000.0,16196000.0,0.0,0.011,0.015,29996000.0,46192000.0,0.202,46192000.0,29996000.0,29996000.0,0.083,0.08,0.083,487803000.0,,487803000.0,1181057000.0,9.0,5.63,29688000.0,0.131,1.0,191221000.0,0.834,74156000.0,0.0,336804000.0,,18070000.0,337596000.0,147003000.0,190593000.0,342141000.0,323084000.0,19057000.0,1270656000.0,6301000.0,-1000000.0,-44431000.0,-7000.0,-3381000.0,-33862000.0,10905000.0,15398000.0,36334000.0,-7076000.0,18511000.0,18511000.0,18511000.0,0.0,0.0,0.081,161701000.0,29520000.0,47750000.0,0.181,2.605,14.112,14.437,47318000.0,0.0,5.515,1.35,1.328,150495000.0,34467000.0,229177000.0,229177000.0,42658000.0,,,,,989000.0,113621000.0,1.0,230400000.0,226724000,228292000.0,1.011,755788000.0,66715000.0,11485000.0,109383000.0,3.334,141448000.0
84,ADSK,MRQ,2000-06-30,2000-07-31,2000-07-31,2021-09-01,-15869000.0,844208000.0,,473459000.0,370749000.0,,2.246,-7784000.0,89599000.0,89599000.0,39209000.0,20753000.0,1.479,0.627,0.0,0.0,0.0,0.0,43825000.0,17296000.0,0.0,0.011,0.015,32987000.0,50283000.0,0.216,50283000.0,32987000.0,32987000.0,0.09,0.087,0.09,518752000.0,,518752000.0,1155666000.0,10.0,6.292,45919000.0,0.199,1.0,193632000.0,0.832,82712000.0,0.0,351759000.0,,15280000.0,352569000.0,159436000.0,193133000.0,325456000.0,320138000.0,5318000.0,1261029000.0,-15764000.0,-3300000.0,-31938000.0,-212000.0,-3452000.0,-35602000.0,-32961000.0,-22933000.0,53703000.0,-904000.0,20753000.0,20753000.0,20753000.0,0.0,0.0,0.089,159632000.0,34000000.0,49605000.0,0.167,2.431,17.293,17.73,46814000.0,0.0,5.407,1.379,1.366,154765000.0,20753000.0,232841000.0,232841000.0,42272000.0,,,,,3013000.0,110088000.0,1.0,233200000.0,231008000,236292000.0,1.008,761496000.0,60555000.0,12234000.0,99348000.0,3.296,153321000.0
85,ADSK,MRQ,2000-03-31,2000-04-30,2000-04-30,2021-09-01,-16694000.0,813385000.0,,434626000.0,378759000.0,,2.242,-10481000.0,105363000.0,105363000.0,36726000.0,25606000.0,1.558,0.537,0.0,0.0,0.0,0.0,40956000.0,19006000.0,0.0,0.006,0.015,38711000.0,57717000.0,0.25,57717000.0,38711000.0,38711000.0,0.107,0.102,0.107,529053000.0,,529053000.0,2270919000.0,29.0,14.166,28021000.0,0.119,1.0,194533000.0,0.841,93729000.0,0.0,335404000.0,,16402000.0,328390000.0,138965000.0,189425000.0,284332000.0,278889000.0,5443000.0,2379560000.0,-3278000.0,-19500000.0,-109346000.0,-2000.0,-3500000.0,-112848000.0,76320000.0,103741000.0,38502000.0,-5252000.0,25606000.0,25606000.0,25606000.0,0.0,0.0,0.111,156550000.0,37983000.0,38827000.0,0.14,4.498,45.275,44.014,45045000.0,0.0,9.595,2.691,2.561,120456000.0,1399000.0,231259000.0,231259000.0,40255000.0,,,,,16041000.0,109307000.0,1.0,248000000.0,236020000,250332000.0,0.98,719656000.0,57744000.0,13105000.0,87575000.0,3.049,155737000.0
86,ADSK,MRQ,1999-12-31,2000-01-31,2000-01-31,2021-09-01,-14822000.0,902946000.0,,545259000.0,357687000.0,,2.492,1900000.0,108641000.0,108641000.0,39073000.0,25170000.0,1.821,0.499,0.0,0.0,0.0,0.0,33604000.0,18577000.0,0.0,0.008,0.015,37014000.0,55591000.0,0.224,55591000.0,37014000.0,37014000.0,0.103,0.103,0.103,602299000.0,,602299000.0,1699302000.0,71.0,16.392,80131000.0,0.332,1.0,209022000.0,0.843,104518000.0,0.0,390395000.0,,19264000.0,432282000.0,250290000.0,181992000.0,300647000.0,299392000.0,1255000.0,1882496000.0,-74553000.0,-954000.0,-75731000.0,-2038000.0,-3581000.0,-81350000.0,-69987000.0,-65588000.0,78231000.0,-1447000.0,25170000.0,25170000.0,25170000.0,0.0,0.0,0.101,178367000.0,30655000.0,45310000.0,0.146,3.126,191.935,191.0,41884000.0,0.0,7.64,2.22,2.174,110839000.0,56645000.0,248095000.0,248095000.0,39544000.0,,,,,4642000.0,132798000.0,1.0,246400000.0,241656000,258888000.0,1.027,798428000.0,51108000.0,11844000.0,88006000.0,3.304,245867000.0
87,ADSK,MRQ,1999-09-30,1999-10-31,1999-10-31,2021-09-01,-15649000.0,944895000.0,,593917000.0,350978000.0,,2.673,-2550000.0,183194000.0,183194000.0,35220000.0,1393000.0,2.06,0.445,0.0,0.0,0.0,0.0,43703000.0,18029000.0,0.0,0.013,0.015,2047000.0,20076000.0,0.099,20076000.0,2047000.0,2047000.0,0.005,0.005,0.005,653996000.0,,653996000.0,971231719.0,41.0,8.666,23315000.0,0.095,1.0,166852000.0,0.826,114375000.0,0.0,359012000.0,,23101000.0,366697000.0,210458000.0,156239000.0,290899000.0,288314000.0,2585000.0,1143770719.0,10655000.0,0.0,8863000.0,0.0,-3912000.0,4951000.0,-19282000.0,-19267000.0,25865000.0,-879000.0,1393000.0,1393000.0,1393000.0,0.0,0.0,0.007,171287000.0,-4435000.0,40667000.0,3.0,1.749,145.093,126.689,43258000.0,0.0,4.688,1.363,1.366,123382000.0,49776000.0,202072000.0,202072000.0,41151000.0,,,,,0.0,107607000.0,1.0,244004420.0,244628000,245928000.0,0.826,830520000.0,50883000.0,654000.0,75149000.0,3.395,305603000.0
88,ADSK,MRQ,1999-06-30,1999-07-31,1999-07-31,2021-09-01,-19128000.0,928323000.0,,642851000.0,285472000.0,,2.647,-10297000.0,172539000.0,172539000.0,39614000.0,389000.0,2.292,0.441,0.0,0.0,0.0,0.0,49822000.0,26348000.0,0.0,0.009,0.015,572000.0,26920000.0,0.133,26920000.0,572000.0,572000.0,0.003,0.003,0.003,644311000.0,,644311000.0,1368820932.0,27.0,10.001,5257000.0,0.022,1.0,163331000.0,0.805,125986000.0,0.0,349262000.0,,23493000.0,347429000.0,263758000.0,83671000.0,284012000.0,280536000.0,3476000.0,1562153932.0,-20794000.0,0.0,3409000.0,1002000.0,-3495000.0,916000.0,-34666000.0,-28092000.0,15554000.0,-2598000.0,389000.0,389000.0,389000.0,0.0,0.0,0.002,168579000.0,-5248000.0,47033000.0,5.0,2.425,64.782,60.227,45084000.0,0.0,6.625,1.855,1.915,133070000.0,52420000.0,202945000.0,202945000.0,44692000.0,,,,,0.0,116094000.0,1.0,235796820.0,243380000,246140000.0,0.834,802337000.0,39183000.0,183000.0,68755000.0,3.297,362315000.0
89,ADSK,MRQ,1999-03-31,1999-04-30,1999-04-30,2021-09-01,-15525000.0,930295000.0,,624667000.0,305628000.0,,2.735,-3548000.0,193333000.0,193333000.0,32408000.0,-17144000.0,2.217,0.443,0.0,0.0,0.0,0.0,40879000.0,16794000.0,0.0,0.008,0.015,-15713000.0,1081000.0,0.006,1081000.0,-15713000.0,-15713000.0,-0.072,-0.072,-0.072,644610000.0,,644610000.0,1542506000.0,16.0,8.672,-15271000.0,-0.065,1.0,162531000.0,0.834,134307000.0,0.0,320924000.0,,22593000.0,319337000.0,233478000.0,85859000.0,285685000.0,281731000.0,3954000.0,1751680000.0,-65608000.0,-25642000.0,133967000.0,-1589000.0,-3593000.0,128785000.0,-180419000.0,-150316000.0,-11723000.0,-2571000.0,-17144000.0,-17144000.0,-17144000.0,0.0,0.0,-0.088,182740000.0,-20209000.0,41953000.0,-0.208,2.717,34.176,32.337,46940000.0,0.0,7.438,2.023,2.025,127493000.0,55450000.0,194939000.0,194939000.0,38598000.0,,,,,0.0,115117000.0,1.0,235520000.0,235720000,235720000.0,0.827,795988000.0,35354000.0,1431000.0,95778000.0,3.377,342936000.0
90,ADSK,MRQ,1998-12-31,1999-01-31,1999-01-31,2021-09-01,-14132000.0,823260000.0,,544415000.0,278845000.0,,2.361,-20941000.0,258941000.0,258941000.0,36109000.0,23245000.0,1.951,0.532,0.0,0.0,0.0,0.0,24833000.0,27477000.0,0.0,0.005,0.015,36515000.0,63992000.0,0.267,63992000.0,36515000.0,36515000.0,0.102,0.097,0.102,537327000.0,,537327000.0,1995738430.0,13.0,8.315,58878000.0,0.259,1.0,203385000.0,0.849,126176000.0,0.0,159029000.0,,23169000.0,169021000.0,102756000.0,66265000.0,285933000.0,279114000.0,6819000.0,2072378430.0,101653000.0,-7537000.0,735000.0,-393000.0,-3328000.0,-2986000.0,63533000.0,92011000.0,79819000.0,-4903000.0,23245000.0,23245000.0,23245000.0,0.0,0.0,0.097,170068000.0,33317000.0,49053000.0,0.147,3.857,21.336,25.692,48655000.0,0.0,11.047,2.319,2.788,114901000.0,81209000.0,239494000.0,239494000.0,38503000.0,,,,,15469000.0,124256000.0,1.0,187588000.0,227592000,238424000.0,1.052,697084000.0,32470000.0,13270000.0,100064000.0,3.063,265301000.0
91,ADSK,MRQ,1998-09-30,1998-10-31,1998-10-31,2021-09-01,-602000.0,662545000.0,,479080000.0,183465000.0,,1.92,-10230000.0,76640000.0,76640000.0,31009000.0,17624000.0,2.106,0.532,0.0,0.0,0.0,0.0,16735000.0,15798000.0,0.0,0.008,0.015,29080000.0,44878000.0,0.219,44878000.0,29080000.0,29080000.0,0.077,0.077,0.077,432399000.0,,432399000.0,1403252580.0,7.0,5.151,18942000.0,0.084,1.0,173600000.0,0.848,107586000.0,0.0,250792000.0,,6667000.0,261032000.0,261032000.0,0.0,230146000.0,227527000.0,2619000.0,1446654580.0,33617000.0,0.0,9590000.0,2151000.0,-2804000.0,8937000.0,-21264000.0,-11034000.0,29172000.0,16772000.0,17624000.0,17624000.0,17624000.0,0.0,0.0,0.086,148407000.0,25193000.0,29660000.0,0.195,3.346,12.868,16.144,39160000.0,0.0,7.798,1.465,1.778,89603000.0,87266000.0,204609000.0,204609000.0,40890000.0,,,,,0.0,100112000.0,1.0,185528000.0,225220000,230132000.0,0.908,554959000.0,39359000.0,11456000.0,93184000.0,2.464,251553000.0
92,ADSK,MRQ,1998-06-30,1998-07-31,1998-07-31,2021-09-01,-18703000.0,605852000.0,,429374000.0,176478000.0,,1.727,-10387000.0,43402000.0,43402000.0,35582000.0,27530000.0,2.007,0.556,0.0,0.0,0.0,0.0,17747000.0,19014000.0,0.0,0.007,0.015,48915000.0,67929000.0,0.299,67929000.0,48915000.0,48915000.0,0.122,0.115,0.122,389379000.0,,389379000.0,1415088250.0,7.0,5.208,25384000.0,0.113,1.0,191229000.0,0.843,113971000.0,0.0,234505000.0,,6358000.0,249998000.0,249998000.0,0.0,216473000.0,213974000.0,2499000.0,1539872250.0,-70324000.0,-64142000.0,-25265000.0,2713000.0,-2780000.0,-25332000.0,-79226000.0,-4697000.0,35771000.0,-1537000.0,27530000.0,27530000.0,27530000.0,0.0,0.0,0.121,150341000.0,40888000.0,27500000.0,0.123,3.955,13.517,16.117,39302000.0,0.0,8.188,1.629,1.953,84079000.0,70798000.0,226811000.0,226811000.0,38407000.0,,,,,0.0,102976000.0,1.0,188076000.0,225488000,238608000.0,1.006,491881000.0,34779000.0,21385000.0,85067000.0,2.181,215400000.0
93,ADSK,MRQ,1998-03-31,1998-04-30,1998-04-30,2021-09-01,-17136000.0,623373000.0,,396558000.0,226815000.0,,1.778,-4511000.0,124784000.0,124784000.0,34022000.0,28733000.0,1.78,0.566,0.0,0.0,0.0,0.0,16188000.0,18493000.0,0.0,0.005,0.015,44711000.0,63204000.0,0.284,63204000.0,44711000.0,44711000.0,0.128,0.12,0.128,398087000.0,,398087000.0,2101396000.0,13.0,8.626,38749000.0,0.173,1.0,188896000.0,0.847,73005000.0,0.0,202827000.0,,5439000.0,242801000.0,145232000.0,97569000.0,225286000.0,222757000.0,2529000.0,2197485000.0,51447000.0,0.0,57036000.0,0.0,-2810000.0,54226000.0,-42082000.0,-37571000.0,43260000.0,-3957000.0,28733000.0,28733000.0,28733000.0,0.0,0.0,0.129,146207000.0,42689000.0,23725000.0,0.117,5.52,21.463,25.161,38963000.0,0.0,11.75,2.518,3.015,64579000.0,72913000.0,222918000.0,222918000.0,39280000.0,,,,,0.0,100794000.0,1.0,187020000.0,223936000,241704000.0,0.995,550368000.0,44534000.0,15978000.0,84193000.0,2.458,173801000.0
94,ADSK,MRQ,1997-12-31,1998-01-31,1998-01-31,2021-09-01,-16078000.0,563490000.0,,307702000.0,255788000.0,,1.477,-21731000.0,96089000.0,96089000.0,80757000.0,38534000.0,1.542,0.692,0.0,0.0,0.0,0.0,18934000.0,30526000.0,0.0,0.006,0.015,65879000.0,96405000.0,0.289,96405000.0,65879000.0,65879000.0,0.155,0.147,0.155,332939000.0,,332939000.0,,,,51971000.0,0.231,1.0,252652000.0,0.758,78355000.0,0.0,189559000.0,,7351000.0,205230000.0,100399000.0,104831000.0,230551000.0,199487000.0,31064000.0,1806145650.0,67856000.0,-10342000.0,-37855000.0,2713000.0,-2733000.0,-37875000.0,40166000.0,72239000.0,73702000.0,-8137000.0,38534000.0,38534000.0,38534000.0,0.0,0.0,0.116,191092000.0,61560000.0,26417000.0,0.097,5.425,32.129,38.63,39139000.0,0.0,9.658,2.35,2.831,60856000.0,49702000.0,333409000.0,333409000.0,45731000.0,,,,,0.0,119186000.0,1.0,187020000.0,225360000,240088000.0,1.479,485135000.0,41359000.0,27345000.0,76946000.0,2.153,108215000.0
95,ADSK,MRQ,1997-09-30,1997-10-31,1997-10-31,2021-09-01,,,,,,,,-26905000.0,,,17656000.0,19128000.0,,,,,,,,13263000.0,,0.006,0.015,30915000.0,44178000.0,0.272,44178000.0,30915000.0,30915000.0,0.102,0.092,0.102,,,,,,,20181000.0,0.107,1.0,144539000.0,0.891,,0.0,,,,,,,,,,,5858000.0,0.0,-32812000.0,0.0,-2809000.0,-35621000.0,-11480000.0,15425000.0,47086000.0,5873000.0,19128000.0,19128000.0,19128000.0,0.0,0.0,0.118,116241000.0,28298000.0,,0.147,,,,,0.0,9.25,,,,,162195000.0,162195000.0,33050000.0,,,,,0.0,83191000.0,1.0,,188640000,205920000.0,0.86,,,11787000.0,,,
96,ADSK,MRQ,1997-06-30,1997-07-31,1997-07-31,2021-09-01,,,,,,,,1607000.0,,,18869000.0,15990000.0,,,,,,,,13811000.0,,0.006,0.015,26023000.0,39834000.0,0.259,39834000.0,26023000.0,26023000.0,0.083,0.077,0.083,,,,,,,36489000.0,0.19,1.0,135227000.0,0.878,,0.0,,,,,,,,,,,-12023000.0,0.0,-4321000.0,0.0,-2876000.0,-7197000.0,-38267000.0,-39874000.0,34882000.0,-1441000.0,15990000.0,15990000.0,15990000.0,0.0,0.0,0.104,111603000.0,23624000.0,,0.181,,,,,0.0,10.595,,,,,154096000.0,154096000.0,30426000.0,,,,,0.0,81177000.0,1.0,,192000000,207520000.0,0.803,,,10033000.0,,,
97,ADSK,MRQ,1997-03-31,1997-04-30,1997-04-30,2021-09-01,,,,,,,,3476000.0,,,16089000.0,-17437000.0,,,,,,,,8731000.0,,0.007,0.015,-16113000.0,-7382000.0,-0.062,-7382000.0,-16113000.0,-16113000.0,-0.095,-0.095,-0.095,,,,,,,23525000.0,0.128,1.0,102895000.0,0.865,,0.0,,,,,,,,,,,-15625000.0,-5766000.0,-4672000.0,0.0,-2872000.0,-7544000.0,-23421000.0,-21131000.0,20049000.0,-4709000.0,-17437000.0,-17437000.0,-17437000.0,0.0,0.0,-0.147,121383000.0,-18488000.0,,-0.158,,,,,0.0,8.875,,,,,118984000.0,118984000.0,27609000.0,,,,,0.0,71587000.0,1.0,,183760000,183760000.0,0.647,,,1324000.0,,,
98,ADSK,MRQ,1996-12-31,1997-01-31,1997-01-31,2021-09-01,-9849000.0,492233000.0,,297671000.0,194562000.0,,1.337,,64814000.0,64814000.0,,,1.982,1.021,0.0,0.0,0.0,0.0,3141000.0,,0.0,0.008,0.015,,,,,,,,,,243614000.0,,243614000.0,,,,,,1.0,,,22386000.0,,254862000.0,,7340000.0,221494000.0,117971000.0,103523000.0,248619000.0,150171000.0,98448000.0,,,,,,,,,,,,,,,,,,,,24557000.0,,,,34.682,44050000.0,,7.907,,2.9,68577000.0,106372000.0,,,,,,,,,,1.0,,182160000,,,469847000.0,35616000.0,,78035000.0,2.579,147500000.0
0,ADSK,MRT,2021-06-30,2021-07-31,2021-07-31,2021-09-01,-113400000.0,7420600000.0,6985800000.0,1546000000.0,5874600000.0,0.578,6.041,-88200000.0,923500000.0,923500000.0,372500000.0,1314700000.0,0.501,4.589,2085000000.0,87700000.0,1997300000.0,2085000000.0,3300400000.0,136200000.0,0.0,0.0,0.0,634300000.0,770500000.0,0.191,770500000.0,634300000.0,597400000.0,6.0,5.91,6.0,1327800000.0,872750000.0,1327800000.0,71820875846.0,113.0,93.213,1468600000.0,6.682,1.0,3668100000.0,0.908,4073500000.0,36900000.0,1421200000.0,1424100000.0,0.0,1400000.0,1400000.0,0.0,6092800000.0,3087400000.0,3005400000.0,70652875846.0,-516300000.0,-1400800000.0,-421100000.0,0.0,0.0,-600100000.0,-1478500000.0,6000000.0,1556800000.0,5500000.0,1314700000.0,1314700000.0,1314700000.0,0.0,0.0,0.325,3033800000.0,634300000.0,108400000.0,0.0,53.21,53.741,53.522,582600000.0,0.0,321.13,17.486,17.469,357800000.0,-1339500000.0,4040600000.0,4040600000.0,1025000000.0,0.188,1.506,0.445,0.157,470300000.0,1971200000.0,1.0,220013315.0,219800000,222500000.0,18.383,3347100000.0,739600000.0,-717300000.0,103400000.0,15.228,-1541400000.0
1,ADSK,MRT,2021-03-31,2021-04-30,2021-04-30,2021-09-01,-101700000.0,7298300000.0,6567475000.0,1505400000.0,5792900000.0,0.593,5.138,-93600000.0,923200000.0,923200000.0,348000000.0,1297300000.0,0.481,5.468,2091200000.0,76000000.0,2015200000.0,2091200000.0,3345000000.0,126800000.0,0.0,0.0,0.0,632300000.0,759100000.0,0.195,759100000.0,632300000.0,587600000.0,5.92,5.83,5.92,1128400000.0,557625000.0,1128400000.0,64433586542.0,102.0,84.882,1352400000.0,6.158,1.0,3546000000.0,0.911,3657900000.0,44700000.0,1678300000.0,1381550000.0,0.0,0.0,0.0,0.0,6169900000.0,3130100000.0,3039800000.0,64101186542.0,-466500000.0,-1277800000.0,-379600000.0,0.0,0.0,-558700000.0,-1366300000.0,11000000.0,1446000000.0,12500000.0,1297300000.0,1297300000.0,1297300000.0,0.0,0.0,0.333,2913700000.0,632300000.0,124000000.0,0.0,56.807,49.411,49.309,598800000.0,0.0,291.91,16.462,16.462,326100000.0,-1409300000.0,3894000000.0,3894000000.0,980600000.0,0.198,2.326,0.458,0.162,416000000.0,1897100000.0,1.0,219592294.0,219600000,222000000.0,17.732,3640400000.0,743700000.0,-709700000.0,122900000.0,16.577,-1624700000.0
2,ADSK,MRT,2020-12-31,2021-01-31,2021-01-31,2021-09-01,-125900000.0,7279800000.0,6128875000.0,2625500000.0,4654300000.0,0.618,4.401,-95900000.0,1772200000.0,1772200000.0,337100000.0,1208200000.0,0.807,6.54,2104600000.0,71400000.0,2033200000.0,2104600000.0,3360200000.0,123800000.0,0.0,0.0,0.0,629100000.0,752900000.0,0.199,752900000.0,629100000.0,546700000.0,5.51,5.44,5.51,965500000.0,240750000.0,965500000.0,61565817074.0,98.0,81.772,1341300000.0,6.113,1.0,3453300000.0,0.911,2905800000.0,82400000.0,1451700000.0,1252550000.0,0.0,4000000.0,4000000.0,0.0,6314300000.0,3254700000.0,3059600000.0,61003917074.0,-2500000.0,-246200000.0,-437600000.0,-450000000.0,0.0,-1046800000.0,-403900000.0,-4000000.0,1437200000.0,11000000.0,1208200000.0,1208200000.0,1208200000.0,0.0,0.0,0.319,2824200000.0,629100000.0,122500000.0,0.0,63.184,50.492,50.35,609500000.0,0.0,277.43,16.094,16.059,643100000.0,-1487500000.0,3790400000.0,3790400000.0,932500000.0,0.197,5.018,0.502,0.166,398400000.0,1854200000.0,1.0,219889403.0,219400000,222100000.0,17.276,4374000000.0,763100000.0,-661500000.0,69900000.0,19.936,-629200000.0
3,ADSK,MRT,2020-09-30,2020-10-31,2020-10-31,2021-09-01,-156400000.0,5944500000.0,5853750000.0,2339800000.0,3604700000.0,0.624,0.316,-86400000.0,1537000000.0,1537000000.0,329700000.0,428700000.0,0.832,84.779,2098900000.0,64100000.0,2034800000.0,2098900000.0,2932800000.0,123100000.0,0.0,0.0,0.0,578500000.0,701600000.0,0.192,701600000.0,578500000.0,498900000.0,1.95,1.92,1.95,69300000.0,-35400000.0,69300000.0,52292418764.0,90.0,74.533,1391400000.0,6.336,1.0,3320800000.0,0.91,2549600000.0,79600000.0,1145200000.0,1193150000.0,0.0,78500000.0,78500000.0,0.0,5875200000.0,2811600000.0,3063600000.0,51649018764.0,580800000.0,-44800000.0,-465200000.0,-101100000.0,0.0,-710800000.0,-191300000.0,-4000000.0,1477800000.0,5100000.0,428700000.0,428700000.0,428700000.0,0.0,0.0,0.117,2742300000.0,578500000.0,121300000.0,0.0,745.296,120.478,120.79,617900000.0,0.0,235.54,14.148,14.169,540400000.0,-2281400000.0,3650500000.0,3650500000.0,900000000.0,0.073,-12.11,0.485,0.158,396500000.0,1803800000.0,1.0,219279183.0,219600000,222300000.0,16.623,3394900000.0,44300000.0,70200000.0,148700000.0,15.459,-471800000.0
4,ADSK,MRT,2020-06-30,2020-07-31,2020-07-31,2021-09-01,-154500000.0,5747300000.0,5626775000.0,2203900000.0,3543400000.0,0.629,0.307,-75200000.0,1439800000.0,1439800000.0,325500000.0,363200000.0,0.841,84.398,2083200000.0,53800000.0,2029400000.0,2083200000.0,2878900000.0,122500000.0,0.0,0.0,0.0,521100000.0,643600000.0,0.182,643600000.0,521100000.0,439200000.0,1.65,1.63,1.65,67300000.0,-95600000.0,67300000.0,52518580037.0,101.0,81.601,1317900000.0,6.012,1.0,3215300000.0,0.908,2520100000.0,81900000.0,1251000000.0,1097075000.0,0.0,79700000.0,79700000.0,0.0,5680000000.0,2619600000.0,3060400000.0,51824680037.0,515900000.0,0.0,-414400000.0,-201100000.0,0.0,-743300000.0,-136600000.0,-6000000.0,1393100000.0,2700000.0,363200000.0,363200000.0,363200000.0,0.0,0.0,0.103,2694200000.0,521100000.0,99200000.0,0.0,770.055,142.689,143.291,594000000.0,0.0,236.43,14.636,14.637,490100000.0,-2270900000.0,3540800000.0,3540800000.0,880000000.0,0.065,-3.799,0.475,0.147,393100000.0,1775500000.0,1.0,219196718.0,219200000,222200000.0,16.153,3227200000.0,51500000.0,76000000.0,142600000.0,14.723,-415700000.0
5,ADSK,MRT,2020-03-31,2020-04-30,2020-04-30,2021-09-01,-179100000.0,5543900000.0,5408125000.0,2024300000.0,3519600000.0,0.633,-0.635,-62000000.0,1389700000.0,1389700000.0,324100000.0,305200000.0,0.785,-40.855,2083600000.0,46000000.0,2037600000.0,2083600000.0,3005100000.0,124600000.0,0.0,0.0,0.0,448800000.0,573400000.0,0.167,573400000.0,448800000.0,376700000.0,1.38,1.37,1.38,-139100000.0,-161000000.0,-139100000.0,41848944260.0,93.0,72.984,1459200000.0,6.657,1.0,3100400000.0,0.905,2497200000.0,72100000.0,1162300000.0,1003850000.0,0.0,77200000.0,77200000.0,0.0,5683000000.0,2578300000.0,3104700000.0,41079044260.0,506500000.0,0.0,-452400000.0,-326100000.0,0.0,-904600000.0,-106100000.0,11700000.0,1521200000.0,-4000000.0,305200000.0,305200000.0,305200000.0,0.0,0.0,0.089,2651600000.0,448800000.0,85200000.0,0.0,-295.32,134.597,135.601,588900000.0,0.0,187.13,11.996,11.978,356500000.0,-2361300000.0,3424500000.0,3424500000.0,862900000.0,0.056,-1.896,0.447,0.131,385400000.0,1749600000.0,1.0,219521425.0,219200000,221300000.0,15.623,3046700000.0,50800000.0,71500000.0,125100000.0,13.899,-554000000.0
6,ADSK,MRT,2019-12-31,2020-01-31,2020-01-31,2021-09-01,-160300000.0,6179300000.0,5224275000.0,2659300000.0,3520000000.0,0.627,-0.633,-53200000.0,1774700000.0,1774700000.0,324900000.0,214500000.0,0.826,-45.423,2544600000.0,497800000.0,2046800000.0,2544600000.0,3007100000.0,127300000.0,0.0,0.0,0.0,343000000.0,470300000.0,0.144,470300000.0,343000000.0,294800000.0,0.98,0.96,0.98,-139100000.0,-187550000.0,-139100000.0,44400796444.0,129.0,94.41,1361900000.0,6.199,1.0,2949400000.0,0.901,2515900000.0,48200000.0,1214100000.0,1075825000.0,0.0,69000000.0,69000000.0,0.0,6318400000.0,3219200000.0,3099200000.0,43313496444.0,888700000.0,0.0,-348800000.0,-1100000.0,0.0,-466800000.0,-57300000.0,7500000.0,1415100000.0,-2300000.0,214500000.0,214500000.0,214500000.0,0.0,0.0,0.066,2606400000.0,343000000.0,83700000.0,0.0,-311.384,201.928,200.867,600500000.0,0.0,196.85,13.228,13.208,652300000.0,-2295800000.0,3274300000.0,3274300000.0,851100000.0,0.041,-1.144,0.319,0.105,362400000.0,1715900000.0,1.0,220033002.0,219700000,222500000.0,14.904,3663400000.0,56400000.0,80300000.0,122800000.0,16.675,-559900000.0
7,ADSK,MRT,2019-09-30,2019-10-31,2019-10-31,2021-09-01,-156300000.0,5036600000.0,4861750000.0,1706800000.0,3329800000.0,0.64,-0.781,-56800000.0,956200000.0,956200000.0,318700000.0,147400000.0,0.601,-30.368,2043500000.0,513400000.0,1530100000.0,2043500000.0,2420000000.0,121800000.0,0.0,0.0,0.0,249500000.0,371300000.0,0.119,371300000.0,249500000.0,204500000.0,0.67,0.67,0.67,-171500000.0,-205500000.0,-171500000.0,33590529915.0,135.0,90.467,971600000.0,4.422,1.0,2793600000.0,0.898,2522800000.0,45000000.0,760900000.0,1040625000.0,0.0,68300000.0,68300000.0,0.0,5208100000.0,2840200000.0,2367900000.0,32358429915.0,80500000.0,-1006100000.0,-201500000.0,150000000.0,0.0,-156200000.0,-792800000.0,279400000.0,1028400000.0,1100000.0,147400000.0,147400000.0,147400000.0,0.0,0.0,0.047,2544100000.0,249500000.0,106100000.0,0.0,-188.679,219.528,219.94,433200000.0,0.0,147.36,10.397,10.402,520300000.0,-2240300000.0,3112300000.0,3112300000.0,824400000.0,0.03,-0.717,0.24,0.08,331400000.0,1681900000.0,1.0,219587608.0,219700000,221900000.0,14.166,2513800000.0,39600000.0,57100000.0,134300000.0,11.442,-1133400000.0
8,ADSK,MRT,2019-06-30,2019-07-31,2019-07-31,2021-09-01,-170700000.0,4872700000.0,4546200000.0,1515500000.0,3357200000.0,0.645,-0.885,-59800000.0,923900000.0,923900000.0,311500000.0,57000000.0,0.56,-26.078,2156000000.0,508100000.0,1647900000.0,2156000000.0,2249500000.0,113700000.0,0.0,0.0,0.0,153600000.0,267300000.0,0.091,267300000.0,153600000.0,119600000.0,0.26,0.26,0.26,-194300000.0,-247200000.0,-194300000.0,35702889809.0,232.0,133.569,731400000.0,3.331,1.0,2619000000.0,0.894,2519400000.0,34000000.0,878100000.0,1059375000.0,0.0,67400000.0,67400000.0,0.0,5067000000.0,2707300000.0,2359700000.0,34297989809.0,28500000.0,-1006100000.0,-183200000.0,250000000.0,0.0,-56900000.0,-702600000.0,363800000.0,791200000.0,-3200000.0,57000000.0,57000000.0,57000000.0,0.0,0.0,0.019,2465400000.0,153600000.0,93000000.0,0.0,-176.521,601.719,600.654,450200000.0,0.0,156.17,11.704,11.703,347400000.0,-2224300000.0,2930500000.0,2930500000.0,792400000.0,0.013,-0.231,0.145,0.052,301600000.0,1637100000.0,1.0,219619580.0,219600000,222400000.0,13.345,2353300000.0,46300000.0,62600000.0,124300000.0,10.716,-1191800000.0
9,ADSK,MRT,2019-03-31,2019-04-30,2019-04-30,2021-09-01,-141600000.0,4808500000.0,4286275000.0,1422300000.0,3386200000.0,0.641,-1.117,-65000000.0,883200000.0,883200000.0,301800000.0,-22600000.0,0.64,-20.603,2288100000.0,59200000.0,2228900000.0,2288100000.0,2153500000.0,103800000.0,0.0,0.0,0.0,56400000.0,160200000.0,0.058,160200000.0,56400000.0,29700000.0,-0.1,-0.1,-0.1,-245300000.0,-259025000.0,-245300000.0,40325070843.0,715.0,251.717,550200000.0,2.505,1.0,2443600000.0,0.89,2542500000.0,26700000.0,1450200000.0,1071675000.0,0.0,88900000.0,88900000.0,0.0,5053800000.0,2220700000.0,2833100000.0,39123370843.0,-209800000.0,-1040200000.0,-271300000.0,375000000.0,0.0,-28800000.0,-787200000.0,312700000.0,615200000.0,-9000000.0,-22600000.0,-22600000.0,-22600000.0,0.0,0.0,-0.008,2388500000.0,55100000.0,98000000.0,0.0,-159.492,-1731.123,-1782.1,462500000.0,0.0,178.21,14.251,14.255,268100000.0,-2226800000.0,2745400000.0,2745400000.0,757800000.0,-0.005,0.087,0.053,0.021,270300000.0,1587100000.0,1.0,219535216.0,219600000,219600000.0,12.502,2266000000.0,54400000.0,52300000.0,118800000.0,10.319,-798400000.0
10,ADSK,MRT,2018-12-31,2019-01-31,2019-01-31,2021-09-01,-135000000.0,4729200000.0,4062000000.0,1620000000.0,3109200000.0,0.633,-0.963,-67000000.0,886000000.0,886000000.0,285900000.0,-80800000.0,0.704,-23.424,2087700000.0,0.0,2087700000.0,2087700000.0,2091400000.0,95200000.0,0.0,0.0,0.0,-25000000.0,70200000.0,0.027,70200000.0,-25000000.0,-42700000.0,-0.37,-0.37,-0.37,-210900000.0,-229850000.0,-210900000.0,32950200659.0,-1318.0,469.376,310100000.0,1.417,1.0,2283900000.0,0.889,2556400000.0,17700000.0,1073300000.0,940225000.0,0.0,67600000.0,67600000.0,0.0,4940100000.0,2301200000.0,2638900000.0,32238100659.0,-192000000.0,-1040200000.0,-202600000.0,500000000.0,0.0,151900000.0,-710400000.0,392800000.0,377100000.0,-10600000.0,-80800000.0,-80800000.0,-80800000.0,0.0,0.0,-0.031,2308900000.0,-25000000.0,101600000.0,0.0,-152.86,-398.986,-397.838,149700000.0,0.0,147.2,12.545,12.539,474300000.0,-2147400000.0,2569800000.0,2569800000.0,725000000.0,-0.02,0.352,-0.027,-0.01,249500000.0,1524000000.0,1.0,219008836.0,218900000,218900000.0,11.74,2172800000.0,65300000.0,38100000.0,114500000.0,9.926,-681200000.0
11,ADSK,MRT,2018-09-30,2018-10-31,2018-10-31,2021-09-01,-157500000.0,3774400000.0,3908100000.0,1590000000.0,2184400000.0,0.611,-1.545,-60800000.0,875700000.0,875700000.0,282000000.0,-319000000.0,0.801,-12.157,1587800000.0,0.0,1587800000.0,1587800000.0,1792100000.0,96700000.0,0.0,0.0,0.0,-245900000.0,-149200000.0,-0.063,-149200000.0,-245900000.0,-274000000.0,-1.46,-1.46,-1.46,-338300000.0,-241125000.0,-338300000.0,28947999815.0,-118.0,-194.021,84100000.0,0.384,1.0,2104300000.0,0.882,1665100000.0,28100000.0,835900000.0,884675000.0,0.0,317300000.0,202500000.0,114800000.0,4112700000.0,1985500000.0,2127200000.0,28256199815.0,-149500000.0,-34100000.0,-431100000.0,0.0,0.0,-574300000.0,287200000.0,380500000.0,144900000.0,-7300000.0,-319000000.0,-319000000.0,-319000000.0,0.0,0.0,-0.134,2351500000.0,-247200000.0,88600000.0,0.0,-83.524,-88.577,-88.527,144700000.0,0.0,129.25,11.841,11.856,309000000.0,-2189900000.0,2386300000.0,2386300000.0,716800000.0,-0.082,1.323,-0.278,-0.103,237400000.0,1484100000.0,1.0,218616633.0,218900000,218900000.0,10.901,2109300000.0,71700000.0,45000000.0,182000000.0,9.636,-395500000.0
12,ADSK,MRT,2018-06-30,2018-07-31,2018-07-31,2021-09-01,-150900000.0,3833000000.0,4002500000.0,1598800000.0,2234200000.0,0.56,-1.103,-61000000.0,895400000.0,895400000.0,287200000.0,-415100000.0,0.835,-16.865,1587200000.0,0.0,1587200000.0,1587200000.0,1799500000.0,97900000.0,0.0,0.0,0.0,-360600000.0,-262700000.0,-0.117,-262700000.0,-360600000.0,-396700000.0,-1.9,-1.9,-1.9,-241600000.0,-129725000.0,-241600000.0,28640594974.0,-79.0,-109.024,-6400000.0,-0.029,1.0,1953500000.0,0.872,1682400000.0,36100000.0,927300000.0,1011600000.0,0.0,402500000.0,274400000.0,128100000.0,4074600000.0,1915100000.0,2159500000.0,28146994974.0,-278700000.0,-34100000.0,-449600000.0,0.0,0.0,-595900000.0,265400000.0,374400000.0,54600000.0,-2800000.0,-415100000.0,-415100000.0,-415100000.0,0.0,0.0,-0.185,2315400000.0,-361900000.0,82200000.0,0.0,-116.502,-67.808,-67.6,146800000.0,0.0,128.44,12.562,12.553,234400000.0,-2103200000.0,2240700000.0,2240700000.0,727600000.0,-0.104,3.2,-0.356,-0.161,238300000.0,1440400000.0,1.0,219145087.0,219000000,219000000.0,10.232,2150600000.0,81500000.0,18400000.0,168500000.0,9.82,-316300000.0
13,ADSK,MRT,2018-03-31,2018-04-30,2018-04-30,2021-09-01,-133800000.0,3911400000.0,4132750000.0,1698000000.0,2213400000.0,0.516,-0.588,-58800000.0,1093000000.0,1093000000.0,292000000.0,-519700000.0,0.917,-31.415,1586600000.0,0.0,1586600000.0,1586600000.0,1806400000.0,104100000.0,0.0,0.0,0.0,-463600000.0,-359500000.0,-0.169,-359500000.0,-463600000.0,-499700000.0,-2.38,-2.38,-2.38,-128600000.0,9550000.0,-128600000.0,27995477826.0,-60.0,-77.873,-120000000.0,-0.549,1.0,1838800000.0,0.863,1628000000.0,36100000.0,924400000.0,1139900000.0,0.0,371400000.0,199900000.0,171500000.0,4040000000.0,1852600000.0,2187400000.0,27487477826.0,-247200000.0,0.0,-431700000.0,96900000.0,0.0,-489500000.0,295500000.0,371000000.0,-61200000.0,8000000.0,-519700000.0,-519700000.0,-519700000.0,0.0,0.0,-0.244,2283600000.0,-444800000.0,103500000.0,0.0,-213.744,-52.891,-52.899,158200000.0,0.0,125.9,12.9,12.916,206700000.0,-1995800000.0,2130800000.0,2130800000.0,740600000.0,-0.126,-54.419,-0.407,-0.218,249000000.0,1407800000.0,1.0,218327862.0,218600000,218600000.0,9.747,2283400000.0,67000000.0,20000000.0,151100000.0,10.446,-154600000.0
14,ADSK,MRT,2017-12-31,2018-01-31,2018-01-31,2021-09-01,-123800000.0,4113600000.0,4262750000.0,1877900000.0,2235700000.0,0.482,-1.166,-50700000.0,1078000000.0,1078000000.0,303400000.0,-566900000.0,0.884,-17.069,1586000000.0,0.0,1586000000.0,1586000000.0,1955100000.0,108400000.0,0.0,0.0,0.0,-509100000.0,-400700000.0,-0.195,-400700000.0,-509100000.0,-557300000.0,-2.58,-2.58,-2.58,-256000000.0,168725000.0,-256000000.0,26027449960.0,-51.0,-64.955,-49800000.0,-0.227,1.0,1753200000.0,0.852,1647300000.0,48200000.0,851100000.0,1139125000.0,0.0,436000000.0,245200000.0,190800000.0,4369600000.0,2123200000.0,2246400000.0,25467249960.0,-135100000.0,0.0,-604600000.0,96900000.0,0.0,-656600000.0,506400000.0,569300000.0,900000.0,14200000.0,-566900000.0,-566900000.0,-566900000.0,0.0,0.0,-0.276,2262300000.0,-509100000.0,94700000.0,0.0,-99.481,-44.924,-44.814,145000000.0,0.0,115.62,12.383,12.34,438200000.0,-2084900000.0,2056600000.0,2056600000.0,755500000.0,-0.133,-3.36,-0.447,-0.248,261400000.0,1392500000.0,1.0,220266822.0,219500000,219500000.0,9.369,2466300000.0,81700000.0,9600000.0,136200000.0,11.236,-245300000.0
15,ADSK,MRT,2017-09-30,2017-10-31,2017-10-31,2021-09-01,-155500000.0,4152000000.0,4433875000.0,1871900000.0,2280100000.0,0.447,0.489,-50200000.0,1025200000.0,1025200000.0,313200000.0,-566800000.0,1.07,37.695,1585400000.0,0.0,1585400000.0,1585400000.0,1763900000.0,116200000.0,0.0,0.0,0.0,-513100000.0,-396900000.0,-0.2,-396900000.0,-513100000.0,-527200000.0,-2.58,-2.58,-2.58,107300000.0,416125000.0,107300000.0,27801063310.0,-54.0,-70.046,-113000000.0,-0.515,1.0,1668400000.0,0.842,1618600000.0,14100000.0,1343600000.0,1247225000.0,0.0,693000000.0,428700000.0,264300000.0,4044700000.0,1750000000.0,2294700000.0,27390263310.0,-411300000.0,0.0,-551400000.0,96900000.0,0.0,-598200000.0,245100000.0,305800000.0,-62800000.0,4600000.0,-566800000.0,-566800000.0,-566800000.0,0.0,0.0,-0.286,2162700000.0,-494300000.0,93300000.0,0.0,255.268,-48.324,-48.434,148100000.0,0.0,124.96,13.822,13.848,307800000.0,-1668000000.0,1981600000.0,1981600000.0,760300000.0,-0.128,-1.362,-0.411,-0.259,258800000.0,1368600000.0,1.0,219192248.0,219600000,219600000.0,9.024,2533400000.0,64700000.0,39600000.0,150900000.0,11.536,121900000.0
16,ADSK,MRT,2017-06-30,2017-07-31,2017-07-31,2021-09-01,-152900000.0,4354000000.0,4603175000.0,2083300000.0,2270700000.0,0.425,1.437,-59800000.0,1174100000.0,1174100000.0,317200000.0,-589800000.0,1.224,12.8,1584900000.0,0.0,1584900000.0,1584900000.0,1776000000.0,125600000.0,0.0,0.0,0.0,-533000000.0,-407400000.0,-0.208,-407400000.0,-533000000.0,-545300000.0,-2.67,-2.67,-2.67,315500000.0,654450000.0,315500000.0,24568496000.0,-46.0,-60.306,-63800000.0,-0.291,1.0,1638700000.0,0.838,1622600000.0,12300000.0,1440500000.0,1329775000.0,0.0,769600000.0,533600000.0,236000000.0,4038500000.0,1701700000.0,2336800000.0,24417196000.0,-293200000.0,0.0,-545600000.0,96900000.0,0.0,-560600000.0,272100000.0,343300000.0,-4000000.0,-700000.0,-589800000.0,-589800000.0,-589800000.0,0.0,0.0,-0.302,2152900000.0,-514200000.0,93000000.0,0.0,77.392,-41.399,-41.494,153000000.0,0.0,110.79,12.484,12.433,265600000.0,-1466400000.0,1955900000.0,1955900000.0,761100000.0,-0.128,-0.901,-0.401,-0.273,250300000.0,1352700000.0,1.0,220391696.0,219500000,219500000.0,8.911,2731400000.0,66200000.0,44500000.0,155400000.0,12.444,381600000.0
17,ADSK,MRT,2017-03-31,2017-04-30,2017-04-30,2021-09-01,-166300000.0,4431400000.0,4776525000.0,2139700000.0,2291700000.0,0.42,2.311,-62300000.0,1340200000.0,1340200000.0,327700000.0,-544000000.0,1.044,7.722,1491500000.0,399100000.0,1092400000.0,1491500000.0,1801500000.0,130200000.0,0.0,0.0,0.0,-469500000.0,-339300000.0,-0.169,-339300000.0,-469500000.0,-491900000.0,-2.45,-2.45,-2.45,508100000.0,908500000.0,508100000.0,20169493569.0,-43.0,-59.444,-11800000.0,-0.054,1.0,1677100000.0,0.837,1611800000.0,22400000.0,921300000.0,1431075000.0,0.0,735500000.0,471100000.0,264400000.0,3923300000.0,2049600000.0,1873700000.0,19891893569.0,116800000.0,-25600000.0,-599000000.0,0.0,0.0,-689900000.0,760700000.0,857500000.0,50500000.0,-4500000.0,-544000000.0,-544000000.0,-544000000.0,0.0,0.0,-0.271,2146600000.0,-469500000.0,93400000.0,0.0,39.15,-36.566,-36.763,150400000.0,0.0,90.07,9.922,9.879,231500000.0,-1224600000.0,2004800000.0,2004800000.0,760300000.0,-0.114,-0.599,-0.328,-0.234,237000000.0,1328800000.0,1.0,220849268.0,219900000,219900000.0,9.117,2819600000.0,64000000.0,52100000.0,147000000.0,12.822,90100000.0
18,ADSK,MRT,2016-12-31,2017-01-31,2017-01-31,2021-09-01,-178500000.0,4798100000.0,4970075000.0,2460600000.0,2337500000.0,0.409,3.294,-76000000.0,1213100000.0,1213100000.0,341900000.0,-582100000.0,1.126,5.54,1490700000.0,398700000.0,1092000000.0,1490700000.0,1788000000.0,139200000.0,0.0,0.0,0.0,-499600000.0,-360400000.0,-0.177,-360400000.0,-499600000.0,-523800000.0,-2.61,-2.61,-2.61,733600000.0,1140450000.0,733600000.0,18156133672.0,-36.0,-50.378,93700000.0,0.421,1.0,1689100000.0,0.832,1606800000.0,24200000.0,1283500000.0,1787150000.0,0.0,993000000.0,686800000.0,306200000.0,4064500000.0,2185400000.0,1879100000.0,18102733672.0,-139900000.0,-85200000.0,-502100000.0,0.0,0.0,-578300000.0,272000000.0,447000000.0,169700000.0,-3300000.0,-582100000.0,-582100000.0,-582100000.0,0.0,0.0,-0.287,2188700000.0,-499600000.0,93500000.0,0.0,24.677,-31.099,-31.165,158600000.0,0.0,81.34,8.913,8.919,452300000.0,-964200000.0,2031000000.0,2031000000.0,766100000.0,-0.117,-0.51,-0.28,-0.246,221800000.0,1310300000.0,1.0,222556352.0,222700000,222700000.0,9.12,3191300000.0,63900000.0,58300000.0,180800000.0,14.33,275200000.0
19,ADSK,MRT,2016-09-30,2016-10-31,2016-10-31,2021-09-01,-187500000.0,4829200000.0,5149375000.0,2332100000.0,2497100000.0,0.427,4.771,-95700000.0,1436500000.0,1436500000.0,353900000.0,-445900000.0,1.46,3.553,1489900000.0,0.0,1489900000.0,1489900000.0,1533000000.0,140600000.0,0.0,0.0,0.0,-342200000.0,-201600000.0,-0.092,-201600000.0,-342200000.0,-376100000.0,-2.0,-2.0,-2.0,1060600000.0,1361950000.0,1060600000.0,16060323221.0,-47.0,-79.664,228300000.0,1.027,1.0,1846600000.0,0.839,1611200000.0,33900000.0,1673800000.0,2079575000.0,0.0,987400000.0,532400000.0,455000000.0,3768600000.0,1597600000.0,2171000000.0,16038423221.0,99000000.0,-129100000.0,-384200000.0,0.0,0.0,-452400000.0,232400000.0,501000000.0,324000000.0,-5000000.0,-445900000.0,-445900000.0,-445900000.0,0.0,0.0,-0.203,2188800000.0,-342200000.0,102800000.0,0.0,15.122,-35.969,-36.14,168300000.0,0.0,72.28,7.289,7.302,259800000.0,-634700000.0,2200500000.0,2200500000.0,783600000.0,-0.087,-0.327,-0.165,-0.156,218600000.0,1303200000.0,1.0,221892961.0,222300000,222300000.0,9.899,3218000000.0,49600000.0,69800000.0,201800000.0,14.476,734500000.0
20,ADSK,MRT,2016-06-30,2016-07-31,2016-07-31,2021-09-01,-129800000.0,5047400000.0,5247075000.0,2486500000.0,2560900000.0,0.44,5.966,-85200000.0,1467300000.0,1467300000.0,363400000.0,-346900000.0,1.594,2.79,1489200000.0,0.0,1489200000.0,1489200000.0,1520000000.0,142200000.0,0.0,0.0,0.0,-237100000.0,-94900000.0,-0.041,-94900000.0,-237100000.0,-269300000.0,-1.55,-1.55,-1.55,1331700000.0,1530075000.0,1331700000.0,13620802589.0,-57.0,-143.528,311500000.0,1.396,1.0,1947300000.0,0.843,1664000000.0,32200000.0,1845700000.0,2277900000.0,0.0,1103200000.0,597600000.0,505600000.0,3715700000.0,1559600000.0,2156100000.0,13355802589.0,-5800000.0,-196200000.0,-417200000.0,0.0,0.0,-460000000.0,57700000.0,377200000.0,396700000.0,-200000.0,-346900000.0,-346900000.0,-346900000.0,0.0,0.0,-0.15,2184400000.0,-237100000.0,110300000.0,0.0,10.029,-38.5,-38.355,173000000.0,0.0,59.45,5.78,5.743,306900000.0,-395600000.0,2310700000.0,2310700000.0,788900000.0,-0.066,-0.227,-0.104,-0.103,212200000.0,1295400000.0,1.0,224656057.0,223200000,223200000.0,10.353,3383400000.0,9800000.0,77600000.0,163400000.0,15.159,926900000.0
21,ADSK,MRT,2016-03-31,2016-04-30,2016-04-30,2021-09-01,-121500000.0,5205600000.0,5320675000.0,2629000000.0,2576600000.0,0.445,6.399,-82200000.0,1223400000.0,1223400000.0,371300000.0,-517300000.0,1.783,2.625,1488400000.0,0.0,1488400000.0,1488400000.0,1523700000.0,145400000.0,0.0,0.0,0.0,-169900000.0,-24500000.0,-0.01,-24500000.0,-169900000.0,-195400000.0,-2.29,-2.29,-2.29,1435900000.0,1672675000.0,1435900000.0,13563882745.0,-80.0,-553.628,409700000.0,1.826,1.0,1998200000.0,0.843,1650500000.0,25500000.0,2345600000.0,2440000000.0,0.0,1582800000.0,1043900000.0,538900000.0,3769700000.0,1474500000.0,2295200000.0,13429182745.0,40700000.0,-173600000.0,-357900000.0,748300000.0,0.0,337300000.0,-786800000.0,-496100000.0,491900000.0,-1700000.0,-517300000.0,-517300000.0,-517300000.0,0.0,0.0,-0.218,2168100000.0,-169900000.0,107200000.0,0.0,9.352,-25.96,-26.122,174900000.0,0.0,59.82,5.668,5.665,256400000.0,-308200000.0,2369500000.0,2369500000.0,789000000.0,-0.097,-0.309,-0.07,-0.072,198600000.0,1294600000.0,1.0,224493192.0,224400000,224400000.0,10.559,3555100000.0,9800000.0,321900000.0,257000000.0,15.843,1154500000.0
22,ADSK,MRT,2015-12-31,2016-01-31,2016-01-31,2021-09-01,-121100000.0,5515300000.0,5213250000.0,2993100000.0,2522200000.0,0.48,7.166,-72400000.0,1353000000.0,1353000000.0,370700000.0,-330500000.0,1.881,2.405,1487700000.0,0.0,1487700000.0,1487700000.0,1519200000.0,145800000.0,0.0,0.0,0.0,1300000.0,147100000.0,0.059,147100000.0,1300000.0,-20300000.0,-1.46,-1.46,-1.46,1619600000.0,1869800000.0,1619600000.0,10699030398.0,8230.0,72.733,341600000.0,1.512,1.0,2133400000.0,0.852,1605800000.0,21600000.0,2453200000.0,2230950000.0,0.0,1430200000.0,897900000.0,532300000.0,3895700000.0,1591000000.0,2304700000.0,10549630398.0,-57600000.0,-148500000.0,-347200000.0,748300000.0,0.0,343200000.0,-809500000.0,-544100000.0,414000000.0,-5300000.0,-330500000.0,-330500000.0,-330500000.0,0.0,0.0,-0.132,2132100000.0,1300000.0,119900000.0,0.0,6.514,-31.92,-32.068,169300000.0,0.0,46.82,4.213,4.226,653600000.0,-80800000.0,2504100000.0,2504100000.0,790000000.0,-0.063,-0.177,0.001,0.001,197200000.0,1308900000.0,1.0,225323161.0,226000000,226000000.0,11.08,3909500000.0,9200000.0,310200000.0,258500000.0,17.299,1402100000.0
23,ADSK,MRT,2015-09-30,2015-10-31,2015-10-31,2021-09-01,-86500000.0,5220000000.0,5061850000.0,2747500000.0,2472500000.0,0.498,7.692,-57300000.0,1337500000.0,1337500000.0,365300000.0,-281800000.0,2.095,2.012,1486900000.0,0.0,1486900000.0,1486900000.0,1212300000.0,145700000.0,0.0,0.0,0.0,25300000.0,171000000.0,0.068,171000000.0,25300000.0,-6900000.0,-1.24,-1.24,-1.24,1733100000.0,2019700000.0,1733100000.0,12497025790.0,494.0,73.082,444500000.0,1.973,1.0,2155100000.0,0.855,1591100000.0,32200000.0,2467100000.0,1942500000.0,0.0,1486900000.0,946800000.0,540100000.0,3486900000.0,1311200000.0,2175700000.0,12483925790.0,-7500000.0,-130800000.0,-277400000.0,748300000.0,0.0,380600000.0,-884000000.0,-675200000.0,501800000.0,-5900000.0,-281800000.0,-281800000.0,-281800000.0,0.0,0.0,-0.112,2130100000.0,25000000.0,104600000.0,0.0,7.203,-44.301,-44.508,155300000.0,0.0,55.19,4.953,4.933,362300000.0,9700000.0,2520400000.0,2520400000.0,777000000.0,-0.056,-0.14,0.013,0.01,190200000.0,1318600000.0,1.0,226199054.0,225300000,225300000.0,11.187,3628900000.0,14600000.0,274900000.0,246900000.0,16.107,1436300000.0
24,ADSK,MRT,2015-06-30,2015-07-31,2015-07-31,2021-09-01,-70300000.0,5341800000.0,4941050000.0,2899800000.0,2442000000.0,0.514,8.379,-73700000.0,1473100000.0,1473100000.0,360300000.0,-227300000.0,2.207,1.808,1486200000.0,0.0,1486200000.0,1486200000.0,1236300000.0,146600000.0,0.0,0.0,0.0,54700000.0,201300000.0,0.079,201300000.0,54700000.0,27200000.0,-1.0,-1.0,-1.0,1902100000.0,2153550000.0,1902100000.0,11079349945.0,203.0,55.039,483700000.0,2.131,1.0,2178300000.0,0.858,1547000000.0,27500000.0,2494100000.0,1669275000.0,0.0,1479300000.0,916800000.0,562500000.0,3439700000.0,1313800000.0,2125900000.0,11514649945.0,150000000.0,-119200000.0,-229800000.0,748300000.0,0.0,441800000.0,-841800000.0,-632500000.0,557400000.0,-7400000.0,-227300000.0,-227300000.0,-227300000.0,0.0,0.0,-0.09,2123900000.0,54400000.0,90800000.0,0.0,6.054,-50.658,-50.58,158200000.0,0.0,50.58,4.536,4.523,394100000.0,164400000.0,2538600000.0,2538600000.0,763000000.0,-0.046,-0.106,0.033,0.022,183100000.0,1325000000.0,1.0,227652233.0,227000000,227000000.0,11.183,3794800000.0,14200000.0,254500000.0,205200000.0,16.717,1586000000.0
25,ADSK,MRT,2015-03-31,2015-04-30,2015-04-30,2021-09-01,-56000000.0,4775900000.0,4781450000.0,2341000000.0,2434900000.0,0.537,9.79,-73500000.0,1182700000.0,1182700000.0,355200000.0,72600000.0,1.843,1.147,747400000.0,0.0,747400000.0,747400000.0,1153700000.0,147600000.0,0.0,0.0,0.0,100300000.0,247900000.0,0.097,247900000.0,100300000.0,69200000.0,0.32,0.31,0.32,2224400000.0,2248875000.0,2224400000.0,12248621278.0,122.0,49.41,502900000.0,2.213,1.0,2211000000.0,0.862,1560900000.0,31100000.0,1509400000.0,1401125000.0,0.0,1088500000.0,648200000.0,440300000.0,2551500000.0,1270300000.0,1281200000.0,12912021278.0,-426900000.0,-342200000.0,-194900000.0,0.0,0.0,-261400000.0,-736800000.0,-307300000.0,576400000.0,-5100000.0,72600000.0,72600000.0,72600000.0,0.0,0.0,0.028,2111000000.0,100000000.0,93100000.0,0.0,5.805,177.852,177.594,156900000.0,0.0,56.83,5.032,5.031,316000000.0,464200000.0,2566200000.0,2566200000.0,749200000.0,0.015,0.032,0.072,0.039,182200000.0,1323200000.0,1.0,227204316.0,227200000,231700000.0,11.295,3215000000.0,188000000.0,-3400000.0,168600000.0,14.151,1070700000.0
26,ADSK,MRT,2014-12-31,2015-01-31,2015-01-31,2021-09-01,-53300000.0,4909700000.0,4749625000.0,2671300000.0,2238400000.0,0.529,9.772,-75500000.0,1410600000.0,1410600000.0,342100000.0,81800000.0,1.908,1.212,743100000.0,0.0,743100000.0,743100000.0,1157100000.0,145900000.0,0.0,0.0,0.0,120700000.0,266600000.0,0.106,266600000.0,120700000.0,83000000.0,0.36,0.35,0.36,2219200000.0,2264950000.0,2219200000.0,11689244819.0,97.0,43.846,633100000.0,2.788,1.0,2170100000.0,0.864,1542700000.0,37700000.0,1299400000.0,1352400000.0,0.0,888800000.0,615800000.0,273000000.0,2690500000.0,1400100000.0,1290400000.0,12287244819.0,-442400000.0,-630000000.0,-197000000.0,0.0,0.0,-240400000.0,-905600000.0,-196100000.0,708600000.0,-5000000.0,81800000.0,81800000.0,81800000.0,0.0,0.0,0.033,2049400000.0,120700000.0,100500000.0,0.0,5.537,150.211,150.014,159200000.0,0.0,54.005,4.891,4.882,458900000.0,499400000.0,2512200000.0,2512200000.0,725200000.0,0.017,0.036,0.089,0.048,165600000.0,1281300000.0,1.0,227520504.0,227100000,232400000.0,11.062,3367000000.0,185100000.0,1200000.0,187000000.0,14.826,1271200000.0
27,ADSK,MRT,2014-09-30,2014-10-31,2014-10-31,2021-09-01,-1300000.0,4736800000.0,4670950000.0,2458700000.0,2278100000.0,0.521,9.998,-69200000.0,1345000000.0,1345000000.0,324500000.0,124200000.0,2.06,1.088,747000000.0,0.0,747000000.0,747000000.0,1006200000.0,143100000.0,0.0,0.0,0.0,161300000.0,304400000.0,0.125,304400000.0,161300000.0,146400000.0,0.55,0.53,0.55,2268500000.0,2275525000.0,2268500000.0,12498885506.0,77.0,41.061,565200000.0,2.491,1.0,2109700000.0,0.867,1571300000.0,14900000.0,1374200000.0,1363525000.0,0.0,811900000.0,556400000.0,255500000.0,2468300000.0,1193300000.0,1275000000.0,13075185506.0,-128400000.0,-711900000.0,-153700000.0,0.0,0.0,-170100000.0,-588200000.0,194600000.0,634400000.0,-4500000.0,124200000.0,124200000.0,124200000.0,0.0,0.0,0.051,1951300000.0,158400000.0,99100000.0,0.0,5.764,105.275,104.618,160400000.0,0.0,57.54,5.371,5.363,375700000.0,538600000.0,2434200000.0,2434200000.0,696100000.0,0.027,0.055,0.118,0.066,142700000.0,1206300000.0,1.0,227236453.0,226900000,231500000.0,10.728,3165500000.0,178400000.0,22200000.0,220300000.0,13.951,1265400000.0
28,ADSK,MRT,2014-06-30,2014-07-31,2014-07-31,2021-09-01,2300000.0,4703400000.0,4567125000.0,2450000000.0,2253400000.0,0.519,10.046,-53200000.0,1323100000.0,1323100000.0,305600000.0,171100000.0,2.117,1.06,746800000.0,0.0,746800000.0,746800000.0,980800000.0,137100000.0,0.0,0.0,0.0,215900000.0,353000000.0,0.149,353000000.0,215900000.0,204000000.0,0.76,0.73,0.76,2283400000.0,2248875000.0,2283400000.0,11293698048.0,52.0,31.993,535800000.0,2.357,1.0,2065800000.0,0.871,1548300000.0,11900000.0,1421500000.0,1437375000.0,0.0,845400000.0,583300000.0,262100000.0,2420000000.0,1157300000.0,1262700000.0,12156698048.0,-77900000.0,-677200000.0,-64000000.0,0.0,0.0,-84400000.0,-578900000.0,165400000.0,589000000.0,-3600000.0,171100000.0,171100000.0,171100000.0,0.0,0.0,0.072,1853900000.0,211900000.0,92400000.0,0.0,5.324,71.05,70.197,146900000.0,0.0,53.35,5.126,5.114,365300000.0,584000000.0,2371400000.0,2371400000.0,661200000.0,0.037,0.076,0.15,0.091,135100000.0,1141500000.0,1.0,227866880.0,227300000,232400000.0,10.433,3155100000.0,163100000.0,32900000.0,224100000.0,13.881,1292700000.0
29,ADSK,MRT,2014-03-31,2014-04-30,2014-04-30,2021-09-01,5600000.0,4648600000.0,4447100000.0,2590300000.0,2058300000.0,0.516,10.082,-52900000.0,1609600000.0,1609600000.0,285500000.0,201500000.0,2.315,1.031,746600000.0,0.0,746600000.0,746600000.0,963500000.0,131900000.0,0.0,0.0,0.0,247800000.0,379700000.0,0.165,379700000.0,247800000.0,242900000.0,0.9,0.87,0.9,2288700000.0,2190800000.0,2288700000.0,9802825669.0,40.0,25.817,505200000.0,2.226,1.0,2010500000.0,0.876,1352400000.0,4900000.0,1314500000.0,1493525000.0,0.0,778300000.0,510100000.0,268200000.0,2359900000.0,1118700000.0,1241200000.0,10909425669.0,-46200000.0,-463700000.0,-92100000.0,0.0,0.0,-116600000.0,-484000000.0,48400000.0,558100000.0,-3700000.0,201500000.0,201500000.0,201500000.0,0.0,0.0,0.088,1764900000.0,245600000.0,90300000.0,0.0,4.767,54.141,53.356,142100000.0,0.0,48.02,4.751,4.748,323300000.0,600000000.0,2296000000.0,2296000000.0,630800000.0,0.045,0.092,0.166,0.108,132200000.0,1082800000.0,1.0,227185041.0,227000000,231600000.0,10.115,3296200000.0,148100000.0,41400000.0,206900000.0,14.521,1471600000.0
30,ADSK,MRT,2013-12-31,2014-01-31,2014-01-31,2021-09-01,-600000.0,4595000000.0,4357375000.0,2835000000.0,1760000000.0,0.522,10.096,-64200000.0,1853000000.0,1853000000.0,274300000.0,228800000.0,2.646,1.032,746400000.0,0.0,746400000.0,746400000.0,900600000.0,128900000.0,0.0,0.0,0.0,284800000.0,413700000.0,0.182,413700000.0,284800000.0,279900000.0,1.02,1.0,1.02,2261500000.0,2139750000.0,2261500000.0,10834800000.0,38.0,26.19,499300000.0,2.229,1.0,1999600000.0,0.879,1073000000.0,4900000.0,1343900000.0,1523650000.0,0.0,691400000.0,414100000.0,277300000.0,2333500000.0,1071500000.0,1262000000.0,11562000000.0,240800000.0,-176100000.0,-111000000.0,0.0,0.0,-126500000.0,-194000000.0,64900000.0,563500000.0,-2200000.0,228800000.0,228800000.0,228800000.0,0.0,0.0,0.101,1714800000.0,284800000.0,84500000.0,0.0,5.113,50.533,50.245,130300000.0,0.0,51.25,5.085,5.049,423700000.0,624800000.0,2273900000.0,2273900000.0,611100000.0,0.053,0.107,0.187,0.125,123100000.0,1054400000.0,1.0,225600000.0,224000000,229600000.0,10.151,3522000000.0,187900000.0,51100000.0,236100000.0,15.723,1763500000.0
31,ADSK,MRT,2013-09-30,2013-10-31,2013-10-31,2021-09-01,-4100000.0,4321500000.0,4285725000.0,2517900000.0,1803600000.0,0.535,9.69,-66700000.0,1473400000.0,1473400000.0,264400000.0,249400000.0,2.656,0.999,746200000.0,0.0,746200000.0,746200000.0,765700000.0,130400000.0,0.0,0.0,0.0,309700000.0,440100000.0,0.192,440100000.0,309700000.0,309700000.0,1.12,1.08,1.12,2161900000.0,2085175000.0,2161900000.0,8242700000.0,27.0,18.729,468900000.0,2.102,1.0,2029800000.0,0.885,976600000.0,0.0,1669600000.0,1550325000.0,0.0,1005600000.0,587100000.0,418500000.0,2159600000.0,948100000.0,1211500000.0,8897700000.0,646400000.0,-127500000.0,-205400000.0,635600000.0,0.0,408800000.0,-300200000.0,-85300000.0,535600000.0,2200000.0,249400000.0,249400000.0,249400000.0,0.0,0.0,0.109,1712100000.0,317700000.0,75300000.0,0.0,4.116,35.676,35.625,134100000.0,0.0,39.9,3.878,3.88,304100000.0,630900000.0,2294200000.0,2294200000.0,598100000.0,0.058,0.12,0.2,0.135,148900000.0,1041500000.0,1.0,223000000.0,223100000,227700000.0,10.283,3344900000.0,171800000.0,60300000.0,246200000.0,14.993,1569800000.0
32,ADSK,MRT,2013-06-30,2013-07-31,2013-07-31,2021-09-01,-7500000.0,4223300000.0,4062650000.0,2436500000.0,1786800000.0,0.563,9.194,-70800000.0,1401000000.0,1401000000.0,255200000.0,221200000.0,2.549,1.059,746000000.0,0.0,746000000.0,746000000.0,805500000.0,134800000.0,0.0,0.0,0.0,274800000.0,409600000.0,0.179,409600000.0,274800000.0,274800000.0,0.99,0.96,0.99,2051100000.0,2049175000.0,2051100000.0,7045672000.0,26.0,17.201,531300000.0,2.381,1.0,2031800000.0,0.888,966300000.0,0.0,1646100000.0,1339525000.0,0.0,1007000000.0,596900000.0,410100000.0,2172200000.0,955900000.0,1216300000.0,7955672000.0,470800000.0,-241700000.0,-319500000.0,745600000.0,0.0,408000000.0,-541400000.0,-214400000.0,602100000.0,2100000.0,221200000.0,221200000.0,221200000.0,0.0,0.0,0.097,1747800000.0,284000000.0,74400000.0,0.0,3.879,35.966,35.747,133400000.0,0.0,35.39,3.479,3.452,303900000.0,602800000.0,2287000000.0,2287000000.0,602100000.0,0.054,0.108,0.205,0.12,166000000.0,1048300000.0,1.0,224800000.0,223100000,228300000.0,10.251,3257000000.0,176900000.0,53600000.0,245900000.0,14.599,1480600000.0
33,ADSK,MRT,2013-03-31,2013-04-30,2013-04-30,2021-09-01,-2000000.0,4289700000.0,3850800000.0,2511100000.0,1778600000.0,0.596,9.314,-70700000.0,1655800000.0,1655800000.0,247200000.0,224100000.0,2.563,1.058,745800000.0,0.0,745800000.0,745800000.0,851400000.0,131700000.0,0.0,0.0,0.0,285100000.0,416800000.0,0.182,416800000.0,285100000.0,285100000.0,0.99,0.97,0.99,2084500000.0,2049225000.0,2084500000.0,7946644000.0,28.0,19.066,573200000.0,2.561,1.0,2046800000.0,0.892,964900000.0,0.0,1435000000.0,1111425000.0,0.0,824100000.0,432100000.0,392000000.0,2205200000.0,979800000.0,1225400000.0,8813244000.0,581300000.0,-298400000.0,-324000000.0,745600000.0,0.0,427500000.0,-491900000.0,-97100000.0,643900000.0,1800000.0,224100000.0,224100000.0,224100000.0,0.0,0.0,0.098,1753500000.0,293300000.0,86100000.0,0.0,4.228,39.327,39.778,129000000.0,0.0,39.38,3.842,3.842,285800000.0,587000000.0,2294000000.0,2294000000.0,598100000.0,0.058,0.109,0.257,0.124,144400000.0,1069000000.0,1.0,223800000.0,223800000,229300000.0,10.25,3324800000.0,190300000.0,61000000.0,228700000.0,14.856,1531300000.0
34,ADSK,MRT,2012-12-31,2013-01-31,2013-01-31,2021-09-01,-5700000.0,4308400000.0,3607625000.0,2552400000.0,1756000000.0,0.641,9.025,-56400000.0,1612200000.0,1612200000.0,238500000.0,247400000.0,2.446,1.109,745600000.0,0.0,745600000.0,745600000.0,834600000.0,127800000.0,0.0,0.0,0.0,310000000.0,437800000.0,0.189,437800000.0,310000000.0,310000000.0,1.09,1.07,1.09,2043200000.0,2039425000.0,2043200000.0,8019336000.0,26.0,18.317,502700000.0,2.22,1.0,2073700000.0,0.897,947500000.0,0.0,1450600000.0,905000000.0,0.0,753200000.0,342100000.0,411100000.0,2265200000.0,1043700000.0,1221500000.0,8736336000.0,455300000.0,-263700000.0,-211000000.0,745600000.0,0.0,541400000.0,-647200000.0,-300000000.0,559100000.0,2000000.0,247400000.0,247400000.0,247400000.0,0.0,0.0,0.107,1767800000.0,305900000.0,94200000.0,0.0,4.276,35.313,35.67,114900000.0,0.0,38.88,3.778,3.807,495100000.0,599100000.0,2312200000.0,2312200000.0,600000000.0,0.069,0.121,0.343,0.134,143400000.0,1081800000.0,1.0,224700000.0,226400000,231700000.0,10.213,3360900000.0,165000000.0,62600000.0,208100000.0,14.845,1508700000.0
35,ADSK,MRT,2012-09-30,2012-10-31,2012-10-31,2021-09-01,-6400000.0,3429200000.0,3337475000.0,1724600000.0,1704600000.0,0.688,8.949,-59000000.0,827000000.0,827000000.0,234000000.0,244900000.0,1.75,0.699,110000000.0,110000000.0,0.0,110000000.0,713700000.0,123400000.0,0.0,0.0,0.0,316800000.0,440200000.0,0.192,440200000.0,316800000.0,316800000.0,1.08,1.06,1.08,2017900000.0,1999350000.0,2017900000.0,6297018800.0,20.0,14.305,519700000.0,2.305,1.0,2063700000.0,0.898,900500000.0,0.0,826400000.0,629800000.0,0.0,910400000.0,502100000.0,408300000.0,1411300000.0,985300000.0,426000000.0,7227218800.0,-276300000.0,-243200000.0,-184800000.0,110000000.0,0.0,-48900000.0,-807700000.0,-476400000.0,578700000.0,1600000.0,244900000.0,244900000.0,244900000.0,0.0,0.0,0.107,1750600000.0,313100000.0,75900000.0,0.0,3.582,29.511,29.493,114600000.0,0.0,31.852,3.145,3.126,293300000.0,585400000.0,2297700000.0,2297700000.0,600100000.0,0.073,0.122,0.503,0.138,122900000.0,1113800000.0,1.0,226900000.0,225500000,229900000.0,10.189,2528700000.0,176700000.0,71900000.0,198600000.0,11.214,739300000.0
36,ADSK,MRT,2012-06-30,2012-07-31,2012-07-31,2021-09-01,600000.0,3375900000.0,3231425000.0,1902700000.0,1473200000.0,0.711,9.005,-51400000.0,930200000.0,930200000.0,235700000.0,288300000.0,2.111,0.646,0.0,0.0,0.0,0.0,752000000.0,119400000.0,0.0,0.0,0.0,373800000.0,493200000.0,0.215,493200000.0,373800000.0,373800000.0,1.27,1.25,1.27,2051300000.0,1951750000.0,2051300000.0,6720316000.0,18.0,13.626,507900000.0,2.23,1.0,2062600000.0,0.897,810600000.0,0.0,733700000.0,509150000.0,0.0,786600000.0,500500000.0,286100000.0,1324600000.0,901400000.0,423200000.0,7794816000.0,-201300000.0,-196500000.0,-163000000.0,0.0,0.0,-116900000.0,-646800000.0,-365500000.0,559300000.0,3100000.0,288300000.0,288300000.0,288300000.0,0.0,0.0,0.125,1693700000.0,368900000.0,82900000.0,0.0,3.8,27.037,26.709,109000000.0,0.0,33.92,3.392,3.362,361400000.0,593400000.0,2298300000.0,2298300000.0,588300000.0,0.089,0.148,0.734,0.163,76400000.0,1105400000.0,1.0,229800000.0,227800000,232100000.0,10.089,2565300000.0,181600000.0,85500000.0,196000000.0,11.261,1001300000.0
37,ADSK,MRT,2012-03-31,2012-04-30,2012-04-30,2021-09-01,3700000.0,3317000000.0,3130875000.0,1912100000.0,1404900000.0,0.727,8.967,-51300000.0,1074500000.0,1074500000.0,233300000.0,294900000.0,2.184,0.622,0.0,0.0,0.0,0.0,726900000.0,120200000.0,0.0,0.0,0.0,375900000.0,496100000.0,0.218,496100000.0,375900000.0,375900000.0,1.3,1.27,1.3,2045300000.0,1886200000.0,2045300000.0,7791901000.0,21.0,15.706,533100000.0,2.337,1.0,2042600000.0,0.897,757700000.0,0.0,609300000.0,410300000.0,0.0,721600000.0,437500000.0,284100000.0,1271700000.0,875500000.0,396200000.0,8948801000.0,-16900000.0,-145300000.0,-140200000.0,0.0,0.0,-98800000.0,-504600000.0,-287000000.0,584400000.0,2100000.0,294900000.0,294900000.0,294900000.0,0.0,0.0,0.13,1671600000.0,371000000.0,88900000.0,0.0,4.375,30.345,30.285,104000000.0,0.0,39.37,3.932,3.946,300600000.0,545400000.0,2275900000.0,2275900000.0,582600000.0,0.094,0.156,0.916,0.165,74900000.0,1090300000.0,1.0,227300000.0,228100000,234100000.0,9.978,2559300000.0,168000000.0,81000000.0,189100000.0,11.22,1036600000.0
38,ADSK,MRT,2011-12-31,2012-01-31,2012-01-31,2021-09-01,5900000.0,3227800000.0,3027175000.0,1895900000.0,1331900000.0,0.732,8.269,-63000000.0,1156900000.0,1156900000.0,229100000.0,285300000.0,1.987,0.714,0.0,0.0,0.0,0.0,719200000.0,115500000.0,0.0,0.0,0.0,362900000.0,478400000.0,0.216,478400000.0,362900000.0,362900000.0,1.25,1.22,1.25,1882900000.0,1812675000.0,1882900000.0,7061500000.0,19.0,14.761,510500000.0,2.242,1.0,1986500000.0,0.897,767000000.0,0.0,349800000.0,338675000.0,0.0,447200000.0,254400000.0,192800000.0,1344900000.0,954100000.0,390800000.0,8164800000.0,81800000.0,-221700000.0,-151300000.0,0.0,0.0,-119800000.0,-370300000.0,-55100000.0,573500000.0,-1600000.0,285300000.0,285300000.0,285300000.0,0.0,0.0,0.129,1630900000.0,355600000.0,89300000.0,0.0,4.336,28.618,28.8,104500000.0,0.0,36.0,3.685,3.7,395100000.0,511600000.0,2215600000.0,2215600000.0,566500000.0,0.094,0.157,1.072,0.164,77300000.0,1065700000.0,1.0,226800000.0,227700000,233300000.0,9.73,2460800000.0,165900000.0,77600000.0,189200000.0,10.807,941800000.0
39,ADSK,MRT,2011-09-30,2011-10-31,2011-10-31,2021-09-01,3400000.0,3005000000.0,2917125000.0,1698600000.0,1306400000.0,0.737,8.047,-58900000.0,1103300000.0,1103300000.0,220000000.0,274900000.0,2.088,0.644,0.0,0.0,0.0,0.0,619900000.0,111000000.0,0.0,0.0,0.0,343000000.0,454000000.0,0.211,454000000.0,343000000.0,343000000.0,1.2,1.17,1.2,1827500000.0,1744275000.0,1827500000.0,6757300000.0,20.0,14.884,515300000.0,2.269,1.0,1930900000.0,0.898,744300000.0,0.0,343800000.0,309075000.0,0.0,430900000.0,240300000.0,190600000.0,1177500000.0,813600000.0,363900000.0,7888800000.0,199000000.0,-187700000.0,-139100000.0,0.0,0.0,-106100000.0,-266200000.0,3900000.0,574200000.0,-2900000.0,274900000.0,274900000.0,274900000.0,0.0,0.0,0.128,1595500000.0,335400000.0,81900000.0,0.0,4.317,28.697,28.833,102100000.0,0.0,34.6,3.668,3.653,259200000.0,464200000.0,2150900000.0,2150900000.0,543900000.0,0.094,0.158,1.11,0.159,64200000.0,1051100000.0,1.0,228000000.0,227100000,230700000.0,9.471,2260700000.0,172900000.0,68100000.0,183600000.0,9.955,885000000.0
40,ADSK,MRT,2011-06-30,2011-07-31,2011-07-31,2021-09-01,14300000.0,2973700000.0,2811150000.0,1778800000.0,1194900000.0,0.74,7.799,-57000000.0,1131500000.0,1131500000.0,208900000.0,255700000.0,2.151,0.662,0.0,0.0,0.0,0.0,642400000.0,106600000.0,0.0,0.0,0.0,323400000.0,430000000.0,0.207,430000000.0,323400000.0,323400000.0,1.12,1.08,1.12,1789100000.0,1676425000.0,1789100000.0,6820600000.0,21.0,15.862,493800000.0,2.153,1.0,1870100000.0,0.9,676800000.0,0.0,338300000.0,304900000.0,0.0,421000000.0,241800000.0,179200000.0,1184600000.0,827100000.0,357500000.0,7912000000.0,281500000.0,-99400000.0,-110100000.0,0.0,0.0,-96600000.0,-166900000.0,8100000.0,550800000.0,-5800000.0,255700000.0,255700000.0,255700000.0,0.0,0.0,0.123,1555700000.0,314400000.0,89800000.0,0.0,4.422,30.943,30.714,105200000.0,0.0,34.4,3.806,3.796,297000000.0,418300000.0,2079000000.0,2079000000.0,525500000.0,0.091,0.153,1.061,0.156,75100000.0,1029700000.0,1.0,230000000.0,229400000,236600000.0,9.063,2296900000.0,154100000.0,67700000.0,172700000.0,10.013,951700000.0
41,ADSK,MRT,2011-03-31,2011-04-30,2011-04-30,2021-09-01,4800000.0,2902200000.0,2698975000.0,1732400000.0,1169800000.0,0.743,7.674,-45700000.0,1091400000.0,1091400000.0,199900000.0,244400000.0,2.114,0.657,0.0,0.0,0.0,0.0,622400000.0,103200000.0,0.0,0.0,0.0,309100000.0,412300000.0,0.206,412300000.0,309100000.0,309100000.0,1.07,1.03,1.07,1751200000.0,1610600000.0,1751200000.0,9175842000.0,30.0,22.255,484400000.0,2.123,1.0,1805600000.0,0.9,668500000.0,0.0,322800000.0,303475000.0,0.0,434300000.0,258400000.0,175900000.0,1151000000.0,819500000.0,331500000.0,10250942000.0,153300000.0,-89900000.0,-94100000.0,0.0,0.0,-94100000.0,-278500000.0,-124400000.0,530100000.0,-4200000.0,244400000.0,244400000.0,244400000.0,0.0,0.0,0.122,1506400000.0,299200000.0,101700000.0,0.0,5.854,41.943,42.037,99800000.0,0.0,44.98,5.111,5.118,271000000.0,382900000.0,2005500000.0,2005500000.0,505600000.0,0.091,0.152,1.019,0.154,82300000.0,997100000.0,1.0,227900000.0,228200000,237100000.0,8.788,2233700000.0,141800000.0,64700000.0,168200000.0,9.788,912900000.0
42,ADSK,MRT,2010-12-31,2011-01-31,2011-01-31,2021-09-01,-600000.0,2787600000.0,2598850000.0,1714300000.0,1073300000.0,0.751,7.071,-28300000.0,1075100000.0,1075100000.0,196600000.0,212000000.0,1.971,0.732,0.0,0.0,0.0,0.0,587900000.0,105400000.0,0.0,0.0,0.0,272000000.0,377400000.0,0.193,377400000.0,272000000.0,272000000.0,0.93,0.9,0.93,1609300000.0,1551325000.0,1609300000.0,8346126119.0,31.0,22.115,512500000.0,2.252,1.0,1755200000.0,0.899,611300000.0,0.0,231400000.0,280825000.0,0.0,391800000.0,199200000.0,192600000.0,1178300000.0,869800000.0,308500000.0,9250426119.0,236400000.0,-13500000.0,-159400000.0,0.0,0.0,-159400000.0,-142300000.0,-96500000.0,540800000.0,-2700000.0,212000000.0,212000000.0,212000000.0,0.0,0.0,0.109,1483800000.0,271400000.0,76800000.0,0.0,5.748,43.634,43.742,84500000.0,0.0,40.68,4.739,4.744,318400000.0,342700000.0,1951800000.0,1951800000.0,496200000.0,0.082,0.137,0.969,0.139,80700000.0,976800000.0,1.0,227394939.0,227600000,234200000.0,8.576,2176300000.0,147500000.0,60000000.0,167700000.0,9.562,844500000.0
43,ADSK,MRT,2010-09-30,2010-10-31,2010-10-31,2021-09-01,-4000000.0,2581100000.0,2513750000.0,1470800000.0,1110300000.0,0.748,6.87,-19600000.0,904300000.0,904300000.0,192600000.0,200500000.0,2.002,0.659,0.0,0.0,0.0,0.0,507100000.0,106700000.0,0.0,0.0,0.0,257700000.0,364400000.0,0.194,364400000.0,257700000.0,257700000.0,0.88,0.86,0.88,1556100000.0,1517375000.0,1556100000.0,7377093369.0,29.0,20.244,470900000.0,2.079,1.0,1687600000.0,0.898,615000000.0,0.0,327100000.0,291375000.0,0.0,432300000.0,232500000.0,199800000.0,1025000000.0,734700000.0,290300000.0,8227093369.0,205800000.0,-31000000.0,-149000000.0,0.0,0.0,-149000000.0,-133100000.0,-67100000.0,490500000.0,-2600000.0,200500000.0,200500000.0,200500000.0,0.0,0.0,0.107,1431700000.0,255900000.0,86100000.0,0.0,5.287,41.033,41.134,84800000.0,0.0,36.197,4.376,4.361,240100000.0,318000000.0,1880200000.0,1880200000.0,486100000.0,0.08,0.132,0.884,0.137,81200000.0,936200000.0,1.0,227283469.0,226500000,232400000.0,8.301,1966100000.0,152400000.0,57200000.0,167500000.0,8.68,736100000.0
44,ADSK,MRT,2010-06-30,2010-07-31,2010-07-31,2021-09-01,-2900000.0,2525000000.0,2447325000.0,1417400000.0,1107600000.0,0.744,6.692,-18500000.0,850000000.0,850000000.0,189100000.0,176400000.0,1.96,0.655,0.0,0.0,0.0,0.0,526100000.0,109000000.0,0.0,0.0,0.0,218000000.0,327000000.0,0.18,327000000.0,218000000.0,218000000.0,0.77,0.76,0.77,1525800000.0,1486275000.0,1525800000.0,5840245616.0,27.0,17.86,404400000.0,1.774,1.0,1631300000.0,0.896,619300000.0,0.0,332600000.0,302150000.0,0.0,420700000.0,236600000.0,184100000.0,999200000.0,723100000.0,276100000.0,6778345616.0,181500000.0,-34600000.0,-126400000.0,0.0,0.0,-126400000.0,-116400000.0,-51400000.0,422900000.0,1400000.0,176400000.0,176400000.0,176400000.0,0.0,0.0,0.097,1418300000.0,213000000.0,79000000.0,0.0,4.442,38.426,38.364,88500000.0,0.0,29.54,3.724,3.7,231000000.0,303600000.0,1820400000.0,1820400000.0,472600000.0,0.072,0.119,0.721,0.12,94500000.0,931400000.0,1.0,229463291.0,228000000,233800000.0,7.984,1905700000.0,156700000.0,41600000.0,158100000.0,8.358,694300000.0
45,ADSK,MRT,2010-03-31,2010-04-30,2010-04-30,2021-09-01,-1100000.0,2501700000.0,2393850000.0,1394000000.0,1107700000.0,0.736,6.612,-23900000.0,938100000.0,938100000.0,190800000.0,127000000.0,1.961,0.652,0.0,0.0,0.0,0.0,543700000.0,111200000.0,0.0,0.0,0.0,151500000.0,262700000.0,0.149,262700000.0,151500000.0,151500000.0,0.56,0.56,0.56,1514100000.0,1451100000.0,1514100000.0,6955207000.0,46.0,26.476,334800000.0,1.462,1.0,1571700000.0,0.892,620400000.0,0.0,232200000.0,308675000.0,0.0,301200000.0,121700000.0,179500000.0,987600000.0,711000000.0,276600000.0,7793907000.0,57600000.0,-26100000.0,-41200000.0,-2100000.0,0.0,-43300000.0,-261000000.0,-199600000.0,358700000.0,3200000.0,127000000.0,127000000.0,127000000.0,0.0,0.0,0.072,1435800000.0,135900000.0,90400000.0,0.0,5.148,61.369,60.696,95500000.0,0.0,33.99,4.422,4.416,218100000.0,277600000.0,1762500000.0,1762500000.0,463100000.0,0.053,0.088,0.491,0.086,94900000.0,933900000.0,1.0,229300000.0,229000000,234600000.0,7.697,1881300000.0,156200000.0,24500000.0,146400000.0,8.215,683000000.0
46,ADSK,MRT,2009-12-31,2010-01-31,2010-01-31,2021-09-01,-3500000.0,2447200000.0,2335800000.0,1379600000.0,1067600000.0,0.734,6.443,-31700000.0,838700000.0,838700000.0,191800000.0,58000000.0,1.96,0.661,0.0,0.0,0.0,0.0,516500000.0,111500000.0,0.0,0.0,0.0,84700000.0,196200000.0,0.114,196200000.0,84700000.0,84700000.0,0.25,0.25,0.25,1473500000.0,1404700000.0,1473500000.0,4766527666.0,56.0,24.294,215100000.0,0.941,1.0,1521900000.0,0.888,630900000.0,0.0,273600000.0,271525000.0,0.0,287500000.0,161900000.0,125600000.0,973700000.0,704000000.0,269700000.0,5465027666.0,-78900000.0,-26100000.0,6800000.0,-52100000.0,0.0,-45300000.0,-283000000.0,-213800000.0,246800000.0,2600000.0,58000000.0,58000000.0,58000000.0,0.0,0.0,0.034,1456300000.0,65600000.0,67800000.0,0.0,3.709,94.225,95.16,101600000.0,0.0,23.79,3.189,3.175,277400000.0,272700000.0,1713700000.0,1713700000.0,457500000.0,0.025,0.041,0.312,0.049,93600000.0,929600000.0,1.0,229719532.0,228700000,232100000.0,7.493,1816300000.0,146100000.0,26700000.0,135600000.0,7.942,675600000.0
47,ADSK,MRT,2009-09-30,2009-10-31,2009-10-31,2021-09-01,3700000.0,2315400000.0,2329175000.0,1287100000.0,1028300000.0,0.75,6.236,-49500000.0,698500000.0,698500000.0,195900000.0,-97500000.0,2.052,0.617,0.0,0.0,0.0,0.0,469500000.0,111700000.0,0.0,0.0,0.0,-109700000.0,2000000.0,0.001,2000000.0,-109700000.0,-109700000.0,-0.43,-0.41,-0.43,1431700000.0,1364000000.0,1431700000.0,5058735712.0,-46.0,2529.368,158100000.0,0.689,1.0,1551500000.0,0.888,619400000.0,0.0,370200000.0,227950000.0,0.0,355100000.0,263100000.0,92000000.0,883700000.0,627300000.0,256400000.0,5727235712.0,-97900000.0,-70800000.0,29100000.0,-4000000.0,0.0,25100000.0,-334800000.0,-214500000.0,207600000.0,4200000.0,-97500000.0,-97500000.0,-97500000.0,0.0,0.0,-0.056,1675700000.0,-124200000.0,60000000.0,0.0,4.0,-58.741,-57.977,111900000.0,0.0,24.93,3.278,3.276,215700000.0,233800000.0,1747400000.0,1747400000.0,479300000.0,-0.042,-0.071,-0.481,-0.063,93300000.0,958500000.0,1.0,229732680.0,229600000,232900000.0,7.611,1696000000.0,142500000.0,-12200000.0,133000000.0,7.387,659800000.0
48,ADSK,MRT,2009-06-30,2009-07-31,2009-07-31,2021-09-01,-1400000.0,2311100000.0,2343750000.0,1267300000.0,1043800000.0,0.827,6.051,-62800000.0,668500000.0,668500000.0,203800000.0,-22500000.0,1.915,0.669,0.0,0.0,0.0,0.0,501900000.0,108200000.0,0.0,0.0,0.0,-5500000.0,102700000.0,0.053,102700000.0,-5500000.0,-5500000.0,-0.1,-0.09,-0.1,1385100000.0,1356100000.0,1385100000.0,4103199527.0,-746.0,39.953,205300000.0,0.897,1.0,1733800000.0,0.895,622200000.0,0.0,358700000.0,179625000.0,0.0,360200000.0,267900000.0,92300000.0,926000000.0,661700000.0,264300000.0,4981599527.0,-261100000.0,-100600000.0,84100000.0,-120000000.0,0.0,-35900000.0,-490200000.0,-326800000.0,268100000.0,-3100000.0,-22500000.0,-22500000.0,-22500000.0,0.0,0.0,-0.012,1744700000.0,-10900000.0,56700000.0,0.0,3.597,-221.404,-218.1,118300000.0,0.0,21.81,2.571,2.577,223900000.0,219900000.0,1937600000.0,1937600000.0,507000000.0,-0.01,-0.017,-0.031,-0.003,85500000.0,1004700000.0,1.0,228408965.0,228900000,232300000.0,8.465,1688900000.0,141000000.0,17000000.0,140400000.0,7.378,605600000.0
49,ADSK,MRT,2009-03-31,2009-04-30,2009-04-30,2021-09-01,-9700000.0,2269500000.0,2376850000.0,1302200000.0,967300000.0,0.901,5.85,-77600000.0,880500000.0,880500000.0,213400000.0,56800000.0,1.91,0.708,2100000.0,2100000.0,0.0,2100000.0,534000000.0,101900000.0,0.0,0.0,0.0,106200000.0,208100000.0,0.097,208100000.0,106200000.0,106200000.0,0.25,0.25,0.25,1328500000.0,1324800000.0,1328500000.0,3648916000.0,34.0,17.534,358200000.0,1.577,1.0,1928800000.0,0.9,625700000.0,0.0,83600000.0,97900000.0,0.0,86000000.0,78400000.0,7600000.0,941000000.0,681800000.0,259200000.0,4514416000.0,-28600000.0,-364700000.0,80200000.0,-37900000.0,0.0,42300000.0,-501100000.0,-58800000.0,435800000.0,-5600000.0,56800000.0,56800000.0,56800000.0,0.0,0.0,0.027,1823600000.0,105200000.0,65000000.0,0.0,3.398,79.479,79.76,120700000.0,0.0,19.94,2.107,2.114,228600000.0,209400000.0,2142200000.0,2142200000.0,552000000.0,0.024,0.043,1.085,0.05,87300000.0,1065000000.0,1.0,226400000.0,227100000,227100000.0,9.433,1643800000.0,135300000.0,49400000.0,139600000.0,7.238,620400000.0
50,ADSK,MRT,2008-12-31,2009-01-31,2009-01-31,2021-09-01,-11200000.0,2420700000.0,2344475000.0,1388000000.0,1032700000.0,0.988,5.812,-78400000.0,917600000.0,917600000.0,219100000.0,183600000.0,1.735,0.847,52100000.0,52100000.0,0.0,52100000.0,552100000.0,91800000.0,0.0,0.0,0.0,252500000.0,344300000.0,0.149,344300000.0,252500000.0,252500000.0,0.81,0.8,0.81,1310700000.0,1276525000.0,1310700000.0,2954845426.0,12.0,8.582,515500000.0,2.286,1.0,2096100000.0,0.905,655800000.0,0.0,99300000.0,84050000.0,0.0,71100000.0,63500000.0,7600000.0,1110000000.0,800100000.0,309900000.0,3747345426.0,-300000.0,-364500000.0,-166500000.0,52100000.0,0.0,-114400000.0,-478100000.0,-35200000.0,593900000.0,-1700000.0,183600000.0,183600000.0,183600000.0,0.0,0.0,0.079,1851600000.0,244500000.0,62400000.0,0.0,2.859,20.41,20.444,120600000.0,0.0,16.56,1.619,1.613,316500000.0,241500000.0,2315200000.0,2315200000.0,576100000.0,0.078,0.144,3.004,0.109,89500000.0,1106400000.0,1.0,226288975.0,225500000,230100000.0,10.267,1764900000.0,156800000.0,68900000.0,156300000.0,7.827,587900000.0
51,ADSK,MRT,2008-09-30,2008-10-31,2008-10-31,2021-09-01,-6000000.0,2373700000.0,2292350000.0,1310400000.0,1063300000.0,1.058,6.214,-73300000.0,796400000.0,796400000.0,222200000.0,385400000.0,1.973,0.695,3900000.0,3900000.0,0.0,3900000.0,499400000.0,81700000.0,0.0,0.0,0.0,519000000.0,600700000.0,0.248,600700000.0,519000000.0,519000000.0,1.7,1.65,1.7,1400100000.0,1256475000.0,1400100000.0,3984152308.0,8.0,6.633,653200000.0,2.899,1.0,2202300000.0,0.908,740000000.0,0.0,176900000.0,73275000.0,0.0,145100000.0,136800000.0,8300000.0,973600000.0,664300000.0,309300000.0,4793752308.0,-31900000.0,-345800000.0,-240400000.0,4000000.0,0.0,-236400000.0,-520600000.0,-101500000.0,726500000.0,-1400000.0,385400000.0,385400000.0,385400000.0,0.0,0.0,0.159,1699900000.0,502400000.0,76000000.0,0.0,3.424,12.438,12.535,116600000.0,0.0,21.31,1.977,1.98,291400000.0,346900000.0,2424500000.0,2424500000.0,575000000.0,0.168,0.307,7.083,0.214,97100000.0,1124900000.0,1.0,224953182.0,225300000,230400000.0,10.761,1633700000.0,120800000.0,133600000.0,160600000.0,7.251,646100000.0
52,ADSK,MRT,2008-06-30,2008-07-31,2008-07-31,2021-09-01,19900000.0,2443500000.0,2196675000.0,1402500000.0,1041000000.0,1.072,5.62,-65000000.0,929600000.0,929600000.0,220900000.0,365700000.0,1.614,0.939,120000000.0,120000000.0,0.0,120000000.0,562600000.0,71800000.0,0.0,0.0,0.0,492800000.0,564600000.0,0.24,564600000.0,492800000.0,492800000.0,1.61,1.55,1.61,1259900000.0,1201150000.0,1259900000.0,6272602900.0,13.0,11.11,715600000.0,3.192,1.0,2134900000.0,0.906,733100000.0,0.0,31800000.0,55000000.0,0.0,40900000.0,32600000.0,8300000.0,1183600000.0,869000000.0,314600000.0,7141702900.0,154700000.0,-357100000.0,-340900000.0,120000000.0,0.0,-220900000.0,-410900000.0,11200000.0,780600000.0,5900000.0,365700000.0,365700000.0,365700000.0,0.0,0.0,0.155,1666500000.0,468400000.0,78100000.0,0.0,5.668,19.529,19.807,109200000.0,0.0,31.89,3.032,3.035,325200000.0,242400000.0,2355800000.0,2355800000.0,561200000.0,0.166,0.304,8.96,0.209,111800000.0,1105300000.0,1.0,223948037.0,224200000,231100000.0,10.508,1710400000.0,125700000.0,127100000.0,151800000.0,7.629,533500000.0
53,ADSK,MRT,2008-03-31,2008-04-30,2008-04-30,2021-09-01,20100000.0,2140000000.0,2055325000.0,1423400000.0,716600000.0,1.101,5.019,-50900000.0,909100000.0,909100000.0,213100000.0,367500000.0,1.938,0.885,40000000.0,40000000.0,0.0,40000000.0,549700000.0,64000000.0,0.0,0.0,0.0,485600000.0,549600000.0,0.243,549600000.0,485600000.0,485600000.0,1.61,1.54,1.61,1135400000.0,1164350000.0,1135400000.0,7833500000.0,16.0,14.253,651300000.0,2.879,1.0,2049100000.0,0.906,508200000.0,0.0,28200000.0,69250000.0,0.0,41200000.0,32900000.0,8300000.0,1004600000.0,734500000.0,270100000.0,8751400000.0,146800000.0,-114300000.0,-597000000.0,40000000.0,0.0,-557000000.0,-4700000.0,160500000.0,702200000.0,6300000.0,367500000.0,367500000.0,367500000.0,0.0,0.0,0.162,1585000000.0,464100000.0,73700000.0,0.0,7.708,23.813,23.602,84300000.0,0.0,38.0,3.869,3.8,333500000.0,152600000.0,2262200000.0,2262200000.0,521300000.0,0.179,0.316,7.012,0.215,109700000.0,1063700000.0,1.0,230300000.0,226200000,232600000.0,10.001,1631800000.0,136500000.0,118100000.0,111900000.0,7.214,688900000.0
54,ADSK,MRT,2007-12-31,2008-01-31,2008-01-31,2021-09-01,13800000.0,2212200000.0,2017675000.0,1481800000.0,730400000.0,1.076,5.343,-43300000.0,917900000.0,917900000.0,207700000.0,356200000.0,2.029,0.798,0.0,0.0,0.0,0.0,506100000.0,61300000.0,0.0,0.0,0.0,470000000.0,531300000.0,0.245,531300000.0,470000000.0,470000000.0,1.55,1.47,1.55,1230500000.0,1191550000.0,1230500000.0,8673235000.0,18.0,16.325,665200000.0,2.888,1.0,1964200000.0,0.904,507800000.0,0.0,56200000.0,121725000.0,0.0,39800000.0,31400000.0,8400000.0,981700000.0,730300000.0,251400000.0,9501535000.0,252000000.0,-114500000.0,-375700000.0,0.0,0.0,-375700000.0,-85700000.0,72100000.0,708500000.0,4900000.0,356200000.0,356200000.0,356200000.0,0.0,0.0,0.164,1518600000.0,445600000.0,79300000.0,0.0,7.722,26.675,26.548,80200000.0,0.0,41.15,4.375,4.363,386500000.0,218400000.0,2171900000.0,2171900000.0,490500000.0,0.177,0.299,3.861,0.216,99300000.0,1028100000.0,1.0,230900000.0,230300000,242000000.0,9.431,1704400000.0,152700000.0,113800000.0,104200000.0,7.401,751500000.0
55,ADSK,MRT,2007-09-30,2007-10-31,2007-10-31,2021-09-01,11800000.0,1991000000.0,1914000000.0,1320300000.0,670700000.0,1.082,5.139,-39000000.0,828300000.0,828300000.0,211900000.0,356100000.0,2.171,0.689,0.0,0.0,0.0,0.0,423900000.0,58400000.0,0.0,0.0,0.0,463300000.0,521700000.0,0.252,521700000.0,463300000.0,463300000.0,1.55,1.46,1.55,1178800000.0,1162675000.0,1178800000.0,10472100000.0,23.0,20.073,641300000.0,2.796,1.0,1858400000.0,0.898,450800000.0,0.0,103800000.0,145375000.0,0.0,44300000.0,44300000.0,0.0,812200000.0,608100000.0,204100000.0,11247000000.0,313400000.0,-66000000.0,-302700000.0,0.0,0.0,-302700000.0,-66900000.0,38100000.0,680300000.0,2700000.0,356100000.0,356100000.0,356100000.0,0.0,0.0,0.172,1417200000.0,441200000.0,77200000.0,0.0,9.541,31.584,31.548,68700000.0,0.0,48.9,5.433,5.418,299200000.0,179100000.0,2070300000.0,2070300000.0,457100000.0,0.186,0.306,3.187,0.224,92000000.0,960100000.0,1.0,230000000.0,229400000,239900000.0,9.025,1540200000.0,169100000.0,107200000.0,79100000.0,6.714,712200000.0
56,ADSK,MRT,2007-06-30,2007-07-31,2007-07-31,2021-09-01,4500000.0,1878100000.0,1816325000.0,1264900000.0,613200000.0,1.095,4.832,-35100000.0,774900000.0,774900000.0,216600000.0,329300000.0,2.117,0.688,0.0,0.0,0.0,0.0,411900000.0,56100000.0,0.0,0.0,0.0,427900000.0,484000000.0,0.243,484000000.0,427900000.0,427900000.0,1.43,1.35,1.43,1112700000.0,1118125000.0,1112700000.0,9033644000.0,21.0,18.665,616800000.0,2.678,1.0,1772100000.0,0.891,416900000.0,0.0,88800000.0,158025000.0,0.0,52000000.0,52000000.0,0.0,765400000.0,597500000.0,167900000.0,9795944000.0,335800000.0,-30300000.0,-231300000.0,0.0,0.0,-231300000.0,-85700000.0,-22900000.0,651900000.0,900000.0,329300000.0,329300000.0,329300000.0,0.0,0.0,0.166,1367900000.0,404200000.0,77100000.0,0.0,8.804,29.748,29.629,66500000.0,0.0,42.37,4.926,4.907,278400000.0,180700000.0,1988700000.0,1988700000.0,442800000.0,0.181,0.295,2.708,0.215,93600000.0,925100000.0,1.0,231200000.0,230300000,243000000.0,8.635,1461200000.0,164400000.0,98600000.0,60800000.0,6.345,667400000.0
57,ADSK,MRT,2007-03-31,2007-04-30,2007-04-30,2021-09-01,2400000.0,1989400000.0,1715675000.0,1384500000.0,604900000.0,1.115,5.381,-30700000.0,762300000.0,762300000.0,220500000.0,324500000.0,2.367,0.599,0.0,0.0,0.0,0.0,399900000.0,55200000.0,0.0,0.0,0.0,414900000.0,470100000.0,0.246,470100000.0,414900000.0,414900000.0,1.41,1.33,1.41,1244200000.0,1063700000.0,1244200000.0,9304959000.0,22.0,19.794,647300000.0,2.8,1.0,1691900000.0,0.885,404000000.0,0.0,238100000.0,166900000.0,0.0,201700000.0,201700000.0,0.0,745200000.0,585000000.0,160200000.0,9562259000.0,505000000.0,-9000000.0,-63600000.0,0.0,0.0,-63600000.0,-110500000.0,-73100000.0,678000000.0,1100000.0,324500000.0,324500000.0,324500000.0,0.0,0.0,0.17,1300100000.0,391800000.0,76800000.0,0.0,7.685,29.468,29.27,63900000.0,0.0,41.27,5.0,4.989,260400000.0,320000000.0,1912400000.0,1912400000.0,425900000.0,0.189,0.305,2.486,0.217,92500000.0,874200000.0,1.0,231700000.0,231200000,243800000.0,8.272,1585400000.0,178700000.0,90400000.0,59900000.0,6.857,799500000.0
58,ADSK,MRT,2006-12-31,2007-01-31,2007-01-31,2021-09-01,-3600000.0,1797500000.0,1578225000.0,1189700000.0,607800000.0,1.166,4.833,-35300000.0,665900000.0,665900000.0,217700000.0,289700000.0,2.072,0.612,0.0,0.0,0.0,0.0,378800000.0,53500000.0,0.0,0.0,0.0,366500000.0,420000000.0,0.228,420000000.0,366500000.0,366500000.0,1.26,1.19,1.26,1115000000.0,964225000.0,1115000000.0,9872624000.0,27.0,23.506,541300000.0,2.346,1.0,1622100000.0,0.882,406600000.0,0.0,150800000.0,171400000.0,0.0,112000000.0,112000000.0,0.0,682500000.0,574200000.0,108300000.0,10129924000.0,378700000.0,-52500000.0,-80200000.0,0.0,0.0,-80200000.0,-117800000.0,-32300000.0,576600000.0,100000.0,289700000.0,289700000.0,289700000.0,0.0,0.0,0.157,1272400000.0,349700000.0,61000000.0,0.0,9.085,34.967,34.698,65600000.0,0.0,43.72,5.506,5.482,301300000.0,210300000.0,1839800000.0,1839800000.0,410600000.0,0.184,0.3,2.138,0.199,99400000.0,861800000.0,1.0,231700000.0,230700000,243200000.0,7.975,1390900000.0,137900000.0,76800000.0,23600000.0,6.029,615500000.0
59,ADSK,MRT,2006-09-30,2006-10-31,2006-10-31,2021-09-01,-3300000.0,1600300000.0,1467800000.0,968600000.0,631700000.0,1.201,4.333,-30600000.0,514900000.0,514900000.0,202600000.0,276700000.0,1.891,0.599,0.0,0.0,0.0,0.0,313800000.0,49100000.0,0.0,0.0,0.0,344800000.0,393900000.0,0.224,393900000.0,344800000.0,344800000.0,1.21,1.14,1.21,1000600000.0,886225000.0,1000600000.0,8257675000.0,24.0,20.964,469000000.0,2.031,1.0,1559600000.0,0.885,418800000.0,0.0,154400000.0,186900000.0,7500000.0,82400000.0,82400000.0,0.0,599700000.0,512200000.0,87500000.0,8514975000.0,124000000.0,-241900000.0,-169500000.0,0.0,0.0,-169700000.0,-206400000.0,63900000.0,499600000.0,500000.0,276700000.0,276700000.0,276700000.0,0.0,0.0,0.157,1231300000.0,328300000.0,70900000.0,0.0,8.51,30.773,30.372,64100000.0,0.0,36.75,4.832,4.815,256000000.0,113900000.0,1762200000.0,1762200000.0,395300000.0,0.189,0.312,1.845,0.196,100800000.0,836000000.0,1.0,231700000.0,230900000,242000000.0,7.632,1181500000.0,150300000.0,68100000.0,17000000.0,5.117,456400000.0
60,ADSK,MRT,2006-06-30,2006-07-31,2006-07-31,2021-09-01,-3000000.0,1475500000.0,1390382250.0,835900000.0,639600000.0,1.213,3.883,-29000000.0,439100000.0,439100000.0,188800000.0,314400000.0,1.683,0.649,0.0,0.0,0.0,0.0,312200000.0,45400000.0,0.0,0.0,0.0,368600000.0,414000000.0,0.245,414000000.0,368600000.0,368600000.0,1.38,1.28,1.38,895000000.0,830350250.0,895000000.0,7645987000.0,21.0,18.469,462600000.0,2.007,1.0,1498100000.0,0.888,415300000.0,0.0,124300000.0,204648750.0,7000000.0,29100000.0,29100000.0,0.0,580500000.0,496800000.0,83700000.0,7903287000.0,-39600000.0,-242300000.0,-262900000.0,0.0,0.0,-263100000.0,-268600000.0,3100000.0,491600000.0,500000.0,314400000.0,314400000.0,314400000.0,0.0,0.0,0.186,1143200000.0,354900000.0,47800000.0,0.0,8.83,25.138,24.717,64800000.0,0.0,34.11,4.685,4.661,258700000.0,55900000.0,1686900000.0,1686900000.0,360700000.0,0.226,0.379,1.801,0.219,117700000.0,782500000.0,1.0,231700000.0,230500000,243100000.0,7.318,1060200000.0,156300000.0,54200000.0,20900000.0,4.6,339100000.0
61,ADSK,MRT,2006-03-31,2006-04-30,2006-04-30,2021-09-01,-5700000.0,1439600000.0,1316980250.0,786900000.0,652700000.0,1.226,3.675,-26400000.0,257300000.0,257300000.0,177500000.0,304300000.0,1.513,0.701,0.0,0.0,0.0,0.0,327100000.0,43600000.0,0.0,0.0,0.0,357900000.0,401500000.0,0.249,401500000.0,357900000.0,357900000.0,1.34,1.23,1.34,846300000.0,784670250.0,846300000.0,9386204000.0,26.0,23.378,415700000.0,1.805,1.0,1436600000.0,0.89,406200000.0,0.0,256100000.0,189370750.0,13200000.0,128500000.0,128500000.0,0.0,593300000.0,520000000.0,73300000.0,9673404000.0,-260800000.0,-271000000.0,-285100000.0,0.0,0.0,-285300000.0,-417000000.0,-119500000.0,442100000.0,-600000.0,304300000.0,304300000.0,304300000.0,0.0,0.0,0.189,1092400000.0,344200000.0,59800000.0,0.0,11.43,31.789,31.373,65900000.0,0.0,42.04,5.993,5.998,276400000.0,42900000.0,1614100000.0,1614100000.0,336200000.0,0.231,0.388,1.89,0.222,126900000.0,756200000.0,1.0,230100000.0,230300000,244700000.0,7.009,1033400000.0,184900000.0,53600000.0,21100000.0,4.487,266900000.0
62,ADSK,MRT,2005-12-31,2006-01-31,2006-01-31,2021-09-01,-7400000.0,1355800000.0,1251481500.0,746800000.0,609000000.0,1.228,3.507,-20500000.0,287200000.0,287200000.0,171100000.0,333600000.0,1.531,0.688,0.0,0.0,0.0,0.0,266500000.0,43700000.0,0.0,0.0,0.015,391700000.0,435400000.0,0.283,435400000.0,391700000.0,391700000.0,1.46,1.35,1.46,803000000.0,750793000.0,803000000.0,8977294000.0,23.0,20.618,394700000.0,1.724,1.0,1366100000.0,0.889,368000000.0,0.0,212800000.0,135321250.0,14200000.0,90300000.0,90300000.0,0.0,552800000.0,487800000.0,65000000.0,9368172000.0,-230500000.0,-242100000.0,-302000000.0,0.0,-3400000.0,-305600000.0,-338000000.0,-75300000.0,415200000.0,-2100000.0,333600000.0,333600000.0,333600000.0,0.0,0.0,0.217,987600000.0,378500000.0,56400000.0,0.01,11.666,28.082,27.801,61400000.0,0.0,40.59,6.094,6.047,261400000.0,16700000.0,1537200000.0,1537200000.0,303200000.0,0.267,0.444,2.895,0.255,129200000.0,684400000.0,1.0,230800000.0,229000000,247500000.0,6.713,987800000.0,188600000.0,58100000.0,10800000.0,4.314,259000000.0
63,ADSK,MRT,2005-09-30,2005-10-31,2005-10-31,2021-09-01,-7661000.0,1290629000.0,1198081500.0,859786000.0,430843000.0,1.231,3.385,-28409000.0,390878000.0,390878000.0,174718000.0,313860000.0,1.855,0.661,0.0,0.0,0.0,0.0,243124000.0,47119000.0,0.0,0.001,0.03,365181000.0,412300000.0,0.28,412300000.0,365181000.0,365181000.0,1.37,1.27,1.37,777101000.0,712068000.0,777101000.0,9826745000.0,27.0,23.834,416865000.0,1.816,1.0,1299970000.0,0.882,210933000.0,0.0,225395000.0,77196250.0,15112000.0,157062000.0,157062000.0,0.0,513528000.0,463423000.0,50105000.0,10305408000.0,13801000.0,-52750000.0,-328290000.0,0.0,-6754000.0,-335244000.0,-97110000.0,-16538000.0,445274000.0,881000.0,313860000.0,313860000.0,313860000.0,0.0,0.0,0.213,947793000.0,352177000.0,62483000.0,0.022,13.261,32.834,32.934,60132000.0,0.0,45.12,6.988,7.025,201769000.0,32321000.0,1474688000.0,1474688000.0,279035000.0,0.262,0.441,4.731,0.248,138971000.0,656947000.0,1.0,228400000.0,229600000,249500000.0,6.423,1079696000.0,210321000.0,51321000.0,40257000.0,4.703,396363000.0
64,ADSK,MRT,2005-06-30,2005-07-31,2005-07-31,2021-09-01,-8487000.0,1181892000.0,1145956000.0,806010000.0,375882000.0,1.216,3.114,-36525000.0,478663000.0,478663000.0,175612000.0,292230000.0,1.852,0.659,0.0,0.0,0.0,0.0,231540000.0,50828000.0,0.0,0.001,0.045,323440000.0,374268000.0,0.269,374268000.0,323440000.0,323440000.0,1.28,1.19,1.28,712280000.0,686112250.0,712280000.0,7297756000.0,23.0,19.499,374628000.0,1.638,1.0,1217734000.0,0.874,204936000.0,0.0,63188000.0,50259000.0,14301000.0,42807000.0,42807000.0,0.0,469612000.0,435105000.0,34507000.0,7815834000.0,132778000.0,-43350000.0,-377869000.0,0.0,-10159000.0,-388228000.0,103450000.0,182735000.0,411153000.0,6403000.0,292230000.0,292230000.0,292230000.0,0.0,0.0,0.21,906899000.0,310835000.0,62658000.0,0.035,10.973,26.745,26.711,61076000.0,0.0,34.19,5.609,5.612,202415000.0,31270000.0,1393346000.0,1393346000.0,264677000.0,0.255,0.426,6.435,0.232,152809000.0,627489000.0,1.0,228600000.0,228700000,250300000.0,6.092,976956000.0,136257000.0,31210000.0,22813000.0,4.272,370905000.0
65,ADSK,MRT,2005-03-31,2005-04-30,2005-04-30,2021-09-01,-3311000.0,1177605000.0,1112834500.0,796710000.0,380895000.0,1.165,3.122,-42036000.0,518078000.0,518078000.0,171328000.0,254695000.0,1.824,0.657,0.0,0.0,0.0,0.0,222074000.0,51998000.0,0.0,0.002,0.06,280763000.0,332761000.0,0.257,332761000.0,280763000.0,280763000.0,1.11,1.04,1.11,710791000.0,673308500.0,710791000.0,6739586000.0,24.0,20.254,339401000.0,1.491,1.0,1124796000.0,0.868,182725000.0,0.0,39902000.0,68077000.0,14724000.0,19698000.0,19698000.0,0.0,466814000.0,436900000.0,29914000.0,7257240000.0,214002000.0,-19900000.0,-293501000.0,0.0,-13598000.0,-307299000.0,133250000.0,195243000.0,381437000.0,6614000.0,254695000.0,254695000.0,254695000.0,0.0,0.0,0.197,856017000.0,268779000.0,61191000.0,0.054,10.21,28.494,28.676,65585000.0,0.0,31.83,5.599,5.592,190216000.0,49495000.0,1296124000.0,1296124000.0,249519000.0,0.229,0.378,4.124,0.217,123789000.0,588048000.0,1.0,228000000.0,227700000,249300000.0,5.692,994880000.0,142401000.0,26068000.0,53720000.0,4.369,359810000.0
66,ADSK,MRT,2004-12-31,2005-01-31,2005-01-31,2021-09-01,-2800000.0,1142200000.0,1066008250.0,781800000.0,360400000.0,1.162,2.855,-42400000.0,517700000.0,517700000.0,169700000.0,221100000.0,1.669,0.762,0.0,0.0,0.0,0.0,194200000.0,51900000.0,0.0,0.002,0.06,243100000.0,295000000.0,0.238,295000000.0,243100000.0,243100000.0,0.97,0.9,0.97,648100000.0,654916500.0,648100000.0,6363267000.0,26.0,21.57,330900000.0,1.458,1.0,1069200000.0,0.863,175900000.0,0.0,-19700000.0,96451750.0,12500000.0,15000000.0,15000000.0,0.0,494100000.0,468300000.0,25800000.0,6740415000.0,235500000.0,-11800000.0,-304100000.0,0.0,-13500000.0,-317800000.0,175600000.0,230700000.0,373300000.0,4400000.0,221100000.0,221100000.0,221100000.0,0.0,0.0,0.178,837500000.0,231700000.0,46200000.0,0.062,10.4,30.486,30.278,69600000.0,0.0,29.37,5.441,5.381,196800000.0,26000000.0,1238900000.0,1238900000.0,241500000.0,0.207,0.338,2.52,0.196,124400000.0,569300000.0,1.0,229500000.0,227000000,247000000.0,5.458,966300000.0,119400000.0,22000000.0,41600000.0,4.257,313500000.0
67,ADSK,MRT,2004-09-30,2004-10-31,2004-10-31,2021-09-01,-4432000.0,1082127000.0,1034748250.0,697520000.0,384607000.0,1.133,2.955,-40675000.0,377148000.0,377148000.0,162684000.0,213323000.0,1.711,0.607,0.0,0.0,0.0,0.0,157105000.0,52915000.0,0.0,0.002,0.06,230683000.0,283598000.0,0.242,283598000.0,230683000.0,230683000.0,0.95,0.88,0.95,673278000.0,648302250.0,673278000.0,5751929000.0,25.0,20.282,307901000.0,1.351,1.0,1010195000.0,0.861,179777000.0,0.0,117646000.0,144006000.0,12530000.0,140816000.0,56917000.0,83899000.0,408849000.0,407556000.0,1293000.0,6097900000.0,142366000.0,-11800000.0,-221102000.0,0.0,-13470000.0,-234572000.0,22700000.0,76311000.0,348576000.0,5662000.0,213323000.0,213323000.0,213323000.0,0.0,0.0,0.182,795761000.0,214434000.0,50909000.0,0.063,9.057,28.585,27.763,67899000.0,0.0,26.375,5.199,5.123,168044000.0,77186000.0,1172879000.0,1172879000.0,231318000.0,0.206,0.329,1.602,0.197,94632000.0,546354000.0,1.0,231200000.0,227823000,248045000.0,5.148,902350000.0,101033000.0,17360000.0,37734000.0,3.961,289964000.0
68,ADSK,MRT,2004-06-30,2004-07-31,2004-07-31,2021-09-01,-9521000.0,1049406000.0,997923500.0,642403000.0,407003000.0,1.109,2.899,-32010000.0,345971000.0,345971000.0,155899000.0,161859000.0,1.667,0.587,0.0,0.0,0.0,0.0,149390000.0,51543000.0,0.0,0.003,0.06,203769000.0,255312000.0,0.231,255312000.0,203769000.0,203769000.0,0.72,0.68,0.72,661065000.0,629104250.0,661065000.0,4258553000.0,21.0,16.68,279166000.0,1.224,1.0,950684000.0,0.859,183723000.0,0.0,134460000.0,160370750.0,16312000.0,225703000.0,76390000.0,149313000.0,388341000.0,385252000.0,3089000.0,4562700000.0,126475000.0,-11800000.0,-94427000.0,0.0,-13461000.0,-107888000.0,-81122000.0,-34674000.0,311176000.0,4309000.0,161859000.0,161859000.0,161859000.0,0.0,0.0,0.146,762168000.0,188516000.0,44315000.0,0.083,6.902,28.189,27.917,64417000.0,0.0,20.1,4.123,4.141,156273000.0,140071000.0,1106583000.0,1106583000.0,224380000.0,0.162,0.257,1.271,0.184,25578000.0,522621000.0,1.0,227000000.0,228004000,250607000.0,4.853,865683000.0,21504000.0,41910000.0,47641000.0,3.797,257151000.0
69,ADSK,MRT,2004-03-31,2004-04-30,2004-04-30,2021-09-01,-8889000.0,990300000.0,964600250.0,565243000.0,425057000.0,1.077,2.843,-31881000.0,304147000.0,304147000.0,151729000.0,155296000.0,1.614,0.554,0.0,0.0,0.0,0.0,137220000.0,50495000.0,0.0,0.004,0.06,169257000.0,219752000.0,0.212,219752000.0,169257000.0,169257000.0,0.695,0.665,0.695,637223000.0,609043250.0,637223000.0,3655176000.0,22.0,16.633,225976000.0,1.008,1.0,886981000.0,0.854,182431000.0,0.0,153401000.0,171835250.0,16686000.0,215243000.0,49780000.0,165463000.0,353077000.0,350321000.0,2756000.0,3937425000.0,124632000.0,-6550000.0,-92441000.0,0.0,-13355000.0,-105796000.0,-34145000.0,4881000.0,257857000.0,6716000.0,155296000.0,155296000.0,155296000.0,0.0,0.0,0.15,733868000.0,153113000.0,46639000.0,0.086,6.179,25.354,24.108,63552000.0,0.0,16.755,3.791,3.615,142630000.0,127097000.0,1038710000.0,1038710000.0,215702000.0,0.161,0.255,0.985,0.163,25854000.0,506716000.0,1.0,235000000.0,224104000,238565000.0,4.635,807869000.0,27930000.0,13961000.0,44403000.0,3.605,214922000.0
70,ADSK,MRT,2003-12-31,2004-01-31,2004-01-31,2021-09-01,-4754000.0,1017160000.0,935141000.0,597252000.0,419908000.0,1.018,2.788,-30100000.0,282249000.0,282249000.0,148100000.0,120300000.0,1.552,0.636,0.0,0.0,0.0,0.0,127276000.0,50300000.0,0.0,0.005,0.06,123200000.0,173500000.0,0.182,173500000.0,123200000.0,123200000.0,0.54,0.52,0.54,621643000.0,589572000.0,621643000.0,2663122000.0,22.0,15.349,190000000.0,0.852,1.0,803500000.0,0.844,179472000.0,0.0,170517000.0,182207000.0,17365000.0,247251000.0,81275000.0,165976000.0,395517000.0,384922000.0,10595000.0,2897832000.0,95800000.0,-5200000.0,-63100000.0,0.0,-13400000.0,-76500000.0,-59000000.0,-24000000.0,220100000.0,11200000.0,120300000.0,120300000.0,120300000.0,0.0,0.0,0.126,697300000.0,106200000.0,52307000.0,0.111,4.662,24.088,23.787,66474000.0,0.0,12.845,3.045,3.01,166816000.0,153175000.0,951600000.0,951600000.0,209400000.0,0.129,0.204,0.676,0.129,1800000.0,484700000.0,1.0,225600000.0,223000000,231300000.0,4.267,837688000.0,25410000.0,2900000.0,58544000.0,3.756,212330000.0
71,ADSK,MRT,2003-09-30,2003-10-31,2003-10-31,2021-09-01,-7819000.0,934828000.0,901763500.0,525175000.0,409653000.0,0.945,2.682,-29669000.0,234710000.0,234710000.0,149970000.0,69129000.0,1.567,0.567,0.0,0.0,0.0,0.0,107248000.0,48112000.0,0.0,0.006,0.06,60182000.0,108294000.0,0.127,108294000.0,60182000.0,60182000.0,0.305,0.31,0.305,596486000.0,576463250.0,596486000.0,1935572000.0,32.0,17.873,113730000.0,0.511,1.0,701879000.0,0.824,181801000.0,0.0,183105000.0,189871500.0,11773000.0,218468000.0,66125000.0,152343000.0,338342000.0,335212000.0,3130000.0,2154996000.0,70270000.0,-6850000.0,-46622000.0,0.0,-13419000.0,-60041000.0,-24889000.0,12641000.0,143399000.0,11801000.0,69129000.0,69129000.0,69129000.0,0.0,0.0,0.081,652165000.0,49714000.0,50816000.0,0.197,3.613,31.174,31.656,69319000.0,0.0,9.655,2.53,2.521,131623000.0,136134000.0,851849000.0,851849000.0,211471000.0,0.077,0.12,0.317,0.071,-4304000.0,433643000.0,1.0,223200000.0,222440000,228333000.0,3.83,753027000.0,52743000.0,-8947000.0,56140000.0,3.385,189963000.0
72,ADSK,MRT,2003-06-30,2003-07-31,2003-07-31,2021-09-01,-10194000.0,916113000.0,893177750.0,495061000.0,421052000.0,0.903,2.605,-31270000.0,219424000.0,219424000.0,145196000.0,42613000.0,1.49,0.577,0.0,0.0,0.0,0.0,104378000.0,48254000.0,0.0,0.008,0.06,25081000.0,73335000.0,0.091,73335000.0,25081000.0,25081000.0,0.19,0.195,0.19,580821000.0,573723500.0,580821000.0,1487495000.0,59.0,20.284,64722000.0,0.29,1.0,661492000.0,0.82,184018000.0,0.0,180318000.0,207188500.0,11606000.0,192502000.0,42930000.0,149572000.0,335292000.0,332353000.0,2939000.0,1666938000.0,74589000.0,-16850000.0,-37255000.0,0.0,-13440000.0,-50695000.0,21672000.0,68332000.0,95992000.0,7620000.0,42613000.0,42613000.0,42613000.0,0.0,0.0,0.053,647563000.0,13929000.0,47238000.0,0.316,2.87,39.118,39.237,72995000.0,0.0,7.455,2.066,2.06,138018000.0,128747000.0,806688000.0,806688000.0,199646000.0,0.048,0.074,0.121,0.031,-4388000.0,427554000.0,1.0,223600000.0,222960000,226920000.0,3.618,732095000.0,59283000.0,-17532000.0,58202000.0,3.284,162708000.0
73,ADSK,MRT,2003-03-31,2003-04-30,2003-04-30,2021-09-01,-11399000.0,872463000.0,893650000.0,435843000.0,436620000.0,0.902,2.502,-33941000.0,179443000.0,179443000.0,143360000.0,21771000.0,1.405,0.56,0.0,0.0,0.0,0.0,96168000.0,48514000.0,0.0,0.008,0.06,24179000.0,72693000.0,0.09,72693000.0,24179000.0,24179000.0,0.095,0.1,0.095,559338000.0,575841000.0,559338000.0,1579683000.0,65.0,21.731,53896000.0,0.241,1.0,663024000.0,0.822,187867000.0,0.0,194888000.0,227214500.0,8849000.0,222344000.0,59047000.0,163297000.0,313125000.0,310265000.0,2860000.0,1766060000.0,41816000.0,-16850000.0,-53000000.0,-210000.0,-13490000.0,-66700000.0,10379000.0,63516000.0,87837000.0,10300000.0,21771000.0,21771000.0,21771000.0,0.0,0.0,0.027,652643000.0,10381000.0,43966000.0,0.632,3.157,81.12,81.895,71559000.0,0.0,7.78,2.19,2.157,133596000.0,102136000.0,806384000.0,806384000.0,196624000.0,0.024,0.038,0.106,0.03,-4588000.0,431877000.0,1.0,227000000.0,223550000,226892000.0,3.607,684596000.0,32638000.0,2408000.0,47322000.0,3.062,125578000.0
74,ADSK,MRT,2002-12-31,2003-01-31,2003-01-31,2021-09-01,-11568000.0,883650000.0,907942000.0,449632000.0,434018000.0,0.909,2.518,-39759000.0,186377000.0,186377000.0,145810000.0,31904000.0,1.45,0.552,0.0,0.0,0.0,0.0,93241000.0,48844000.0,0.0,0.008,0.06,38466000.0,87310000.0,0.106,87310000.0,38466000.0,38466000.0,0.14,0.14,0.14,569208000.0,586491250.0,569208000.0,1559554000.0,41.0,17.862,45876000.0,0.203,1.0,679135000.0,0.823,186070000.0,0.0,201175000.0,249394250.0,12284000.0,224672000.0,60643000.0,164029000.0,314442000.0,310028000.0,4414000.0,1694196000.0,28690000.0,-145231000.0,9870000.0,-210000.0,-13566000.0,-3906000.0,-65018000.0,123005000.0,85635000.0,11979000.0,31904000.0,31904000.0,31904000.0,0.0,0.0,0.039,654173000.0,24962000.0,45122000.0,0.429,2.976,53.103,53.357,76122000.0,0.0,7.47,2.054,2.047,132803000.0,103087000.0,824945000.0,824945000.0,190252000.0,0.035,0.054,0.154,0.047,2753000.0,438034000.0,1.0,226800000.0,226070000,229550000.0,3.649,697580000.0,28923000.0,6562000.0,41480000.0,3.086,139604000.0
75,ADSK,MRT,2002-09-30,2002-10-31,2002-10-31,2021-09-01,-16151000.0,900485000.0,912640500.0,436724000.0,463761000.0,0.968,2.595,-49533000.0,134642000.0,134642000.0,154648000.0,47260000.0,1.398,0.538,0.0,0.0,0.0,0.0,76656000.0,52377000.0,0.0,0.01,0.06,66017000.0,118394000.0,0.134,118394000.0,66017000.0,66017000.0,0.215,0.205,0.215,585527000.0,576517750.0,585527000.0,1183000000.0,18.0,9.992,74633000.0,0.331,1.0,728815000.0,0.825,201149000.0,0.0,252373000.0,277796250.0,15510000.0,260578000.0,94983000.0,165595000.0,314958000.0,312321000.0,2637000.0,1319760000.0,37955000.0,-143531000.0,42458000.0,-420000.0,-13562000.0,28476000.0,-118301000.0,69264000.0,124166000.0,3614000.0,47260000.0,47260000.0,47260000.0,0.0,0.0,0.053,675726000.0,53089000.0,46100000.0,0.279,2.254,27.926,27.209,77759000.0,0.0,5.85,1.494,1.494,129007000.0,103946000.0,883463000.0,883463000.0,188733000.0,0.052,0.082,0.238,0.075,13231000.0,446367000.0,1.0,225600000.0,225618000,225618000.0,3.916,699336000.0,42788000.0,18757000.0,62994000.0,3.1,124403000.0
76,ADSK,MRT,2002-06-30,2002-07-31,2002-07-31,2021-09-01,-15369000.0,918002000.0,900812500.0,468380000.0,449622000.0,1.011,2.599,-53490000.0,136760000.0,136760000.0,160612000.0,72641000.0,1.437,0.558,0.0,0.0,0.0,0.0,74222000.0,55941000.0,0.0,0.009,0.06,97991000.0,153932000.0,0.169,153932000.0,97991000.0,97991000.0,0.33,0.315,0.33,589291000.0,553023750.0,589291000.0,1356316000.0,14.0,8.811,97895000.0,0.432,1.0,750507000.0,0.824,194783000.0,0.0,260422000.0,293540750.0,17643000.0,269984000.0,121256000.0,148728000.0,328711000.0,326037000.0,2674000.0,1478483000.0,9916000.0,-167802000.0,48826000.0,-420000.0,-13421000.0,33744000.0,-180020000.0,37386000.0,151385000.0,4807000.0,72641000.0,72641000.0,72641000.0,0.0,0.0,0.08,676741000.0,73766000.0,46084000.0,0.182,2.509,20.353,19.53,79629000.0,0.0,6.445,1.623,1.604,129039000.0,111273000.0,911119000.0,911119000.0,187191000.0,0.081,0.131,0.334,0.108,15569000.0,449748000.0,1.0,229400000.0,226696000,228550000.0,4.019,723219000.0,47355000.0,25350000.0,71250000.0,3.19,142343000.0
77,ADSK,MRT,2002-03-31,2002-04-30,2002-04-30,2021-09-01,-18596000.0,929631000.0,878916000.0,461570000.0,468061000.0,1.059,2.657,-54155000.0,122167000.0,122167000.0,161595000.0,80054000.0,1.42,0.544,0.0,0.0,0.0,0.0,68017000.0,59679000.0,0.0,0.007,0.06,109272000.0,168951000.0,0.181,168951000.0,109272000.0,109272000.0,0.37,0.35,0.37,601939000.0,520547500.0,601939000.0,1972552000.0,18.0,11.675,128438000.0,0.567,1.0,769483000.0,0.826,198749000.0,0.0,283607000.0,301790500.0,16995000.0,300794000.0,135666000.0,165128000.0,327692000.0,325108000.0,2584000.0,2109333000.0,-1252000.0,-167802000.0,78918000.0,-482000.0,-13285000.0,63249000.0,-246620000.0,-28986000.0,182593000.0,-474000.0,80054000.0,80054000.0,80054000.0,0.0,0.0,0.086,686722000.0,82761000.0,47449000.0,0.162,3.504,26.349,24.851,75373000.0,0.0,9.195,2.265,2.237,125650000.0,102896000.0,931078000.0,931078000.0,184132000.0,0.091,0.154,0.362,0.117,17379000.0,451619000.0,1.0,229400000.0,226516000,236804000.0,4.11,730882000.0,48598000.0,29218000.0,82786000.0,3.227,136462000.0
78,ADSK,MRT,2001-12-31,2002-01-31,2002-01-31,2021-09-01,-19972000.0,902444000.0,840782250.0,563870000.0,338574000.0,1.127,2.432,-57433000.0,157687000.0,157687000.0,157628000.0,90313000.0,1.521,0.705,0.0,0.0,0.0,0.0,65474000.0,62907000.0,0.0,0.006,0.06,125482000.0,188389000.0,0.199,188389000.0,125482000.0,125482000.0,0.415,0.4,0.415,529314000.0,479414000.0,529314000.0,2136206000.0,17.0,11.339,153033000.0,0.703,1.0,789863000.0,0.834,59323000.0,0.0,314783000.0,296549000.0,17999000.0,346924000.0,180124000.0,166800000.0,373130000.0,370651000.0,2479000.0,2246800000.0,25405000.0,-34271000.0,-17108000.0,-486000.0,-13092000.0,-33342000.0,-145551000.0,-56817000.0,210466000.0,-6168000.0,90313000.0,90313000.0,90313000.0,0.0,0.0,0.095,691689000.0,98174000.0,53769000.0,0.145,4.245,24.878,24.699,72820000.0,0.0,10.25,2.371,2.354,140465000.0,91864000.0,947491000.0,947491000.0,185084000.0,0.107,0.188,0.423,0.132,12945000.0,452072000.0,1.0,219200000.0,217630000,224550000.0,4.354,843121000.0,60936000.0,35169000.0,91922000.0,3.874,193219000.0
79,ADSK,MRT,2001-09-30,2001-10-31,2001-10-31,2021-09-01,-17856000.0,853173000.0,817111000.0,483601000.0,369572000.0,1.146,2.26,-47301000.0,110594000.0,110594000.0,146024000.0,96907000.0,1.34,0.736,0.0,0.0,0.0,0.0,59900000.0,63574000.0,0.0,0.007,0.06,137463000.0,201037000.0,0.215,201037000.0,137463000.0,137463000.0,0.45,0.432,0.45,491551000.0,462004000.0,491551000.0,1678174000.0,12.0,8.348,149765000.0,0.689,1.0,790480000.0,0.844,66319000.0,0.0,315351000.0,289548000.0,20788000.0,317049000.0,141936000.0,175113000.0,361622000.0,360909000.0,713000.0,1797202000.0,7488000.0,-10471000.0,-93224000.0,-482000.0,-13000000.0,-109362000.0,-79244000.0,-10101000.0,197066000.0,-972000.0,96907000.0,96907000.0,96907000.0,0.0,0.0,0.103,683148000.0,107332000.0,48732000.0,0.133,3.656,18.546,18.456,69675000.0,0.0,8.305,1.919,1.929,141438000.0,76550000.0,936504000.0,936504000.0,174681000.0,0.119,0.21,0.475,0.147,9280000.0,470111000.0,1.0,216400000.0,217480000,224040000.0,4.306,786854000.0,76830000.0,40556000.0,103805000.0,3.618,122692000.0
80,ADSK,MRT,2001-06-30,2001-07-31,2001-07-31,2021-09-01,-19538000.0,830416000.0,811303750.0,519702000.0,310714000.0,1.17,2.126,-43538000.0,119028000.0,119028000.0,146181000.0,93947000.0,1.448,0.808,0.0,0.0,0.0,0.0,59000000.0,64227000.0,0.0,0.006,0.06,140841000.0,205068000.0,0.216,205068000.0,140841000.0,140841000.0,0.432,0.418,0.432,459386000.0,461067000.0,459386000.0,1886943000.0,13.0,9.202,156671000.0,0.725,1.0,803143000.0,0.846,59153000.0,0.0,293421000.0,294911250.0,20567000.0,313675000.0,155771000.0,157904000.0,371030000.0,358814000.0,12216000.0,2009931000.0,22223000.0,22800000.0,-146986000.0,-489000.0,-13105000.0,-148038000.0,-20919000.0,7396000.0,200209000.0,-9029000.0,93947000.0,93947000.0,93947000.0,0.0,0.0,0.099,679123000.0,124020000.0,54241000.0,0.139,4.375,21.394,21.58,66458000.0,0.0,9.322,2.117,2.122,159367000.0,62252000.0,949324000.0,949324000.0,177702000.0,0.116,0.204,0.478,0.148,7531000.0,470131000.0,1.0,215600000.0,216046000,222840000.0,4.394,771263000.0,48468000.0,46894000.0,103626000.0,3.57,160888000.0
81,ADSK,MRT,2001-03-31,2001-04-30,2001-04-30,2021-09-01,-18722000.0,777096000.0,814751750.0,455094000.0,322002000.0,1.167,2.024,-38204000.0,122988000.0,122988000.0,150197000.0,95527000.0,1.395,0.777,0.0,0.0,0.0,0.0,49671000.0,65703000.0,0.0,0.007,0.06,146438000.0,212141000.0,0.223,212141000.0,146438000.0,146438000.0,0.432,0.42,0.432,437405000.0,475908500.0,437405000.0,1759077000.0,12.0,8.292,162490000.0,0.752,1.0,800608000.0,0.842,65194000.0,0.0,262641000.0,309495750.0,17114000.0,271790000.0,102431000.0,169359000.0,339691000.0,326273000.0,13418000.0,1875468000.0,10419000.0,19500000.0,-183825000.0,-429000.0,-13310000.0,-184361000.0,3436000.0,26688000.0,200694000.0,-9350000.0,95527000.0,95527000.0,95527000.0,0.0,0.0,0.1,661976000.0,138632000.0,52216000.0,0.139,4.288,19.633,20.174,60434000.0,0.0,8.715,1.973,1.981,150477000.0,49350000.0,950805000.0,950805000.0,176391000.0,0.117,0.201,0.473,0.154,8478000.0,461971000.0,1.0,215200000.0,216132000,222746000.0,4.399,711902000.0,44557000.0,50911000.0,101788000.0,3.294,128821000.0
82,ADSK,MRT,2000-12-31,2001-01-31,2001-01-31,2021-09-01,-16104000.0,807759000.0,823824000.0,491321000.0,316438000.0,1.137,2.01,-35506000.0,116391000.0,116391000.0,150198000.0,93233000.0,1.471,0.757,0.0,0.0,0.0,0.0,50993000.0,68844000.0,0.0,0.007,0.06,144773000.0,213617000.0,0.228,213617000.0,144773000.0,144773000.0,0.41,0.4,0.41,459674000.0,498820500.0,459674000.0,1984132000.0,14.0,9.288,160613000.0,0.702,1.0,786126000.0,0.84,70676000.0,0.0,286779000.0,327686500.0,17255000.0,306109000.0,142961000.0,163148000.0,348085000.0,333913000.0,14172000.0,2080032000.0,544000.0,0.0,-245257000.0,-427000.0,-13580000.0,-245307000.0,61389000.0,96895000.0,196119000.0,-11657000.0,93233000.0,93233000.0,93233000.0,0.0,0.0,0.1,646112000.0,140014000.0,47962000.0,0.146,4.525,22.31,22.488,53996000.0,0.0,9.22,2.221,2.253,157422000.0,52298000.0,936324000.0,936324000.0,170487000.0,0.113,0.187,0.442,0.155,21055000.0,450330000.0,1.0,225600000.0,228750000,234056000.0,4.093,737083000.0,44938000.0,51540000.0,97109000.0,3.222,157408000.0
83,ADSK,MRT,2000-09-30,2000-10-31,2000-10-31,2021-09-01,-18741000.0,829944000.0,847620750.0,464532000.0,365412000.0,1.111,2.152,-23011000.0,95900000.0,95900000.0,152964000.0,90040000.0,1.438,0.701,0.0,0.0,0.0,0.0,45830000.0,71075000.0,0.0,0.011,0.06,138708000.0,209783000.0,0.223,209783000.0,138708000.0,138708000.0,0.382,0.372,0.382,487803000.0,534476750.0,487803000.0,1181057000.0,9.0,5.63,183759000.0,0.81,1.0,788408000.0,0.838,74156000.0,0.0,336804000.0,353590500.0,18070000.0,337596000.0,147003000.0,190593000.0,342141000.0,323084000.0,19057000.0,1270656000.0,-87294000.0,-24754000.0,-261446000.0,-2259000.0,-13914000.0,-263662000.0,-15723000.0,30618000.0,206770000.0,-14679000.0,90040000.0,90040000.0,90040000.0,0.0,0.0,0.096,656250000.0,132158000.0,47750000.0,0.157,2.605,14.112,14.437,47318000.0,0.0,5.515,1.35,1.328,150495000.0,34467000.0,941372000.0,941372000.0,164729000.0,0.106,0.168,0.392,0.147,24685000.0,465814000.0,1.0,230400000.0,226724000,228292000.0,4.152,755788000.0,66715000.0,48668000.0,109383000.0,3.334,141448000.0
84,ADSK,MRT,2000-06-30,2000-07-31,2000-07-31,2021-09-01,-15869000.0,844208000.0,876358500.0,473459000.0,370749000.0,1.043,2.246,-18915000.0,89599000.0,89599000.0,150228000.0,72922000.0,1.479,0.627,0.0,0.0,0.0,0.0,43825000.0,72908000.0,0.0,0.011,0.06,110759000.0,183667000.0,0.201,183667000.0,110759000.0,110759000.0,0.305,0.297,0.305,518752000.0,576025000.0,518752000.0,1155666000.0,10.0,6.292,177386000.0,0.768,1.0,764039000.0,0.836,82712000.0,0.0,351759000.0,359142500.0,15280000.0,352569000.0,159436000.0,193133000.0,325456000.0,320138000.0,5318000.0,1261029000.0,-82940000.0,-23754000.0,-208152000.0,-2252000.0,-14445000.0,-224849000.0,-45910000.0,-4047000.0,196301000.0,-8482000.0,72922000.0,72922000.0,72922000.0,0.0,0.0,0.08,665836000.0,98203000.0,49605000.0,0.197,2.431,17.293,17.73,46814000.0,0.0,5.407,1.379,1.366,154765000.0,20753000.0,914267000.0,914267000.0,163222000.0,0.083,0.127,0.308,0.121,23696000.0,459800000.0,1.0,233200000.0,231008000,236292000.0,3.958,761496000.0,60555000.0,37837000.0,99348000.0,3.296,153321000.0
85,ADSK,MRT,2000-03-31,2000-04-30,2000-04-30,2021-09-01,-16694000.0,813385000.0,897387250.0,434626000.0,378759000.0,0.985,2.242,-21428000.0,105363000.0,105363000.0,150633000.0,52558000.0,1.558,0.537,0.0,0.0,0.0,0.0,40956000.0,81960000.0,0.0,0.006,0.06,78344000.0,160304000.0,0.181,160304000.0,78344000.0,78344000.0,0.218,0.213,0.218,529053000.0,607414750.0,529053000.0,2270919000.0,29.0,14.166,136724000.0,0.579,1.0,733738000.0,0.83,93729000.0,0.0,335404000.0,358518250.0,16402000.0,328390000.0,138965000.0,189425000.0,284332000.0,278889000.0,5443000.0,2379560000.0,-87970000.0,-20454000.0,-172805000.0,-1038000.0,-14488000.0,-188331000.0,-47615000.0,-9206000.0,158152000.0,-10176000.0,52558000.0,52558000.0,52558000.0,0.0,0.0,0.059,674783000.0,58955000.0,38827000.0,0.275,4.498,45.275,44.014,45045000.0,0.0,9.595,2.691,2.561,120456000.0,1399000.0,884371000.0,884371000.0,165642000.0,0.059,0.087,0.219,0.089,20683000.0,465806000.0,1.0,248000000.0,236020000,250332000.0,3.747,719656000.0,57744000.0,25786000.0,87575000.0,3.049,155737000.0
86,ADSK,MRT,1999-12-31,2000-01-31,2000-01-31,2021-09-01,-14822000.0,902946000.0,926614750.0,545259000.0,357687000.0,0.915,2.496,-14495000.0,108641000.0,108641000.0,146315000.0,9808000.0,1.821,0.499,0.0,0.0,0.0,0.0,33604000.0,79748000.0,0.0,0.008,0.06,23920000.0,103668000.0,0.122,103668000.0,23920000.0,23920000.0,0.04,0.04,0.04,602299000.0,636304000.0,602299000.0,1699302000.0,71.0,16.392,93432000.0,0.387,1.0,701736000.0,0.827,104518000.0,0.0,390395000.0,354898250.0,19264000.0,432282000.0,250290000.0,181992000.0,300647000.0,299392000.0,1255000.0,1882496000.0,-150300000.0,-26596000.0,70508000.0,-2625000.0,-14581000.0,53302000.0,-304354000.0,-263263000.0,107927000.0,-7495000.0,9808000.0,9808000.0,9808000.0,0.0,0.0,0.012,700973000.0,763000.0,45310000.0,1.5,3.126,191.935,191.0,41884000.0,0.0,7.64,2.22,2.174,110839000.0,56645000.0,848051000.0,848051000.0,163985000.0,0.011,0.015,0.067,0.028,4642000.0,471615000.0,1.0,246400000.0,241314000,245622000.0,3.514,798428000.0,51108000.0,14112000.0,88006000.0,3.309,245867000.0
87,ADSK,MRT,1999-09-30,1999-10-31,1999-10-31,2021-09-01,-15649000.0,944895000.0,906693250.0,593917000.0,350978000.0,0.926,2.673,-37336000.0,183194000.0,183194000.0,143351000.0,7883000.0,2.06,0.445,0.0,0.0,0.0,0.0,43703000.0,88648000.0,0.0,0.013,0.06,23421000.0,112069000.0,0.134,112069000.0,23421000.0,23421000.0,0.037,0.032,0.037,653996000.0,620061000.0,653996000.0,971231719.0,41.0,8.666,72179000.0,0.295,1.0,696099000.0,0.829,114375000.0,0.0,359012000.0,297056750.0,23101000.0,366697000.0,210458000.0,156239000.0,290899000.0,288314000.0,2585000.0,1143770719.0,25906000.0,-33179000.0,146974000.0,-980000.0,-14328000.0,131666000.0,-170834000.0,-105664000.0,109515000.0,-10951000.0,7883000.0,7883000.0,7883000.0,0.0,0.0,0.009,692674000.0,3425000.0,40667000.0,1.622,1.749,145.093,126.689,43258000.0,0.0,4.688,1.363,1.366,123382000.0,49776000.0,839450000.0,839450000.0,162944000.0,0.009,0.013,0.079,0.028,15469000.0,463074000.0,1.0,244004420.0,244628000,245928000.0,3.432,830520000.0,50883000.0,15538000.0,75149000.0,3.395,305603000.0
88,ADSK,MRT,1999-06-30,1999-07-31,1999-07-31,2021-09-01,-19128000.0,928323000.0,836105750.0,642851000.0,285472000.0,1.007,2.647,-45016000.0,172539000.0,172539000.0,139140000.0,24114000.0,2.292,0.441,0.0,0.0,0.0,0.0,49822000.0,86417000.0,0.0,0.009,0.06,50454000.0,136871000.0,0.163,136871000.0,50454000.0,50454000.0,0.11,0.105,0.11,644311000.0,564661750.0,644311000.0,1368820932.0,27.0,10.001,67806000.0,0.279,1.0,702847000.0,0.835,125986000.0,0.0,349262000.0,270001750.0,23493000.0,347429000.0,263758000.0,83671000.0,284012000.0,280536000.0,3476000.0,1562153932.0,48868000.0,-33179000.0,147701000.0,1171000.0,-13220000.0,135652000.0,-172816000.0,-97431000.0,112822000.0,6700000.0,24114000.0,24114000.0,24114000.0,0.0,0.0,0.029,669794000.0,33053000.0,47033000.0,0.545,2.425,64.782,60.227,45084000.0,0.0,6.625,1.855,1.915,133070000.0,52420000.0,841987000.0,841987000.0,162683000.0,0.029,0.043,0.187,0.06,15469000.0,455579000.0,1.0,235796820.0,243380000,246140000.0,3.46,802337000.0,39183000.0,26340000.0,68755000.0,3.297,362315000.0
89,ADSK,MRT,1999-03-31,1999-04-30,1999-04-30,2021-09-01,-15525000.0,930295000.0,755488000.0,624667000.0,305628000.0,1.146,2.735,-45106000.0,193333000.0,193333000.0,135108000.0,51255000.0,2.217,0.443,0.0,0.0,0.0,0.0,40879000.0,79083000.0,0.0,0.008,0.06,98797000.0,177880000.0,0.205,177880000.0,98797000.0,98797000.0,0.23,0.217,0.23,644610000.0,500928750.0,644610000.0,1542506000.0,16.0,8.672,87933000.0,0.373,1.0,730745000.0,0.844,134307000.0,0.0,320924000.0,241312500.0,22593000.0,319337000.0,233478000.0,85859000.0,285685000.0,281731000.0,3954000.0,1751680000.0,-662000.0,-97321000.0,119027000.0,2882000.0,-12505000.0,109404000.0,-217376000.0,-74036000.0,133039000.0,7761000.0,51255000.0,51255000.0,51255000.0,0.0,0.0,0.059,651556000.0,79189000.0,41953000.0,0.261,2.717,34.176,32.337,46940000.0,0.0,7.438,2.023,2.025,127493000.0,55450000.0,865853000.0,865853000.0,156398000.0,0.068,0.102,0.409,0.114,15469000.0,442461000.0,1.0,235520000.0,235720000,235720000.0,3.673,795988000.0,35354000.0,47542000.0,95778000.0,3.377,342936000.0
90,ADSK,MRT,1998-12-31,1999-01-31,1999-01-31,2021-09-01,-14132000.0,823260000.0,678757500.0,544415000.0,278845000.0,1.317,2.382,-46069000.0,258941000.0,258941000.0,136722000.0,97132000.0,1.951,0.532,0.0,0.0,0.0,0.0,24833000.0,80782000.0,0.0,0.005,0.06,159221000.0,240003000.0,0.269,240003000.0,159221000.0,159221000.0,0.43,0.41,0.43,537327000.0,439298000.0,537327000.0,1995738430.0,13.0,8.315,141953000.0,0.629,1.0,757110000.0,0.847,126176000.0,0.0,159029000.0,211788250.0,23169000.0,169021000.0,102756000.0,66265000.0,285933000.0,279114000.0,6819000.0,2072378430.0,116393000.0,-71679000.0,42096000.0,4471000.0,-11722000.0,34845000.0,-79039000.0,38709000.0,188022000.0,6375000.0,97132000.0,97132000.0,97132000.0,0.0,0.0,0.109,615023000.0,142087000.0,49053000.0,0.14,3.857,21.336,25.692,48655000.0,0.0,11.047,2.319,2.788,114901000.0,81209000.0,893832000.0,893832000.0,157080000.0,0.143,0.221,0.752,0.178,15469000.0,428138000.0,1.0,187588000.0,225576000,236564000.0,3.962,697084000.0,32470000.0,62089000.0,100064000.0,3.09,265301000.0
91,ADSK,MRT,1998-09-30,1998-10-31,1998-10-31,2021-09-01,-602000.0,662545000.0,613815000.0,479080000.0,183465000.0,1.609,1.92,-46859000.0,76640000.0,76640000.0,181370000.0,112421000.0,2.106,0.532,0.0,0.0,0.0,0.0,16735000.0,83831000.0,0.0,0.008,0.06,188585000.0,272416000.0,0.276,272416000.0,188585000.0,188585000.0,0.483,0.46,0.483,432399000.0,388201000.0,432399000.0,1403252580.0,7.0,5.151,135046000.0,0.6,1.0,806377000.0,0.816,107586000.0,0.0,250792000.0,219420750.0,6667000.0,261032000.0,261032000.0,0.0,230146000.0,227527000.0,2619000.0,1446654580.0,82596000.0,-74484000.0,3506000.0,7577000.0,-11127000.0,-44000.0,-102406000.0,18937000.0,181905000.0,3141000.0,112421000.0,112421000.0,112421000.0,0.0,0.0,0.114,636047000.0,170330000.0,29660000.0,0.124,3.346,12.868,16.144,39160000.0,0.0,7.798,1.465,1.778,89603000.0,87266000.0,987747000.0,987747000.0,164308000.0,0.183,0.29,0.859,0.191,0.0,423068000.0,1.0,185528000.0,225220000,230132000.0,4.386,554959000.0,39359000.0,76164000.0,93184000.0,2.464,251553000.0
92,ADSK,MRT,1998-06-30,1998-07-31,1998-07-31,2021-09-01,-18703000.0,605852000.0,,429374000.0,176478000.0,,1.727,-63534000.0,43402000.0,43402000.0,168017000.0,113925000.0,2.007,0.556,0.0,0.0,0.0,0.0,17747000.0,81296000.0,0.0,0.007,0.06,190420000.0,271716000.0,0.287,271716000.0,190420000.0,190420000.0,0.508,0.475,0.508,389379000.0,,389379000.0,1415088250.0,7.0,5.208,136285000.0,0.604,1.0,777316000.0,0.822,113971000.0,0.0,234505000.0,,6358000.0,249998000.0,249998000.0,0.0,216473000.0,213974000.0,2499000.0,1539872250.0,54837000.0,-74484000.0,-38896000.0,5426000.0,-11132000.0,-44602000.0,-92622000.0,45396000.0,199819000.0,-7758000.0,113925000.0,113925000.0,113925000.0,0.0,0.0,0.121,603881000.0,173435000.0,27500000.0,0.118,3.955,13.517,16.117,39302000.0,0.0,8.188,1.629,1.953,84079000.0,70798000.0,945333000.0,945333000.0,156468000.0,,,,0.201,0.0,406147000.0,1.0,188076000.0,225488000,238608000.0,4.192,491881000.0,34779000.0,76495000.0,85067000.0,2.181,215400000.0
93,ADSK,MRT,1998-03-31,1998-04-30,1998-04-30,2021-09-01,-17136000.0,623373000.0,,396558000.0,226815000.0,,1.778,-51540000.0,124784000.0,124784000.0,151304000.0,102385000.0,1.78,0.566,0.0,0.0,0.0,0.0,16188000.0,76093000.0,0.0,0.005,0.06,167528000.0,243621000.0,0.279,243621000.0,167528000.0,167528000.0,0.467,0.438,0.467,398087000.0,,398087000.0,2101396000.0,13.0,8.626,147390000.0,0.658,1.0,721314000.0,0.827,73005000.0,0.0,202827000.0,,5439000.0,242801000.0,145232000.0,97569000.0,225286000.0,222757000.0,2529000.0,2197485000.0,113138000.0,-10342000.0,-17952000.0,2713000.0,-11228000.0,-26467000.0,-51663000.0,10219000.0,198930000.0,-7662000.0,102385000.0,102385000.0,102385000.0,0.0,0.0,0.117,565143000.0,156171000.0,23725000.0,0.128,5.52,21.463,25.161,38963000.0,0.0,11.75,2.518,3.015,64579000.0,72913000.0,872618000.0,872618000.0,148487000.0,,,,0.192,0.0,384348000.0,1.0,187020000.0,223936000,241704000.0,3.897,550368000.0,44534000.0,65143000.0,84193000.0,2.458,173801000.0
94,ADSK,MRT,1997-12-31,1998-01-31,1998-01-31,2021-09-01,-16078000.0,563490000.0,527861500.0,307702000.0,255788000.0,1.456,1.477,-43553000.0,96089000.0,96089000.0,133371000.0,56215000.0,1.542,0.692,0.0,0.0,0.0,0.0,18934000.0,66331000.0,0.0,0.006,0.06,106704000.0,173035000.0,0.225,173035000.0,106704000.0,106704000.0,0.25,0.235,0.25,332939000.0,288276500.0,332939000.0,,,,132166000.0,0.586,1.0,635313000.0,0.826,78355000.0,0.0,189559000.0,222210500.0,7351000.0,205230000.0,100399000.0,104831000.0,230551000.0,199487000.0,31064000.0,1806145650.0,46066000.0,-16108000.0,-79660000.0,2713000.0,-11290000.0,-88237000.0,-33002000.0,26659000.0,175719000.0,-8414000.0,56215000.0,56215000.0,56215000.0,0.0,0.0,0.073,540319000.0,94994000.0,26417000.0,0.24,5.425,32.129,38.63,39139000.0,0.0,9.658,2.35,2.831,60856000.0,49702000.0,768684000.0,768684000.0,136816000.0,0.106,0.195,0.48,0.139,0.0,355141000.0,1.0,187020000.0,225360000,240088000.0,3.411,485135000.0,41359000.0,50489000.0,76946000.0,2.153,108215000.0
95,ADSK,MRT,1997-09-30,1997-10-31,1997-10-31,2021-09-01,,,,,,,,,,,,,,,,,,,,,,0.006,0.06,,,,,,,,,,,,,,,,,,1.0,,,,,,,,,,,,,,,,,,,,,,,,,,,,,,,,,,,,,,,,9.25,,,,,,,,,,,,,,1.0,,188640000,,,,,,,,
96,ADSK,MRT,1997-06-30,1997-07-31,1997-07-31,2021-09-01,,,,,,,,,,,,,,,,,,,,,,0.006,0.06,,,,,,,,,,,,,,,,,,1.0,,,,,,,,,,,,,,,,,,,,,,,,,,,,,,,,,,,,,,,,10.595,,,,,,,,,,,,,,1.0,,192000000,,,,,,,,
97,ADSK,MRT,1997-03-31,1997-04-30,1997-04-30,2021-09-01,,,,,,,,,,,,,,,,,,,,,,0.007,0.06,,,,,,,,,,,,,,,,,,1.0,,,,,,,,,,,,,,,,,,,,,,,,,,,,,,,,,,,,,,,,8.875,,,,,,,,,,,,,,1.0,,183760000,,,,,,,,
98,ADSK,MRT,1996-12-31,1997-01-31,1997-01-31,2021-09-01,-9849000.0,492233000.0,,297671000.0,194562000.0,,1.337,-18404000.0,64814000.0,64814000.0,64217000.0,41571000.0,1.982,1.021,0.0,0.0,0.0,0.0,3141000.0,34833000.0,0.0,0.008,0.06,66512000.0,101345000.0,0.204,101345000.0,66512000.0,66512000.0,0.228,0.22,0.228,243614000.0,,243614000.0,,,,95779000.0,0.526,1.0,432476000.0,0.871,22386000.0,0.0,254862000.0,,7340000.0,221494000.0,117971000.0,103523000.0,248619000.0,150171000.0,98448000.0,,-64491000.0,-9908000.0,-43962000.0,0.0,-10879000.0,-54841000.0,-110542000.0,-78823000.0,114183000.0,-13291000.0,41571000.0,41571000.0,41571000.0,0.0,0.0,0.084,372659000.0,59817000.0,24557000.0,0.263,,,34.682,44050000.0,0.0,7.907,,2.9,68577000.0,106372000.0,496693000.0,496693000.0,93702000.0,,,,0.134,0.0,274219000.0,1.0,,182160000,188760000.0,2.727,469847000.0,35616000.0,24941000.0,78035000.0,2.579,147500000.0
99,ADSK,MRT,1995-12-31,1996-01-31,1996-01-31,2021-09-01,,,,,,,,-17715000.0,,,66812000.0,87788000.0,,,,,,,,25247000.0,,0.008,0.06,138280000.0,163527000.0,0.306,163527000.0,138280000.0,138280000.0,0.465,0.44,0.465,,,,,,,88917000.0,0.472,1.0,467355000.0,0.875,,0.0,,,,,,,,,,,-65733000.0,-7194000.0,-61552000.0,0.0,-11184000.0,-72736000.0,-104588000.0,-82762000.0,106632000.0,4959000.0,87788000.0,87788000.0,87788000.0,0.0,0.0,0.164,338328000.0,129027000.0,,0.129,,,16.263,,0.0,7.562,,2.667,,,534167000.0,534167000.0,78678000.0,,,,0.259,0.0,259650000.0,1.0,,188360000,199200000.0,2.836,,,50492000.0,,,
