None,ticker,dimension,calendardate,datekey,reportperiod,lastupdated,accoci,assets,assetsavg,assetsc,assetsnc,assetturnover,bvps,capex,cashneq,cashnequsd,cor,consolinc,currentratio,de,debt,debtc,debtnc,debtusd,deferredrev,depamor,deposits,divyield,dps,ebit,ebitda,ebitdamargin,ebitdausd,ebitusd,ebt,eps,epsdil,epsusd,equity,equityavg,equityusd,ev,evebit,evebitda,fcf,fcfps,fxusd,gp,grossmargin,intangibles,intexp,invcap,invcapavg,inventory,investments,investmentsc,investmentsnc,liabilities,liabilitiesc,liabilitiesnc,marketcap,ncf,ncfbus,ncfcommon,ncfdebt,ncfdiv,ncff,ncfi,ncfinv,ncfo,ncfx,netinc,netinccmn,netinccmnusd,netincdis,netincnci,netmargin,opex,opinc,payables,payoutratio,pb,pe,pe1,ppnenet,prefdivis,price,ps,ps1,receivables,retearn,revenue,revenueusd,rnd,roa,roe,roic,ros,sbcomp,sgna,sharefactor,sharesbas,shareswa,shareswadil,sps,tangibles,taxassets,taxexp,taxliabilities,tbvps,workingcapital
0,PYPL,ARY,2020-12-31,2021-02-05,2020-12-31,2021-07-29,-484000000,70379000000,63348250000.0,50995000000,19384000000,0.339,17.066,-746000000.0,4794000000,4794000000,11453000000.0,4202000000.0,1.326,2.513,8939000000,0,8939000000,8939000000,0,1189000000.0,0,0.0,0.0,5065000000.0,6254000000.0,0.292,6254000000.0,5065000000.0,5065000000.0,3.58,3.54,3.58,20019000000,18027250000.0,20019000000,319706596774.0,63.0,51.12,5108000000.0,4.355,1.0,10001000000.0,0.466,10183000000,0.0,25894000000,21718250000.0,0,17147000000,11058000000,6089000000,50316000000,38447000000,11869000000,315561596774.0,2297000000.0,-3609000000.0,-1498000000.0,3966000000.0,0.0,12492000000.0,-16218000000.0,-10311000000.0,5854000000.0,169000000.0,4202000000.0,4202000000.0,4202000000.0,0.0,0.0,0.196,6712000000.0,3289000000.0,35670000000,0.0,15.763,75.098,75.263,1807000000,0.0,269.44,14.709,14.732,33995000000,12366000000.0,21454000000.0,21454000000.0,2642000000.0,0.066,0.233,0.233,0.236,1376000000.0,3931000000.0,1.0,1171175760,1173000000,1187000000.0,18.29,60196000000,0,863000000.0,3059000000,51.318,12548000000
1,PYPL,ARY,2019-12-31,2020-02-06,2019-12-31,2021-07-29,-173000000,51333000000,49056750000.0,38495000000,12838000000,0.362,14.382,-687000000.0,7349000000,7349000000,9785000000.0,2459000000.0,1.43,2.038,4965000000,0,4965000000,4965000000,0,912000000.0,0,0.0,0.0,2998000000.0,3910000000.0,0.22,3910000000.0,2998000000.0,2998000000.0,2.09,2.07,2.09,16885000000,16166000000.0,16885000000,138241633097.0,46.0,35.356,3874000000.0,3.3,1.0,7987000000.0,0.449,6990000000,0.0,15040000000,11886750000.0,0,10247000000,7384000000,2863000000,34404000000,26919000000,7485000000,140625633097.0,2510000000.0,-70000000.0,-1273000000.0,2955000000.0,0.0,3688000000.0,-5733000000.0,-4634000000.0,4561000000.0,-6000000.0,2459000000.0,2459000000.0,2459000000.0,0.0,0.0,0.138,5268000000.0,2719000000.0,24759000000,0.0,8.328,57.188,57.364,1693000000,0.0,119.89,7.913,7.92,22962000000,8342000000.0,17772000000.0,17772000000.0,2085000000.0,0.05,0.152,0.252,0.169,1021000000.0,3112000000.0,1.0,1172955485,1174000000,1188000000.0,15.138,44343000000,0,539000000.0,2593000000,37.771,11576000000
2,PYPL,ARY,2018-12-31,2019-02-07,2018-12-31,2021-07-29,78000000,43332000000,42763750000.0,32963000000,10369000000,0.361,12.995,-820000000.0,7575000000,7575000000,8337000000.0,2057000000.0,1.273,1.816,1998000000,1998000000,0,1998000000,0,776000000.0,0,0.0,0.0,2376000000.0,3152000000.0,0.204,3152000000.0,2376000000.0,2376000000.0,1.74,1.71,1.74,15386000000,15040250000.0,15386000000,101009070992.0,43.0,32.046,4663000000.0,3.938,1.0,7114000000.0,0.46,7109000000,0.0,4742000000,8191500000.0,0,5037000000,4066000000,971000000,27946000000,25904000000,2042000000,106586070992.0,4948000000.0,-2124000000.0,-3376000000.0,960000000.0,0.0,-1262000000.0,840000000.0,2638000000.0,5483000000.0,-113000000.0,2057000000.0,2057000000.0,2057000000.0,0.0,0.0,0.133,4920000000.0,2194000000.0,21843000000,0.0,6.927,51.816,52.213,1724000000,0.0,90.85,6.898,6.962,20375000000,5880000000.0,15451000000.0,15451000000.0,1071000000.0,0.048,0.137,0.29,0.154,853000000.0,2764000000.0,1.0,1173209367,1184000000,1203000000.0,13.05,36223000000,0,319000000.0,2103000000,30.594,7059000000
3,PYPL,ARY,2017-12-31,2018-02-07,2017-12-31,2021-07-29,-142000000,40774000000,36829500000.0,32645000000,8129000000,0.356,13.295,-667000000.0,2883000000,2883000000,6794000000.0,1795000000.0,1.428,1.549,1000000000,1000000000,0,1000000000,0,805000000.0,0,0.0,0.0,2200000000.0,3005000000.0,0.229,3005000000.0,2200000000.0,2200000000.0,1.49,1.47,1.49,15994000000,15262500000.0,15994000000,88837125014.0,40.0,29.563,1864000000.0,1.549,1.0,6300000000.0,0.481,4507000000,0.0,11521000000,10898250000.0,0,12485000000,10524000000,1961000000,24780000000,22863000000,1917000000,90720125014.0,1293000000.0,-323000000.0,-862000000.0,820000000.0,0.0,4084000000.0,-5358000000.0,-1888000000.0,2531000000.0,36000000.0,1795000000.0,1795000000.0,1795000000.0,0.0,0.0,0.137,4173000000.0,2127000000.0,19999000000,0.0,5.672,50.54,50.732,1528000000,0.0,75.59,6.928,6.945,18525000000,3823000000.0,13094000000.0,13094000000.0,953000000.0,0.049,0.118,0.202,0.168,733000000.0,2283000000.0,1.0,1200160405,1203000000,1221000000.0,10.884,36267000000,0,405000000.0,2000000000,30.147,9782000000
4,PYPL,ARY,2016-12-31,2017-02-08,2016-12-31,2021-07-29,59000000,33103000000,31140000000.0,25733000000,7370000000,0.348,12.159,-669000000.0,1590000000,1590000000,5701000000.0,1401000000.0,1.525,1.25,0,0,0,0,0,724000000.0,0,0.0,0.0,1631000000.0,2355000000.0,0.217,2355000000.0,1631000000.0,1631000000.0,1.16,1.15,1.16,14712000000,14079750000.0,14712000000,47776002606.0,29.0,20.287,2489000000.0,2.057,1.0,5141000000.0,0.474,4270000000,0.0,10365000000,9399250000.0,0,10272000000,8733000000,1539000000,18391000000,16878000000,1513000000,49366002606.0,197000000.0,-19000000.0,-886000000.0,-21000000.0,0.0,2038000000.0,-4999000000.0,-4135000000.0,3158000000.0,0.0,1401000000.0,1401000000.0,1401000000.0,0.0,0.0,0.129,3555000000.0,1586000000.0,15355000000,0.0,3.355,35.236,35.241,1482000000,0.0,40.88,4.553,4.562,14577000000,2069000000.0,10842000000.0,10842000000.0,834000000.0,0.045,0.1,0.174,0.15,398000000.0,1997000000.0,1.0,1207583234,1210000000,1218000000.0,8.96,28833000000,0,230000000.0,1577000000,23.829,8855000000
5,PYPL,ARY,2015-12-31,2016-02-11,2015-12-31,2021-07-29,-9000000,28881000000,25399000000.0,20648000000,8233000000,0.364,11.259,-696000000.0,1393000000,1393000000,4639000000.0,1228000000.0,1.516,1.099,0,0,0,0,0,608000000.0,0,0.0,0.0,1488000000.0,2096000000.0,0.227,2096000000.0,1488000000.0,1488000000.0,1.0,1.0,1.0,13759000000,11003500000.0,13759000000,39591096235.0,27.0,18.889,1850000000.0,1.514,1.0,4609000000.0,0.498,4427000000,0.0,9444000000,6266000000.0,0,8550000000,6202000000,2348000000,15122000000,13617000000,1505000000,40984096235.0,-808000000.0,-1225000000.0,75000000.0,-862000000.0,0.0,3079000000.0,-6389000000.0,-4468000000.0,2546000000.0,-44000000.0,1228000000.0,1228000000.0,1228000000.0,0.0,0.0,0.133,3148000000.0,1461000000.0,12406000000,0.0,2.979,33.375,33.52,1344000000,0.0,33.52,4.432,4.429,12398000000,668000000.0,9248000000.0,9248000000.0,947000000.0,0.048,0.112,0.237,0.161,320000000.0,1545000000.0,1.0,1222675902,1222000000,1229000000.0,7.568,24454000000,0,260000000.0,1537000000,20.011,7031000000
6,PYPL,ARY,2014-12-31,2015-06-26,2014-12-31,2021-07-29,110000000,21917000000,,17565000000,4352000000,,6.768,-492000000.0,2201000000,2201000000,3871000000.0,419000000.0,1.322,1.657,0,0,0,0,0,516000000.0,0,,0.0,1261000000.0,1777000000.0,0.221,1777000000.0,1261000000.0,1261000000.0,,,,8248000000,,8248000000,,,,1728000000.0,1.418,1.0,4154000000.0,0.518,3345000000,0.0,3088000000,,0,3646000000,3615000000,31000000,13669000000,13283000000,386000000,,597000000.0,-2000000.0,0.0,-21000000.0,0.0,-51000000.0,-1546000000.0,-690000000.0,2220000000.0,-26000000.0,419000000.0,419000000.0,419000000.0,0.0,0.0,0.052,2886000000.0,1268000000.0,11820000000,,,,,922000000,0.0,,,,11371000000,,8025000000.0,8025000000.0,890000000.0,,,,0.157,258000000.0,1480000000.0,1.0,1218735605,1218735605,,6.585,18572000000,0,842000000.0,29000000,15.239,4282000000
0,PYPL,ARQ,2021-06-30,2021-07-29,2021-06-30,2021-07-29,-292000000,73816000000,,53231000000,20585000000,,17.807,-246000000.0,5745000000,5745000000,3214000000.0,1184000000.0,1.29,2.531,8945000000,0,8945000000,8945000000,0,316000000.0,0,0.0,0.0,1356000000.0,1672000000.0,0.268,1672000000.0,1356000000.0,1356000000.0,1.01,1.0,1.01,20905000000,,20905000000,335933853916.0,64.0,52.115,1060000000.0,0.903,1.0,3024000000.0,0.485,10484000000,0.0,25264000000,,0,16901000000,9933000000,6968000000,52911000000,41268000000,11643000000,332733853916.0,18000000.0,-469000000.0,-113000000.0,0.0,0.0,-197000000.0,-1099000000.0,-691000000.0,1306000000.0,8000000.0,1184000000.0,1184000000.0,1184000000.0,0.0,0.0,0.19,1897000000.0,1127000000.0,38630000000,0.0,15.916,68.337,68.234,1848000000,0.0,283.17,13.953,13.941,36363000000,14647000000.0,6238000000.0,6238000000.0,746000000.0,,,,,390000000.0,1150000000.0,1.0,1175032150,1174000000,1186000000.0,5.313,63332000000,0,172000000.0,2847000000,53.945,11963000000
1,PYPL,ARQ,2021-03-31,2021-05-06,2021-03-31,2021-07-29,-353000000,72517000000,,53432000000,19085000000,,16.574,-221000000.0,5717000000,5717000000,3066000000.0,1097000000.0,1.293,2.73,8942000000,0,8942000000,8942000000,0,300000000.0,0,0.0,0.0,872000000.0,1172000000.0,0.194,1172000000.0,872000000.0,872000000.0,0.94,0.92,0.94,19441000000,,19441000000,299279964169.0,53.0,43.563,1537000000.0,1.31,1.0,2967000000.0,0.492,10055000000,0.0,24347000000,,0,16094000000,10100000000,5994000000,53076000000,41340000000,11736000000,296054964169.0,960000000.0,0.0,-1321000000.0,0.0,0.0,827000000.0,-1583000000.0,-1182000000.0,1758000000.0,-42000000.0,1097000000.0,1097000000.0,1097000000.0,0.0,0.0,0.182,1925000000.0,1042000000.0,38514000000,0.0,15.228,56.77,56.761,1806000000,0.0,252.02,12.946,12.927,36297000000,13463000000.0,6033000000.0,6033000000.0,741000000.0,,,,,368000000.0,1126000000.0,1.0,1174728054,1173000000,1190000000.0,5.143,62462000000,0,-225000000.0,2889000000,53.25,12092000000
2,PYPL,ARQ,2020-12-31,2021-02-05,2020-12-31,2021-07-29,-484000000,70379000000,,50995000000,19384000000,,17.066,-226000000.0,4794000000,4794000000,3203000000.0,1567000000.0,1.326,2.513,8939000000,0,8939000000,8939000000,0,301000000.0,0,0.0,0.0,1859000000.0,2160000000.0,0.353,2160000000.0,1859000000.0,1859000000.0,1.33,1.32,1.33,20019000000,,20019000000,319706596774.0,63.0,51.12,1021000000.0,0.87,1.0,2913000000.0,0.476,10183000000,0.0,25894000000,,0,17147000000,11058000000,6089000000,50316000000,38447000000,11869000000,315561596774.0,918000000.0,0.0,-200000000.0,0.0,0.0,2480000000.0,-2952000000.0,-2234000000.0,1247000000.0,143000000.0,1567000000.0,1567000000.0,1567000000.0,0.0,0.0,0.256,1950000000.0,963000000.0,35670000000,0.0,15.763,75.098,75.263,1807000000,0.0,269.44,14.709,14.732,33995000000,12366000000.0,6116000000.0,6116000000.0,732000000.0,,,,,377000000.0,1174000000.0,1.0,1171175760,1173000000,1190000000.0,5.214,60196000000,0,292000000.0,3059000000,51.318,12548000000
3,PYPL,ARQ,2020-09-30,2020-11-03,2020-09-30,2021-07-29,-332000000,65582000000,,48704000000,16878000000,,15.77,-241000000.0,6112000000,6112000000,2815000000.0,1021000000.0,1.382,2.546,8937000000,0,8937000000,8937000000,0,298000000.0,0,0.0,0.0,1144000000.0,1442000000.0,0.264,1442000000.0,1144000000.0,1144000000.0,0.87,0.86,0.87,18483000000,,18483000000,213506904176.0,53.0,41.257,479000000.0,0.409,1.0,2644000000.0,0.484,10265000000,0.0,22896000000,,0,14082000000,10643000000,3439000000,47055000000,35246000000,11809000000,210681904176.0,-882000000.0,3000000.0,-369000000.0,0.0,0.0,1493000000.0,-3193000000.0,-3029000000.0,720000000.0,98000000.0,1021000000.0,1021000000.0,1021000000.0,0.0,0.0,0.187,1667000000.0,977000000.0,32689000000,0.0,11.399,67.053,67.345,1757000000,0.0,179.81,10.379,10.382,31012000000,10809000000.0,5459000000.0,5459000000.0,674000000.0,,,,,364000000.0,974000000.0,1.0,1171691809,1172000000,1190000000.0,4.658,55317000000,0,123000000.0,2972000000,47.199,13458000000
4,PYPL,ARQ,2020-06-30,2020-07-30,2020-06-30,2021-07-29,-170000000,63166000000,,46500000000,16666000000,,15.038,-192000000.0,6353000000,6353000000,2706000000.0,1530000000.0,1.379,2.578,8934000000,0,8934000000,8934000000,0,297000000.0,0,0.0,0.0,1799000000.0,2096000000.0,0.398,2096000000.0,1799000000.0,1799000000.0,1.3,1.29,1.3,17640000000,,17640000000,228452938338.0,67.0,51.407,2191000000.0,1.868,1.0,2555000000.0,0.486,10372000000,0.0,21646000000,,0,13005000000,9830000000,3175000000,45482000000,33729000000,11753000000,225871938338.0,1262000000.0,0.0,-130000000.0,966000000.0,0.0,6278000000.0,-7505000000.0,-6580000000.0,2383000000.0,106000000.0,1530000000.0,1530000000.0,1530000000.0,0.0,0.0,0.291,1604000000.0,951000000.0,31283000000,0.0,12.805,87.446,87.904,1717000000,0.0,192.51,11.753,11.75,29477000000,9788000000.0,5261000000.0,5261000000.0,631000000.0,,,,,352000000.0,926000000.0,1.0,1173299768,1173000000,1184000000.0,4.485,52794000000,0,269000000.0,3146000000,45.008,12771000000
5,PYPL,ARQ,2020-03-31,2020-05-07,2020-03-31,2021-07-29,-120000000,54266000000,,38184000000,16082000000,,13.612,-87000000.0,7854000000,7854000000,2729000000.0,84000000.0,1.391,2.396,7967000000,0,7967000000,7967000000,0,293000000.0,0,0.0,0.0,263000000.0,556000000.0,0.12,556000000.0,263000000.0,263000000.0,0.07,0.07,0.07,15967000000,,15967000000,171854776603.0,68.0,48.836,1417000000.0,1.208,1.0,1889000000.0,0.409,10493000000,0.0,16437000000,,0,8410000000,6044000000,2366000000,38255000000,27449000000,10806000000,171741776603.0,999000000.0,-3612000000.0,-799000000.0,3000000000.0,0.0,2241000000.0,-2568000000.0,1532000000.0,1504000000.0,-178000000.0,84000000.0,84000000.0,84000000.0,0.0,0.0,0.018,1491000000.0,398000000.0,25034000000,0.0,10.756,91.547,92.006,1646000000,0.0,146.29,9.404,9.396,23229000000,8258000000.0,4618000000.0,4618000000.0,605000000.0,,,,,283000000.0,857000000.0,1.0,1173981657,1173000000,1185000000.0,3.937,43773000000,0,179000000.0,2978000000,37.317,10735000000
6,PYPL,ARQ,2019-12-31,2020-02-06,2019-12-31,2021-07-29,-173000000,51333000000,,38495000000,12838000000,,14.382,-174000000.0,7349000000,7349000000,2732000000.0,507000000.0,1.43,2.038,4965000000,0,4965000000,4965000000,0,227000000.0,0,0.0,0.0,854000000.0,1081000000.0,0.218,1081000000.0,854000000.0,854000000.0,0.43,0.43,0.43,16885000000,,16885000000,138241633097.0,46.0,35.356,1090000000.0,0.928,1.0,2229000000.0,0.449,6990000000,0.0,15040000000,,0,10247000000,7384000000,2863000000,34404000000,26919000000,7485000000,140625633097.0,759000000.0,-70000000.0,-245000000.0,-7000000.0,0.0,-149000000.0,-399000000.0,-1105000000.0,1264000000.0,43000000.0,507000000.0,507000000.0,507000000.0,0.0,0.0,0.102,1430000000.0,799000000.0,24759000000,0.0,8.328,57.188,57.364,1693000000,0.0,119.89,7.913,7.92,22962000000,8342000000.0,4961000000.0,4961000000.0,558000000.0,,,,,285000000.0,872000000.0,1.0,1172955485,1174000000,1188000000.0,4.226,44343000000,0,347000000.0,2593000000,37.771,11576000000
7,PYPL,ARQ,2019-09-30,2019-10-24,2019-09-30,2021-07-29,-52000000,50223000000,,37748000000,12475000000,,14.028,-156000000.0,6877000000,6877000000,2431000000.0,462000000.0,1.433,2.047,4964000000,0,4964000000,4964000000,0,227000000.0,0,0.0,0.0,484000000.0,711000000.0,0.162,711000000.0,484000000.0,484000000.0,0.39,0.39,0.39,16483000000,,16483000000,121271529825.0,43.0,32.443,940000000.0,0.8,1.0,1947000000.0,0.445,6807000000,0.0,15163000000,,0,9833000000,7062000000,2771000000,33740000000,26340000000,7400000000,123184529825.0,3010000000.0,0.0,-346000000.0,2462000000.0,0.0,1339000000.0,623000000.0,-143000000.0,1096000000.0,-48000000.0,462000000.0,462000000.0,462000000.0,0.0,0.0,0.106,1250000000.0,697000000.0,24204000000,0.0,7.473,48.574,48.569,1701000000,0.0,104.91,7.23,7.235,22928000000,7835000000.0,4378000000.0,4378000000.0,533000000.0,,,,,266000000.0,717000000.0,1.0,1174192449,1175000000,1188000000.0,3.726,43416000000,0,22000000.0,2534000000,36.95,11408000000
8,PYPL,ARQ,2019-06-30,2019-07-25,2019-06-30,2021-07-29,-28000000,48391000000,,36435000000,11956000000,,13.735,-139000000.0,4909000000,4909000000,2344000000.0,823000000.0,1.221,1.998,2499000000,2499000000,0,2499000000,0,228000000.0,0,0.0,0.0,943000000.0,1171000000.0,0.272,1171000000.0,943000000.0,943000000.0,0.7,0.69,0.7,16139000000,,16139000000,133048873775.0,46.0,35.499,1035000000.0,0.881,1.0,1961000000.0,0.456,6935000000,0.0,9199000000,,0,8950000000,6672000000,2278000000,32252000000,29847000000,2405000000,135458873775.0,1071000000.0,0.0,67000000.0,500000000.0,0.0,996000000.0,-1097000000.0,-919000000.0,1174000000.0,-2000000.0,823000000.0,823000000.0,823000000.0,0.0,0.0,0.191,1256000000.0,705000000.0,25272000000,0.0,8.393,53.968,53.794,1720000000,0.0,115.12,8.289,8.277,23952000000,7373000000.0,4305000000.0,4305000000.0,483000000.0,,,,,223000000.0,775000000.0,1.0,1176675415,1175000000,1187000000.0,3.664,41456000000,0,120000000.0,2459000000,35.282,6588000000
9,PYPL,ARQ,2019-03-31,2019-04-25,2019-03-31,2021-07-29,-25000000,46280000000,,34891000000,11389000000,,12.944,-218000000.0,4515000000,4515000000,2278000000.0,667000000.0,1.218,2.053,1999000000,1999000000,0,1999000000,0,230000000.0,0,0.0,0.0,717000000.0,947000000.0,0.229,947000000.0,717000000.0,717000000.0,0.57,0.56,0.57,15157000000,,15157000000,126985116693.0,50.0,37.726,809000000.0,0.691,1.0,1850000000.0,0.448,6984000000,0.0,8145000000,,0,7885000000,6190000000,1695000000,31123000000,28635000000,2488000000,129501116693.0,-2330000000.0,0.0,-749000000.0,0.0,0.0,1502000000.0,-4860000000.0,-2467000000.0,1027000000.0,1000000.0,667000000.0,667000000.0,667000000.0,0.0,0.0,0.162,1332000000.0,518000000.0,24464000000,0.0,8.544,58.518,58.628,1731000000,0.0,110.22,8.148,8.121,23147000000,6550000000.0,4128000000.0,4128000000.0,511000000.0,,,,,247000000.0,748000000.0,1.0,1174933013,1171000000,1188000000.0,3.525,39296000000,0,50000000.0,2563000000,33.558,6256000000
10,PYPL,ARQ,2018-12-31,2019-02-07,2018-12-31,2021-07-29,78000000,43332000000,,32963000000,10369000000,,13.094,-221000000.0,7575000000,7575000000,2325000000.0,584000000.0,1.273,1.816,1998000000,1998000000,0,1998000000,0,223000000.0,0,0.0,0.0,686000000.0,909000000.0,0.215,909000000.0,686000000.0,686000000.0,0.5,0.49,0.5,15386000000,,15386000000,101009070992.0,43.0,32.046,913000000.0,0.777,1.0,1901000000.0,0.45,7109000000,0.0,4742000000,,0,5037000000,4066000000,971000000,27946000000,25904000000,2042000000,106586070992.0,-536000000.0,12000000.0,-534000000.0,-14000000.0,0.0,-1769000000.0,123000000.0,-1241000000.0,1134000000.0,-24000000.0,584000000.0,584000000.0,584000000.0,0.0,0.0,0.138,1303000000.0,598000000.0,21843000000,0.0,6.927,51.816,52.213,1724000000,0.0,90.85,6.898,6.962,20375000000,5880000000.0,4226000000.0,4226000000.0,289000000.0,,,,,230000000.0,779000000.0,1.0,1173209367,1175000000,1194000000.0,3.597,36223000000,0,102000000.0,2103000000,30.828,7059000000
11,PYPL,ARQ,2018-09-30,2018-10-23,2018-09-30,2021-07-29,66000000,43724000000,,33990000000,9734000000,,12.798,-223000000.0,8147000000,8147000000,2028000000.0,436000000.0,1.276,1.893,2000000000,2000000000,0,2000000000,0,188000000.0,0,0.0,0.0,533000000.0,721000000.0,0.196,721000000.0,533000000.0,533000000.0,0.37,0.36,0.37,15115000000,,15115000000,97041905336.0,38.0,29.107,4447000000.0,3.765,1.0,1655000000.0,0.449,6738000000,0.0,4199000000,,0,4498000000,3552000000,946000000,28609000000,26640000000,1969000000,103188905336.0,5847000000.0,-2120000000.0,-595000000.0,-25000000.0,0.0,1049000000.0,154000000.0,3826000000.0,4670000000.0,-26000000.0,436000000.0,436000000.0,436000000.0,0.0,0.0,0.118,1165000000.0,490000000.0,22698000000,0.0,6.827,49.302,50.04,1646000000,0.0,87.57,6.894,6.909,21363000000,5296000000.0,3683000000.0,3683000000.0,269000000.0,,,,,213000000.0,680000000.0,1.0,1178359088,1181000000,1199000000.0,3.119,36986000000,0,97000000.0,2045000000,31.318,7350000000
12,PYPL,ARQ,2018-06-30,2018-07-26,2018-06-30,2021-07-29,36000000,41677000000,,34184000000,7493000000,,12.653,-198000000.0,2840000000,2840000000,2053000000.0,526000000.0,1.378,1.775,2000000000,2000000000,0,2000000000,0,180000000.0,0,0.0,0.0,609000000.0,789000000.0,0.205,789000000.0,609000000.0,609000000.0,0.44,0.44,0.44,15019000000,,15019000000,104672567363.0,42.0,32.128,-170000000.0,-0.143,1.0,1804000000.0,0.468,4456000000,0.0,11572000000,,0,12167000000,10798000000,1369000000,26658000000,24809000000,1849000000,105512567363.0,-805000000.0,-16000000.0,-435000000.0,-1076000000.0,0.0,-1335000000.0,558000000.0,299000000.0,28000000.0,-56000000.0,526000000.0,526000000.0,526000000.0,0.0,0.0,0.136,1232000000.0,572000000.0,20889000000,0.0,7.025,51.798,52.435,1567000000,0.0,89.14,7.264,7.285,19471000000,4860000000.0,3857000000.0,3857000000.0,255000000.0,,,,,205000000.0,681000000.0,1.0,1183672508,1187000000,1202000000.0,3.249,37221000000,0,83000000.0,1933000000,31.357,9375000000
13,PYPL,ARQ,2018-03-31,2018-04-26,2018-03-31,2021-07-29,-169000000,42322000000,,34742000000,7580000000,,12.283,-178000000.0,2879000000,2879000000,1931000000.0,511000000.0,1.351,1.891,3000000000,3000000000,0,3000000000,0,185000000.0,0,0.0,0.0,548000000.0,733000000.0,0.199,733000000.0,548000000.0,548000000.0,0.43,0.42,0.43,14641000000,,14641000000,90398020305.0,39.0,29.002,-527000000.0,-0.442,1.0,1754000000.0,0.476,4476000000,0.0,12253000000,,0,13030000000,11543000000,1487000000,27681000000,25714000000,1967000000,90277020305.0,442000000.0,0.0,-1812000000.0,2075000000.0,0.0,793000000.0,5000000.0,-246000000.0,-349000000.0,-7000000.0,511000000.0,511000000.0,511000000.0,0.0,0.0,0.139,1220000000.0,534000000.0,20849000000,0.0,6.166,46.97,47.519,1523000000,0.0,76.03,6.54,6.565,19420000000,4334000000.0,3685000000.0,3685000000.0,258000000.0,,,,,205000000.0,624000000.0,1.0,1187386825,1192000000,1217000000.0,3.091,37846000000,0,37000000.0,2065000000,31.75,9028000000
14,PYPL,ARQ,2017-12-31,2018-02-07,2017-12-31,2021-07-29,-142000000,40774000000,,32645000000,8129000000,,13.295,-180000000.0,2883000000,2883000000,1672000000.0,620000000.0,1.428,1.549,1000000000,1000000000,0,1000000000,0,227000000.0,0,0.0,0.0,864000000.0,1091000000.0,0.291,1091000000.0,864000000.0,864000000.0,0.51,0.51,0.51,15994000000,,15994000000,88837125014.0,40.0,29.563,-327000000.0,-0.272,1.0,2072000000.0,0.553,4507000000,0.0,11521000000,,0,12485000000,10524000000,1961000000,24780000000,22863000000,1917000000,90720125014.0,553000000.0,0.0,-256000000.0,200000000.0,0.0,1657000000.0,-958000000.0,466000000.0,-147000000.0,1000000.0,620000000.0,620000000.0,620000000.0,0.0,0.0,0.166,1229000000.0,843000000.0,19999000000,0.0,5.672,50.54,50.732,1528000000,0.0,75.59,6.928,6.945,18525000000,3823000000.0,3744000000.0,3744000000.0,267000000.0,,,,,219000000.0,643000000.0,1.0,1200160405,1203000000,1230000000.0,3.112,36267000000,0,244000000.0,2000000000,30.147,9782000000
15,PYPL,ARQ,2017-09-30,2017-10-24,2017-09-30,2021-07-29,-142000000,37761000000,,29437000000,8324000000,,12.839,-165000000.0,2330000000,2330000000,1811000000.0,380000000.0,1.422,1.447,0,0,0,0,0,194000000.0,0,0.0,0.0,451000000.0,645000000.0,0.199,645000000.0,451000000.0,451000000.0,0.32,0.31,0.32,15432000000,,15432000000,82056123146.0,45.0,31.904,841000000.0,0.7,1.0,1428000000.0,0.441,4552000000,0.0,10176000000,,0,11129000000,8912000000,2217000000,22329000000,20703000000,1626000000,84386123146.0,1059000000.0,-323000000.0,-86000000.0,626000000.0,0.0,1439000000.0,-1398000000.0,693000000.0,1006000000.0,12000000.0,380000000.0,380000000.0,380000000.0,0.0,0.0,0.117,1005000000.0,423000000.0,18949000000,0.0,5.468,53.921,53.595,1485000000,0.0,70.21,6.843,6.844,17476000000,3204000000.0,3239000000.0,3239000000.0,240000000.0,,,,,193000000.0,571000000.0,1.0,1201910314,1202000000,1223000000.0,2.695,33209000000,0,71000000.0,1715000000,27.628,8734000000
16,PYPL,ARQ,2017-06-30,2017-07-27,2017-06-30,2021-07-29,-98000000,35290000000,,27035000000,8255000000,,12.478,-174000000.0,1271000000,1271000000,1707000000.0,411000000.0,1.45,1.353,0,0,0,0,0,201000000.0,0,0.0,0.0,447000000.0,648000000.0,0.207,648000000.0,447000000.0,447000000.0,0.34,0.34,0.34,14998000000,,14998000000,71053180994.0,41.0,28.743,747000000.0,0.621,1.0,1429000000.0,0.456,4205000000,0.0,11173000000,,0,11083000000,8572000000,2511000000,20292000000,18641000000,1651000000,72324180994.0,31000000.0,0.0,-15000000.0,-6000000.0,0.0,1042000000.0,-1944000000.0,-1383000000.0,921000000.0,12000000.0,411000000.0,411000000.0,411000000.0,0.0,0.0,0.131,999000000.0,430000000.0,17149000000,0.0,4.822,47.96,47.738,1479000000,0.0,60.15,6.151,6.149,16354000000,2824000000.0,3136000000.0,3136000000.0,232000000.0,,,,,176000000.0,566000000.0,1.0,1202397024,1202000000,1215000000.0,2.609,31085000000,0,36000000.0,1736000000,25.861,8394000000
17,PYPL,ARQ,2017-03-31,2017-04-27,2017-03-31,2021-07-29,2000000,33493000000,,25425000000,8068000000,,12.158,-148000000.0,1240000000,1240000000,1604000000.0,384000000.0,1.471,1.29,0,0,0,0,0,183000000.0,0,0.0,0.0,438000000.0,621000000.0,0.209,621000000.0,438000000.0,438000000.0,0.32,0.32,0.32,14626000000,,14626000000,55399337285.0,34.0,23.277,603000000.0,0.501,1.0,1371000000.0,0.461,4244000000,0.0,10723000000,,0,10494000000,8169000000,2325000000,18867000000,17286000000,1581000000,56639337285.0,-350000000.0,0.0,-505000000.0,0.0,0.0,-54000000.0,-1058000000.0,-1664000000.0,751000000.0,11000000.0,384000000.0,384000000.0,384000000.0,0.0,0.0,0.129,940000000.0,431000000.0,15905000000,0.0,3.873,39.887,39.622,1448000000,0.0,47.15,5.024,5.032,15119000000,2412000000.0,2975000000.0,2975000000.0,214000000.0,,,,,145000000.0,503000000.0,1.0,1201258479,1203000000,1216000000.0,2.473,29249000000,0,54000000.0,1662000000,24.313,8139000000
18,PYPL,ARQ,2016-12-31,2017-02-08,2016-12-31,2021-07-29,59000000,33103000000,,25733000000,7370000000,,12.189,-152000000.0,1590000000,1590000000,1589000000.0,390000000.0,1.525,1.25,0,0,0,0,0,189000000.0,0,0.0,0.0,469000000.0,658000000.0,0.221,658000000.0,469000000.0,469000000.0,0.33,0.32,0.33,14712000000,,14712000000,47776002606.0,29.0,20.287,771000000.0,0.639,1.0,1392000000.0,0.467,4270000000,0.0,10365000000,,0,10272000000,8733000000,1539000000,18391000000,16878000000,1513000000,49366002606.0,221000000.0,0.0,1000000.0,0.0,0.0,1143000000.0,-1829000000.0,-881000000.0,923000000.0,-16000000.0,390000000.0,390000000.0,390000000.0,0.0,0.0,0.131,932000000.0,460000000.0,15355000000,0.0,3.355,35.236,35.241,1482000000,0.0,40.88,4.553,4.562,14577000000,2069000000.0,2981000000.0,2981000000.0,215000000.0,,,,,121000000.0,528000000.0,1.0,1207583234,1207000000,1218000000.0,2.47,28833000000,0,79000000.0,1577000000,23.888,8855000000
19,PYPL,ARQ,2016-09-30,2016-10-25,2016-09-30,2021-07-29,39000000,31356000000,,24161000000,7195000000,,11.758,-183000000.0,1369000000,1369000000,1426000000.0,323000000.0,1.547,1.209,0,0,0,0,0,185000000.0,0,0.0,0.0,360000000.0,545000000.0,0.204,545000000.0,360000000.0,360000000.0,0.27,0.27,0.27,14192000000,,14192000000,50890834622.0,32.0,22.33,618000000.0,0.512,1.0,1241000000.0,0.465,4313000000,0.0,10058000000,,0,9873000000,8534000000,1339000000,17164000000,15616000000,1548000000,52259834622.0,-649000000.0,0.0,-48000000.0,0.0,0.0,238000000.0,-1689000000.0,-1904000000.0,801000000.0,1000000.0,323000000.0,323000000.0,323000000.0,0.0,0.0,0.121,893000000.0,348000000.0,14294000000,0.0,3.682,37.924,38.327,1451000000,0.0,43.31,5.017,5.018,13507000000,1679000000.0,2667000000.0,2667000000.0,215000000.0,,,,,103000000.0,494000000.0,1.0,1206645916,1207000000,1214000000.0,2.21,27043000000,0,37000000.0,1598000000,22.405,8545000000
20,PYPL,ARQ,2016-06-30,2016-07-26,2016-06-30,2021-07-29,52000000,30631000000,,23457000000,7174000000,,11.419,-201000000.0,2018000000,2018000000,1383000000.0,323000000.0,1.541,1.217,0,0,0,0,0,176000000.0,0,0.0,0.0,380000000.0,556000000.0,0.21,556000000.0,380000000.0,380000000.0,0.27,0.27,0.27,13817000000,,13817000000,43470740136.0,28.0,19.433,495000000.0,0.409,1.0,1267000000.0,0.478,4350000000,0.0,9040000000,,0,8761000000,7446000000,1315000000,16814000000,15223000000,1591000000,45488740136.0,-565000000.0,0.0,-249000000.0,0.0,0.0,544000000.0,-1806000000.0,-1335000000.0,696000000.0,1000000.0,323000000.0,323000000.0,323000000.0,0.0,0.0,0.122,896000000.0,371000000.0,14003000000,0.0,3.292,33.546,33.955,1412000000,0.0,37.69,4.545,4.557,13201000000,1356000000.0,2650000000.0,2650000000.0,209000000.0,,,,,80000000.0,511000000.0,1.0,1206918019,1210000000,1215000000.0,2.19,26281000000,0,57000000.0,1630000000,21.72,8234000000
21,PYPL,ARQ,2016-03-31,2016-04-28,2016-03-31,2021-07-29,-27000000,29470000000,,21968000000,7502000000,,11.183,-133000000.0,2583000000,2583000000,1303000000.0,365000000.0,1.53,1.167,0,0,0,0,0,174000000.0,0,0.0,0.0,422000000.0,596000000.0,0.234,596000000.0,422000000.0,422000000.0,0.3,0.3,0.3,13598000000,,13598000000,45982908386.0,29.0,,605000000.0,0.498,1.0,1241000000.0,0.488,4391000000,0.0,8134000000,,0,8069000000,6408000000,1661000000,15872000000,14362000000,1510000000,48565908386.0,1190000000.0,-19000000.0,-590000000.0,-21000000.0,0.0,113000000.0,325000000.0,-15000000.0,738000000.0,14000000.0,365000000.0,365000000.0,365000000.0,0.0,0.0,0.143,834000000.0,407000000.0,13190000000,0.0,3.572,36.297,36.761,1345000000,0.0,40.07,5.03,5.047,12391000000,1033000000.0,2544000000.0,2544000000.0,195000000.0,,,,,94000000.0,464000000.0,1.0,1212026663,1216000000,1225000000.0,2.092,25079000000,0,57000000.0,1537000000,20.624,7606000000
22,PYPL,ARQ,2015-12-31,2016-02-11,2015-12-31,2021-07-29,-9000000,28881000000,,20648000000,8233000000,,11.232,-164000000.0,1393000000,1393000000,1315000000.0,367000000.0,1.516,1.099,0,0,0,0,0,164000000.0,0,0.0,0.0,418000000.0,582000000.0,0.228,582000000.0,418000000.0,418000000.0,0.29,0.3,0.29,13759000000,,13759000000,39591096235.0,27.0,18.889,564000000.0,0.46,1.0,1241000000.0,0.486,4427000000,0.0,9444000000,,0,8550000000,6202000000,2348000000,15122000000,13617000000,1505000000,40984096235.0,-487000000.0,-942000000.0,39000000.0,15000000.0,0.0,45000000.0,-1257000000.0,-151000000.0,728000000.0,-3000000.0,367000000.0,367000000.0,367000000.0,0.0,0.0,0.144,830000000.0,411000000.0,12406000000,0.0,2.979,33.375,33.52,1344000000,0.0,33.52,4.432,4.429,12398000000,668000000.0,2556000000.0,2556000000.0,252000000.0,,,,,88000000.0,415000000.0,1.0,1222675902,1225000000,1235000000.0,2.087,24454000000,0,51000000.0,1537000000,19.962,7031000000
23,PYPL,ARQ,2015-09-30,2015-10-29,2015-09-30,2021-07-29,3000000,27896000000,,20554000000,7342000000,,10.822,-118000000.0,1880000000,1880000000,1169000000.0,301000000.0,1.572,1.111,0,0,0,0,0,153000000.0,0,0.0,0.0,350000000.0,503000000.0,0.223,503000000.0,350000000.0,350000000.0,0.25,0.25,0.25,13214000000,,13214000000,41990890055.0,,,534000000.0,0.437,1.0,1089000000.0,0.482,3589000000,0.0,9355000000,,0,8413000000,6021000000,2392000000,14682000000,13072000000,1610000000,43870890055.0,-682000000.0,-10000000.0,36000000.0,-4000000.0,0.0,62000000.0,-1380000000.0,-1252000000.0,652000000.0,-16000000.0,301000000.0,301000000.0,301000000.0,0.0,0.0,0.133,759000000.0,330000000.0,11916000000,0.0,3.32,,,1298000000,0.0,35.91,,,11975000000,301000000.0,2258000000.0,2258000000.0,230000000.0,,,,,86000000.0,376000000.0,1.0,1221690060,1221000000,1227000000.0,1.849,24307000000,0,49000000.0,67000000,19.907,7482000000
24,PYPL,ARQ,2015-06-30,2015-07-29,2015-06-30,2021-07-29,24000000,26911000000,,19713000000,7198000000,,10.46,,2562000000,2562000000,1127000000.0,305000000.0,1.567,1.112,0,0,0,0,0,,0,0.0,0.0,399000000.0,,,,399000000.0,399000000.0,0.25,0.25,0.25,12740000000,,12740000000,43689016210.0,,,,,1.0,1170000000.0,0.509,3595000000,0.0,8170000000,,0,7256000000,4998000000,2258000000,14171000000,12584000000,1587000000,46251016210.0,,,,,,,,,,,305000000.0,305000000.0,305000000.0,0.0,0.0,0.133,772000000.0,398000000.0,11676000000,0.0,3.63,,,1291000000,0.0,37.95,,,11570000000,,2297000000.0,2297000000.0,241000000.0,,,,,,380000000.0,1.0,1218735605,1218000000,1224000000.0,1.886,23316000000,0,94000000.0,31000000,19.143,7129000000
25,PYPL,ARQ,2014-12-31,2015-06-26,2014-12-31,2021-07-29,110000000,21917000000,,17565000000,4352000000,,6.768,,2201000000,2201000000,,,1.322,1.657,0,0,0,0,0,,0,,0.0,,,,,,,,,,8248000000,,8248000000,,,,,,1.0,,,3345000000,,3088000000,,0,3646000000,3615000000,31000000,13669000000,13283000000,386000000,,,,,,,,,,,,,,,,,,,,11820000000,,,,,922000000,,,,,11371000000,,,,,,,,,,,1.0,1218735605,1218735605,,,18572000000,0,,29000000,15.239,4282000000
0,PYPL,ART,2021-06-30,2021-07-29,2021-06-30,2021-07-29,-292000000,73816000000,70573500000.0,53231000000,20585000000,0.338,17.807,-934000000.0,5745000000,5745000000,12298000000.0,4869000000.0,1.29,2.531,8945000000,0,8945000000,8945000000,0,1215000000.0,0,0.0,0.0,5231000000.0,6446000000.0,0.27,6446000000.0,5231000000.0,5231000000.0,4.15,4.1,4.15,20905000000,19712000000.0,20905000000,335933853916.0,64.0,52.115,4097000000.0,3.49,1.0,11548000000.0,0.484,10484000000,0.0,25264000000,24600250000.0,0,16901000000,9933000000,6968000000,52911000000,41268000000,11643000000,332733853916.0,1014000000.0,-466000000.0,-2003000000.0,0.0,0.0,4603000000.0,-8827000000.0,-7136000000.0,5031000000.0,207000000.0,4869000000.0,4869000000.0,4869000000.0,0.0,0.0,0.204,7439000000.0,4109000000.0,38630000000,0.0,15.916,68.337,68.234,1848000000,0.0,283.17,13.953,13.941,36363000000,14647000000.0,23846000000.0,23846000000.0,2893000000.0,0.069,0.247,0.213,0.219,1499000000.0,4424000000.0,1.0,1175032150,1174000000,1186000000.0,20.312,63332000000,0,362000000.0,2847000000,53.945,11963000000
1,PYPL,ART,2021-03-31,2021-05-06,2021-03-31,2021-07-29,-353000000,72517000000,67911000000.0,53432000000,19085000000,0.337,16.574,-880000000.0,5717000000,5717000000,11790000000.0,5215000000.0,1.293,2.73,8942000000,0,8942000000,8942000000,0,1196000000.0,0,0.0,0.0,5674000000.0,6870000000.0,0.3,6870000000.0,5674000000.0,5674000000.0,4.44,4.39,4.44,19441000000,18895750000.0,19441000000,299279964169.0,53.0,43.563,5228000000.0,4.457,1.0,11079000000.0,0.484,10055000000,0.0,24347000000,23695750000.0,0,16094000000,10100000000,5994000000,53076000000,41340000000,11736000000,296054964169.0,2258000000.0,3000000.0,-2020000000.0,966000000.0,0.0,11078000000.0,-15233000000.0,-13025000000.0,6108000000.0,305000000.0,5215000000.0,5215000000.0,5215000000.0,0.0,0.0,0.228,7146000000.0,3933000000.0,38514000000,0.0,15.228,56.77,56.761,1806000000,0.0,252.02,12.946,12.927,36297000000,13463000000.0,22869000000.0,22869000000.0,2778000000.0,0.077,0.276,0.239,0.248,1461000000.0,4200000000.0,1.0,1174728054,1173000000,1190000000.0,19.496,62462000000,0,459000000.0,2889000000,53.25,12092000000
2,PYPL,ART,2020-12-31,2021-02-05,2020-12-31,2021-07-29,-484000000,70379000000,63348250000.0,50995000000,19384000000,0.339,17.066,-746000000.0,4794000000,4794000000,11453000000.0,4202000000.0,1.326,2.513,8939000000,0,8939000000,8939000000,0,1189000000.0,0,0.0,0.0,5065000000.0,6254000000.0,0.292,6254000000.0,5065000000.0,5065000000.0,3.58,3.54,3.58,20019000000,18027250000.0,20019000000,319706596774.0,63.0,51.12,5108000000.0,4.355,1.0,10001000000.0,0.466,10183000000,0.0,25894000000,21718250000.0,0,17147000000,11058000000,6089000000,50316000000,38447000000,11869000000,315561596774.0,2297000000.0,-3609000000.0,-1498000000.0,3966000000.0,0.0,12492000000.0,-16218000000.0,-10311000000.0,5854000000.0,169000000.0,4202000000.0,4202000000.0,4202000000.0,0.0,0.0,0.196,6712000000.0,3289000000.0,35670000000,0.0,15.763,75.098,75.263,1807000000,0.0,269.44,14.709,14.732,33995000000,12366000000.0,21454000000.0,21454000000.0,2642000000.0,0.066,0.233,0.233,0.236,1376000000.0,3931000000.0,1.0,1171175760,1173000000,1187000000.0,18.29,60196000000,0,863000000.0,3059000000,51.318,12548000000
3,PYPL,ART,2020-09-30,2020-11-03,2020-09-30,2021-07-29,-332000000,65582000000,58586750000.0,48704000000,16878000000,0.346,15.77,-694000000.0,6112000000,6112000000,10982000000.0,3142000000.0,1.382,2.546,8937000000,0,8937000000,8937000000,0,1115000000.0,0,0.0,0.0,4060000000.0,5175000000.0,0.255,5175000000.0,4060000000.0,4060000000.0,2.67,2.65,2.67,18483000000,17243750000.0,18483000000,213506904176.0,53.0,41.257,5177000000.0,4.417,1.0,9317000000.0,0.459,10265000000,0.0,22896000000,19004750000.0,0,14082000000,10643000000,3439000000,47055000000,35246000000,11809000000,210681904176.0,2138000000.0,-3679000000.0,-1543000000.0,3959000000.0,0.0,9863000000.0,-13665000000.0,-9182000000.0,5871000000.0,69000000.0,3142000000.0,3142000000.0,3142000000.0,0.0,0.0,0.155,6192000000.0,3125000000.0,32689000000,0.0,11.399,67.053,67.345,1757000000,0.0,179.81,10.379,10.382,31012000000,10809000000.0,20299000000.0,20299000000.0,2468000000.0,0.054,0.182,0.214,0.2,1284000000.0,3629000000.0,1.0,1171691809,1172000000,1190000000.0,17.32,55317000000,0,918000000.0,2972000000,47.199,13458000000
4,PYPL,ART,2020-06-30,2020-07-30,2020-06-30,2021-07-29,-170000000,63166000000,54747000000.0,46500000000,16666000000,0.351,15.038,-609000000.0,6353000000,6353000000,10598000000.0,2583000000.0,1.379,2.578,8934000000,0,8934000000,8934000000,0,1044000000.0,0,0.0,0.0,3400000000.0,4444000000.0,0.231,4444000000.0,3400000000.0,3400000000.0,2.19,2.18,2.19,17640000000,16743750000.0,17640000000,228452938338.0,67.0,51.407,5638000000.0,4.806,1.0,8620000000.0,0.449,10372000000,0.0,21646000000,17071500000.0,0,13005000000,9830000000,3175000000,45482000000,33729000000,11753000000,225871938338.0,6030000000.0,-3682000000.0,-1520000000.0,6421000000.0,0.0,9709000000.0,-9849000000.0,-6296000000.0,6247000000.0,-77000000.0,2583000000.0,2583000000.0,2583000000.0,0.0,0.0,0.134,5775000000.0,2845000000.0,31283000000,0.0,12.805,87.446,87.904,1717000000,0.0,192.51,11.753,11.75,29477000000,9788000000.0,19218000000.0,19218000000.0,2327000000.0,0.047,0.154,0.199,0.177,1186000000.0,3372000000.0,1.0,1173299768,1173000000,1184000000.0,16.384,52794000000,0,817000000.0,3146000000,45.008,12771000000
5,PYPL,ART,2020-03-31,2020-05-07,2020-03-31,2021-07-29,-120000000,54266000000,51053250000.0,38184000000,16082000000,0.358,13.612,-556000000.0,7854000000,7854000000,10236000000.0,1876000000.0,1.391,2.396,7967000000,0,7967000000,7967000000,0,975000000.0,0,0.0,0.0,2544000000.0,3519000000.0,0.193,3519000000.0,2544000000.0,2544000000.0,1.59,1.58,1.59,15967000000,16368500000.0,15967000000,171854776603.0,68.0,48.836,4482000000.0,3.821,1.0,8026000000.0,0.439,10493000000,0.0,16437000000,13959750000.0,0,8410000000,6044000000,2366000000,38255000000,27449000000,10806000000,171741776603.0,5839000000.0,-3682000000.0,-1323000000.0,5955000000.0,0.0,4427000000.0,-3441000000.0,-635000000.0,5038000000.0,-185000000.0,1876000000.0,1876000000.0,1876000000.0,0.0,0.0,0.103,5427000000.0,2599000000.0,25034000000,0.0,10.756,91.547,92.006,1646000000,0.0,146.29,9.404,9.396,23229000000,8258000000.0,18262000000.0,18262000000.0,2179000000.0,0.037,0.115,0.182,0.139,1057000000.0,3221000000.0,1.0,1173981657,1173000000,1185000000.0,15.569,43773000000,0,668000000.0,2978000000,37.317,10735000000
6,PYPL,ART,2019-12-31,2020-02-06,2019-12-31,2021-07-29,-173000000,51333000000,49056750000.0,38495000000,12838000000,0.362,14.382,-687000000.0,7349000000,7349000000,9785000000.0,2459000000.0,1.43,2.038,4965000000,0,4965000000,4965000000,0,912000000.0,0,0.0,0.0,2998000000.0,3910000000.0,0.22,3910000000.0,2998000000.0,2998000000.0,2.09,2.07,2.09,16885000000,16166000000.0,16885000000,138241633097.0,46.0,35.356,3874000000.0,3.3,1.0,7987000000.0,0.449,6990000000,0.0,15040000000,11886750000.0,0,10247000000,7384000000,2863000000,34404000000,26919000000,7485000000,140625633097.0,2510000000.0,-70000000.0,-1273000000.0,2955000000.0,0.0,3688000000.0,-5733000000.0,-4634000000.0,4561000000.0,-6000000.0,2459000000.0,2459000000.0,2459000000.0,0.0,0.0,0.138,5268000000.0,2719000000.0,24759000000,0.0,8.328,57.188,57.364,1693000000,0.0,119.89,7.913,7.92,22962000000,8342000000.0,17772000000.0,17772000000.0,2085000000.0,0.05,0.152,0.252,0.169,1021000000.0,3112000000.0,1.0,1172955485,1174000000,1188000000.0,15.138,44343000000,0,539000000.0,2593000000,37.771,11576000000
7,PYPL,ART,2019-09-30,2019-10-24,2019-09-30,2021-07-29,-52000000,50223000000,47056500000.0,37748000000,12475000000,0.362,14.028,-734000000.0,6877000000,6877000000,9378000000.0,2536000000.0,1.433,2.047,4964000000,0,4964000000,4964000000,0,908000000.0,0,0.0,0.0,2830000000.0,3738000000.0,0.219,3738000000.0,2830000000.0,2830000000.0,2.16,2.13,2.16,16483000000,15791250000.0,16483000000,121271529825.0,43.0,32.443,3697000000.0,3.146,1.0,7659000000.0,0.45,6807000000,0.0,15163000000,9312250000.0,0,9833000000,7062000000,2771000000,33740000000,26340000000,7400000000,123184529825.0,1215000000.0,12000000.0,-1562000000.0,2948000000.0,0.0,2068000000.0,-5211000000.0,-4770000000.0,4431000000.0,-73000000.0,2536000000.0,2536000000.0,2536000000.0,0.0,0.0,0.149,5141000000.0,2518000000.0,24204000000,0.0,7.473,48.574,48.569,1701000000,0.0,104.91,7.23,7.235,22928000000,7835000000.0,17037000000.0,17037000000.0,1816000000.0,0.054,0.161,0.304,0.166,966000000.0,3019000000.0,1.0,1174192449,1175000000,1188000000.0,14.5,43416000000,0,294000000.0,2534000000,36.95,11408000000
8,PYPL,ART,2019-06-30,2019-07-25,2019-06-30,2021-07-29,-28000000,48391000000,45431750000.0,36435000000,11956000000,0.36,13.735,-801000000.0,4909000000,4909000000,8975000000.0,2510000000.0,1.221,1.998,2499000000,2499000000,0,2499000000,0,869000000.0,0,0.0,0.0,2879000000.0,3748000000.0,0.229,3748000000.0,2879000000.0,2879000000.0,2.14,2.1,2.14,16139000000,15449250000.0,16139000000,133048873775.0,46.0,35.499,7204000000.0,6.131,1.0,7367000000.0,0.451,6935000000,0.0,9199000000,6571250000.0,0,8950000000,6672000000,2278000000,32252000000,29847000000,2405000000,135458873775.0,4052000000.0,-2108000000.0,-1811000000.0,461000000.0,0.0,1778000000.0,-5680000000.0,-801000000.0,8005000000.0,-51000000.0,2510000000.0,2510000000.0,2510000000.0,0.0,0.0,0.154,5056000000.0,2311000000.0,25272000000,0.0,8.393,53.968,53.794,1720000000,0.0,115.12,8.289,8.277,23952000000,7373000000.0,16342000000.0,16342000000.0,1552000000.0,0.055,0.162,0.438,0.176,913000000.0,2982000000.0,1.0,1176675415,1175000000,1187000000.0,13.908,41456000000,0,369000000.0,2459000000,35.282,6588000000
9,PYPL,ART,2019-03-31,2019-04-25,2019-03-31,2021-07-29,-25000000,46280000000,43753250000.0,34891000000,11389000000,0.363,12.944,-860000000.0,4515000000,4515000000,8684000000.0,2213000000.0,1.218,2.053,1999000000,1999000000,0,1999000000,0,821000000.0,0,0.0,0.0,2545000000.0,3366000000.0,0.212,3366000000.0,2545000000.0,2545000000.0,1.88,1.85,1.88,15157000000,15169250000.0,15157000000,126985116693.0,50.0,37.726,5999000000.0,5.123,1.0,7210000000.0,0.454,6984000000,0.0,8145000000,7164500000.0,0,7885000000,6190000000,1695000000,31123000000,28635000000,2488000000,129501116693.0,2176000000.0,-2124000000.0,-2313000000.0,-1115000000.0,0.0,-553000000.0,-4025000000.0,417000000.0,6859000000.0,-105000000.0,2213000000.0,2213000000.0,2213000000.0,0.0,0.0,0.139,5032000000.0,2178000000.0,24464000000,0.0,8.544,58.518,58.628,1731000000,0.0,110.22,8.148,8.121,23147000000,6550000000.0,15894000000.0,15894000000.0,1324000000.0,0.051,0.146,0.355,0.16,895000000.0,2888000000.0,1.0,1174933013,1171000000,1188000000.0,13.573,39296000000,0,332000000.0,2563000000,33.558,6256000000
10,PYPL,ART,2018-12-31,2019-02-07,2018-12-31,2021-07-29,78000000,43332000000,42763750000.0,32963000000,10369000000,0.361,12.995,-820000000.0,7575000000,7575000000,8337000000.0,2057000000.0,1.273,1.816,1998000000,1998000000,0,1998000000,0,776000000.0,0,0.0,0.0,2376000000.0,3152000000.0,0.204,3152000000.0,2376000000.0,2376000000.0,1.74,1.71,1.74,15386000000,15040250000.0,15386000000,101009070992.0,43.0,32.046,4663000000.0,3.938,1.0,7114000000.0,0.46,7109000000,0.0,4742000000,8191500000.0,0,5037000000,4066000000,971000000,27946000000,25904000000,2042000000,106586070992.0,4948000000.0,-2124000000.0,-3376000000.0,960000000.0,0.0,-1262000000.0,840000000.0,2638000000.0,5483000000.0,-113000000.0,2057000000.0,2057000000.0,2057000000.0,0.0,0.0,0.133,4920000000.0,2194000000.0,21843000000,0.0,6.927,51.816,52.213,1724000000,0.0,90.85,6.898,6.962,20375000000,5880000000.0,15451000000.0,15451000000.0,1071000000.0,0.048,0.137,0.29,0.154,853000000.0,2764000000.0,1.0,1173209367,1184000000,1203000000.0,13.05,36223000000,0,319000000.0,2103000000,30.594,7059000000
11,PYPL,ART,2018-09-30,2018-10-23,2018-09-30,2021-07-29,66000000,43724000000,42124250000.0,33990000000,9734000000,0.355,12.798,-779000000.0,8147000000,8147000000,7684000000.0,2093000000.0,1.276,1.893,2000000000,2000000000,0,2000000000,0,780000000.0,0,0.0,0.0,2554000000.0,3334000000.0,0.223,3334000000.0,2554000000.0,2554000000.0,1.75,1.73,1.75,15115000000,15192250000.0,15115000000,97041905336.0,38.0,29.107,3423000000.0,2.898,1.0,7285000000.0,0.487,6738000000,0.0,4199000000,9886250000.0,0,4498000000,3552000000,946000000,28609000000,26640000000,1969000000,103188905336.0,6037000000.0,-2136000000.0,-3098000000.0,1174000000.0,0.0,2164000000.0,-241000000.0,4345000000.0,4202000000.0,-88000000.0,2093000000.0,2093000000.0,2093000000.0,0.0,0.0,0.14,4846000000.0,2439000000.0,22698000000,0.0,6.827,49.302,50.04,1646000000,0.0,87.57,6.894,6.909,21363000000,5296000000.0,14969000000.0,14969000000.0,1049000000.0,0.05,0.138,0.258,0.171,842000000.0,2628000000.0,1.0,1178359088,1181000000,1199000000.0,12.675,36986000000,0,461000000.0,2045000000,31.318,7350000000
12,PYPL,ART,2018-06-30,2018-07-26,2018-06-30,2021-07-29,36000000,41677000000,40633500000.0,34184000000,7493000000,0.357,12.653,-721000000.0,2840000000,2840000000,7467000000.0,2037000000.0,1.378,1.775,2000000000,2000000000,0,2000000000,0,786000000.0,0,0.0,0.0,2472000000.0,3258000000.0,0.224,3258000000.0,2472000000.0,2472000000.0,1.7,1.68,1.7,15019000000,15271500000.0,15019000000,104672567363.0,42.0,32.128,-183000000.0,-0.154,1.0,7058000000.0,0.486,4456000000,0.0,11572000000,11380500000.0,0,12167000000,10798000000,1369000000,26658000000,24809000000,1849000000,105512567363.0,1249000000.0,-339000000.0,-2589000000.0,1825000000.0,0.0,2554000000.0,-1793000000.0,1212000000.0,538000000.0,-50000000.0,2037000000.0,2037000000.0,2037000000.0,0.0,0.0,0.14,4686000000.0,2372000000.0,20889000000,0.0,7.025,51.798,52.435,1567000000,0.0,89.14,7.264,7.285,19471000000,4860000000.0,14525000000.0,14525000000.0,1020000000.0,0.05,0.133,0.217,0.17,822000000.0,2519000000.0,1.0,1183672508,1187000000,1202000000.0,12.237,37221000000,0,435000000.0,1933000000,31.357,9375000000
13,PYPL,ART,2018-03-31,2018-04-26,2018-03-31,2021-07-29,-169000000,42322000000,39036750000.0,34742000000,7580000000,0.354,12.283,-697000000.0,2879000000,2879000000,7121000000.0,1922000000.0,1.351,1.891,3000000000,3000000000,0,3000000000,0,807000000.0,0,0.0,0.0,2310000000.0,3117000000.0,0.226,3117000000.0,2310000000.0,2310000000.0,1.6,1.58,1.6,14641000000,15266250000.0,14641000000,90398020305.0,39.0,29.002,734000000.0,0.616,1.0,6683000000.0,0.484,4476000000,0.0,12253000000,11280750000.0,0,13030000000,11543000000,1487000000,27681000000,25714000000,1967000000,90277020305.0,2085000000.0,-323000000.0,-2169000000.0,2895000000.0,0.0,4931000000.0,-4295000000.0,-470000000.0,1431000000.0,18000000.0,1922000000.0,1922000000.0,1922000000.0,0.0,0.0,0.139,4453000000.0,2230000000.0,20849000000,0.0,6.166,46.97,47.519,1523000000,0.0,76.03,6.54,6.565,19420000000,4334000000.0,13804000000.0,13804000000.0,997000000.0,0.049,0.126,0.205,0.167,793000000.0,2404000000.0,1.0,1187386825,1192000000,1217000000.0,11.581,37846000000,0,388000000.0,2065000000,31.75,9028000000
14,PYPL,ART,2017-12-31,2018-02-07,2017-12-31,2021-07-29,-142000000,40774000000,36829500000.0,32645000000,8129000000,0.356,13.295,-667000000.0,2883000000,2883000000,6794000000.0,1795000000.0,1.428,1.549,1000000000,1000000000,0,1000000000,0,805000000.0,0,0.0,0.0,2200000000.0,3005000000.0,0.229,3005000000.0,2200000000.0,2200000000.0,1.49,1.47,1.49,15994000000,15262500000.0,15994000000,88837125014.0,40.0,29.563,1864000000.0,1.549,1.0,6300000000.0,0.481,4507000000,0.0,11521000000,10898250000.0,0,12485000000,10524000000,1961000000,24780000000,22863000000,1917000000,90720125014.0,1293000000.0,-323000000.0,-862000000.0,820000000.0,0.0,4084000000.0,-5358000000.0,-1888000000.0,2531000000.0,36000000.0,1795000000.0,1795000000.0,1795000000.0,0.0,0.0,0.137,4173000000.0,2127000000.0,19999000000,0.0,5.672,50.54,50.732,1528000000,0.0,75.59,6.928,6.945,18525000000,3823000000.0,13094000000.0,13094000000.0,953000000.0,0.049,0.118,0.202,0.168,733000000.0,2283000000.0,1.0,1200160405,1203000000,1221000000.0,10.884,36267000000,0,405000000.0,2000000000,30.147,9782000000
15,PYPL,ART,2017-09-30,2017-10-24,2017-09-30,2021-07-29,-142000000,37761000000,34911750000.0,29437000000,8324000000,0.353,12.839,-639000000.0,2330000000,2330000000,6711000000.0,1565000000.0,1.422,1.447,0,0,0,0,0,767000000.0,0,0.0,0.0,1805000000.0,2572000000.0,0.209,2572000000.0,1805000000.0,1805000000.0,1.31,1.29,1.31,15432000000,14942000000.0,15432000000,82056123146.0,45.0,31.904,2962000000.0,2.464,1.0,5620000000.0,0.456,4552000000,0.0,10176000000,10609250000.0,0,11129000000,8912000000,2217000000,22329000000,20703000000,1626000000,84386123146.0,961000000.0,-323000000.0,-605000000.0,620000000.0,0.0,3570000000.0,-6229000000.0,-3235000000.0,3601000000.0,19000000.0,1565000000.0,1565000000.0,1565000000.0,0.0,0.0,0.127,3876000000.0,1744000000.0,18949000000,0.0,5.468,53.921,53.595,1485000000,0.0,70.21,6.843,6.844,17476000000,3204000000.0,12331000000.0,12331000000.0,901000000.0,0.045,0.105,0.17,0.146,635000000.0,2168000000.0,1.0,1201910314,1202000000,1223000000.0,10.259,33209000000,0,240000000.0,1715000000,27.628,8734000000
16,PYPL,ART,2017-06-30,2017-07-27,2017-06-30,2021-07-29,-98000000,35290000000,33310500000.0,27035000000,8255000000,0.353,12.478,-657000000.0,1271000000,1271000000,6326000000.0,1508000000.0,1.45,1.353,0,0,0,0,0,758000000.0,0,0.0,0.0,1714000000.0,2472000000.0,0.21,2472000000.0,1714000000.0,1714000000.0,1.26,1.25,1.26,14998000000,14632000000.0,14998000000,71053180994.0,41.0,28.743,2739000000.0,2.279,1.0,5433000000.0,0.462,4205000000,0.0,11173000000,10579750000.0,0,11083000000,8572000000,2511000000,20292000000,18641000000,1651000000,72324180994.0,-747000000.0,0.0,-567000000.0,-6000000.0,0.0,2369000000.0,-6520000000.0,-5832000000.0,3396000000.0,8000000.0,1508000000.0,1508000000.0,1508000000.0,0.0,0.0,0.128,3764000000.0,1669000000.0,17149000000,0.0,4.822,47.96,47.738,1479000000,0.0,60.15,6.151,6.149,16354000000,2824000000.0,11759000000.0,11759000000.0,876000000.0,0.045,0.103,0.162,0.146,545000000.0,2091000000.0,1.0,1202397024,1202000000,1215000000.0,9.783,31085000000,0,206000000.0,1736000000,25.861,8394000000
17,PYPL,ART,2017-03-31,2017-04-27,2017-03-31,2021-07-29,2000000,33493000000,32145750000.0,25425000000,8068000000,0.351,12.158,-684000000.0,1240000000,1240000000,6002000000.0,1420000000.0,1.471,1.29,0,0,0,0,0,733000000.0,0,0.0,0.0,1647000000.0,2380000000.0,0.211,2380000000.0,1647000000.0,1647000000.0,1.19,1.18,1.19,14626000000,14336750000.0,14626000000,55399337285.0,34.0,23.277,2487000000.0,2.067,1.0,5271000000.0,0.468,4244000000,0.0,10723000000,10046500000.0,0,10494000000,8169000000,2325000000,18867000000,17286000000,1581000000,56639337285.0,-1343000000.0,0.0,-801000000.0,0.0,0.0,1871000000.0,-6382000000.0,-5784000000.0,3171000000.0,-3000000.0,1420000000.0,1420000000.0,1420000000.0,0.0,0.0,0.126,3661000000.0,1610000000.0,15905000000,0.0,3.873,39.887,39.622,1448000000,0.0,47.15,5.024,5.032,15119000000,2412000000.0,11273000000.0,11273000000.0,853000000.0,0.044,0.099,0.164,0.146,449000000.0,2036000000.0,1.0,1201258479,1203000000,1216000000.0,9.371,29249000000,0,227000000.0,1662000000,24.313,8139000000
18,PYPL,ART,2016-12-31,2017-02-08,2016-12-31,2021-07-29,59000000,33103000000,31140000000.0,25733000000,7370000000,0.348,12.159,-669000000.0,1590000000,1590000000,5701000000.0,1401000000.0,1.525,1.25,0,0,0,0,0,724000000.0,0,0.0,0.0,1631000000.0,2355000000.0,0.217,2355000000.0,1631000000.0,1631000000.0,1.16,1.15,1.16,14712000000,14079750000.0,14712000000,47776002606.0,29.0,20.287,2489000000.0,2.057,1.0,5141000000.0,0.474,4270000000,0.0,10365000000,9399250000.0,0,10272000000,8733000000,1539000000,18391000000,16878000000,1513000000,49366002606.0,197000000.0,-19000000.0,-886000000.0,-21000000.0,0.0,2038000000.0,-4999000000.0,-4135000000.0,3158000000.0,0.0,1401000000.0,1401000000.0,1401000000.0,0.0,0.0,0.129,3555000000.0,1586000000.0,15355000000,0.0,3.355,35.236,35.241,1482000000,0.0,40.88,4.553,4.562,14577000000,2069000000.0,10842000000.0,10842000000.0,834000000.0,0.045,0.1,0.174,0.15,398000000.0,1997000000.0,1.0,1207583234,1210000000,1218000000.0,8.96,28833000000,0,230000000.0,1577000000,23.829,8855000000
19,PYPL,ART,2016-09-30,2016-10-25,2016-09-30,2021-07-29,39000000,31356000000,30084500000.0,24161000000,7195000000,0.346,11.758,-681000000.0,1369000000,1369000000,5427000000.0,1378000000.0,1.547,1.209,0,0,0,0,0,699000000.0,0,0.0,0.0,1580000000.0,2279000000.0,0.219,2279000000.0,1580000000.0,1580000000.0,1.13,1.14,1.13,14192000000,13841500000.0,14192000000,50890834622.0,32.0,22.33,2282000000.0,1.891,1.0,4990000000.0,0.479,4313000000,0.0,10058000000,9169000000.0,0,9873000000,8534000000,1339000000,17164000000,15616000000,1548000000,52259834622.0,-511000000.0,-961000000.0,-848000000.0,-6000000.0,0.0,940000000.0,-4427000000.0,-3405000000.0,2963000000.0,13000000.0,1378000000.0,1378000000.0,1378000000.0,0.0,0.0,0.132,3453000000.0,1537000000.0,14294000000,0.0,3.682,37.924,38.327,1451000000,0.0,43.31,5.017,5.018,13507000000,1679000000.0,10417000000.0,10417000000.0,871000000.0,0.046,0.1,0.172,0.152,365000000.0,1884000000.0,1.0,1206645916,1207000000,1214000000.0,8.63,27043000000,0,202000000.0,1598000000,22.405,8545000000
20,PYPL,ART,2016-06-30,2016-07-26,2016-06-30,2021-07-29,52000000,30631000000,29219500000.0,23457000000,7174000000,0.343,11.419,-616000000.0,2018000000,2018000000,5170000000.0,1356000000.0,1.541,1.217,0,0,0,0,0,667000000.0,0,0.0,0.0,1570000000.0,2237000000.0,0.224,2237000000.0,1570000000.0,1570000000.0,1.11,1.12,1.11,13817000000,13597000000.0,13817000000,43470740136.0,28.0,19.433,2198000000.0,1.817,1.0,4838000000.0,0.483,4350000000,0.0,9040000000,8993250000.0,0,8761000000,7446000000,1315000000,16814000000,15223000000,1591000000,45488740136.0,-544000000.0,-971000000.0,-764000000.0,-10000000.0,0.0,764000000.0,-4118000000.0,-2753000000.0,2814000000.0,-4000000.0,1356000000.0,1356000000.0,1356000000.0,0.0,0.0,0.135,3319000000.0,1519000000.0,14003000000,0.0,3.292,33.546,33.955,1412000000,0.0,37.69,4.545,4.557,13201000000,1356000000.0,10008000000.0,10008000000.0,886000000.0,0.046,0.1,0.175,0.157,348000000.0,1766000000.0,1.0,1206918019,1210000000,1215000000.0,8.271,26281000000,0,214000000.0,1630000000,21.72,8234000000
21,PYPL,ART,2016-03-31,2016-04-28,2016-03-31,2021-07-29,-27000000,29470000000,28289500000.0,21968000000,7502000000,0.341,11.183,,2583000000,2583000000,4914000000.0,1338000000.0,1.53,1.167,0,0,0,0,0,,0,0.0,0.0,1589000000.0,,,,1589000000.0,1589000000.0,1.09,1.1,1.09,13598000000,13327750000.0,13598000000,45982908386.0,29.0,,,,1.0,4741000000.0,0.491,4391000000,0.0,8134000000,8775750000.0,0,8069000000,6408000000,1661000000,15872000000,14362000000,1510000000,48565908386.0,,,,,,,,,,,1338000000.0,1338000000.0,1338000000.0,0.0,0.0,0.139,3195000000.0,1546000000.0,13190000000,0.0,3.572,36.297,36.761,1345000000,0.0,40.07,5.03,5.047,12391000000,1033000000.0,9655000000.0,9655000000.0,918000000.0,0.047,0.1,0.181,0.165,,1635000000.0,1.0,1212026663,1216000000,1225000000.0,7.94,25079000000,0,251000000.0,1537000000,20.624,7606000000
22,PYPL,ART,2015-12-31,2016-02-11,2015-12-31,2021-07-29,-9000000,28881000000,25399000000.0,20648000000,8233000000,0.364,11.259,-696000000.0,1393000000,1393000000,4639000000.0,1228000000.0,1.516,1.099,0,0,0,0,0,608000000.0,0,0.0,0.0,1488000000.0,2096000000.0,0.227,2096000000.0,1488000000.0,1488000000.0,1.0,1.0,1.0,13759000000,11003500000.0,13759000000,39591096235.0,27.0,18.889,1850000000.0,1.514,1.0,4609000000.0,0.498,4427000000,0.0,9444000000,6266000000.0,0,8550000000,6202000000,2348000000,15122000000,13617000000,1505000000,40984096235.0,-808000000.0,-1225000000.0,75000000.0,-862000000.0,0.0,3079000000.0,-6389000000.0,-4468000000.0,2546000000.0,-44000000.0,1228000000.0,1228000000.0,1228000000.0,0.0,0.0,0.133,3148000000.0,1461000000.0,12406000000,0.0,2.979,33.375,33.52,1344000000,0.0,33.52,4.432,4.429,12398000000,668000000.0,9248000000.0,9248000000.0,947000000.0,0.048,0.112,0.237,0.161,320000000.0,1545000000.0,1.0,1222675902,1222000000,1229000000.0,7.568,24454000000,0,260000000.0,1537000000,20.011,7031000000
23,PYPL,ART,2015-09-30,2015-10-29,2015-09-30,2021-07-29,3000000,27896000000,,20554000000,7342000000,,10.822,,1880000000,1880000000,,,1.572,1.111,0,0,0,0,0,,0,0.0,0.0,,,,,,,,,,13214000000,,13214000000,41990890055.0,,,,,1.0,,,3589000000,,9355000000,,0,8413000000,6021000000,2392000000,14682000000,13072000000,1610000000,43870890055.0,,,,,,,,,,,,,,,,,,,11916000000,,3.32,,,1298000000,,35.91,,,11975000000,301000000.0,,,,,,,,,,1.0,1221690060,1221000000,,,24307000000,0,,67000000,19.907,7482000000
24,PYPL,ART,2015-06-30,2015-07-29,2015-06-30,2021-07-29,24000000,26911000000,,19713000000,7198000000,,10.46,,2562000000,2562000000,,,1.567,1.112,0,0,0,0,0,,0,0.0,0.0,,,,,,,,,,12740000000,,12740000000,43689016210.0,,,,,1.0,,,3595000000,,8170000000,,0,7256000000,4998000000,2258000000,14171000000,12584000000,1587000000,46251016210.0,,,,,,,,,,,,,,,,,,,11676000000,,3.63,,,1291000000,,37.95,,,11570000000,,,,,,,,,,,1.0,1218735605,1218000000,,,23316000000,0,,31000000,19.143,7129000000
25,PYPL,ART,2014-12-31,2015-06-26,2014-12-31,2021-07-29,110000000,21917000000,,17565000000,4352000000,,6.768,-492000000.0,2201000000,2201000000,3871000000.0,419000000.0,1.322,1.657,0,0,0,0,0,516000000.0,0,,0.0,1261000000.0,1777000000.0,0.221,1777000000.0,1261000000.0,1261000000.0,,,,8248000000,,8248000000,,,,1728000000.0,1.418,1.0,4154000000.0,0.518,3345000000,0.0,3088000000,,0,3646000000,3615000000,31000000,13669000000,13283000000,386000000,,597000000.0,-2000000.0,0.0,-21000000.0,0.0,-51000000.0,-1546000000.0,-690000000.0,2220000000.0,-26000000.0,419000000.0,419000000.0,419000000.0,0.0,0.0,0.052,2886000000.0,1268000000.0,11820000000,,,,,922000000,0.0,,,,11371000000,,8025000000.0,8025000000.0,890000000.0,,,,0.157,258000000.0,1480000000.0,1.0,1218735605,1218735605,,6.585,18572000000,0,842000000.0,29000000,15.239,4282000000
