None,ticker,dimension,calendardate,datekey,reportperiod,lastupdated,accoci,assets,assetsavg,assetsc,assetsnc,assetturnover,bvps,capex,cashneq,cashnequsd,cor,consolinc,currentratio,de,debt,debtc,debtnc,debtusd,deferredrev,depamor,deposits,divyield,dps,ebit,ebitda,ebitdamargin,ebitdausd,ebitusd,ebt,eps,epsdil,epsusd,equity,equityavg,equityusd,ev,evebit,evebitda,fcf,fcfps,fxusd,gp,grossmargin,intangibles,intexp,invcap,invcapavg,inventory,investments,investmentsc,investmentsnc,liabilities,liabilitiesc,liabilitiesnc,marketcap,ncf,ncfbus,ncfcommon,ncfdebt,ncfdiv,ncff,ncfi,ncfinv,ncfo,ncfx,netinc,netinccmn,netinccmnusd,netincdis,netincnci,netmargin,opex,opinc,payables,payoutratio,pb,pe,pe1,ppnenet,prefdivis,price,ps,ps1,receivables,retearn,revenue,revenueusd,rnd,roa,roe,roic,ros,sbcomp,sgna,sharefactor,sharesbas,shareswa,shareswadil,sps,tangibles,taxassets,taxexp,taxliabilities,tbvps,workingcapital
0,SYF,MRY,2020-12-31,2020-12-31,2020-12-31,2021-10-21,3000000.0,95948000000.0,96547000000.0,,,0.061,21.756,0.0,11524000000.0,11524000000.0,0.0,1385000000.0,,6.554,15775000000.0,,,15775000000.0,0.0,383000000.0,62782000000.0,0.025,0.88,1755000000.0,2138000000.0,0.365,2138000000.0,1755000000.0,1755000000.0,2.28,2.27,2.28,12701000000.0,12167250000.0,12701000000.0,22482426811.0,13.0,10.516,7487000000.0,12.825,1.0,5852000000.0,1.0,2203000000.0,0.0,97996000000.0,96756250000.0,0.0,79076000000.0,,,83247000000.0,,,20263426811.0,-1042000000.0,0.0,-985000000.0,-4108000000.0,-520000000.0,-8031000000.0,-498000000.0,-108000000.0,7487000000.0,0.0,1343000000.0,1343000000.0,1343000000.0,0.0,42000000.0,0.229,4055000000.0,1797000000.0,0.0,0.386,1.595,15.088,15.224,0.0,0.0,34.71,3.463,3.463,0.0,10621000000.0,5852000000.0,5852000000.0,0.0,0.014,0.11,0.018,0.3,0.0,1828000000.0,1.0,583792187.0,583792187.0,,10.024,93745000000.0,0.0,412000000.0,0.0,160.579,
1,SYF,MRY,2019-12-31,2019-12-31,2019-12-31,2021-10-21,-25000000.0,104826000000.0,105635250000.0,,,0.086,23.349,0.0,12147000000.0,12147000000.0,0.0,3747000000.0,,5.948,19866000000.0,,,19866000000.0,0.0,367000000.0,65154000000.0,0.024,0.86,4887000000.0,5254000000.0,0.575,5254000000.0,4887000000.0,4887000000.0,5.59,5.56,5.59,15088000000.0,14912750000.0,15088000000.0,32171400964.0,7.0,6.123,8990000000.0,13.912,1.0,9132000000.0,1.0,2343000000.0,0.0,110202000000.0,112088250000.0,0.0,88249000000.0,,,89738000000.0,,,23269400964.0,2271000000.0,0.0,-3618000000.0,-4147000000.0,-581000000.0,-6458000000.0,-261000000.0,327000000.0,8990000000.0,0.0,3747000000.0,3747000000.0,3747000000.0,0.0,0.0,0.41,4245000000.0,4887000000.0,0.0,0.154,1.542,6.21,6.442,0.0,0.0,36.01,2.548,2.548,0.0,12117000000.0,9132000000.0,9132000000.0,0.0,0.035,0.251,0.044,0.535,0.0,2004000000.0,1.0,646192751.0,646192751.0,,14.132,102483000000.0,0.0,1140000000.0,0.0,158.595,
2,SYF,MRY,2018-12-31,2018-12-31,2018-12-31,2021-10-21,-57000000.0,106792000000.0,101504500000.0,,,0.076,20.422,0.0,9396000000.0,9396000000.0,0.0,2790000000.0,,6.276,23996000000.0,,,23996000000.0,0.0,302000000.0,64019000000.0,0.031,0.72,3644000000.0,3946000000.0,0.51,3946000000.0,3644000000.0,3644000000.0,3.76,3.74,3.76,14678000000.0,14372000000.0,14678000000.0,28534446010.0,8.0,7.231,9342000000.0,12.998,1.0,7739000000.0,1.0,2161000000.0,0.0,119231000000.0,109590000000.0,0.0,92774000000.0,,,92114000000.0,,,16861446010.0,-1441000000.0,0.0,-1868000000.0,3180000000.0,-534000000.0,8253000000.0,-19036000000.0,-18234000000.0,9342000000.0,0.0,2790000000.0,2790000000.0,2790000000.0,0.0,0.0,0.361,4095000000.0,3644000000.0,0.0,0.191,1.149,6.044,6.239,0.0,0.0,23.46,2.179,2.179,0.0,8986000000.0,7739000000.0,7739000000.0,0.0,0.027,0.194,0.033,0.471,0.0,1955000000.0,1.0,718731714.0,718731714.0,,10.768,104631000000.0,0.0,854000000.0,0.0,145.577,
3,SYF,MRY,2017-12-31,2017-12-31,2017-12-31,2021-10-21,-36000000.0,95808000000.0,92136500000.0,,,0.077,18.188,0.0,11602000000.0,11602000000.0,0.0,1935000000.0,,5.731,20799000000.0,,,20799000000.0,0.0,254000000.0,56488000000.0,0.015,0.56,3324000000.0,3578000000.0,0.506,3578000000.0,3324000000.0,3324000000.0,2.43,2.42,2.43,14234000000.0,14332750000.0,14234000000.0,36199860479.0,11.0,10.117,8575000000.0,10.957,1.0,7071000000.0,1.0,1740000000.0,0.0,103265000000.0,98529750000.0,0.0,80846000000.0,,,81574000000.0,,,30215860479.0,2149000000.0,0.0,-1497000000.0,633000000.0,-446000000.0,3116000000.0,-9542000000.0,-9068000000.0,8575000000.0,0.0,1935000000.0,1935000000.0,1935000000.0,0.0,0.0,0.274,3747000000.0,3324000000.0,0.0,0.23,2.123,15.615,15.889,0.0,0.0,38.61,4.273,4.273,0.0,6809000000.0,7071000000.0,7071000000.0,0.0,0.021,0.135,0.034,0.47,0.0,1802000000.0,1.0,782591569.0,782591569.0,,9.035,94068000000.0,0.0,1389000000.0,0.0,120.201,
4,SYF,MRY,2016-12-31,2016-12-31,2016-12-31,2021-10-21,-38000000.0,90207000000.0,85351500000.0,,,0.082,17.198,0.0,9321000000.0,9321000000.0,0.0,2251000000.0,,5.354,20147000000.0,,,20147000000.0,0.0,219000000.0,52055000000.0,0.007,0.26,3570000000.0,3789000000.0,0.542,3789000000.0,3570000000.0,3570000000.0,2.71,2.71,2.71,14196000000.0,13774000000.0,14196000000.0,36518644240.0,10.0,9.638,6511000000.0,7.888,1.0,6986000000.0,1.0,1661000000.0,0.0,99372000000.0,91912000000.0,0.0,77103000000.0,,,76011000000.0,,,29939644240.0,-3048000000.0,0.0,-476000000.0,-4166000000.0,-214000000.0,3805000000.0,-13364000000.0,-13146000000.0,6511000000.0,0.0,2251000000.0,2251000000.0,2251000000.0,0.0,0.0,0.322,3416000000.0,3570000000.0,0.0,0.096,2.109,13.301,13.384,0.0,0.0,36.27,4.286,4.286,0.0,5330000000.0,6986000000.0,6986000000.0,0.0,0.026,0.163,0.039,0.511,0.0,1621000000.0,1.0,825465791.0,825465791.0,,8.463,88546000000.0,0.0,1319000000.0,0.0,107.268,
5,SYF,MRY,2015-12-31,2015-12-31,2015-12-31,2021-10-21,-29000000.0,83990000000.0,77975750000.0,,,0.087,15.116,0.0,12325000000.0,12325000000.0,0.0,2214000000.0,,5.664,24279000000.0,,,24279000000.0,0.0,174000000.0,43367000000.0,0.0,0.0,3531000000.0,3705000000.0,0.545,3705000000.0,3531000000.0,3531000000.0,2.66,2.65,2.66,12604000000.0,11844000000.0,12604000000.0,36966644859.0,10.0,9.978,6184000000.0,7.416,1.0,6795000000.0,1.0,1650000000.0,0.0,94294000000.0,88776250000.0,0.0,67935000000.0,,,71386000000.0,,,25356644859.0,497000000.0,0.0,0.0,-3147000000.0,0.0,5116000000.0,-10803000000.0,-11075000000.0,6184000000.0,0.0,2214000000.0,2214000000.0,2214000000.0,0.0,0.0,0.326,3264000000.0,3531000000.0,0.0,0.0,2.012,11.453,11.432,0.0,0.0,30.41,3.732,3.732,0.0,3293000000.0,6795000000.0,6795000000.0,0.0,0.028,0.187,0.04,0.52,0.0,1475000000.0,1.0,833825875.0,833825875.0,,8.149,82340000000.0,0.0,1317000000.0,0.0,98.75,
6,SYF,MRY,2014-12-31,2014-12-31,2014-12-31,2021-10-21,-8000000.0,75707000000.0,67396000000.0,,,0.094,12.567,0.0,11828000000.0,11828000000.0,0.0,2109000000.0,,6.225,27460000000.0,,,27460000000.0,0.0,131000000.0,34955000000.0,0.0,0.0,3386000000.0,3517000000.0,0.557,3517000000.0,3386000000.0,3386000000.0,2.78,2.78,2.78,10478000000.0,8219000000.0,10478000000.0,37580496523.0,11.0,10.685,5340000000.0,6.405,1.0,6313000000.0,1.0,1468000000.0,0.0,89871000000.0,84854500000.0,0.0,59980000000.0,,,65229000000.0,,,24804496523.0,9509000000.0,0.0,2842000000.0,2972000000.0,0.0,14237000000.0,-10068000000.0,-8594000000.0,5340000000.0,0.0,2109000000.0,2109000000.0,2109000000.0,0.0,0.0,0.334,2927000000.0,3386000000.0,0.0,0.0,2.367,11.761,10.701,0.0,0.0,29.75,3.929,3.929,0.0,1079000000.0,6313000000.0,6313000000.0,0.0,0.031,0.257,0.04,0.536,0.0,1326000000.0,1.0,833764589.0,833764589.0,,7.572,74239000000.0,0.0,1277000000.0,0.0,89.041,
7,SYF,MRY,2013-12-31,2013-12-31,2013-12-31,2021-10-21,-12000000.0,59085000000.0,56273500000.0,,,0.1,7.178,0.0,2319000000.0,2319000000.0,0.0,1979000000.0,,8.914,24321000000.0,,,24321000000.0,0.0,104000000.0,25719000000.0,,0.0,3142000000.0,3246000000.0,0.577,3246000000.0,3142000000.0,3142000000.0,2.81,2.81,2.81,5960000000.0,5271000000.0,5960000000.0,,,,5679000000.0,6.84,1.0,5626000000.0,1.0,1249000000.0,0.0,79838000000.0,79295000000.0,0.0,54598000000.0,,,53125000000.0,,,,985000000.0,6393000000.0,0.0,-3491000000.0,0.0,-3628000000.0,-1066000000.0,-7332000000.0,5679000000.0,0.0,1979000000.0,1979000000.0,1979000000.0,0.0,0.0,0.352,2484000000.0,3142000000.0,0.0,0.0,,,,0.0,0.0,,,,0.0,0.0,5626000000.0,5626000000.0,0.0,0.035,0.375,0.04,0.558,0.0,967000000.0,1.0,830270833.0,830270833.0,,6.776,57836000000.0,0.0,1163000000.0,0.0,69.659,
8,SYF,MRY,2012-12-31,2012-12-31,2012-12-31,2021-10-21,2000000.0,53462000000.0,,,,,,0.0,1334000000.0,1334000000.0,0.0,2119000000.0,,10.668,27815000000.0,,,27815000000.0,0.0,83000000.0,18804000000.0,,0.0,3376000000.0,3459000000.0,0.629,3459000000.0,3376000000.0,3376000000.0,3.0,3.0,3.0,4582000000.0,,4582000000.0,,,,5637000000.0,,1.0,5499000000.0,1.0,1191000000.0,0.0,78752000000.0,,0.0,50232000000.0,,,48880000000.0,,,,147000000.0,0.0,0.0,1925000000.0,0.0,962000000.0,-6452000000.0,-6329000000.0,5637000000.0,0.0,2119000000.0,2119000000.0,2119000000.0,0.0,0.0,0.385,2123000000.0,3376000000.0,0.0,0.0,,,,0.0,0.0,,,,0.0,,5499000000.0,5499000000.0,0.0,,,,0.614,0.0,828000000.0,1.0,,,,,52271000000.0,0.0,1257000000.0,0.0,,
9,SYF,MRY,2011-12-31,2011-12-31,2011-12-31,2021-10-21,,,,,,,,0.0,,,0.0,1890000000.0,,,,,,,,96000000.0,,,0.0,3010000000.0,3106000000.0,0.619,3106000000.0,3010000000.0,3010000000.0,,,,,,,,,,5516000000.0,,1.0,5020000000.0,1.0,,0.0,,,,,,,,,,,968000000.0,3153000000.0,0.0,-5046000000.0,0.0,-2978000000.0,-1570000000.0,-4755000000.0,5516000000.0,0.0,1890000000.0,1890000000.0,1890000000.0,0.0,0.0,0.376,2010000000.0,3010000000.0,,,,,,,0.0,,,,,,5020000000.0,5020000000.0,0.0,,,,0.6,0.0,817000000.0,1.0,,,,,,,1120000000.0,,,
0,SYF,MRQ,2021-09-30,2021-09-30,2021-09-30,2021-10-21,-11000000.0,91937000000.0,,,,,24.462,0.0,9806000000.0,9806000000.0,0.0,1141000000.0,,5.597,12760000000.0,,,12760000000.0,0.0,93000000.0,60353000000.0,0.018,0.22,1489000000.0,1582000000.0,0.643,1582000000.0,1489000000.0,1489000000.0,2.02,2.0,2.02,13936000000.0,,13936000000.0,30186892790.0,6.0,5.263,1815000000.0,3.186,1.0,2461000000.0,1.0,2195000000.0,0.0,92696000000.0,,0.0,76666000000.0,,,78001000000.0,,,27846892790.0,-1642000000.0,0.0,-1301000000.0,-700000000.0,-124000000.0,-1623000000.0,-1834000000.0,-1721000000.0,1815000000.0,0.0,1130000000.0,1130000000.0,1130000000.0,0.0,11000000.0,0.459,961000000.0,1500000000.0,0.0,0.109,1.998,6.785,6.856,0.0,0.0,48.88,3.013,3.013,0.0,13562000000.0,2461000000.0,2461000000.0,0.0,,,,,0.0,479000000.0,1.0,569699116.0,569699116.0,,4.32,89742000000.0,0.0,359000000.0,0.0,157.525,
1,SYF,MRQ,2021-06-30,2021-06-30,2021-06-30,2021-10-21,-1000000.0,92017000000.0,,,,,24.41,0.0,11117000000.0,11117000000.0,0.0,1242000000.0,,5.481,13457000000.0,,,13457000000.0,0.0,97000000.0,59841000000.0,0.018,0.22,1631000000.0,1728000000.0,0.667,1728000000.0,1631000000.0,1631000000.0,2.13,2.12,2.13,14197000000.0,,14197000000.0,26759176056.0,6.0,5.751,1441000000.0,2.478,1.0,2589000000.0,1.0,2203000000.0,0.0,92154000000.0,,0.0,75079000000.0,,,77820000000.0,,,28219176056.0,-5560000000.0,0.0,-393000000.0,-1707000000.0,-128000000.0,-5148000000.0,-1853000000.0,-1796000000.0,1441000000.0,0.0,1232000000.0,1232000000.0,1232000000.0,0.0,10000000.0,0.476,948000000.0,1641000000.0,0.0,0.103,1.988,8.611,8.618,0.0,0.0,48.52,3.417,3.417,0.0,12560000000.0,2589000000.0,2589000000.0,0.0,,,,,0.0,473000000.0,1.0,581598847.0,581598847.0,,4.452,89814000000.0,0.0,399000000.0,0.0,154.426,
2,SYF,MRQ,2021-03-31,2021-03-31,2021-03-31,2021-10-21,-1000000.0,95854000000.0,,,,,23.017,0.0,16620000000.0,16620000000.0,0.0,1025000000.0,,6.133,15160000000.0,,,15160000000.0,0.0,95000000.0,62761000000.0,0.022,0.22,1304000000.0,1399000000.0,0.623,1399000000.0,1304000000.0,1304000000.0,1.74,1.73,1.74,13439000000.0,,13439000000.0,27991634191.0,10.0,9.118,1839000000.0,3.15,1.0,2247000000.0,1.0,2273000000.0,0.0,92121000000.0,,0.0,73530000000.0,,,82415000000.0,,,23740634191.0,5497000000.0,0.0,-200000000.0,-618000000.0,-128000000.0,-979000000.0,4637000000.0,4889000000.0,1839000000.0,0.0,1014000000.0,1014000000.0,1014000000.0,0.0,11000000.0,0.451,932000000.0,1315000000.0,0.0,0.126,1.767,11.403,11.421,0.0,0.0,40.66,3.535,3.535,0.0,11470000000.0,2247000000.0,2247000000.0,0.0,,,,,0.0,459000000.0,1.0,583881805.0,583881805.0,,3.848,93581000000.0,0.0,290000000.0,0.0,160.274,
3,SYF,MRQ,2020-12-31,2020-12-31,2020-12-31,2021-10-21,3000000.0,95948000000.0,,,,,21.756,0.0,11524000000.0,11524000000.0,0.0,738000000.0,,6.554,15775000000.0,,,15775000000.0,0.0,93000000.0,62782000000.0,0.025,0.22,934000000.0,1027000000.0,0.528,1027000000.0,934000000.0,934000000.0,1.24,1.23,1.24,12701000000.0,,12701000000.0,22482426811.0,13.0,10.516,2086000000.0,3.573,1.0,1944000000.0,1.0,2203000000.0,0.0,97996000000.0,,0.0,79076000000.0,,,83247000000.0,,,20263426811.0,-2021000000.0,0.0,0.0,-1000000.0,-128000000.0,-848000000.0,-3259000000.0,-3135000000.0,2086000000.0,0.0,728000000.0,728000000.0,728000000.0,0.0,10000000.0,0.374,1000000000.0,944000000.0,0.0,0.177,1.595,15.088,15.224,0.0,0.0,34.71,3.463,3.463,0.0,10621000000.0,1944000000.0,1944000000.0,0.0,,,,,0.0,486000000.0,1.0,583792187.0,583792187.0,,3.33,93745000000.0,0.0,206000000.0,0.0,160.579,
4,SYF,MRQ,2020-09-30,2020-09-30,2020-09-30,2021-10-21,3000000.0,95658000000.0,,,,,20.726,0.0,13552000000.0,13552000000.0,0.0,313000000.0,,6.906,15771000000.0,,,15771000000.0,0.0,97000000.0,63493000000.0,0.034,0.22,402000000.0,499000000.0,0.337,499000000.0,402000000.0,402000000.0,0.52,0.52,0.52,12099000000.0,,12099000000.0,15001868638.0,9.0,7.056,1483000000.0,2.54,1.0,1479000000.0,1.0,2169000000.0,0.0,95708000000.0,,0.0,76811000000.0,,,83559000000.0,,,15276868638.0,-2788000000.0,0.0,0.0,-301000000.0,-129000000.0,-1100000000.0,-3171000000.0,-3089000000.0,1483000000.0,0.0,303000000.0,303000000.0,303000000.0,0.0,10000000.0,0.205,1067000000.0,412000000.0,0.0,0.423,1.263,11.35,11.895,0.0,0.0,26.17,2.586,2.586,0.0,10024000000.0,1479000000.0,1479000000.0,0.0,,,,,0.0,489000000.0,1.0,583755011.0,583755011.0,,2.534,93489000000.0,0.0,99000000.0,0.0,160.151,
5,SYF,MRQ,2020-06-30,2020-06-30,2020-06-30,2021-10-21,-3000000.0,96544000000.0,,,,,20.385,0.0,16344000000.0,16344000000.0,0.0,48000000.0,,7.114,16069000000.0,,,16069000000.0,0.0,97000000.0,64148000000.0,0.04,0.22,48000000.0,145000000.0,0.139,145000000.0,48000000.0,48000000.0,0.06,0.06,0.06,11899000000.0,,11899000000.0,16478965424.0,6.0,5.323,2381000000.0,4.079,1.0,1045000000.0,1.0,2244000000.0,0.0,94025000000.0,,0.0,75138000000.0,,,84645000000.0,,,12934965424.0,2630000000.0,0.0,0.0,-1183000000.0,-128000000.0,-1796000000.0,2045000000.0,2150000000.0,2381000000.0,0.0,37000000.0,37000000.0,37000000.0,0.0,11000000.0,0.035,986000000.0,59000000.0,0.0,3.667,1.087,6.162,6.756,0.0,0.0,22.16,1.883,1.883,0.0,9852000000.0,1045000000.0,1045000000.0,0.0,,,,,0.0,418000000.0,1.0,583707826.0,583707826.0,,1.79,94300000000.0,0.0,11000000.0,0.0,161.553,
6,SYF,MRQ,2020-03-31,2020-03-31,2020-03-31,2021-10-21,-16000000.0,98038000000.0,,,,,19.512,0.0,13704000000.0,13704000000.0,0.0,286000000.0,,7.19,17248000000.0,,,17248000000.0,0.0,96000000.0,64615000000.0,0.054,0.22,371000000.0,467000000.0,0.337,467000000.0,371000000.0,371000000.0,0.45,0.45,0.45,11970000000.0,,11970000000.0,17589842275.0,5.0,4.216,1537000000.0,2.505,1.0,1384000000.0,1.0,2286000000.0,0.0,99296000000.0,,0.0,79445000000.0,,,86068000000.0,,,9870842275.0,1137000000.0,0.0,-985000000.0,-2623000000.0,-135000000.0,-4287000000.0,3887000000.0,3966000000.0,1537000000.0,0.0,275000000.0,275000000.0,275000000.0,0.0,11000000.0,0.199,1002000000.0,382000000.0,0.0,0.489,0.825,3.386,3.6,0.0,0.0,16.09,1.232,1.232,0.0,9960000000.0,1384000000.0,1384000000.0,0.0,,,,,0.0,435000000.0,1.0,613476835.0,613476835.0,,2.256,95752000000.0,0.0,96000000.0,0.0,156.081,
7,SYF,MRQ,2019-12-31,2019-12-31,2019-12-31,2021-10-21,-25000000.0,104826000000.0,,,,,23.349,0.0,12147000000.0,12147000000.0,0.0,731000000.0,,5.948,19866000000.0,,,19866000000.0,0.0,94000000.0,65154000000.0,0.024,0.22,921000000.0,1015000000.0,0.507,1015000000.0,921000000.0,921000000.0,1.17,1.16,1.17,15088000000.0,,15088000000.0,32171400964.0,7.0,6.123,2336000000.0,3.615,1.0,2000000000.0,1.0,2343000000.0,0.0,110202000000.0,,0.0,88249000000.0,,,89738000000.0,,,23269400964.0,926000000.0,0.0,-1376000000.0,-500000000.0,-141000000.0,-2091000000.0,681000000.0,755000000.0,2336000000.0,0.0,731000000.0,731000000.0,731000000.0,0.0,0.0,0.365,1079000000.0,921000000.0,0.0,0.188,1.542,6.21,6.442,0.0,0.0,36.01,2.548,2.548,0.0,12117000000.0,2000000000.0,2000000000.0,0.0,,,,,0.0,537000000.0,1.0,646192751.0,646192751.0,,3.095,102483000000.0,0.0,190000000.0,0.0,158.595,
8,SYF,MRQ,2019-09-30,2019-09-30,2019-09-30,2021-10-21,-30000000.0,105943000000.0,,,,,22.79,0.0,11461000000.0,11461000000.0,0.0,1056000000.0,,6.007,20363000000.0,,,20363000000.0,0.0,94000000.0,65972000000.0,0.025,0.22,1375000000.0,1469000000.0,0.602,1469000000.0,1375000000.0,1375000000.0,1.6,1.6,1.6,15120000000.0,,15120000000.0,32105670827.0,6.0,6.022,2399000000.0,3.616,1.0,2439000000.0,1.0,2255000000.0,0.0,112590000000.0,,0.0,90366000000.0,,,90823000000.0,,,22616670827.0,-424000000.0,0.0,-550000000.0,-885000000.0,-145000000.0,-1253000000.0,-1570000000.0,-1394000000.0,2399000000.0,0.0,1056000000.0,1056000000.0,1056000000.0,0.0,0.0,0.433,1064000000.0,1375000000.0,0.0,0.138,1.496,5.953,6.198,0.0,0.0,34.09,2.452,2.452,0.0,11533000000.0,2439000000.0,2439000000.0,0.0,,,,,0.0,498000000.0,1.0,663440036.0,663440036.0,,3.676,103688000000.0,0.0,319000000.0,0.0,156.288,
9,SYF,MRQ,2019-06-30,2019-06-30,2019-06-30,2021-10-21,-32000000.0,106388000000.0,,,,,21.375,0.0,11755000000.0,11755000000.0,0.0,853000000.0,,6.221,21244000000.0,,,21244000000.0,0.0,92000000.0,65645000000.0,0.024,0.21,1129000000.0,1221000000.0,0.558,1221000000.0,1129000000.0,1129000000.0,1.25,1.24,1.25,14734000000.0,,14734000000.0,32826599553.0,7.0,6.792,1966000000.0,2.852,1.0,2188000000.0,1.0,2293000000.0,0.0,113584000000.0,,0.0,90230000000.0,,,91654000000.0,,,23898599553.0,-1148000000.0,0.0,-725000000.0,-653000000.0,-145000000.0,68000000.0,-3182000000.0,-3045000000.0,1966000000.0,0.0,853000000.0,853000000.0,853000000.0,0.0,0.0,0.39,1059000000.0,1129000000.0,0.0,0.168,1.622,7.0,7.208,0.0,0.0,34.67,2.738,2.738,0.0,10627000000.0,2188000000.0,2188000000.0,0.0,,,,,0.0,493000000.0,1.0,689316399.0,689316399.0,,3.174,104095000000.0,0.0,276000000.0,0.0,151.012,
10,SYF,MRQ,2019-03-31,2019-03-31,2019-03-31,2021-10-21,-46000000.0,105384000000.0,,,,,20.721,0.0,12963000000.0,12963000000.0,0.0,1107000000.0,,6.165,21891000000.0,,,21891000000.0,0.0,87000000.0,64060000000.0,0.024,0.21,1462000000.0,1549000000.0,0.618,1549000000.0,1462000000.0,1462000000.0,1.57,1.56,1.57,14709000000.0,,14709000000.0,37244608327.0,9.0,8.137,2289000000.0,3.225,1.0,2505000000.0,1.0,2335000000.0,0.0,111977000000.0,,0.0,88021000000.0,,,90675000000.0,,,22644608327.0,2917000000.0,0.0,-967000000.0,-2109000000.0,-150000000.0,-3182000000.0,3810000000.0,4011000000.0,2289000000.0,0.0,1107000000.0,1107000000.0,1107000000.0,0.0,0.0,0.442,1043000000.0,1462000000.0,0.0,0.134,1.54,6.953,7.105,0.0,0.0,31.9,2.693,2.693,0.0,9939000000.0,2505000000.0,2505000000.0,0.0,,,,,0.0,476000000.0,1.0,709862330.0,709862330.0,,3.529,103049000000.0,0.0,355000000.0,0.0,145.168,
11,SYF,MRQ,2018-12-31,2018-12-31,2018-12-31,2021-10-21,-57000000.0,106792000000.0,,,,,20.422,0.0,9396000000.0,9396000000.0,0.0,783000000.0,,6.276,23996000000.0,,,23996000000.0,0.0,80000000.0,64019000000.0,0.031,0.21,1012000000.0,1092000000.0,0.522,1092000000.0,1012000000.0,1012000000.0,1.08,1.08,1.08,14678000000.0,,14678000000.0,28534446010.0,8.0,7.231,2576000000.0,3.584,1.0,2090000000.0,1.0,2161000000.0,0.0,119231000000.0,,0.0,92774000000.0,,,92114000000.0,,,16861446010.0,-1895000000.0,0.0,0.0,250000000.0,-151000000.0,1814000000.0,-6285000000.0,-6098000000.0,2576000000.0,0.0,783000000.0,783000000.0,783000000.0,0.0,0.0,0.375,1078000000.0,1012000000.0,0.0,0.194,1.149,6.044,6.239,0.0,0.0,23.46,2.179,2.179,0.0,8986000000.0,2090000000.0,2090000000.0,0.0,,,,,0.0,519000000.0,1.0,718731714.0,718731714.0,,2.908,104631000000.0,0.0,229000000.0,0.0,145.577,
12,SYF,MRQ,2018-09-30,2018-09-30,2018-09-30,2021-10-21,-71000000.0,104545000000.0,,,,,18.896,0.0,12068000000.0,12068000000.0,0.0,671000000.0,,6.47,23741000000.0,,,23741000000.0,0.0,78000000.0,62317000000.0,0.021,0.21,893000000.0,971000000.0,0.499,971000000.0,893000000.0,893000000.0,0.91,0.91,0.91,13996000000.0,,13996000000.0,29066524361.0,8.0,7.657,2685000000.0,3.625,1.0,1947000000.0,1.0,2129000000.0,0.0,114089000000.0,,0.0,88579000000.0,,,90549000000.0,,,23020524361.0,-3619000000.0,0.0,-967000000.0,2016000000.0,-156000000.0,4173000000.0,-10477000000.0,-10125000000.0,2685000000.0,0.0,671000000.0,671000000.0,671000000.0,0.0,0.0,0.345,1054000000.0,893000000.0,0.0,0.231,1.645,9.624,9.774,0.0,0.0,31.08,3.072,3.072,0.0,8355000000.0,1947000000.0,1947000000.0,0.0,,,,,0.0,496000000.0,1.0,740686112.0,740686112.0,,2.629,102416000000.0,0.0,222000000.0,0.0,138.272,
13,SYF,MRQ,2018-06-30,2018-06-30,2018-06-30,2021-10-21,-66000000.0,99122000000.0,,,,,19.156,0.0,15675000000.0,15675000000.0,0.0,696000000.0,,5.856,21721000000.0,,,21721000000.0,0.0,73000000.0,59011000000.0,0.018,0.15,892000000.0,965000000.0,0.517,965000000.0,892000000.0,892000000.0,0.93,0.92,0.93,14458000000.0,,14458000000.0,33164775575.0,9.0,8.79,2166000000.0,2.87,1.0,1867000000.0,1.0,1887000000.0,0.0,103281000000.0,,0.0,79799000000.0,,,84664000000.0,,,25193775575.0,1716000000.0,0.0,-491000000.0,701000000.0,-113000000.0,2579000000.0,-3029000000.0,-2842000000.0,2166000000.0,0.0,696000000.0,696000000.0,696000000.0,0.0,0.0,0.373,975000000.0,892000000.0,0.0,0.161,1.743,11.069,11.239,0.0,0.0,33.38,3.412,3.412,0.0,7906000000.0,1867000000.0,1867000000.0,0.0,,,,,0.0,461000000.0,1.0,754756608.0,754756608.0,,2.474,97235000000.0,0.0,196000000.0,0.0,128.83,
14,SYF,MRQ,2018-03-31,2018-03-31,2018-03-31,2021-10-21,-59000000.0,95559000000.0,,,,,18.884,0.0,13044000000.0,13044000000.0,0.0,640000000.0,,5.656,21015000000.0,,,21015000000.0,0.0,71000000.0,56570000000.0,0.017,0.15,847000000.0,918000000.0,0.5,918000000.0,847000000.0,847000000.0,0.84,0.83,0.84,14356000000.0,,14356000000.0,34687072825.0,10.0,9.49,1915000000.0,2.519,1.0,1835000000.0,1.0,1771000000.0,0.0,101759000000.0,,0.0,78374000000.0,,,81203000000.0,,,25490072825.0,2357000000.0,0.0,-410000000.0,213000000.0,-114000000.0,-313000000.0,755000000.0,831000000.0,1915000000.0,0.0,640000000.0,640000000.0,640000000.0,0.0,0.0,0.349,988000000.0,847000000.0,0.0,0.179,1.776,12.278,12.605,0.0,0.0,33.53,3.532,3.532,0.0,7334000000.0,1835000000.0,1835000000.0,0.0,,,,,0.0,479000000.0,1.0,760216905.0,760216905.0,,2.414,93788000000.0,0.0,207000000.0,0.0,123.37,
15,SYF,MRQ,2017-12-31,2017-12-31,2017-12-31,2021-10-21,-36000000.0,95808000000.0,,,,,18.188,0.0,11602000000.0,11602000000.0,0.0,385000000.0,,5.731,20799000000.0,,,20799000000.0,0.0,67000000.0,56488000000.0,0.015,0.15,875000000.0,942000000.0,0.511,942000000.0,875000000.0,875000000.0,0.5,0.49,0.5,14234000000.0,,14234000000.0,36199860479.0,11.0,10.117,2469000000.0,3.155,1.0,1845000000.0,1.0,1740000000.0,0.0,103265000000.0,,0.0,80846000000.0,,,81574000000.0,,,30215860479.0,-2271000000.0,0.0,-431000000.0,895000000.0,-118000000.0,2380000000.0,-7120000000.0,-7029000000.0,2469000000.0,0.0,385000000.0,385000000.0,385000000.0,0.0,0.0,0.209,970000000.0,875000000.0,0.0,0.3,2.123,15.615,15.889,0.0,0.0,38.61,4.273,4.273,0.0,6809000000.0,1845000000.0,1845000000.0,0.0,,,,,0.0,486000000.0,1.0,782591569.0,782591569.0,,2.358,94068000000.0,0.0,490000000.0,0.0,120.201,
16,SYF,MRQ,2017-09-30,2017-09-30,2017-09-30,2021-10-21,-25000000.0,92548000000.0,,,,,18.108,0.0,13915000000.0,13915000000.0,0.0,555000000.0,,5.426,19899000000.0,,,19899000000.0,0.0,69000000.0,54454000000.0,0.017,0.15,879000000.0,948000000.0,0.516,948000000.0,879000000.0,879000000.0,0.7,0.7,0.7,14402000000.0,,14402000000.0,33384158954.0,10.0,9.276,2902000000.0,3.649,1.0,1837000000.0,1.0,1763000000.0,0.0,96769000000.0,,0.0,74884000000.0,,,78146000000.0,,,24695158954.0,1201000000.0,0.0,-390000000.0,-815000000.0,-118000000.0,281000000.0,-1982000000.0,-1896000000.0,2902000000.0,0.0,555000000.0,555000000.0,555000000.0,0.0,0.0,0.302,958000000.0,879000000.0,0.0,0.214,1.715,11.616,11.806,0.0,0.0,31.05,3.502,3.502,0.0,6543000000.0,1837000000.0,1837000000.0,0.0,,,,,0.0,457000000.0,1.0,795335232.0,795335232.0,,2.31,90785000000.0,0.0,324000000.0,0.0,114.147,
17,SYF,MRQ,2017-06-30,2017-06-30,2017-06-30,2021-10-21,-34000000.0,91140000000.0,,,,,17.672,0.0,12020000000.0,12020000000.0,0.0,496000000.0,,5.359,20709000000.0,,,20709000000.0,0.0,59000000.0,52885000000.0,0.017,0.13,788000000.0,847000000.0,0.499,847000000.0,788000000.0,788000000.0,0.62,0.61,0.62,14332000000.0,,14332000000.0,32986415324.0,10.0,8.988,1724000000.0,2.126,1.0,1699000000.0,1.0,1778000000.0,0.0,98051000000.0,,0.0,74454000000.0,,,76808000000.0,,,24184415324.0,1188000000.0,0.0,-438000000.0,511000000.0,-105000000.0,1284000000.0,-1820000000.0,-1765000000.0,1724000000.0,0.0,496000000.0,496000000.0,496000000.0,0.0,0.0,0.292,911000000.0,788000000.0,0.0,0.21,1.687,11.119,11.211,0.0,0.0,29.82,3.437,3.437,0.0,6109000000.0,1699000000.0,1699000000.0,0.0,,,,,0.0,442000000.0,1.0,811013257.0,811013257.0,,2.095,89362000000.0,0.0,292000000.0,0.0,110.186,
18,SYF,MRQ,2017-03-31,2017-03-31,2017-03-31,2021-10-21,-40000000.0,89050000000.0,,,,,17.715,0.0,11392000000.0,11392000000.0,0.0,499000000.0,,5.2,20194000000.0,,,20194000000.0,0.0,59000000.0,51605000000.0,0.011,0.13,782000000.0,841000000.0,0.498,841000000.0,782000000.0,782000000.0,0.61,0.61,0.61,14363000000.0,,14363000000.0,38635981786.0,11.0,10.591,1480000000.0,1.825,1.0,1690000000.0,1.0,1818000000.0,0.0,96034000000.0,,0.0,74002000000.0,,,74687000000.0,,,27809981786.0,2031000000.0,0.0,-238000000.0,42000000.0,-105000000.0,-829000000.0,1380000000.0,1622000000.0,1480000000.0,0.0,499000000.0,499000000.0,499000000.0,0.0,0.0,0.295,908000000.0,782000000.0,0.0,0.213,1.936,12.827,13.042,0.0,0.0,34.3,4.003,4.003,0.0,5724000000.0,1690000000.0,1690000000.0,0.0,,,,,0.0,417000000.0,1.0,810786641.0,810786641.0,,2.084,87232000000.0,0.0,283000000.0,0.0,107.589,
19,SYF,MRQ,2016-12-31,2016-12-31,2016-12-31,2021-10-21,-38000000.0,90207000000.0,,,,,17.198,0.0,9321000000.0,9321000000.0,0.0,576000000.0,,5.354,20147000000.0,,,20147000000.0,0.0,55000000.0,52055000000.0,0.007,0.13,908000000.0,963000000.0,0.527,963000000.0,908000000.0,908000000.0,0.7,0.7,0.7,14196000000.0,,14196000000.0,36518644240.0,10.0,9.638,1724000000.0,2.089,1.0,1826000000.0,1.0,1661000000.0,0.0,99372000000.0,,0.0,77103000000.0,,,76011000000.0,,,29939644240.0,-4311000000.0,0.0,-238000000.0,-25000000.0,-107000000.0,2178000000.0,-8213000000.0,-8116000000.0,1724000000.0,0.0,576000000.0,576000000.0,576000000.0,0.0,0.0,0.315,918000000.0,908000000.0,0.0,0.186,2.109,13.301,13.384,0.0,0.0,36.27,4.286,4.286,0.0,5330000000.0,1826000000.0,1826000000.0,0.0,,,,,0.0,436000000.0,1.0,825465791.0,825465791.0,,2.212,88546000000.0,0.0,332000000.0,0.0,107.268,
20,SYF,MRQ,2016-09-30,2016-09-30,2016-09-30,2021-10-21,-10000000.0,87159000000.0,,,,,16.765,0.0,13588000000.0,13588000000.0,0.0,604000000.0,,5.234,20167000000.0,,,20167000000.0,0.0,56000000.0,49815000000.0,0.005,0.13,963000000.0,1019000000.0,0.559,1019000000.0,963000000.0,963000000.0,0.73,0.73,0.73,13981000000.0,,13981000000.0,30857910192.0,9.0,8.249,1815000000.0,2.176,1.0,1822000000.0,1.0,1682000000.0,0.0,92056000000.0,,0.0,69885000000.0,,,73178000000.0,,,23349910192.0,1801000000.0,0.0,-238000000.0,869000000.0,-107000000.0,3902000000.0,-3916000000.0,-3794000000.0,1815000000.0,0.0,604000000.0,604000000.0,604000000.0,0.0,0.0,0.332,859000000.0,963000000.0,0.0,0.178,1.67,10.509,10.448,0.0,0.0,28.0,3.385,3.385,0.0,4861000000.0,1822000000.0,1822000000.0,0.0,,,,,0.0,403000000.0,1.0,833925364.0,833925364.0,,2.185,85477000000.0,0.0,359000000.0,0.0,102.5,
21,SYF,MRQ,2016-06-30,2016-06-30,2016-06-30,2021-10-21,-6000000.0,82384000000.0,,,,,16.446,0.0,11787000000.0,11787000000.0,0.0,489000000.0,,5.007,19295000000.0,,,19295000000.0,0.0,54000000.0,46427000000.0,0.0,0.0,771000000.0,825000000.0,0.512,825000000.0,771000000.0,771000000.0,0.59,0.58,0.59,13715000000.0,,13715000000.0,29057507788.0,8.0,7.881,1472000000.0,1.765,1.0,1610000000.0,1.0,1653000000.0,0.0,88239000000.0,,0.0,67111000000.0,,,68669000000.0,,,21081507788.0,-713000000.0,0.0,0.0,-1192000000.0,0.0,251000000.0,-2436000000.0,-2940000000.0,1472000000.0,0.0,489000000.0,489000000.0,489000000.0,0.0,0.0,0.304,839000000.0,771000000.0,0.0,0.0,1.537,9.617,9.576,0.0,0.0,25.28,3.083,3.083,0.0,4364000000.0,1610000000.0,1610000000.0,0.0,,,,,0.0,408000000.0,1.0,833920403.0,833920403.0,,1.931,80731000000.0,0.0,282000000.0,0.0,96.809,
22,SYF,MRQ,2016-03-31,2016-03-31,2016-03-31,2021-10-21,-17000000.0,81656000000.0,,,,,15.835,0.0,12500000000.0,12500000000.0,0.0,582000000.0,,5.184,20476000000.0,,,20476000000.0,0.0,54000000.0,44977000000.0,0.0,0.0,928000000.0,982000000.0,0.568,982000000.0,928000000.0,928000000.0,0.7,0.7,0.7,13204000000.0,,13204000000.0,35916535099.0,10.0,9.535,1500000000.0,1.799,1.0,1728000000.0,1.0,1651000000.0,0.0,87981000000.0,,0.0,65178000000.0,,,68452000000.0,,,23897535099.0,175000000.0,0.0,0.0,-3818000000.0,0.0,-2526000000.0,1201000000.0,1704000000.0,1500000000.0,0.0,582000000.0,582000000.0,582000000.0,0.0,0.0,0.337,800000000.0,928000000.0,0.0,0.0,1.81,10.65,10.615,0.0,0.0,28.66,3.466,3.466,0.0,3875000000.0,1728000000.0,1728000000.0,0.0,,,,,0.0,374000000.0,1.0,833828859.0,833828859.0,,2.072,80005000000.0,0.0,346000000.0,0.0,95.949,
23,SYF,MRQ,2015-12-31,2015-12-31,2015-12-31,2021-10-21,-29000000.0,83990000000.0,,,,,15.116,0.0,12325000000.0,12325000000.0,0.0,547000000.0,,5.664,24279000000.0,,,24279000000.0,0.0,47000000.0,43367000000.0,0.0,0.0,868000000.0,915000000.0,0.526,915000000.0,868000000.0,868000000.0,0.66,0.65,0.66,12604000000.0,,12604000000.0,36966644859.0,10.0,9.978,1889000000.0,2.265,1.0,1738000000.0,1.0,1650000000.0,0.0,94294000000.0,,0.0,67935000000.0,,,71386000000.0,,,25356644859.0,54000000.0,0.0,0.0,458000000.0,0.0,3358000000.0,-5193000000.0,-4978000000.0,1889000000.0,0.0,547000000.0,547000000.0,547000000.0,0.0,0.0,0.315,870000000.0,868000000.0,0.0,0.0,2.012,11.453,11.432,0.0,0.0,30.41,3.732,3.732,0.0,3293000000.0,1738000000.0,1738000000.0,0.0,,,,,0.0,413000000.0,1.0,833825875.0,833825875.0,,2.084,82340000000.0,0.0,321000000.0,0.0,98.75,
24,SYF,MRQ,2015-09-30,2015-09-30,2015-09-30,2021-10-21,-19000000.0,79442000000.0,,,,,14.582,0.0,12271000000.0,12271000000.0,0.0,574000000.0,,5.534,23881000000.0,,,23881000000.0,0.0,46000000.0,40548000000.0,0.0,0.0,919000000.0,965000000.0,0.548,965000000.0,919000000.0,919000000.0,0.69,0.69,0.69,12158000000.0,,12158000000.0,39167843342.0,11.0,10.649,1317000000.0,1.58,1.0,1762000000.0,1.0,1595000000.0,0.0,89457000000.0,,0.0,63745000000.0,,,67284000000.0,,,26096843342.0,1650000000.0,0.0,0.0,178000000.0,0.0,2952000000.0,-2619000000.0,-2503000000.0,1317000000.0,0.0,574000000.0,574000000.0,574000000.0,0.0,0.0,0.326,843000000.0,919000000.0,0.0,0.0,2.146,11.873,11.947,0.0,0.0,31.3,3.894,3.894,0.0,2746000000.0,1762000000.0,1762000000.0,0.0,,,,,0.0,383000000.0,1.0,833764963.0,833764963.0,,2.113,77847000000.0,0.0,345000000.0,0.0,93.368,
25,SYF,MRQ,2015-06-30,2015-06-30,2015-06-30,2021-10-21,-16000000.0,75750000000.0,,,,,13.886,0.0,10621000000.0,10621000000.0,0.0,541000000.0,,5.543,23692000000.0,,,23692000000.0,0.0,44000000.0,37772000000.0,0.0,0.0,861000000.0,905000000.0,0.543,905000000.0,861000000.0,861000000.0,0.65,0.65,0.65,11578000000.0,,11578000000.0,40297867916.0,12.0,11.117,1313000000.0,1.575,1.0,1666000000.0,1.0,1524000000.0,0.0,87297000000.0,,0.0,61811000000.0,,,64172000000.0,,,27455867916.0,-597000000.0,0.0,0.0,-372000000.0,0.0,2431000000.0,-4341000000.0,-4196000000.0,1313000000.0,0.0,541000000.0,541000000.0,541000000.0,0.0,0.0,0.325,805000000.0,861000000.0,0.0,0.0,2.371,12.641,12.521,0.0,0.0,32.93,4.194,4.194,0.0,2172000000.0,1666000000.0,1666000000.0,0.0,,,,,0.0,358000000.0,1.0,833764589.0,833764589.0,,1.998,74226000000.0,0.0,320000000.0,0.0,89.025,
26,SYF,MRQ,2015-03-31,2015-03-31,2015-03-31,2021-10-21,-13000000.0,72721000000.0,,,,,13.236,0.0,11218000000.0,11218000000.0,0.0,552000000.0,,5.589,24060000000.0,,,24060000000.0,0.0,37000000.0,34950000000.0,0.0,0.0,883000000.0,920000000.0,0.565,920000000.0,883000000.0,883000000.0,0.66,0.66,0.66,11036000000.0,,11036000000.0,40936755276.0,12.0,11.643,1665000000.0,1.997,1.0,1629000000.0,1.0,1506000000.0,0.0,84057000000.0,,0.0,58473000000.0,,,61685000000.0,,,25304755276.0,-610000000.0,0.0,0.0,-3411000000.0,0.0,-3625000000.0,1350000000.0,602000000.0,1665000000.0,0.0,552000000.0,552000000.0,552000000.0,0.0,0.0,0.339,746000000.0,883000000.0,0.0,0.0,2.293,12.033,11.453,0.0,0.0,30.35,3.928,3.928,0.0,1631000000.0,1629000000.0,1629000000.0,0.0,,,,,0.0,321000000.0,1.0,833764589.0,833764589.0,,1.954,71215000000.0,0.0,331000000.0,0.0,85.414,
27,SYF,MRQ,2014-12-31,2014-12-31,2014-12-31,2021-10-21,-8000000.0,75707000000.0,,,,,12.567,0.0,11828000000.0,11828000000.0,0.0,531000000.0,,6.225,27460000000.0,,,27460000000.0,0.0,35000000.0,34955000000.0,0.0,0.0,853000000.0,888000000.0,0.54,888000000.0,853000000.0,853000000.0,0.62,0.62,0.62,10478000000.0,,10478000000.0,37580496523.0,11.0,10.685,1046000000.0,1.255,1.0,1645000000.0,1.0,1468000000.0,0.0,89871000000.0,,0.0,59980000000.0,,,65229000000.0,,,24804496523.0,-2980000000.0,0.0,0.0,-197000000.0,0.0,2131000000.0,-6157000000.0,-5324000000.0,1046000000.0,0.0,531000000.0,531000000.0,531000000.0,0.0,0.0,0.323,792000000.0,853000000.0,0.0,0.0,2.367,11.761,10.701,0.0,0.0,29.75,3.929,3.929,0.0,1079000000.0,1645000000.0,1645000000.0,0.0,,,,,0.0,392000000.0,1.0,833764589.0,833764589.0,,1.973,74239000000.0,0.0,322000000.0,0.0,89.041,
28,SYF,MRQ,2014-09-30,2014-09-30,2014-09-30,2021-10-21,-8000000.0,73469000000.0,,,,,11.923,0.0,14808000000.0,14808000000.0,0.0,548000000.0,,6.391,27584000000.0,,,27584000000.0,0.0,33000000.0,32689000000.0,0.0,0.0,879000000.0,912000000.0,0.568,912000000.0,879000000.0,879000000.0,0.7,0.7,0.7,9941000000.0,,9941000000.0,36659920660.0,11.0,10.95,1295000000.0,1.553,1.0,1607000000.0,1.0,1398000000.0,0.0,84847000000.0,,0.0,55483000000.0,,,63528000000.0,,,20468920660.0,8026000000.0,0.0,2842000000.0,4611000000.0,0.0,9627000000.0,-2896000000.0,-2630000000.0,1295000000.0,0.0,548000000.0,548000000.0,548000000.0,0.0,0.0,0.341,728000000.0,879000000.0,0.0,0.0,2.059,10.128,8.799,0.0,0.0,24.55,3.319,3.319,0.0,548000000.0,1607000000.0,1607000000.0,0.0,,,,,0.0,354000000.0,1.0,833764589.0,833764589.0,,1.927,72071000000.0,0.0,331000000.0,0.0,86.44,
29,SYF,MRQ,2014-06-30,2014-06-30,2014-06-30,2021-10-21,-6000000.0,63175000000.0,,,,,9.065,0.0,6782000000.0,6782000000.0,0.0,472000000.0,,8.882,22973000000.0,,,22973000000.0,0.0,32000000.0,30462000000.0,,0.0,764000000.0,796000000.0,0.51,796000000.0,764000000.0,764000000.0,0.67,0.67,0.67,6393000000.0,,6393000000.0,,,,1227000000.0,1.74,1.0,1561000000.0,1.0,1412000000.0,0.0,77954000000.0,,0.0,53623000000.0,,,56782000000.0,,,,1451000000.0,0.0,0.0,175000000.0,0.0,3104000000.0,-2880000000.0,-2798000000.0,1227000000.0,0.0,472000000.0,472000000.0,472000000.0,0.0,0.0,0.302,797000000.0,764000000.0,0.0,0.0,,,,0.0,0.0,,,,0.0,0.0,1561000000.0,1561000000.0,0.0,,,,,0.0,304000000.0,1.0,830270833.0,705271000.0,705271000.0,2.213,61763000000.0,0.0,292000000.0,0.0,87.573,
30,SYF,MRQ,2014-03-31,2014-03-31,2014-03-31,2021-10-21,,,,,,,,0.0,,,0.0,558000000.0,,,,,,,,31000000.0,,,0.0,890000000.0,921000000.0,0.614,921000000.0,890000000.0,890000000.0,0.79,0.79,0.79,,,,,,,1772000000.0,2.134,1.0,1500000000.0,1.0,,0.0,,,,,,,,,,,3012000000.0,0.0,0.0,-1617000000.0,0.0,-625000000.0,1865000000.0,2158000000.0,1772000000.0,0.0,558000000.0,558000000.0,558000000.0,0.0,0.0,0.372,610000000.0,890000000.0,,0.0,,,,,0.0,,,,,,1500000000.0,1500000000.0,0.0,,,,,0.0,276000000.0,1.0,830270833.0,830270833.0,,1.807,,,332000000.0,,,
31,SYF,MRQ,2013-12-31,2013-12-31,2013-12-31,2021-10-21,-12000000.0,59085000000.0,,,,,7.178,0.0,2319000000.0,2319000000.0,0.0,443000000.0,,8.914,24321000000.0,,,24321000000.0,0.0,27000000.0,25719000000.0,,0.0,692000000.0,719000000.0,0.48,719000000.0,692000000.0,692000000.0,0.63,0.63,0.63,5960000000.0,,5960000000.0,,,,1145000000.0,1.379,1.0,1499000000.0,1.0,1249000000.0,0.0,79838000000.0,,0.0,54598000000.0,,,53125000000.0,,,,-351000000.0,0.0,0.0,-345000000.0,0.0,3129000000.0,-4625000000.0,-4572000000.0,1145000000.0,0.0,443000000.0,443000000.0,443000000.0,0.0,0.0,0.296,807000000.0,692000000.0,0.0,0.0,,,,0.0,0.0,,,,0.0,0.0,1499000000.0,1499000000.0,0.0,,,,,0.0,307000000.0,1.0,830270833.0,830270833.0,,1.805,57836000000.0,0.0,249000000.0,0.0,69.659,
32,SYF,MRQ,2013-09-30,2013-09-30,2013-09-30,2021-10-21,,,,,,,,0.0,,,0.0,641000000.0,,,,,,,,25000000.0,,,0.0,1021000000.0,1046000000.0,0.655,1046000000.0,1021000000.0,1021000000.0,0.91,0.91,0.91,,,,,,,1764000000.0,,1.0,1596000000.0,1.0,,0.0,,,,,,,,,,,-440000000.0,0.0,0.0,-664000000.0,0.0,-106000000.0,-2098000000.0,-2047000000.0,1764000000.0,0.0,641000000.0,641000000.0,641000000.0,0.0,0.0,0.402,575000000.0,1021000000.0,,0.0,,,,,0.0,,,,,,1596000000.0,1596000000.0,0.0,,,,,0.0,227000000.0,1.0,,,,,,,380000000.0,,,
33,SYF,MRQ,2013-06-30,2013-06-30,2013-06-30,2021-10-21,,,,,,,,,,,0.0,536000000.0,,,,,,,,,,,0.0,856000000.0,,,,856000000.0,856000000.0,0.76,0.76,0.76,,,,,,,,,1.0,1419000000.0,1.0,,0.0,,,,,,,,,,,,,,,,,,,,,536000000.0,536000000.0,536000000.0,0.0,0.0,0.378,563000000.0,856000000.0,,0.0,,,,,0.0,,,,,,1419000000.0,1419000000.0,0.0,,,,,,226000000.0,1.0,,705271000.0,705271000.0,2.012,,,320000000.0,,,
34,SYF,MRQ,2012-12-31,2012-12-31,2012-12-31,2021-10-21,2000000.0,53462000000.0,,,,,,,1334000000.0,1334000000.0,,,,10.668,27815000000.0,,,27815000000.0,0.0,,18804000000.0,,0.0,,,,,,,,,,4582000000.0,,4582000000.0,,,,,,1.0,,,1191000000.0,,78752000000.0,,0.0,50232000000.0,,,48880000000.0,,,,,,,,,,,,,,,,,,,,,,0.0,,,,,0.0,,,,,0.0,,,,,,,,,,,1.0,,,,,52271000000.0,0.0,,0.0,,
0,SYF,MRT,2021-09-30,2021-09-30,2021-09-30,2021-10-21,-11000000.0,91937000000.0,93939000000.0,,,0.098,24.462,0.0,9806000000.0,9806000000.0,0.0,4146000000.0,,5.597,12760000000.0,,,12760000000.0,0.0,378000000.0,60353000000.0,0.018,0.88,5358000000.0,5736000000.0,0.621,5736000000.0,5358000000.0,5358000000.0,7.13,7.08,7.13,13936000000.0,13568250000.0,13936000000.0,30186892790.0,6.0,5.263,7181000000.0,12.605,1.0,9241000000.0,1.0,2195000000.0,0.0,92696000000.0,93741750000.0,0.0,76666000000.0,,,78001000000.0,,,27846892790.0,-3726000000.0,0.0,-1894000000.0,-3026000000.0,-508000000.0,-8598000000.0,-2309000000.0,-1763000000.0,7181000000.0,0.0,4104000000.0,4104000000.0,4104000000.0,0.0,42000000.0,0.444,3841000000.0,5400000000.0,0.0,0.123,1.998,6.785,6.856,0.0,0.0,48.88,3.013,3.013,0.0,13562000000.0,9241000000.0,9241000000.0,0.0,0.044,0.302,0.057,0.58,0.0,1897000000.0,1.0,569699116.0,569699116.0,,16.221,89742000000.0,0.0,1254000000.0,0.0,157.525,
1,SYF,MRT,2021-06-30,2021-06-30,2021-06-30,2021-10-21,-1000000.0,92017000000.0,94869250000.0,,,0.087,24.41,0.0,11117000000.0,11117000000.0,0.0,3318000000.0,,5.481,13457000000.0,,,13457000000.0,0.0,382000000.0,59841000000.0,0.018,0.88,4271000000.0,4653000000.0,0.563,4653000000.0,4271000000.0,4271000000.0,5.63,5.6,5.63,14197000000.0,13109000000.0,14197000000.0,26759176056.0,6.0,5.751,6849000000.0,11.776,1.0,8259000000.0,1.0,2203000000.0,0.0,92154000000.0,94494750000.0,0.0,75079000000.0,,,77820000000.0,,,28219176056.0,-4872000000.0,0.0,-593000000.0,-2627000000.0,-513000000.0,-8075000000.0,-3646000000.0,-3131000000.0,6849000000.0,0.0,3277000000.0,3277000000.0,3277000000.0,0.0,41000000.0,0.397,3947000000.0,4312000000.0,0.0,0.156,1.988,8.611,8.618,0.0,0.0,48.52,3.417,3.417,0.0,12560000000.0,8259000000.0,8259000000.0,0.0,0.035,0.25,0.045,0.517,0.0,1907000000.0,1.0,581598847.0,581598847.0,,14.201,89814000000.0,0.0,994000000.0,0.0,154.426,
2,SYF,MRT,2021-03-31,2021-03-31,2021-03-31,2021-10-21,-1000000.0,95854000000.0,96001000000.0,,,0.07,23.017,0.0,16620000000.0,16620000000.0,0.0,2124000000.0,,6.133,15160000000.0,,,15160000000.0,0.0,382000000.0,62761000000.0,0.022,0.88,2688000000.0,3070000000.0,0.457,3070000000.0,2688000000.0,2688000000.0,3.56,3.54,3.56,13439000000.0,12534500000.0,13439000000.0,27991634191.0,10.0,9.118,7789000000.0,13.34,1.0,6715000000.0,1.0,2273000000.0,0.0,92121000000.0,94962500000.0,0.0,73530000000.0,,,82415000000.0,,,23740634191.0,3318000000.0,0.0,-200000000.0,-2103000000.0,-513000000.0,-4723000000.0,252000000.0,815000000.0,7789000000.0,0.0,2082000000.0,2082000000.0,2082000000.0,0.0,42000000.0,0.31,3985000000.0,2730000000.0,0.0,0.247,1.767,11.403,11.421,0.0,0.0,40.66,3.535,3.535,0.0,11470000000.0,6715000000.0,6715000000.0,0.0,0.022,0.166,0.028,0.4,0.0,1852000000.0,1.0,583881805.0,583881805.0,,11.501,93581000000.0,0.0,606000000.0,0.0,160.274,
3,SYF,MRT,2020-12-31,2020-12-31,2020-12-31,2021-10-21,3000000.0,95948000000.0,96547000000.0,,,0.061,21.756,0.0,11524000000.0,11524000000.0,0.0,1385000000.0,,6.554,15775000000.0,,,15775000000.0,0.0,383000000.0,62782000000.0,0.025,0.88,1755000000.0,2138000000.0,0.365,2138000000.0,1755000000.0,1755000000.0,2.28,2.27,2.28,12701000000.0,12167250000.0,12701000000.0,22482426811.0,13.0,10.516,7487000000.0,12.825,1.0,5852000000.0,1.0,2203000000.0,0.0,97996000000.0,96756250000.0,0.0,79076000000.0,,,83247000000.0,,,20263426811.0,-1042000000.0,0.0,-985000000.0,-4108000000.0,-520000000.0,-8031000000.0,-498000000.0,-108000000.0,7487000000.0,0.0,1343000000.0,1343000000.0,1343000000.0,0.0,42000000.0,0.229,4055000000.0,1797000000.0,0.0,0.386,1.595,15.088,15.224,0.0,0.0,34.71,3.463,3.463,0.0,10621000000.0,5852000000.0,5852000000.0,0.0,0.014,0.11,0.018,0.3,0.0,1828000000.0,1.0,583792187.0,583792187.0,,10.024,93745000000.0,0.0,412000000.0,0.0,160.579,
4,SYF,MRT,2020-09-30,2020-09-30,2020-09-30,2021-10-21,3000000.0,95658000000.0,98766500000.0,,,0.06,20.726,0.0,13552000000.0,13552000000.0,0.0,1378000000.0,,6.906,15771000000.0,,,15771000000.0,0.0,384000000.0,63493000000.0,0.034,0.88,1742000000.0,2126000000.0,0.36,2126000000.0,1742000000.0,1742000000.0,2.2,2.19,2.2,12099000000.0,12764000000.0,12099000000.0,15001868638.0,9.0,7.056,7737000000.0,13.254,1.0,5908000000.0,1.0,2169000000.0,0.0,95708000000.0,99807750000.0,0.0,76811000000.0,,,83559000000.0,,,15276868638.0,1905000000.0,0.0,-2361000000.0,-4607000000.0,-533000000.0,-9274000000.0,3442000000.0,3782000000.0,7737000000.0,0.0,1346000000.0,1346000000.0,1346000000.0,0.0,32000000.0,0.228,4134000000.0,1774000000.0,0.0,0.4,1.263,11.35,11.895,0.0,0.0,26.17,2.586,2.586,0.0,10024000000.0,5908000000.0,5908000000.0,0.0,0.014,0.105,0.017,0.295,0.0,1879000000.0,1.0,583755011.0,583755011.0,,10.121,93489000000.0,0.0,396000000.0,0.0,160.151,
5,SYF,MRT,2020-06-30,2020-06-30,2020-06-30,2021-10-21,-3000000.0,96544000000.0,101337750000.0,,,0.068,20.385,0.0,16344000000.0,16344000000.0,0.0,2121000000.0,,7.114,16069000000.0,,,16069000000.0,0.0,381000000.0,64148000000.0,0.04,0.88,2715000000.0,3096000000.0,0.451,3096000000.0,2715000000.0,2715000000.0,3.28,3.27,3.28,11899000000.0,13519250000.0,11899000000.0,16478965424.0,6.0,5.323,8653000000.0,14.824,1.0,6868000000.0,1.0,2244000000.0,0.0,94025000000.0,104028250000.0,0.0,75138000000.0,,,84645000000.0,,,12934965424.0,4269000000.0,0.0,-2911000000.0,-5191000000.0,-549000000.0,-9427000000.0,5043000000.0,5477000000.0,8653000000.0,0.0,2099000000.0,2099000000.0,2099000000.0,0.0,22000000.0,0.306,4131000000.0,2737000000.0,0.0,0.268,1.087,6.162,6.756,0.0,0.0,22.16,1.883,1.883,0.0,9852000000.0,6868000000.0,6868000000.0,0.0,0.021,0.155,0.026,0.395,0.0,1888000000.0,1.0,583707826.0,583707826.0,,11.766,94300000000.0,0.0,616000000.0,0.0,161.553,
6,SYF,MRT,2020-03-31,2020-03-31,2020-03-31,2021-10-21,-16000000.0,98038000000.0,103798750000.0,,,0.077,19.512,0.0,13704000000.0,13704000000.0,0.0,2926000000.0,,7.19,17248000000.0,,,17248000000.0,0.0,376000000.0,64615000000.0,0.054,0.87,3796000000.0,4172000000.0,0.521,4172000000.0,3796000000.0,3796000000.0,4.47,4.45,4.47,11970000000.0,14228000000.0,11970000000.0,17589842275.0,5.0,4.216,8238000000.0,13.428,1.0,8011000000.0,1.0,2286000000.0,0.0,99296000000.0,108918000000.0,0.0,79445000000.0,,,86068000000.0,,,9870842275.0,491000000.0,0.0,-3636000000.0,-4661000000.0,-566000000.0,-7563000000.0,-184000000.0,282000000.0,8238000000.0,0.0,2915000000.0,2915000000.0,2915000000.0,0.0,11000000.0,0.364,4204000000.0,3807000000.0,0.0,0.195,0.825,3.386,3.6,0.0,0.0,16.09,1.232,1.232,0.0,9960000000.0,8011000000.0,8011000000.0,0.0,0.028,0.205,0.035,0.474,0.0,1963000000.0,1.0,613476835.0,613476835.0,,13.058,95752000000.0,0.0,881000000.0,0.0,156.081,
7,SYF,MRT,2019-12-31,2019-12-31,2019-12-31,2021-10-21,-25000000.0,104826000000.0,105635250000.0,,,0.086,23.349,0.0,12147000000.0,12147000000.0,0.0,3747000000.0,,5.948,19866000000.0,,,19866000000.0,0.0,367000000.0,65154000000.0,0.024,0.86,4887000000.0,5254000000.0,0.575,5254000000.0,4887000000.0,4887000000.0,5.59,5.56,5.59,15088000000.0,14912750000.0,15088000000.0,32171400964.0,7.0,6.123,8990000000.0,13.912,1.0,9132000000.0,1.0,2343000000.0,0.0,110202000000.0,112088250000.0,0.0,88249000000.0,,,89738000000.0,,,23269400964.0,2271000000.0,0.0,-3618000000.0,-4147000000.0,-581000000.0,-6458000000.0,-261000000.0,327000000.0,8990000000.0,0.0,3747000000.0,3747000000.0,3747000000.0,0.0,0.0,0.41,4245000000.0,4887000000.0,0.0,0.154,1.542,6.21,6.442,0.0,0.0,36.01,2.548,2.548,0.0,12117000000.0,9132000000.0,9132000000.0,0.0,0.035,0.251,0.044,0.535,0.0,2004000000.0,1.0,646192751.0,646192751.0,,14.132,102483000000.0,0.0,1140000000.0,0.0,158.595,
8,SYF,MRT,2019-09-30,2019-09-30,2019-09-30,2021-10-21,-30000000.0,105943000000.0,106126750000.0,,,0.087,22.79,0.0,11461000000.0,11461000000.0,0.0,3799000000.0,,6.007,20363000000.0,,,20363000000.0,0.0,353000000.0,65972000000.0,0.025,0.85,4978000000.0,5331000000.0,0.578,5331000000.0,4978000000.0,4978000000.0,5.5,5.48,5.5,15120000000.0,14810250000.0,15120000000.0,32105670827.0,6.0,6.022,9230000000.0,13.912,1.0,9222000000.0,1.0,2255000000.0,0.0,112590000000.0,114345500000.0,0.0,90366000000.0,,,90823000000.0,,,22616670827.0,-550000000.0,0.0,-2242000000.0,-3397000000.0,-591000000.0,-2553000000.0,-7227000000.0,-6526000000.0,9230000000.0,0.0,3799000000.0,3799000000.0,3799000000.0,0.0,0.0,0.412,4244000000.0,4978000000.0,0.0,0.155,1.496,5.953,6.198,0.0,0.0,34.09,2.452,2.452,0.0,11533000000.0,9222000000.0,9222000000.0,0.0,0.036,0.257,0.044,0.54,0.0,1986000000.0,1.0,663440036.0,663440036.0,,13.9,103688000000.0,0.0,1179000000.0,0.0,156.288,
9,SYF,MRT,2019-06-30,2019-06-30,2019-06-30,2021-10-21,-32000000.0,106388000000.0,105777250000.0,,,0.083,21.375,0.0,11755000000.0,11755000000.0,0.0,3414000000.0,,6.221,21244000000.0,,,21244000000.0,0.0,337000000.0,65645000000.0,0.024,0.84,4496000000.0,4833000000.0,0.554,4833000000.0,4496000000.0,4496000000.0,4.81,4.79,4.81,14734000000.0,14529250000.0,14734000000.0,32826599553.0,7.0,6.792,9516000000.0,13.805,1.0,8730000000.0,1.0,2293000000.0,0.0,113584000000.0,114720250000.0,0.0,90230000000.0,,,91654000000.0,,,23898599553.0,-3745000000.0,0.0,-2659000000.0,-496000000.0,-602000000.0,2873000000.0,-16134000000.0,-15257000000.0,9516000000.0,0.0,3414000000.0,3414000000.0,3414000000.0,0.0,0.0,0.391,4234000000.0,4496000000.0,0.0,0.175,1.622,7.0,7.208,0.0,0.0,34.67,2.738,2.738,0.0,10627000000.0,8730000000.0,8730000000.0,0.0,0.032,0.235,0.039,0.515,0.0,1984000000.0,1.0,689316399.0,689316399.0,,12.665,104095000000.0,0.0,1082000000.0,0.0,151.012,
10,SYF,MRT,2019-03-31,2019-03-31,2019-03-31,2021-10-21,-46000000.0,105384000000.0,103960750000.0,,,0.081,20.721,0.0,12963000000.0,12963000000.0,0.0,3257000000.0,,6.165,21891000000.0,,,21891000000.0,0.0,318000000.0,64060000000.0,0.024,0.78,4259000000.0,4577000000.0,0.544,4577000000.0,4259000000.0,4259000000.0,4.49,4.47,4.49,14709000000.0,14460250000.0,14709000000.0,37244608327.0,9.0,8.137,9716000000.0,13.687,1.0,8409000000.0,1.0,2335000000.0,0.0,111977000000.0,112144500000.0,0.0,88021000000.0,,,90675000000.0,,,22644608327.0,-881000000.0,0.0,-2425000000.0,858000000.0,-570000000.0,5384000000.0,-15981000000.0,-15054000000.0,9716000000.0,0.0,3257000000.0,3257000000.0,3257000000.0,0.0,0.0,0.387,4150000000.0,4259000000.0,0.0,0.174,1.54,6.953,7.105,0.0,0.0,31.9,2.693,2.693,0.0,9939000000.0,8409000000.0,8409000000.0,0.0,0.031,0.225,0.038,0.506,0.0,1952000000.0,1.0,709862330.0,709862330.0,,11.846,103049000000.0,0.0,1002000000.0,0.0,145.168,
11,SYF,MRT,2018-12-31,2018-12-31,2018-12-31,2021-10-21,-57000000.0,106792000000.0,101504500000.0,,,0.076,20.422,0.0,9396000000.0,9396000000.0,0.0,2790000000.0,,6.276,23996000000.0,,,23996000000.0,0.0,302000000.0,64019000000.0,0.031,0.72,3644000000.0,3946000000.0,0.51,3946000000.0,3644000000.0,3644000000.0,3.76,3.74,3.76,14678000000.0,14372000000.0,14678000000.0,28534446010.0,8.0,7.231,9342000000.0,12.998,1.0,7739000000.0,1.0,2161000000.0,0.0,119231000000.0,109590000000.0,0.0,92774000000.0,,,92114000000.0,,,16861446010.0,-1441000000.0,0.0,-1868000000.0,3180000000.0,-534000000.0,8253000000.0,-19036000000.0,-18234000000.0,9342000000.0,0.0,2790000000.0,2790000000.0,2790000000.0,0.0,0.0,0.361,4095000000.0,3644000000.0,0.0,0.191,1.149,6.044,6.239,0.0,0.0,23.46,2.179,2.179,0.0,8986000000.0,7739000000.0,7739000000.0,0.0,0.027,0.194,0.033,0.471,0.0,1955000000.0,1.0,718731714.0,718731714.0,,10.768,104631000000.0,0.0,854000000.0,0.0,145.577,
12,SYF,MRT,2018-09-30,2018-09-30,2018-09-30,2021-10-21,-71000000.0,104545000000.0,98758500000.0,,,0.076,18.896,0.0,12068000000.0,12068000000.0,0.0,2392000000.0,,6.47,23741000000.0,,,23741000000.0,0.0,289000000.0,62317000000.0,0.021,0.66,3507000000.0,3796000000.0,0.507,3796000000.0,3507000000.0,3507000000.0,3.18,3.15,3.18,13996000000.0,14261000000.0,13996000000.0,29066524361.0,8.0,7.657,9235000000.0,12.468,1.0,7494000000.0,1.0,2129000000.0,0.0,114089000000.0,105598500000.0,0.0,88579000000.0,,,90549000000.0,,,23020524361.0,-1817000000.0,0.0,-2299000000.0,3825000000.0,-501000000.0,8819000000.0,-19871000000.0,-19165000000.0,9235000000.0,0.0,2392000000.0,2392000000.0,2392000000.0,0.0,0.0,0.319,3987000000.0,3507000000.0,0.0,0.208,1.645,9.624,9.774,0.0,0.0,31.08,3.072,3.072,0.0,8355000000.0,7494000000.0,7494000000.0,0.0,0.024,0.168,0.033,0.468,0.0,1922000000.0,1.0,740686112.0,740686112.0,,10.118,102416000000.0,0.0,1115000000.0,0.0,138.272,
13,SYF,MRT,2018-06-30,2018-06-30,2018-06-30,2021-10-21,-66000000.0,99122000000.0,95759250000.0,,,0.077,19.156,0.0,15675000000.0,15675000000.0,0.0,2276000000.0,,5.856,21721000000.0,,,21721000000.0,0.0,280000000.0,59011000000.0,0.018,0.6,3493000000.0,3773000000.0,0.511,3773000000.0,3493000000.0,3493000000.0,2.97,2.94,2.97,14458000000.0,14362500000.0,14458000000.0,33164775575.0,9.0,8.79,9452000000.0,12.523,1.0,7384000000.0,1.0,1887000000.0,0.0,103281000000.0,101268500000.0,0.0,79799000000.0,,,84664000000.0,,,25193775575.0,3003000000.0,0.0,-1722000000.0,994000000.0,-463000000.0,4927000000.0,-11376000000.0,-10936000000.0,9452000000.0,0.0,2276000000.0,2276000000.0,2276000000.0,0.0,0.0,0.308,3891000000.0,3493000000.0,0.0,0.202,1.743,11.069,11.239,0.0,0.0,33.38,3.412,3.412,0.0,7906000000.0,7384000000.0,7384000000.0,0.0,0.024,0.158,0.034,0.473,0.0,1883000000.0,1.0,754756608.0,754756608.0,,9.783,97235000000.0,0.0,1217000000.0,0.0,128.83,
14,SYF,MRT,2018-03-31,2018-03-31,2018-03-31,2021-10-21,-59000000.0,95559000000.0,93763750000.0,,,0.077,18.884,0.0,13044000000.0,13044000000.0,0.0,2076000000.0,,5.656,21015000000.0,,,21015000000.0,0.0,266000000.0,56570000000.0,0.017,0.58,3389000000.0,3655000000.0,0.507,3655000000.0,3389000000.0,3389000000.0,2.66,2.63,2.66,14356000000.0,14331000000.0,14356000000.0,34687072825.0,10.0,9.49,9010000000.0,11.852,1.0,7216000000.0,1.0,1771000000.0,0.0,101759000000.0,99961000000.0,0.0,78374000000.0,,,81203000000.0,,,25490072825.0,2475000000.0,0.0,-1669000000.0,804000000.0,-455000000.0,3632000000.0,-10167000000.0,-9859000000.0,9010000000.0,0.0,2076000000.0,2076000000.0,2076000000.0,0.0,0.0,0.288,3827000000.0,3389000000.0,0.0,0.218,1.776,12.278,12.605,0.0,0.0,33.53,3.532,3.532,0.0,7334000000.0,7216000000.0,7216000000.0,0.0,0.022,0.145,0.034,0.47,0.0,1864000000.0,1.0,760216905.0,760216905.0,,9.492,93788000000.0,0.0,1313000000.0,0.0,123.37,
15,SYF,MRT,2017-12-31,2017-12-31,2017-12-31,2021-10-21,-36000000.0,95808000000.0,92136500000.0,,,0.077,18.188,0.0,11602000000.0,11602000000.0,0.0,1935000000.0,,5.731,20799000000.0,,,20799000000.0,0.0,254000000.0,56488000000.0,0.015,0.56,3324000000.0,3578000000.0,0.506,3578000000.0,3324000000.0,3324000000.0,2.43,2.42,2.43,14234000000.0,14332750000.0,14234000000.0,36199860479.0,11.0,10.117,8575000000.0,10.957,1.0,7071000000.0,1.0,1740000000.0,0.0,103265000000.0,98529750000.0,0.0,80846000000.0,,,81574000000.0,,,30215860479.0,2149000000.0,0.0,-1497000000.0,633000000.0,-446000000.0,3116000000.0,-9542000000.0,-9068000000.0,8575000000.0,0.0,1935000000.0,1935000000.0,1935000000.0,0.0,0.0,0.274,3747000000.0,3324000000.0,0.0,0.23,2.123,15.615,15.889,0.0,0.0,38.61,4.273,4.273,0.0,6809000000.0,7071000000.0,7071000000.0,0.0,0.021,0.135,0.034,0.47,0.0,1802000000.0,1.0,782591569.0,782591569.0,,9.035,94068000000.0,0.0,1389000000.0,0.0,120.201,
16,SYF,MRT,2017-09-30,2017-09-30,2017-09-30,2021-10-21,-25000000.0,92548000000.0,90736250000.0,,,0.078,18.108,0.0,13915000000.0,13915000000.0,0.0,2126000000.0,,5.426,19899000000.0,,,19899000000.0,0.0,242000000.0,54454000000.0,0.017,0.54,3357000000.0,3599000000.0,0.51,3599000000.0,3357000000.0,3357000000.0,2.63,2.62,2.63,14402000000.0,14323250000.0,14402000000.0,33384158954.0,10.0,9.276,7830000000.0,9.845,1.0,7052000000.0,1.0,1763000000.0,0.0,96769000000.0,97556500000.0,0.0,74884000000.0,,,78146000000.0,,,24695158954.0,109000000.0,0.0,-1304000000.0,-287000000.0,-435000000.0,2914000000.0,-10635000000.0,-10155000000.0,7830000000.0,0.0,2126000000.0,2126000000.0,2126000000.0,0.0,0.0,0.301,3695000000.0,3357000000.0,0.0,0.205,1.715,11.616,11.806,0.0,0.0,31.05,3.502,3.502,0.0,6543000000.0,7052000000.0,7052000000.0,0.0,0.023,0.148,0.034,0.476,0.0,1752000000.0,1.0,795335232.0,795335232.0,,8.867,90785000000.0,0.0,1231000000.0,0.0,114.147,
17,SYF,MRT,2017-06-30,2017-06-30,2017-06-30,2021-10-21,-34000000.0,91140000000.0,89389000000.0,,,0.079,17.672,0.0,12020000000.0,12020000000.0,0.0,2175000000.0,,5.359,20709000000.0,,,20709000000.0,0.0,229000000.0,52885000000.0,0.017,0.52,3441000000.0,3670000000.0,0.522,3670000000.0,3441000000.0,3441000000.0,2.66,2.65,2.66,14332000000.0,14218000000.0,14332000000.0,32986415324.0,10.0,8.988,6743000000.0,8.314,1.0,7037000000.0,1.0,1778000000.0,0.0,98051000000.0,96378250000.0,0.0,74454000000.0,,,76808000000.0,,,24184415324.0,709000000.0,0.0,-1152000000.0,1397000000.0,-424000000.0,6535000000.0,-12569000000.0,-12053000000.0,6743000000.0,0.0,2175000000.0,2175000000.0,2175000000.0,0.0,0.0,0.309,3596000000.0,3441000000.0,0.0,0.195,1.687,11.119,11.211,0.0,0.0,29.82,3.437,3.437,0.0,6109000000.0,7037000000.0,7037000000.0,0.0,0.024,0.153,0.036,0.489,0.0,1698000000.0,1.0,811013257.0,811013257.0,,8.677,89362000000.0,0.0,1266000000.0,0.0,110.186,
18,SYF,MRT,2017-03-31,2017-03-31,2017-03-31,2021-10-21,-40000000.0,89050000000.0,87200000000.0,,,0.08,17.715,0.0,11392000000.0,11392000000.0,0.0,2168000000.0,,5.2,20194000000.0,,,20194000000.0,0.0,224000000.0,51605000000.0,0.011,0.39,3424000000.0,3648000000.0,0.525,3648000000.0,3424000000.0,3424000000.0,2.63,2.62,2.63,14363000000.0,14063750000.0,14363000000.0,38635981786.0,11.0,10.591,6491000000.0,8.006,1.0,6948000000.0,1.0,1818000000.0,0.0,96034000000.0,93925250000.0,0.0,74002000000.0,,,74687000000.0,,,27809981786.0,-1192000000.0,0.0,-714000000.0,-306000000.0,-319000000.0,5502000000.0,-13185000000.0,-13228000000.0,6491000000.0,0.0,2168000000.0,2168000000.0,2168000000.0,0.0,0.0,0.312,3524000000.0,3424000000.0,0.0,0.148,1.936,12.827,13.042,0.0,0.0,34.3,4.003,4.003,0.0,5724000000.0,6948000000.0,6948000000.0,0.0,0.025,0.154,0.036,0.493,0.0,1664000000.0,1.0,810786641.0,810786641.0,,8.569,87232000000.0,0.0,1256000000.0,0.0,107.589,
19,SYF,MRT,2016-12-31,2016-12-31,2016-12-31,2021-10-21,-38000000.0,90207000000.0,85351500000.0,,,0.082,17.198,0.0,9321000000.0,9321000000.0,0.0,2251000000.0,,5.354,20147000000.0,,,20147000000.0,0.0,219000000.0,52055000000.0,0.007,0.26,3570000000.0,3789000000.0,0.542,3789000000.0,3570000000.0,3570000000.0,2.71,2.71,2.71,14196000000.0,13774000000.0,14196000000.0,36518644240.0,10.0,9.638,6511000000.0,7.888,1.0,6986000000.0,1.0,1661000000.0,0.0,99372000000.0,91912000000.0,0.0,77103000000.0,,,76011000000.0,,,29939644240.0,-3048000000.0,0.0,-476000000.0,-4166000000.0,-214000000.0,3805000000.0,-13364000000.0,-13146000000.0,6511000000.0,0.0,2251000000.0,2251000000.0,2251000000.0,0.0,0.0,0.322,3416000000.0,3570000000.0,0.0,0.096,2.109,13.301,13.384,0.0,0.0,36.27,4.286,4.286,0.0,5330000000.0,6986000000.0,6986000000.0,0.0,0.026,0.163,0.039,0.511,0.0,1621000000.0,1.0,825465791.0,825465791.0,,8.463,88546000000.0,0.0,1319000000.0,0.0,107.268,
20,SYF,MRT,2016-09-30,2016-09-30,2016-09-30,2021-10-21,-10000000.0,87159000000.0,83797250000.0,,,0.082,16.765,0.0,13588000000.0,13588000000.0,0.0,2222000000.0,,5.234,20167000000.0,,,20167000000.0,0.0,211000000.0,49815000000.0,0.005,0.13,3530000000.0,3741000000.0,0.542,3741000000.0,3530000000.0,3530000000.0,2.68,2.66,2.68,13981000000.0,13376000000.0,13981000000.0,30857910192.0,9.0,8.249,6676000000.0,8.006,1.0,6898000000.0,1.0,1682000000.0,0.0,92056000000.0,90642500000.0,0.0,69885000000.0,,,73178000000.0,,,23349910192.0,1317000000.0,0.0,-238000000.0,-3683000000.0,-107000000.0,4985000000.0,-10344000000.0,-10008000000.0,6676000000.0,0.0,2222000000.0,2222000000.0,2222000000.0,0.0,0.0,0.322,3368000000.0,3530000000.0,0.0,0.049,1.67,10.509,10.448,0.0,0.0,28.0,3.385,3.385,0.0,4861000000.0,6898000000.0,6898000000.0,0.0,0.027,0.166,0.039,0.512,0.0,1598000000.0,1.0,833925364.0,833925364.0,,8.272,85477000000.0,0.0,1308000000.0,0.0,102.5,
21,SYF,MRT,2016-06-30,2016-06-30,2016-06-30,2021-10-21,-6000000.0,82384000000.0,81868000000.0,,,0.084,16.446,0.0,11787000000.0,11787000000.0,0.0,2192000000.0,,5.007,19295000000.0,,,19295000000.0,0.0,201000000.0,46427000000.0,0.0,0.0,3486000000.0,3687000000.0,0.539,3687000000.0,3486000000.0,3486000000.0,2.64,2.62,2.64,13715000000.0,12920250000.0,13715000000.0,29057507788.0,8.0,7.881,6178000000.0,7.408,1.0,6838000000.0,1.0,1653000000.0,0.0,88239000000.0,89992750000.0,0.0,67111000000.0,,,68669000000.0,,,21081507788.0,1166000000.0,0.0,0.0,-4374000000.0,0.0,4035000000.0,-9047000000.0,-8717000000.0,6178000000.0,0.0,2192000000.0,2192000000.0,2192000000.0,0.0,0.0,0.321,3352000000.0,3486000000.0,0.0,0.0,1.537,9.617,9.576,0.0,0.0,25.28,3.083,3.083,0.0,4364000000.0,6838000000.0,6838000000.0,0.0,0.027,0.17,0.039,0.51,0.0,1578000000.0,1.0,833920403.0,833920403.0,,8.2,80731000000.0,0.0,1294000000.0,0.0,96.809,
22,SYF,MRT,2016-03-31,2016-03-31,2016-03-31,2021-10-21,-17000000.0,81656000000.0,80209500000.0,,,0.086,15.835,0.0,12500000000.0,12500000000.0,0.0,2244000000.0,,5.184,20476000000.0,,,20476000000.0,0.0,191000000.0,44977000000.0,0.0,0.0,3576000000.0,3767000000.0,0.546,3767000000.0,3576000000.0,3576000000.0,2.7,2.69,2.7,13204000000.0,12386000000.0,13204000000.0,35916535099.0,10.0,9.535,6019000000.0,7.219,1.0,6894000000.0,1.0,1651000000.0,0.0,87981000000.0,89757250000.0,0.0,65178000000.0,,,68452000000.0,,,23897535099.0,1282000000.0,0.0,0.0,-3554000000.0,0.0,6215000000.0,-10952000000.0,-9973000000.0,6019000000.0,0.0,2244000000.0,2244000000.0,2244000000.0,0.0,0.0,0.326,3318000000.0,3576000000.0,0.0,0.0,1.81,10.65,10.615,0.0,0.0,28.66,3.466,3.466,0.0,3875000000.0,6894000000.0,6894000000.0,0.0,0.028,0.181,0.04,0.519,0.0,1528000000.0,1.0,833828859.0,833828859.0,,8.268,80005000000.0,0.0,1332000000.0,0.0,95.949,
23,SYF,MRT,2015-12-31,2015-12-31,2015-12-31,2021-10-21,-29000000.0,83990000000.0,77975750000.0,,,0.087,15.116,0.0,12325000000.0,12325000000.0,0.0,2214000000.0,,5.664,24279000000.0,,,24279000000.0,0.0,174000000.0,43367000000.0,0.0,0.0,3531000000.0,3705000000.0,0.545,3705000000.0,3531000000.0,3531000000.0,2.66,2.65,2.66,12604000000.0,11844000000.0,12604000000.0,36966644859.0,10.0,9.978,6184000000.0,7.416,1.0,6795000000.0,1.0,1650000000.0,0.0,94294000000.0,88776250000.0,0.0,67935000000.0,,,71386000000.0,,,25356644859.0,497000000.0,0.0,0.0,-3147000000.0,0.0,5116000000.0,-10803000000.0,-11075000000.0,6184000000.0,0.0,2214000000.0,2214000000.0,2214000000.0,0.0,0.0,0.326,3264000000.0,3531000000.0,0.0,0.0,2.012,11.453,11.432,0.0,0.0,30.41,3.732,3.732,0.0,3293000000.0,6795000000.0,6795000000.0,0.0,0.028,0.187,0.04,0.52,0.0,1475000000.0,1.0,833825875.0,833825875.0,,8.149,82340000000.0,0.0,1317000000.0,0.0,98.75,
24,SYF,MRT,2015-09-30,2015-09-30,2015-09-30,2021-10-21,-19000000.0,79442000000.0,75905000000.0,,,0.088,14.582,0.0,12271000000.0,12271000000.0,0.0,2198000000.0,,5.534,23881000000.0,,,23881000000.0,0.0,162000000.0,40548000000.0,0.0,0.0,3516000000.0,3678000000.0,0.549,3678000000.0,3516000000.0,3516000000.0,2.62,2.62,2.62,12158000000.0,11312500000.0,12158000000.0,39167843342.0,11.0,10.649,5341000000.0,6.406,1.0,6702000000.0,1.0,1595000000.0,0.0,89457000000.0,87670500000.0,0.0,63745000000.0,,,67284000000.0,,,26096843342.0,-2537000000.0,0.0,0.0,-3802000000.0,0.0,3889000000.0,-11767000000.0,-11421000000.0,5341000000.0,0.0,2198000000.0,2198000000.0,2198000000.0,0.0,0.0,0.328,3186000000.0,3516000000.0,0.0,0.0,2.146,11.873,11.947,0.0,0.0,31.3,3.894,3.894,0.0,2746000000.0,6702000000.0,6702000000.0,0.0,0.029,0.194,0.04,0.525,0.0,1454000000.0,1.0,833764963.0,833764963.0,,8.038,77847000000.0,0.0,1318000000.0,0.0,93.368,
25,SYF,MRT,2015-06-30,2015-06-30,2015-06-30,2021-10-21,-16000000.0,75750000000.0,74411750000.0,,,0.088,13.886,0.0,10621000000.0,10621000000.0,0.0,2172000000.0,,5.543,23692000000.0,,,23692000000.0,0.0,149000000.0,37772000000.0,0.0,0.0,3476000000.0,3625000000.0,0.554,3625000000.0,3476000000.0,3476000000.0,2.63,2.63,2.63,11578000000.0,10758250000.0,11578000000.0,40297867916.0,12.0,11.117,5319000000.0,6.379,1.0,6547000000.0,1.0,1524000000.0,0.0,87297000000.0,86518000000.0,0.0,61811000000.0,,,64172000000.0,,,27455867916.0,3839000000.0,0.0,2842000000.0,631000000.0,0.0,10564000000.0,-12044000000.0,-11548000000.0,5319000000.0,0.0,2172000000.0,2172000000.0,2172000000.0,0.0,0.0,0.332,3071000000.0,3476000000.0,0.0,0.0,2.371,12.641,12.521,0.0,0.0,32.93,4.194,4.194,0.0,2172000000.0,6547000000.0,6547000000.0,0.0,0.029,0.202,0.04,0.531,0.0,1425000000.0,1.0,833764589.0,833764589.0,,7.852,74226000000.0,0.0,1304000000.0,0.0,89.025,
26,SYF,MRT,2015-03-31,2015-03-31,2015-03-31,2021-10-21,-13000000.0,72721000000.0,71268000000.0,,,0.09,13.236,0.0,11218000000.0,11218000000.0,0.0,2103000000.0,,5.589,24060000000.0,,,24060000000.0,0.0,137000000.0,34950000000.0,0.0,0.0,3379000000.0,3516000000.0,0.546,3516000000.0,3379000000.0,3379000000.0,2.65,2.65,2.65,11036000000.0,9462000000.0,11036000000.0,40936755276.0,12.0,11.643,5233000000.0,6.276,1.0,6442000000.0,1.0,1506000000.0,0.0,84057000000.0,84182250000.0,0.0,58473000000.0,,,61685000000.0,,,25304755276.0,5887000000.0,0.0,2842000000.0,1178000000.0,0.0,11237000000.0,-10583000000.0,-10150000000.0,5233000000.0,0.0,2103000000.0,2103000000.0,2103000000.0,0.0,0.0,0.326,3063000000.0,3379000000.0,0.0,0.0,2.293,12.033,11.453,0.0,0.0,30.35,3.928,3.928,0.0,1631000000.0,6442000000.0,6442000000.0,0.0,0.03,0.222,0.04,0.525,0.0,1371000000.0,1.0,833764589.0,833764589.0,,7.726,71215000000.0,0.0,1276000000.0,0.0,85.414,
27,SYF,MRT,2014-12-31,2014-12-31,2014-12-31,2021-10-21,-8000000.0,75707000000.0,67396000000.0,,,0.094,12.567,0.0,11828000000.0,11828000000.0,0.0,2109000000.0,,6.225,27460000000.0,,,27460000000.0,0.0,131000000.0,34955000000.0,0.0,0.0,3386000000.0,3517000000.0,0.557,3517000000.0,3386000000.0,3386000000.0,2.78,2.78,2.78,10478000000.0,8219000000.0,10478000000.0,37580496523.0,11.0,10.685,5340000000.0,6.405,1.0,6313000000.0,1.0,1468000000.0,0.0,89871000000.0,84854500000.0,0.0,59980000000.0,,,65229000000.0,,,24804496523.0,9509000000.0,0.0,2842000000.0,2972000000.0,0.0,14237000000.0,-10068000000.0,-8594000000.0,5340000000.0,0.0,2109000000.0,2109000000.0,2109000000.0,0.0,0.0,0.334,2927000000.0,3386000000.0,0.0,0.0,2.367,11.761,10.701,0.0,0.0,29.75,3.929,3.929,0.0,1079000000.0,6313000000.0,6313000000.0,0.0,0.031,0.257,0.04,0.536,0.0,1326000000.0,1.0,833764589.0,833764589.0,,7.572,74239000000.0,0.0,1277000000.0,0.0,89.041,
28,SYF,MRT,2014-09-30,2014-09-30,2014-09-30,2021-10-21,-8000000.0,73469000000.0,,,,,11.923,0.0,14808000000.0,14808000000.0,0.0,2021000000.0,,6.391,27584000000.0,,,27584000000.0,0.0,123000000.0,32689000000.0,0.0,0.0,3225000000.0,3348000000.0,0.543,3348000000.0,3225000000.0,3225000000.0,2.79,2.79,2.79,9941000000.0,,9941000000.0,36659920660.0,11.0,10.95,5439000000.0,6.523,1.0,6167000000.0,1.0,1398000000.0,0.0,84847000000.0,,0.0,55483000000.0,,,63528000000.0,,,20468920660.0,12138000000.0,0.0,2842000000.0,2824000000.0,0.0,15235000000.0,-8536000000.0,-7842000000.0,5439000000.0,0.0,2021000000.0,2021000000.0,2021000000.0,0.0,0.0,0.328,2942000000.0,3225000000.0,0.0,0.0,2.059,10.128,8.799,0.0,0.0,24.55,3.319,3.319,0.0,548000000.0,6167000000.0,6167000000.0,0.0,,,,0.523,0.0,1241000000.0,1.0,833764589.0,833764589.0,,7.397,72071000000.0,0.0,1204000000.0,0.0,86.44,
29,SYF,MRT,2014-06-30,2014-06-30,2014-06-30,2021-10-21,-6000000.0,63175000000.0,,,,,9.065,0.0,6782000000.0,6782000000.0,0.0,2114000000.0,,8.882,22973000000.0,,,22973000000.0,0.0,115000000.0,30462000000.0,,0.0,3367000000.0,3482000000.0,0.566,3482000000.0,3367000000.0,3367000000.0,3.0,3.0,3.0,6393000000.0,,6393000000.0,,,,5908000000.0,8.377,1.0,6156000000.0,1.0,1412000000.0,0.0,77954000000.0,,0.0,53623000000.0,,,56782000000.0,,,,3672000000.0,0.0,0.0,-2451000000.0,0.0,5502000000.0,-7738000000.0,-7259000000.0,5908000000.0,0.0,2114000000.0,2114000000.0,2114000000.0,0.0,0.0,0.343,2789000000.0,3367000000.0,0.0,0.0,,,,0.0,0.0,,,,0.0,0.0,6156000000.0,6156000000.0,0.0,,,,0.547,0.0,1114000000.0,1.0,830270833.0,705271000.0,,8.729,61763000000.0,0.0,1253000000.0,0.0,87.573,
30,SYF,MRT,2014-03-31,2014-03-31,2014-03-31,2021-10-21,,,,,,,,,,,0.0,2178000000.0,,,,,,,,,,,0.0,3459000000.0,,,,3459000000.0,3459000000.0,3.09,3.09,3.09,,,,,,,,,1.0,6014000000.0,1.0,,0.0,,,,,,,,,,,,,,,,,,,,,2178000000.0,2178000000.0,2178000000.0,0.0,0.0,0.362,2555000000.0,3459000000.0,,0.0,,,,,0.0,,,,,,6014000000.0,6014000000.0,0.0,,,,0.575,,1036000000.0,1.0,830270833.0,830270833.0,,7.243,,,1281000000.0,,,
31,SYF,MRT,2013-12-31,2013-12-31,2013-12-31,2021-10-21,-12000000.0,59085000000.0,56273500000.0,,,0.1,7.178,0.0,2319000000.0,2319000000.0,0.0,1979000000.0,,8.914,24321000000.0,,,24321000000.0,0.0,104000000.0,25719000000.0,,0.0,3142000000.0,3246000000.0,0.577,3246000000.0,3142000000.0,3142000000.0,2.81,2.81,2.81,5960000000.0,5271000000.0,5960000000.0,,,,5679000000.0,6.84,1.0,5626000000.0,1.0,1249000000.0,0.0,79838000000.0,79295000000.0,0.0,54598000000.0,,,53125000000.0,,,,985000000.0,6393000000.0,0.0,-3491000000.0,0.0,-3628000000.0,-1066000000.0,-7332000000.0,5679000000.0,0.0,1979000000.0,1979000000.0,1979000000.0,0.0,0.0,0.352,2484000000.0,3142000000.0,0.0,0.0,,,,0.0,0.0,,,,0.0,0.0,5626000000.0,5626000000.0,0.0,0.035,0.375,0.04,0.558,0.0,967000000.0,1.0,830270833.0,830270833.0,,6.776,57836000000.0,0.0,1163000000.0,0.0,69.659,
32,SYF,MRT,2013-09-30,2013-09-30,2013-09-30,2021-10-21,,,,,,,,,,,,,,,,,,,,,,,0.0,,,,,,,,,,,,,,,,,,1.0,,,,,,,,,,,,,,,,,,,,,,,,,,,,,,,,,,,,,,,,,,,,,,,,,,,,,,1.0,,,,,,,,,,
33,SYF,MRT,2013-06-30,2013-06-30,2013-06-30,2021-10-21,,,,,,,,,,,,,,,,,,,,,,,0.0,,,,,,,,,,,,,,,,,,1.0,,,,,,,,,,,,,,,,,,,,,,,,,,,,,,,,,,,,,,,,,,,,,,,,,,,,,,1.0,,705271000.0,,,,,,,,
34,SYF,MRT,2012-12-31,2012-12-31,2012-12-31,2021-10-21,2000000.0,53462000000.0,,,,,,0.0,1334000000.0,1334000000.0,0.0,2119000000.0,,10.668,27815000000.0,,,27815000000.0,0.0,83000000.0,18804000000.0,,0.0,3376000000.0,3459000000.0,0.629,3459000000.0,3376000000.0,3376000000.0,3.0,3.0,3.0,4582000000.0,,4582000000.0,,,,5637000000.0,,1.0,5499000000.0,1.0,1191000000.0,0.0,78752000000.0,,0.0,50232000000.0,,,48880000000.0,,,,147000000.0,0.0,0.0,1925000000.0,0.0,962000000.0,-6452000000.0,-6329000000.0,5637000000.0,0.0,2119000000.0,2119000000.0,2119000000.0,0.0,0.0,0.385,2123000000.0,3376000000.0,0.0,0.0,,,,0.0,0.0,,,,0.0,,5499000000.0,5499000000.0,0.0,,,,0.614,0.0,828000000.0,1.0,,,,,52271000000.0,0.0,1257000000.0,0.0,,
35,SYF,MRT,2011-12-31,2011-12-31,2011-12-31,2021-10-21,,,,,,,,0.0,,,0.0,1890000000.0,,,,,,,,96000000.0,,,0.0,3010000000.0,3106000000.0,0.619,3106000000.0,3010000000.0,3010000000.0,,,,,,,,,,5516000000.0,,1.0,5020000000.0,1.0,,0.0,,,,,,,,,,,968000000.0,3153000000.0,0.0,-5046000000.0,0.0,-2978000000.0,-1570000000.0,-4755000000.0,5516000000.0,0.0,1890000000.0,1890000000.0,1890000000.0,0.0,0.0,0.376,2010000000.0,3010000000.0,,,,,,,0.0,,,,,,5020000000.0,5020000000.0,0.0,,,,0.6,0.0,817000000.0,1.0,,,,,,,1120000000.0,,,
