None,ticker,dimension,calendardate,datekey,reportperiod,lastupdated,accoci,assets,assetsavg,assetsc,assetsnc,assetturnover,bvps,capex,cashneq,cashnequsd,cor,consolinc,currentratio,de,debt,debtc,debtnc,debtusd,deferredrev,depamor,deposits,divyield,dps,ebit,ebitda,ebitdamargin,ebitdausd,ebitusd,ebt,eps,epsdil,epsusd,equity,equityavg,equityusd,ev,evebit,evebitda,fcf,fcfps,fxusd,gp,grossmargin,intangibles,intexp,invcap,invcapavg,inventory,investments,investmentsc,investmentsnc,liabilities,liabilitiesc,liabilitiesnc,marketcap,ncf,ncfbus,ncfcommon,ncfdebt,ncfdiv,ncff,ncfi,ncfinv,ncfo,ncfx,netinc,netinccmn,netinccmnusd,netincdis,netincnci,netmargin,opex,opinc,payables,payoutratio,pb,pe,pe1,ppnenet,prefdivis,price,ps,ps1,receivables,retearn,revenue,revenueusd,rnd,roa,roe,roic,ros,sbcomp,sgna,sharefactor,sharesbas,shareswa,shareswadil,sps,tangibles,taxassets,taxexp,taxliabilities,tbvps,workingcapital
0,KDP,ARY,2020-12-31,2021-02-25,2020-12-31,2021-07-29,77000000,49779000000,49257250000.0,2388000000,47391000000,0.236,16.934,-314000000.0,255000000,255000000,5132000000.0,1325000000.0,0.31,1.089,13641000000,2498000000,11143000000,13641000000,0,495000000.0,0,0.019,0.6,2357000000.0,2852000000.0,0.245,2852000000.0,2357000000.0,1753000000.0,0.94,0.93,0.94,23829000000,23172000000.0,23829000000,56814268014.0,24.0,19.921,2142000000.0,1.522,1.0,6486000000.0,0.558,44152000000,604000000.0,11319000000,12057000000.0,762000000,88000000,0,88000000,25949000000,7694000000,18255000000,43428268014.0,144000000.0,-11000000.0,29000000.0,-1173000000.0,-846000000.0,-1990000000.0,-316000000.0,0.0,2456000000.0,-6000000.0,1325000000.0,1325000000.0,1325000000.0,0.0,0.0,0.114,4006000000.0,2480000000.0,3740000000,0.638,1.822,32.776,32.83,2212000000,0.0,30.86,3.738,3.738,1048000000,2061000000.0,11618000000.0,11618000000.0,0.0,0.027,0.057,0.195,0.203,85000000.0,3978000000.0,1.0,1407267272,1407200000,1422100000.0,8.256,5627000000,45000000,428000000.0,5993000000,3.999,-5306000000
1,KDP,ARY,2019-12-31,2020-02-27,2019-12-31,2021-07-29,104000000,49518000000,49439000000.0,2273000000,47245000000,0.225,16.533,-118000000.0,101000000,101000000,4778000000.0,1254000000.0,0.351,1.129,14741000000,1914000000,12827000000,14741000000,0,484000000.0,0,0.021,0.6,2348000000.0,2832000000.0,0.255,2832000000.0,2348000000.0,1694000000.0,0.89,0.88,0.89,23257000000,22932000000.0,23257000000,54373293479.0,23.0,19.2,2356000000.0,1.675,1.0,6342000000.0,0.57,44289000000,654000000.0,13395000000,13886500000.0,654000000,151000000,0,151000000,26261000000,6474000000,19787000000,39733293479.0,-28000000.0,-56000000.0,0.0,-1525000000.0,-844000000.0,-2364000000.0,-150000000.0,0.0,2474000000.0,12000000.0,1254000000.0,1254000000.0,1254000000.0,0.0,0.0,0.113,3964000000.0,2378000000.0,3176000000,0.674,1.708,31.685,31.73,2028000000,0.0,28.24,3.573,3.572,1115000000,1582000000.0,11120000000.0,11120000000.0,0.0,0.025,0.055,0.169,0.211,64000000.0,3962000000.0,1.0,1406986313,1406700000,1419100000.0,7.905,5229000000,29000000,440000000.0,6030000000,3.717,-4201000000
2,KDP,ARY,2018-12-31,2019-02-28,2018-12-31,2021-07-29,-130000000,48918000000,29600250000.0,2159000000,46759000000,0.251,20.743,-180000000.0,129000000,129000000,3560000000.0,589000000.0,0.379,1.171,16516000000,2010000000,14506000000,16516000000,0,462000000.0,0,4.16,104.63,1240000000.0,1702000000.0,0.229,1702000000.0,1240000000.0,788000000.0,0.54,0.53,0.54,22533000000,12508500000.0,22533000000,51749950253.0,42.0,30.405,1433000000.0,1.319,1.0,3882000000.0,0.522,43978000000,452000000.0,15625000000,10764250000.0,626000000,186000000,0,186000000,26385000000,5702000000,20683000000,35362950253.0,44000000.0,-18921000000.0,9003000000.0,8842000000.0,-232000000.0,17577000000.0,-19131000000.0,-39000000.0,1613000000.0,-15000000.0,586000000.0,586000000.0,586000000.0,0.0,3000000.0,0.079,2645000000.0,1237000000.0,2300000000,193.759,1.569,60.346,46.574,2310000000,0.0,25.15,4.752,3.671,1150000000,1178000000.0,7442000000.0,7442000000.0,0.0,0.02,0.047,0.115,0.167,35000000.0,2635000000.0,1.0,1406081521,1086300000,1097600000.0,6.851,4940000000,26000000,202000000.0,5923000000,4.548,-3543000000
3,KDP,ARY,2017-12-31,2018-02-14,2017-12-31,2021-07-29,-202000000,10022000000,10097000000.0,1117000000,8905000000,0.663,13.467,-199000000.0,79000000,79000000,2695000000.0,1076000000.0,0.902,3.089,4479000000,79000000,4400000000,4479000000,1119000000,229000000.0,0,0.02,2.32,1335000000.0,1564000000.0,0.234,1564000000.0,1335000000.0,1171000000.0,5.91,5.89,5.91,2451000000,2232000000.0,2451000000,25054392003.0,19.0,16.019,839000000.0,4.61,1.0,3995000000.0,0.597,7342000000,164000000.0,5842000000,5763000000.0,229000000,24000000,0,24000000,7571000000,1238000000,6333000000,20654392003.0,-1629000000.0,-1555000000.0,-379000000.0,-92000000.0,-414000000.0,-907000000.0,-1763000000.0,0.0,1038000000.0,3000000.0,1076000000.0,1076000000.0,1076000000.0,0.0,0.0,0.161,2607000000.0,1388000000.0,365000000,0.393,8.427,19.196,19.443,1198000000,0.0,114.91,3.087,3.126,668000000,2651000000.0,6690000000.0,6690000000.0,0.0,0.107,0.482,0.232,0.2,36000000.0,2556000000.0,1.0,179744078,182000000,182800000.0,36.758,2680000000,62000000,95000000.0,625000000,14.725,-121000000
4,KDP,ARY,2016-12-31,2017-02-14,2016-12-31,2021-07-29,-229000000,9791000000,8808500000.0,2736000000,7055000000,0.731,11.51,-174000000.0,1787000000,1787000000,2582000000.0,847000000.0,2.603,3.588,4478000000,10000000,4468000000,4478000000,1181000000,224000000.0,0,0.023,2.12,1428000000.0,1652000000.0,0.257,1652000000.0,1428000000.0,1281000000.0,4.57,4.54,4.57,2134000000,2126750000.0,2134000000,19731581568.0,14.0,11.944,765000000.0,4.126,1.0,3858000000.0,0.599,5649000000,147000000.0,5782000000,4620000000.0,202000000,23000000,0,23000000,7657000000,1051000000,6606000000,17040581568.0,876000000.0,-4000000.0,-505000000.0,1050000000.0,-386000000.0,130000000.0,-189000000.0,-1000000.0,939000000.0,-4000000.0,847000000.0,847000000.0,847000000.0,0.0,0.0,0.132,2425000000.0,1433000000.0,303000000,0.464,7.985,20.119,20.365,1138000000,0.0,93.07,2.646,2.679,595000000,2266000000.0,6440000000.0,6440000000.0,0.0,0.096,0.398,0.309,0.222,45000000.0,2329000000.0,1.0,183094247,185400000,186600000.0,34.736,4142000000,62000000,434000000.0,816000000,22.341,1685000000
5,KDP,ARY,2015-12-31,2016-02-23,2015-12-31,2021-07-29,-195000000,8869000000,8403250000.0,1817000000,7052000000,0.748,11.435,-159000000.0,911000000,911000000,2559000000.0,764000000.0,1.148,3.063,3382000000,507000000,2875000000,3382000000,1245000000,227000000.0,0,0.021,1.92,1301000000.0,1528000000.0,0.243,1528000000.0,1301000000.0,1184000000.0,4.0,3.97,4.0,2183000000,2215750000.0,2183000000,19724060395.0,15.0,12.908,832000000.0,4.358,1.0,3723000000.0,0.593,5651000000,117000000.0,4106000000,3642750000.0,209000000,31000000,0,31000000,6686000000,1583000000,5103000000,17253060395.0,674000000.0,-20000000.0,-491000000.0,745000000.0,-355000000.0,-114000000.0,-194000000.0,-15000000.0,991000000.0,-9000000.0,764000000.0,764000000.0,764000000.0,0.0,0.0,0.122,2425000000.0,1298000000.0,277000000,0.48,7.903,22.583,23.023,1156000000,0.0,92.09,2.746,2.798,570000000,2165000000.0,6282000000.0,6282000000.0,0.0,0.091,0.345,0.357,0.207,44000000.0,2313000000.0,1.0,187349988,190900000,192400000.0,32.907,3218000000,64000000,420000000.0,814000000,16.857,234000000
6,KDP,ARY,2014-12-31,2015-02-19,2014-12-31,2021-07-29,-137000000,8273000000,8246750000.0,1211000000,7062000000,0.742,11.716,-162000000.0,237000000,237000000,2491000000.0,703000000.0,1.167,2.606,2591000000,3000000,2588000000,2591000000,1314000000,235000000.0,0,0.021,1.64,1183000000.0,1418000000.0,0.232,1418000000.0,1183000000.0,1074000000.0,3.59,3.56,3.59,2294000000,2288000000.0,2294000000,17447546149.0,15.0,12.304,860000000.0,4.392,1.0,3630000000.0,0.593,5674000000,109000000.0,3915000000,3926250000.0,204000000,14000000,0,14000000,5979000000,1038000000,4941000000,15093546149.0,84000000.0,-19000000.0,-359000000.0,-65000000.0,-317000000.0,-747000000.0,-185000000.0,0.0,1022000000.0,-6000000.0,703000000.0,703000000.0,703000000.0,0.0,0.0,0.115,2450000000.0,1180000000.0,289000000,0.457,6.58,21.47,21.788,1141000000,0.0,78.22,2.466,2.502,556000000,1771000000.0,6121000000.0,6121000000.0,0.0,0.085,0.307,0.301,0.193,48000000.0,2334000000.0,1.0,192962748,195800000,197400000.0,31.261,2599000000,141000000,371000000.0,811000000,13.274,173000000
7,KDP,ARY,2013-12-31,2014-02-20,2013-12-31,2021-07-29,-88000000,8201000000,8477750000.0,1119000000,7082000000,0.707,11.222,-178000000.0,153000000,153000000,2499000000.0,624000000.0,1.086,2.602,2574000000,66000000,2508000000,2574000000,1383000000,234000000.0,0,0.03,1.52,666000000.0,900000000.0,0.15,900000000.0,666000000.0,543000000.0,3.08,3.05,3.08,2277000000,2282000000.0,2277000000,12574699059.0,19.0,13.972,688000000.0,3.391,1.0,3498000000.0,0.583,5682000000,123000000.0,3910000000,4198500000.0,200000000,15000000,0,15000000,5924000000,1030000000,4894000000,10153699059.0,-213000000.0,-10000000.0,-385000000.0,-185000000.0,-302000000.0,-880000000.0,-195000000.0,0.0,866000000.0,-4000000.0,624000000.0,624000000.0,624000000.0,0.0,0.0,0.104,2452000000.0,1046000000.0,271000000,0.494,4.459,16.272,16.711,1173000000,0.0,51.47,1.693,1.741,564000000,1393000000.0,5997000000.0,5997000000.0,0.0,0.074,0.273,0.159,0.111,37000000.0,2272000000.0,1.0,197274122,202900000,204500000.0,29.556,2519000000,151000000,-81000000.0,788000000,12.415,89000000
8,KDP,ARY,2012-12-31,2013-02-21,2012-12-31,2021-07-29,-110000000,8928000000,8902000000.0,1335000000,7593000000,0.673,10.826,-186000000.0,366000000,366000000,2500000000.0,629000000.0,1.084,2.916,2804000000,250000000,2554000000,2804000000,1451000000,240000000.0,0,0.032,1.36,1103000000.0,1343000000.0,0.224,1343000000.0,1103000000.0,978000000.0,2.99,2.96,2.99,2280000000,2288250000.0,2280000000,11106632503.0,10.0,8.27,272000000.0,1.292,1.0,3495000000.0,0.583,5667000000,125000000.0,4467000000,4142500000.0,197000000,14000000,0,14000000,6648000000,1232000000,5416000000,8668632503.0,-335000000.0,0.0,-378000000.0,50000000.0,-284000000.0,-603000000.0,-193000000.0,0.0,458000000.0,3000000.0,629000000.0,629000000.0,629000000.0,0.0,0.0,0.105,2403000000.0,1092000000.0,283000000,0.455,3.802,13.782,14.237,1202000000,0.0,42.57,1.446,1.495,552000000,1080000000.0,5995000000.0,5995000000.0,0.0,0.071,0.275,0.266,0.184,35000000.0,2268000000.0,1.0,203632429,210600000,212300000.0,28.466,3261000000,196000000,349000000.0,675000000,15.484,103000000
9,KDP,ARY,2011-12-31,2012-02-22,2011-12-31,2021-07-29,-110000000,9283000000,9253500000.0,1757000000,7526000000,0.638,10.348,-212000000.0,701000000,701000000,2485000000.0,606000000.0,0.917,3.102,2708000000,452000000,2256000000,2708000000,1514000000,232000000.0,0,0.031,1.21,1040000000.0,1272000000.0,0.215,1272000000.0,1040000000.0,926000000.0,2.77,2.74,2.77,2263000000,2321500000.0,2263000000,10252419585.0,10.0,8.06,548000000.0,2.506,1.0,3418000000.0,0.579,5657000000,114000000.0,3718000000,3916750000.0,212000000,13000000,0,13000000,7020000000,1915000000,5105000000,8245419585.0,386000000.0,0.0,-502000000.0,600000000.0,-251000000.0,-152000000.0,-217000000.0,-2000000.0,760000000.0,-5000000.0,606000000.0,606000000.0,606000000.0,0.0,0.0,0.103,2394000000.0,1024000000.0,265000000,0.437,3.644,13.606,14.036,1152000000,0.0,38.88,1.397,1.44,585000000,740000000.0,5903000000.0,5903000000.0,0.0,0.065,0.261,0.266,0.176,34000000.0,2257000000.0,1.0,212073549,218700000,221200000.0,26.991,3626000000,227000000,320000000.0,1116000000,16.58,-158000000
10,KDP,ARY,2010-12-31,2011-02-22,2010-12-31,2021-07-29,-28000000,8859000000,8936000000.0,1309000000,7550000000,0.631,10.229,-228000000.0,315000000,315000000,2243000000.0,528000000.0,0.978,2.603,2091000000,404000000,1687000000,2091000000,1580000000,223000000.0,0,0.025,0.9,950000000.0,1173000000.0,0.208,1173000000.0,950000000.0,822000000.0,2.19,2.17,2.19,2459000000,2732250000.0,2459000000,9794296766.0,10.0,8.35,2307000000.0,9.597,1.0,3393000000.0,0.602,5675000000,128000000.0,3622000000,4292750000.0,244000000,11000000,0,11000000,6400000000,1338000000,5062000000,8018296766.0,35000000.0,0.0,-1107000000.0,-978000000.0,-194000000.0,-2280000000.0,-225000000.0,-1000000.0,2535000000.0,5000000.0,528000000.0,528000000.0,528000000.0,0.0,0.0,0.094,2368000000.0,1025000000.0,851000000,0.411,3.261,15.186,16.347,1168000000,0.0,35.8,1.423,1.527,536000000,400000000.0,5636000000.0,5636000000.0,0.0,0.059,0.193,0.221,0.169,29000000.0,2233000000.0,1.0,223974770,240400000,242600000.0,23.444,3184000000,201000000,294000000.0,1101000000,13.245,-29000000
11,KDP,ARY,2009-12-31,2010-03-01,2009-12-31,2021-07-29,-59000000,8776000000,8721500000.0,1279000000,7497000000,0.634,12.537,-312000000.0,280000000,280000000,2234000000.0,555000000.0,1.498,1.754,2960000000,0,2960000000,2960000000,0,207000000.0,0,0.005,0.15,1113000000.0,1320000000.0,0.239,1320000000.0,1113000000.0,870000000.0,2.18,2.17,2.18,3187000000,2980250000.0,3187000000,10603329334.0,10.0,8.033,553000000.0,2.175,1.0,3297000000.0,0.596,5685000000,243000000.0,4917000000,5091000000.0,262000000,9000000,0,9000000,5589000000,854000000,4735000000,7923329334.0,66000000.0,0.0,1000000.0,-550000000.0,0.0,-554000000.0,-251000000.0,-8000000.0,865000000.0,6000000.0,555000000.0,555000000.0,555000000.0,0.0,0.0,0.1,2212000000.0,1085000000.0,850000000,0.069,2.486,14.276,14.303,1109000000,0.0,31.18,1.433,1.433,540000000,87000000.0,5531000000.0,5531000000.0,0.0,0.064,0.186,0.219,0.201,19000000.0,2135000000.0,1.0,254115758,254200000,255200000.0,21.758,3091000000,204000000,315000000.0,1042000000,12.16,425000000
12,KDP,ARY,2008-12-31,2009-03-26,2008-12-31,2021-07-29,-106000000,8638000000,9765500000.0,1237000000,7401000000,0.585,10.264,-300000000.0,214000000,214000000,2590000000.0,-312000000.0,1.544,2.313,3522000000,0,3522000000,3522000000,0,195000000.0,0,0.0,0.0,-116000000.0,79000000.0,0.014,79000000.0,-116000000.0,-373000000.0,-1.23,-1.23,-1.23,2607000000,3557250000.0,2607000000,7843897550.0,-68.0,99.29,409000000.0,1.61,1.0,3120000000.0,0.546,5695000000,257000000.0,5450000000,5448000000.0,263000000,12000000,0,12000000,6031000000,801000000,5230000000,4535897550.0,147000000.0,0.0,0.0,456000000.0,0.0,-1625000000.0,1074000000.0,1375000000.0,709000000.0,-11000000.0,-312000000.0,-312000000.0,-312000000.0,0.0,0.0,-0.055,3288000000.0,-168000000.0,796000000,0.0,1.74,-14.538,-14.528,990000000,0.0,17.87,0.794,0.795,532000000,-430000000.0,5710000000.0,5710000000.0,0.0,-0.032,-0.088,-0.021,-0.02,9000000.0,2075000000.0,1.0,253827507,254000000,254000000.0,22.48,2943000000,233000000,-61000000.0,986000000,11.587,436000000
13,KDP,ARY,2007-12-31,2008-04-22,2007-12-31,2021-07-29,20000000,10528000000,9937000000.0,2739000000,7789000000,0.578,19.792,-224000000.0,67000000,67000000,2617000000.0,497000000.0,2.413,1.097,3038000000,126000000,2912000000,3038000000,0,169000000.0,0,,0.0,1072000000.0,1241000000.0,0.216,1241000000.0,1072000000.0,819000000.0,,,,5021000000,4135500000.0,5021000000,,,,379000000.0,1.494,1.0,3131000000.0,0.545,6800000000,253000000.0,5564000000,5072500000.0,325000000,13000000,0,13000000,5507000000,1135000000,4372000000,,32000000.0,-30000000.0,0.0,-610000000.0,0.0,515000000.0,-1087000000.0,-833000000.0,603000000.0,1000000.0,497000000.0,497000000.0,497000000.0,0.0,0.0,0.086,2127000000.0,1004000000.0,987000000,,,,,868000000,0.0,,,,2131000000,,5748000000.0,5748000000.0,0.0,0.05,0.12,0.211,0.186,17000000.0,2018000000.0,1.0,253685733,253685733,,22.658,3728000000,89000000,322000000.0,1346000000,14.695,1604000000
14,KDP,ARY,2007-12-31,2008-04-16,2007-12-31,2021-07-29,20000000,10528000000,9937000000.0,2739000000,7789000000,0.578,19.792,-224000000.0,67000000,67000000,2617000000.0,497000000.0,2.413,1.097,3038000000,126000000,2912000000,3038000000,0,169000000.0,0,,0.0,1072000000.0,1241000000.0,0.216,1241000000.0,1072000000.0,819000000.0,,,,5021000000,4135500000.0,5021000000,,,,379000000.0,1.494,1.0,3131000000.0,0.545,6800000000,253000000.0,5564000000,5072500000.0,325000000,13000000,0,13000000,5507000000,1135000000,4372000000,,32000000.0,-30000000.0,0.0,-610000000.0,0.0,515000000.0,-1087000000.0,-833000000.0,603000000.0,1000000.0,497000000.0,497000000.0,497000000.0,0.0,0.0,0.086,2127000000.0,1004000000.0,987000000,,,,,868000000,0.0,,,,2131000000,,5748000000.0,5748000000.0,0.0,0.05,0.12,0.211,0.186,17000000.0,2018000000.0,1.0,253685733,253685733,,22.658,3728000000,89000000,322000000.0,1346000000,14.695,1604000000
15,KDP,ARY,2007-12-31,2008-03-20,2007-12-31,2021-07-29,20000000,10528000000,9937000000.0,2739000000,7789000000,0.578,19.792,-224000000.0,67000000,67000000,2617000000.0,497000000.0,2.413,1.097,3038000000,126000000,2912000000,3038000000,0,169000000.0,0,,0.0,1072000000.0,1241000000.0,0.216,1241000000.0,1072000000.0,819000000.0,,,,5021000000,4135500000.0,5021000000,,,,379000000.0,1.494,1.0,3131000000.0,0.545,6800000000,253000000.0,5564000000,5072500000.0,325000000,13000000,0,13000000,5507000000,1135000000,4372000000,,32000000.0,-30000000.0,0.0,-610000000.0,0.0,515000000.0,-1087000000.0,-833000000.0,603000000.0,1000000.0,497000000.0,497000000.0,497000000.0,0.0,0.0,0.086,2127000000.0,1004000000.0,987000000,,,,,868000000,0.0,,,,2131000000,,5748000000.0,5748000000.0,0.0,0.05,0.12,0.211,0.186,17000000.0,2018000000.0,1.0,253685733,253685733,,22.658,3728000000,89000000,322000000.0,1346000000,14.695,1604000000
16,KDP,ARY,2006-12-31,2008-02-12,2006-12-31,2021-07-29,1000000,9346000000,,1632000000,7714000000,,12.811,-142000000.0,35000000,35000000,1994000000.0,510000000.0,0.965,1.876,3792000000,708000000,3084000000,3792000000,0,139000000.0,0,,0.0,1065000000.0,1204000000.0,0.254,1204000000.0,1065000000.0,808000000.0,,,,3250000000,,3250000000,,,,439000000.0,1.73,1.0,2741000000.0,0.579,6831000000,257000000.0,4581000000,,300000000,12000000,0,12000000,6096000000,1691000000,4405000000,,7000000.0,-435000000.0,0.0,30000000.0,-80000000.0,-72000000.0,-502000000.0,75000000.0,581000000.0,0.0,510000000.0,510000000.0,510000000.0,0.0,0.0,0.108,1723000000.0,1018000000.0,971000000,,,,,755000000,0.0,,,,1146000000,,4735000000.0,4735000000.0,0.0,,,,0.225,16000000.0,1659000000.0,1.0,253685733,253685733,,18.665,2515000000,70000000,298000000.0,1304000000,9.914,-59000000
17,KDP,ARY,2006-12-31,2008-01-11,2006-12-31,2021-07-29,1000000,9346000000,,1632000000,7714000000,,12.811,-142000000.0,35000000,35000000,1994000000.0,510000000.0,0.965,1.876,3792000000,708000000,3084000000,3792000000,0,139000000.0,0,,0.0,1065000000.0,1204000000.0,0.254,1204000000.0,1065000000.0,808000000.0,,,,3250000000,,3250000000,,,,439000000.0,1.73,1.0,2741000000.0,0.579,6831000000,257000000.0,4581000000,,300000000,12000000,0,12000000,6096000000,1691000000,4405000000,,7000000.0,-435000000.0,0.0,30000000.0,-80000000.0,-72000000.0,-502000000.0,75000000.0,581000000.0,0.0,510000000.0,510000000.0,510000000.0,0.0,0.0,0.108,1723000000.0,1018000000.0,971000000,,,,,755000000,0.0,,,,1146000000,,4735000000.0,4735000000.0,0.0,,,,0.225,16000000.0,1659000000.0,1.0,253685733,253685733,,18.665,2515000000,70000000,298000000.0,1304000000,9.914,-59000000
18,KDP,ARY,2006-12-31,2007-11-13,2006-12-31,2021-07-29,1000000,9346000000,,1632000000,7714000000,,12.811,-142000000.0,35000000,35000000,1994000000.0,510000000.0,0.965,1.876,3792000000,708000000,3084000000,3792000000,0,139000000.0,0,,0.0,1065000000.0,1204000000.0,0.254,1204000000.0,1065000000.0,808000000.0,,,,3250000000,,3250000000,,,,439000000.0,1.73,1.0,2741000000.0,0.579,6831000000,257000000.0,4581000000,,300000000,12000000,0,12000000,6096000000,1691000000,4405000000,,7000000.0,-435000000.0,0.0,30000000.0,-80000000.0,-72000000.0,-502000000.0,75000000.0,581000000.0,0.0,510000000.0,510000000.0,510000000.0,0.0,0.0,0.108,1723000000.0,1018000000.0,971000000,,,,,755000000,0.0,,,,1146000000,,4735000000.0,4735000000.0,0.0,,,,0.225,16000000.0,1659000000.0,1.0,253685733,253685733,,18.665,2515000000,70000000,298000000.0,1304000000,9.914,-59000000
0,KDP,ARQ,2021-06-30,2021-07-29,2021-06-30,2021-07-29,128000000,50344000000,,2616000000,47728000000,,17.103,-101000000.0,170000000,170000000,1370000000.0,448000000.0,0.378,1.077,13188000000,1467000000,11721000000,13188000000,0,138000000.0,0,0.018,0.188,738000000.0,876000000.0,0.279,876000000.0,738000000.0,613000000.0,0.32,0.31,0.32,24242000000,,24242000000,62558819507.0,23.0,19.362,492000000.0,0.347,1.0,1770000000.0,0.564,44255000000,125000000.0,12190000000,,897000000,86000000,0,86000000,26101000000,6917000000,19184000000,49540819507.0,0.0,-2000000.0,0.0,-441000000.0,-232000000.0,-673000000.0,-101000000.0,0.0,593000000.0,2000000.0,448000000.0,448000000.0,448000000.0,0.0,0.0,0.143,1036000000.0,734000000.0,3976000000,0.588,2.044,30.134,30.129,2420000000,0.0,34.95,4.066,4.066,1075000000,2357000000.0,3140000000.0,3140000000.0,0.0,,,,,23000000.0,1039000000.0,1.0,1417476953,1417400000,1428100000.0,2.215,6089000000,41000000,165000000.0,5972000000,4.296,-4301000000
1,KDP,ARQ,2021-03-31,2021-04-29,2021-03-31,2021-07-29,164000000,50403000000,,2665000000,47738000000,,17.081,-100000000.0,349000000,349000000,1302000000.0,325000000.0,0.369,1.094,13613000000,1898000000,11715000000,13613000000,0,135000000.0,0,0.017,0.15,538000000.0,673000000.0,0.232,673000000.0,538000000.0,398000000.0,0.23,0.23,0.23,24070000000,,24070000000,64204986609.0,25.0,21.148,446000000.0,0.316,1.0,1600000000.0,0.551,44158000000,140000000.0,12284000000,,841000000,88000000,0,88000000,26332000000,7225000000,19107000000,50940986609.0,0.0,0.0,140000000.0,-141000000.0,-192000000.0,-355000000.0,-99000000.0,0.0,546000000.0,2000000.0,325000000.0,325000000.0,325000000.0,0.0,0.0,0.112,960000000.0,640000000.0,3871000000,0.652,2.116,34.097,34.229,2261000000,0.0,35.94,4.278,4.254,1065000000,2174000000.0,2902000000.0,2902000000.0,0.0,,,,,25000000.0,961000000.0,1.0,1417389722,1409200000,1425600000.0,2.059,6245000000,44000000,73000000.0,6025000000,4.432,-4560000000
2,KDP,ARQ,2020-12-31,2021-02-25,2020-12-31,2021-07-29,77000000,49779000000,,2388000000,47391000000,,16.934,-135000000.0,255000000,255000000,1353000000.0,428000000.0,0.31,1.089,13641000000,2498000000,11143000000,13641000000,0,123000000.0,0,0.019,0.15,704000000.0,827000000.0,0.265,827000000.0,704000000.0,558000000.0,0.3,0.3,0.3,23829000000,,23829000000,56814268014.0,24.0,19.921,655000000.0,0.465,1.0,1768000000.0,0.566,44152000000,146000000.0,11319000000,,762000000,88000000,0,88000000,25949000000,7694000000,18255000000,43428268014.0,37000000.0,-1000000.0,0.0,-435000000.0,-211000000.0,-624000000.0,-134000000.0,0.0,790000000.0,5000000.0,428000000.0,428000000.0,428000000.0,0.0,0.0,0.137,1068000000.0,700000000.0,3740000000,0.5,1.822,32.776,32.83,2212000000,0.0,30.86,3.738,3.738,1048000000,2061000000.0,3121000000.0,3121000000.0,0.0,,,,,23000000.0,1000000000.0,1.0,1407267272,1407200000,1423900000.0,2.218,5627000000,45000000,130000000.0,5993000000,3.999,-5306000000
3,KDP,ARQ,2020-09-30,2020-10-29,2020-09-30,2021-07-29,-217000000,49381000000,,2416000000,46965000000,,16.554,-90000000.0,218000000,218000000,1316000000.0,443000000.0,0.33,1.12,14049000000,2342000000,11707000000,14049000000,0,123000000.0,0,0.022,0.15,732000000.0,855000000.0,0.283,855000000.0,732000000.0,584000000.0,0.31,0.31,0.31,23296000000,,23296000000,52094217064.0,22.0,19.395,514000000.0,0.365,1.0,1704000000.0,0.564,43863000000,148000000.0,12020000000,,824000000,90000000,0,90000000,26084000000,7329000000,18755000000,38263217064.0,41000000.0,-4000000.0,7000000.0,-257000000.0,-212000000.0,-465000000.0,-90000000.0,0.0,604000000.0,-8000000.0,443000000.0,443000000.0,443000000.0,0.0,0.0,0.147,951000000.0,753000000.0,3517000000,0.484,1.642,29.365,29.554,2092000000,0.0,27.19,3.347,3.347,1051000000,1845000000.0,3020000000.0,3020000000.0,0.0,,,,,20000000.0,949000000.0,1.0,1407253294,1407300000,1422900000.0,2.146,5518000000,31000000,141000000.0,5945000000,3.921,-4913000000
4,KDP,ARQ,2020-06-30,2020-07-30,2020-06-30,2021-07-29,-328000000,49026000000,,2240000000,46786000000,,16.29,-124000000.0,177000000,177000000,1302000000.0,298000000.0,0.307,1.139,14287000000,2438000000,11849000000,14287000000,0,118000000.0,0,0.019,0.15,563000000.0,681000000.0,0.238,681000000.0,563000000.0,406000000.0,0.21,0.21,0.21,22923000000,,22923000000,57409427936.0,26.0,22.183,524000000.0,0.372,1.0,1562000000.0,0.545,43753000000,157000000.0,12085000000,,747000000,102000000,0,102000000,26103000000,7298000000,18805000000,43299427936.0,-46000000.0,0.0,22000000.0,-363000000.0,-211000000.0,-573000000.0,-126000000.0,0.0,648000000.0,5000000.0,298000000.0,298000000.0,298000000.0,0.0,0.0,0.104,1001000000.0,561000000.0,3377000000,0.714,1.889,37.199,37.072,2071000000,0.0,30.77,3.838,3.838,1010000000,1613000000.0,2864000000.0,2864000000.0,0.0,,,,,23000000.0,1001000000.0,1.0,1407196228,1407200000,1421500000.0,2.035,5273000000,29000000,108000000.0,5922000000,3.747,-5058000000
5,KDP,ARQ,2020-03-31,2020-04-30,2020-03-31,2021-07-29,-480000000,48843000000,,2277000000,46566000000,,16.091,35000000.0,223000000,223000000,1161000000.0,156000000.0,0.332,1.157,14646000000,2215000000,12431000000,14646000000,0,131000000.0,0,0.023,0.15,358000000.0,489000000.0,0.187,489000000.0,358000000.0,205000000.0,0.11,0.11,0.11,22640000000,,22640000000,51656226256.0,23.0,19.318,449000000.0,0.319,1.0,1452000000.0,0.556,43604000000,153000000.0,12804000000,,682000000,105000000,0,105000000,26203000000,6858000000,19345000000,37233226256.0,112000000.0,-6000000.0,0.0,-118000000.0,-212000000.0,-328000000.0,34000000.0,0.0,414000000.0,-8000000.0,156000000.0,156000000.0,156000000.0,0.0,0.0,0.06,986000000.0,466000000.0,3238000000,1.364,1.645,31.554,31.5,2017000000,0.0,26.46,3.316,3.315,1037000000,1527000000.0,2613000000.0,2613000000.0,0.0,,,,,19000000.0,1028000000.0,1.0,1407151408,1407000000,1420100000.0,1.857,5239000000,29000000,49000000.0,5917000000,3.724,-4581000000
6,KDP,ARQ,2019-12-31,2020-02-27,2019-12-31,2021-07-29,104000000,49518000000,,2273000000,47245000000,,16.529,75000000.0,101000000,101000000,1241000000.0,406000000.0,0.351,1.129,14741000000,1914000000,12827000000,14741000000,0,-46000000.0,0,0.021,0.15,707000000.0,661000000.0,0.225,661000000.0,707000000.0,550000000.0,0.29,0.28,0.29,23257000000,,23257000000,54373293479.0,23.0,19.2,746000000.0,0.53,1.0,1693000000.0,0.577,44289000000,157000000.0,13395000000,,654000000,151000000,0,151000000,26261000000,6474000000,19787000000,39733293479.0,-1000000.0,-10000000.0,0.0,-522000000.0,-211000000.0,-738000000.0,66000000.0,0.0,671000000.0,0.0,406000000.0,406000000.0,406000000.0,0.0,0.0,0.138,980000000.0,713000000.0,3176000000,0.517,1.708,31.685,31.73,2028000000,0.0,28.24,3.573,3.572,1115000000,1582000000.0,2934000000.0,2934000000.0,0.0,,,,,17000000.0,1011000000.0,1.0,1406986313,1407000000,1420000000.0,2.085,5229000000,29000000,144000000.0,6030000000,3.716,-4201000000
7,KDP,ARQ,2019-09-30,2019-11-07,2019-09-30,2021-07-29,-27000000,49400000000,,2269000000,47131000000,,16.288,-90000000.0,102000000,102000000,1245000000.0,304000000.0,0.346,1.156,15246000000,2099000000,13147000000,15246000000,0,186000000.0,0,0.02,0.15,571000000.0,757000000.0,0.264,757000000.0,571000000.0,413000000.0,0.22,0.21,0.22,22914000000,,22914000000,57108466114.0,26.0,19.85,510000000.0,0.363,1.0,1625000000.0,0.566,44143000000,158000000.0,13851000000,,751000000,164000000,0,164000000,26486000000,6550000000,19936000000,41964466114.0,-48000000.0,-13000000.0,0.0,-336000000.0,-210000000.0,-546000000.0,-102000000.0,0.0,600000000.0,0.0,304000000.0,304000000.0,304000000.0,0.0,0.0,0.106,1045000000.0,580000000.0,2976000000,0.682,1.831,37.67,36.827,2236000000,0.0,29.83,3.815,3.815,1090000000,1388000000.0,2870000000.0,2870000000.0,0.0,,,,,13000000.0,1012000000.0,1.0,1406787332,1406800000,1419400000.0,2.04,5257000000,27000000,109000000.0,6022000000,3.737,-4281000000
8,KDP,ARQ,2019-06-30,2019-08-08,2019-06-30,2021-07-29,51000000,49547000000,,2221000000,47326000000,,16.267,-41000000.0,150000000,150000000,1186000000.0,314000000.0,0.332,1.165,15565000000,2401000000,13164000000,15565000000,0,181000000.0,0,0.021,0.15,586000000.0,767000000.0,0.273,767000000.0,586000000.0,416000000.0,0.22,0.22,0.22,22883000000,,22883000000,56252530636.0,28.0,21.14,571000000.0,0.406,1.0,1626000000.0,0.578,44267000000,170000000.0,14000000000,,686000000,170000000,0,170000000,26664000000,6695000000,19969000000,40837530636.0,21000000.0,-26000000.0,-8000000.0,-312000000.0,-212000000.0,-524000000.0,-69000000.0,0.0,612000000.0,2000000.0,314000000.0,314000000.0,314000000.0,0.0,0.0,0.112,1039000000.0,587000000.0,2909000000,0.682,1.785,42.628,41.471,2290000000,0.0,29.03,3.76,3.76,1068000000,1294000000.0,2812000000.0,2812000000.0,0.0,,,,,20000000.0,1028000000.0,1.0,1406735468,1406700000,1419200000.0,1.999,5280000000,27000000,102000000.0,6034000000,3.753,-4474000000
9,KDP,ARQ,2019-03-31,2019-05-09,2019-03-31,2021-07-29,-37000000,49291000000,,2162000000,47129000000,,16.123,-62000000.0,129000000,129000000,1106000000.0,230000000.0,0.325,1.174,15859000000,2613000000,13246000000,15859000000,0,163000000.0,0,3.685,0.15,484000000.0,647000000.0,0.258,647000000.0,484000000.0,315000000.0,0.16,0.16,0.16,22674000000,,22674000000,55511172697.0,32.0,23.979,529000000.0,0.376,1.0,1398000000.0,0.558,44065000000,169000000.0,14300000000,,663000000,172000000,0,172000000,26617000000,6656000000,19961000000,39781172697.0,0.0,-7000000.0,8000000.0,-355000000.0,-211000000.0,-556000000.0,-45000000.0,0.0,591000000.0,10000000.0,230000000.0,230000000.0,230000000.0,0.0,0.0,0.092,900000000.0,498000000.0,2558000000,0.938,1.754,45.257,15.888,2282000000,0.0,28.28,4.004,4.003,1016000000,1192000000.0,2504000000.0,2504000000.0,0.0,,,,,14000000.0,911000000.0,1.0,1406689275,1406300000,1417700000.0,1.781,5226000000,26000000,85000000.0,5940000000,3.716,-4494000000
10,KDP,ARQ,2018-12-31,2019-02-28,2018-12-31,2021-07-29,-130000000,48918000000,,2159000000,46759000000,,20.743,-76000000.0,129000000,129000000,1255000000.0,266000000.0,0.379,1.171,16516000000,2010000000,14506000000,16516000000,0,168000000.0,0,4.16,0.15,538000000.0,706000000.0,0.251,706000000.0,538000000.0,358000000.0,0.21,0.21,0.21,22533000000,,22533000000,51749950253.0,42.0,30.405,474000000.0,0.436,1.0,1558000000.0,0.554,43978000000,180000000.0,15625000000,,626000000,186000000,0,186000000,26385000000,5702000000,20683000000,35362950253.0,17000000.0,23000000.0,0.0,-293000000.0,-209000000.0,-507000000.0,-61000000.0,-16000000.0,550000000.0,35000000.0,266000000.0,266000000.0,266000000.0,0.0,0.0,0.095,1011000000.0,547000000.0,2300000000,0.714,1.569,60.346,46.574,2310000000,0.0,25.15,4.752,3.671,1150000000,1178000000.0,2813000000.0,2813000000.0,0.0,,,,,35000000.0,999000000.0,1.0,1406081521,1086300000,1097600000.0,2.59,4940000000,26000000,92000000.0,5923000000,4.548,-3543000000
11,KDP,ARQ,2018-09-30,2018-11-08,2018-09-30,2021-07-29,137000000,49058000000,,2385000000,46673000000,,16.37,-26000000.0,112000000,112000000,1371000000.0,148000000.0,0.4,1.201,16802000000,2222000000,14580000000,16802000000,0,175000000.0,0,3.69,0.15,366000000.0,541000000.0,0.198,541000000.0,366000000.0,194000000.0,0.11,0.11,0.11,22293000000,,22293000000,56238007195.0,42.0,33.159,619000000.0,0.455,1.0,1361000000.0,0.498,43727000000,172000000.0,16054000000,,720000000,193000000,0,193000000,26765000000,5967000000,20798000000,39548007195.0,84000000.0,-18852000000.0,8996000000.0,9208000000.0,186000000.0,18380000000.0,-18891000000.0,-23000000.0,645000000.0,-50000000.0,148000000.0,148000000.0,148000000.0,0.0,0.0,0.054,1017000000.0,344000000.0,2229000000,1.364,1.774,37.665,5.593,2345000000,0.0,28.47,5.035,4.936,1196000000,1122000000.0,2732000000.0,2732000000.0,0.0,,,,,-21000000.0,1025000000.0,1.0,1389111598,1361800000,1373600000.0,2.006,5331000000,93000000,46000000.0,5985000000,3.915,-3582000000
12,KDP,ARQ,2018-06-30,2018-08-08,2018-06-30,2021-07-29,-200000000,10246000000,,1416000000,8830000000,,15.105,-38000000.0,89000000,89000000,790000000.0,235000000.0,0.928,2.764,4390000000,264000000,4126000000,4390000000,1085000000,60000000.0,0,4.457,103.75,361000000.0,421000000.0,0.223,421000000.0,361000000.0,318000000.0,1.3,1.3,1.3,2722000000,,2722000000,37172321069.0,28.0,23.692,277000000.0,1.537,1.0,1096000000.0,0.581,7339000000,43000000.0,5682000000,,265000000,34000000,0,34000000,7524000000,1526000000,5998000000,32871321069.0,-20000000.0,-71000000.0,5000000.0,-123000000.0,-105000000.0,-223000000.0,-111000000.0,0.0,315000000.0,-1000000.0,235000000.0,235000000.0,235000000.0,0.0,0.0,0.125,734000000.0,362000000.0,484000000,79.808,12.076,29.748,3.88,1183000000,0.0,23.67,4.79,0.621,814000000,2920000000.0,1886000000.0,1886000000.0,0.0,,,,,11000000.0,721000000.0,1.0,1388733463,180200000,181100000.0,10.466,2907000000,60000000,83000000.0,684000000,16.132,-110000000
13,KDP,ARQ,2018-03-31,2018-04-25,2018-03-31,2021-07-29,-183000000,10179000000,,1246000000,8933000000,,13.819,-40000000.0,29000000,29000000,681000000.0,159000000.0,0.767,3.095,4518000000,383000000,4135000000,4518000000,1102000000,59000000.0,0,0.019,0.58,254000000.0,313000000.0,0.196,313000000.0,254000000.0,213000000.0,0.88,0.88,0.88,2486000000,,2486000000,26059690270.0,20.0,17.044,63000000.0,0.35,1.0,913000000.0,0.573,7348000000,41000000.0,5696000000,,243000000,36000000,0,36000000,7693000000,1624000000,6069000000,21570690270.0,-37000000.0,-21000000.0,2000000.0,50000000.0,-104000000.0,-73000000.0,-68000000.0,0.0,103000000.0,1000000.0,159000000.0,159000000.0,159000000.0,0.0,0.0,0.1,654000000.0,259000000.0,377000000,0.659,8.677,20.388,20.565,1198000000,0.0,119.69,3.184,3.179,700000000,2667000000.0,1594000000.0,1594000000.0,0.0,,,,,10000000.0,626000000.0,1.0,180221324,179900000,180800000.0,8.86,2831000000,65000000,54000000.0,662000000,15.737,-378000000
14,KDP,ARQ,2017-12-31,2018-02-14,2017-12-31,2021-07-29,-202000000,10022000000,,1117000000,8905000000,,13.624,-117000000.0,79000000,79000000,663000000.0,508000000.0,0.902,3.089,4479000000,79000000,4400000000,4479000000,1119000000,57000000.0,0,0.02,0.58,364000000.0,421000000.0,0.256,421000000.0,364000000.0,324000000.0,2.8,2.8,2.8,2451000000,,2451000000,25054392003.0,19.0,16.019,189000000.0,1.051,1.0,980000000.0,0.596,7342000000,40000000.0,5842000000,,229000000,24000000,0,24000000,7571000000,1238000000,6333000000,20654392003.0,-7000000.0,-2000000.0,-79000000.0,-8000000.0,-105000000.0,-190000000.0,-120000000.0,0.0,306000000.0,-3000000.0,508000000.0,508000000.0,508000000.0,0.0,0.0,0.309,617000000.0,363000000.0,365000000,0.207,8.427,19.196,19.443,1198000000,0.0,114.91,3.087,3.126,668000000,2651000000.0,1643000000.0,1643000000.0,0.0,,,,,10000000.0,612000000.0,1.0,179744078,179900000,180700000.0,9.133,2680000000,62000000,-184000000.0,625000000,14.897,-121000000
15,KDP,ARQ,2017-09-30,2017-10-25,2017-09-30,2021-07-29,-184000000,10039000000,,1266000000,8773000000,,11.736,-42000000.0,155000000,155000000,707000000.0,203000000.0,0.932,3.715,4481000000,82000000,4399000000,4481000000,1135000000,57000000.0,0,0.027,0.58,357000000.0,414000000.0,0.238,414000000.0,357000000.0,317000000.0,1.12,1.11,1.12,2129000000,,2129000000,19760488988.0,15.0,13.13,280000000.0,1.544,1.0,1033000000.0,0.594,7345000000,40000000.0,5661000000,,261000000,24000000,0,24000000,7910000000,1359000000,6551000000,15434488988.0,-222000000.0,-5000000.0,-142000000.0,-247000000.0,-105000000.0,-497000000.0,-48000000.0,0.0,322000000.0,1000000.0,203000000.0,203000000.0,203000000.0,0.0,0.0,0.117,666000000.0,367000000.0,387000000,0.518,7.25,21.057,21.266,1129000000,0.0,85.49,2.33,2.341,659000000,2311000000.0,1740000000.0,1740000000.0,0.0,,,,,10000000.0,640000000.0,1.0,180541455,181400000,182100000.0,9.592,2694000000,60000000,114000000.0,887000000,14.851,-93000000
16,KDP,ARQ,2017-06-30,2017-07-27,2017-06-30,2021-07-29,-193000000,10319000000,,1555000000,8764000000,,11.763,-25000000.0,375000000,375000000,718000000.0,188000000.0,0.984,3.788,4703000000,312000000,4391000000,4703000000,1150000000,55000000.0,0,0.024,0.58,326000000.0,381000000.0,0.212,381000000.0,326000000.0,282000000.0,1.02,1.02,1.02,2155000000,,2155000000,21052125337.0,16.0,13.841,288000000.0,1.572,1.0,1079000000.0,0.6,7352000000,44000000.0,5715000000,,267000000,23000000,0,23000000,8164000000,1580000000,6584000000,16724125337.0,211000000.0,-2000000.0,-147000000.0,166000000.0,-107000000.0,-78000000.0,-26000000.0,0.0,313000000.0,2000000.0,188000000.0,188000000.0,188000000.0,0.0,0.0,0.105,706000000.0,373000000.0,367000000,0.569,7.761,21.72,21.912,1120000000,0.0,92.03,2.547,2.568,698000000,2346000000.0,1797000000.0,1797000000.0,0.0,,,,,10000000.0,683000000.0,1.0,181724713,183200000,183700000.0,9.809,2967000000,61000000,94000000.0,900000000,16.195,-25000000
17,KDP,ARQ,2017-03-31,2017-04-26,2017-03-31,2021-07-29,-206000000,10008000000,,1247000000,8761000000,,11.957,-15000000.0,160000000,160000000,607000000.0,177000000.0,1.087,3.564,4477000000,10000000,4467000000,4477000000,1165000000,60000000.0,0,0.023,0.58,288000000.0,348000000.0,0.23,348000000.0,288000000.0,248000000.0,0.97,0.96,0.97,2193000000,,2193000000,21408074720.0,15.0,13.134,82000000.0,0.447,1.0,903000000.0,0.598,7344000000,40000000.0,5834000000,,246000000,23000000,0,23000000,7815000000,1147000000,6668000000,17091074720.0,-1611000000.0,-1546000000.0,-11000000.0,-3000000.0,-97000000.0,-142000000.0,-1569000000.0,0.0,97000000.0,3000000.0,177000000.0,177000000.0,177000000.0,0.0,0.0,0.117,618000000.0,285000000.0,353000000,0.598,7.793,20.298,20.301,1125000000,0.0,92.98,2.644,2.638,606000000,2336000000.0,1510000000.0,1510000000.0,0.0,,,,,6000000.0,621000000.0,1.0,183814527,183400000,184600000.0,8.233,2664000000,63000000,71000000.0,866000000,14.526,100000000
18,KDP,ARQ,2016-12-31,2017-02-14,2016-12-31,2021-07-29,-229000000,9791000000,,2736000000,7055000000,,11.642,-68000000.0,1787000000,1787000000,627000000.0,165000000.0,2.603,3.588,4478000000,10000000,4468000000,4478000000,1181000000,58000000.0,0,0.023,0.53,304000000.0,362000000.0,0.229,362000000.0,304000000.0,256000000.0,0.91,0.9,0.91,2134000000,,2134000000,19731581568.0,14.0,11.944,188000000.0,1.026,1.0,951000000.0,0.603,5649000000,48000000.0,5782000000,,202000000,23000000,0,23000000,7657000000,1051000000,6606000000,17040581568.0,1167000000.0,0.0,-59000000.0,1156000000.0,-98000000.0,984000000.0,-70000000.0,0.0,256000000.0,-3000000.0,165000000.0,165000000.0,165000000.0,0.0,0.0,0.105,616000000.0,335000000.0,303000000,0.582,7.985,20.119,20.365,1138000000,0.0,93.07,2.646,2.679,595000000,2266000000.0,1578000000.0,1578000000.0,0.0,,,,,12000000.0,590000000.0,1.0,183094247,183300000,185100000.0,8.609,4142000000,62000000,91000000.0,816000000,22.597,1685000000
19,KDP,ARQ,2016-09-30,2016-10-27,2016-09-30,2021-07-29,-213000000,8673000000,,1602000000,7071000000,,11.521,-41000000.0,620000000,620000000,683000000.0,240000000.0,1.08,3.074,3324000000,368000000,2956000000,3324000000,1198000000,55000000.0,0,0.024,0.53,375000000.0,430000000.0,0.256,430000000.0,375000000.0,342000000.0,1.3,1.29,1.3,2129000000,,2129000000,18703751978.0,13.0,11.173,235000000.0,1.272,1.0,997000000.0,0.593,5651000000,33000000.0,4243000000,,226000000,24000000,0,24000000,6544000000,1483000000,5061000000,15999751978.0,375000000.0,2000000.0,-155000000.0,398000000.0,-98000000.0,141000000.0,-40000000.0,0.0,276000000.0,-2000000.0,240000000.0,240000000.0,240000000.0,0.0,0.0,0.143,624000000.0,373000000.0,311000000,0.408,7.515,18.454,18.729,1124000000,0.0,87.09,2.497,2.512,581000000,2246000000.0,1680000000.0,1680000000.0,0.0,,,,,11000000.0,603000000.0,1.0,183715145,184800000,185700000.0,9.091,3022000000,62000000,102000000.0,833000000,16.353,119000000
20,KDP,ARQ,2016-06-30,2016-07-27,2016-06-30,2021-07-29,-202000000,8406000000,,1325000000,7081000000,,11.535,-39000000.0,245000000,245000000,670000000.0,260000000.0,1.132,2.924,2930000000,9000000,2921000000,2930000000,1214000000,55000000.0,0,0.021,0.53,435000000.0,490000000.0,0.289,490000000.0,435000000.0,402000000.0,1.4,1.39,1.4,2142000000,,2142000000,20520920596.0,15.0,12.543,191000000.0,1.029,1.0,1025000000.0,0.605,5644000000,33000000.0,4277000000,,236000000,35000000,0,35000000,6264000000,1170000000,5094000000,17835920596.0,-30000000.0,0.0,-119000000.0,-2000000.0,-100000000.0,-220000000.0,-39000000.0,-1000000.0,230000000.0,-1000000.0,260000000.0,260000000.0,260000000.0,0.0,0.0,0.153,613000000.0,412000000.0,359000000,0.379,8.327,21.515,21.814,1129000000,0.0,96.2,2.805,2.81,642000000,2248000000.0,1695000000.0,1695000000.0,0.0,,,,,11000000.0,590000000.0,1.0,185404580,185700000,186500000.0,9.128,2762000000,64000000,142000000.0,861000000,14.873,155000000
21,KDP,ARQ,2016-03-31,2016-04-27,2016-03-31,2021-07-29,-187000000,8364000000,,1283000000,7081000000,,11.205,-26000000.0,275000000,275000000,602000000.0,182000000.0,1.091,2.979,2915000000,8000000,2907000000,2915000000,1230000000,56000000.0,0,0.022,0.53,314000000.0,370000000.0,0.249,370000000.0,314000000.0,281000000.0,0.97,0.96,0.97,2102000000,,2102000000,19433690006.0,14.0,12.37,151000000.0,0.805,1.0,885000000.0,0.595,5650000000,33000000.0,4178000000,,235000000,36000000,0,36000000,6262000000,1176000000,5086000000,16793690006.0,-636000000.0,-6000000.0,-172000000.0,-502000000.0,-90000000.0,-775000000.0,-40000000.0,0.0,177000000.0,2000000.0,182000000.0,182000000.0,182000000.0,0.0,0.0,0.122,572000000.0,313000000.0,357000000,0.546,7.989,21.285,21.726,1136000000,0.0,90.38,2.658,2.684,576000000,2194000000.0,1487000000.0,1487000000.0,0.0,,,,,11000000.0,546000000.0,1.0,185812016,187600000,189000000.0,7.926,2714000000,66000000,99000000.0,856000000,14.467,107000000
22,KDP,ARQ,2015-12-31,2016-02-23,2015-12-31,2021-07-29,-195000000,8869000000,,1817000000,7052000000,,11.562,-100000000.0,911000000,911000000,610000000.0,185000000.0,1.148,3.063,3382000000,507000000,2875000000,3382000000,1245000000,59000000.0,0,0.021,0.48,325000000.0,384000000.0,0.248,384000000.0,325000000.0,291000000.0,0.98,0.97,0.98,2183000000,,2183000000,19724060395.0,15.0,12.908,168000000.0,0.89,1.0,936000000.0,0.605,5651000000,34000000.0,4106000000,,209000000,31000000,0,31000000,6686000000,1583000000,5103000000,17253060395.0,704000000.0,0.0,-115000000.0,745000000.0,-91000000.0,534000000.0,-99000000.0,0.0,268000000.0,1000000.0,185000000.0,185000000.0,185000000.0,0.0,0.0,0.12,614000000.0,322000000.0,277000000,0.49,7.903,22.583,23.023,1156000000,0.0,92.09,2.746,2.798,570000000,2165000000.0,1546000000.0,1546000000.0,0.0,,,,,11000000.0,583000000.0,1.0,187349988,188800000,191200000.0,8.189,3218000000,64000000,106000000.0,814000000,17.044,234000000
23,KDP,ARQ,2015-09-30,2015-10-22,2015-09-30,2021-07-29,-190000000,8225000000,,1222000000,7003000000,,11.539,-28000000.0,207000000,207000000,673000000.0,202000000.0,0.769,2.744,2635000000,505000000,2130000000,2635000000,1262000000,56000000.0,0,0.021,0.48,336000000.0,392000000.0,0.24,392000000.0,336000000.0,308000000.0,1.06,1.05,1.06,2197000000,,2197000000,19352730458.0,16.0,13.219,346000000.0,1.817,1.0,957000000.0,0.587,5661000000,28000000.0,3403000000,,201000000,31000000,0,31000000,6028000000,1589000000,4439000000,16924730458.0,80000000.0,-20000000.0,-147000000.0,0.0,-92000000.0,-239000000.0,-48000000.0,0.0,374000000.0,-7000000.0,202000000.0,202000000.0,202000000.0,0.0,0.0,0.124,620000000.0,337000000.0,310000000,0.453,7.704,23.216,23.517,1077000000,0.0,89.6,2.71,2.732,571000000,2072000000.0,1630000000.0,1630000000.0,0.0,,,,,12000000.0,592000000.0,1.0,188892081,190400000,191500000.0,8.561,2564000000,135000000,106000000.0,871000000,13.466,-367000000
24,KDP,ARQ,2015-06-30,2015-07-23,2015-06-30,2021-07-29,-149000000,8267000000,,1259000000,7008000000,,11.818,-12000000.0,127000000,127000000,674000000.0,220000000.0,0.806,2.655,2602000000,505000000,2097000000,2602000000,1280000000,56000000.0,0,0.023,0.48,369000000.0,425000000.0,0.257,425000000.0,369000000.0,341000000.0,1.15,1.14,1.15,2262000000,,2262000000,17222856687.0,14.0,11.952,236000000.0,1.233,1.0,981000000.0,0.593,5668000000,28000000.0,3511000000,,217000000,13000000,0,13000000,6005000000,1563000000,4442000000,14747856687.0,34000000.0,0.0,-113000000.0,0.0,-93000000.0,-207000000.0,-7000000.0,0.0,248000000.0,0.0,220000000.0,220000000.0,220000000.0,0.0,0.0,0.133,612000000.0,369000000.0,305000000,0.417,6.52,20.626,20.769,1095000000,0.0,77.26,2.379,2.386,630000000,1962000000.0,1655000000.0,1655000000.0,0.0,,,,,12000000.0,586000000.0,1.0,190886056,191400000,192400000.0,8.647,2599000000,130000000,121000000.0,889000000,13.579,-304000000
25,KDP,ARQ,2015-03-31,2015-04-23,2015-03-31,2021-07-29,-162000000,8252000000,,1194000000,7058000000,,11.508,-19000000.0,93000000,93000000,602000000.0,157000000.0,0.768,2.715,2617000000,504000000,2113000000,2617000000,1296000000,56000000.0,0,0.022,0.48,271000000.0,327000000.0,0.225,327000000.0,271000000.0,244000000.0,0.82,0.81,0.82,2221000000,,2221000000,17661138686.0,15.0,12.411,82000000.0,0.425,1.0,849000000.0,0.585,5670000000,27000000.0,3551000000,,228000000,13000000,0,13000000,6031000000,1555000000,4476000000,15137138686.0,-144000000.0,0.0,-116000000.0,0.0,-79000000.0,-202000000.0,-40000000.0,-15000000.0,101000000.0,-3000000.0,157000000.0,157000000.0,157000000.0,0.0,0.0,0.108,579000000.0,270000000.0,350000000,0.585,6.815,21.471,21.69,1115000000,0.0,78.95,2.452,2.468,572000000,1835000000.0,1451000000.0,1451000000.0,0.0,,,,,9000000.0,552000000.0,1.0,191730699,193000000,194600000.0,7.518,2582000000,140000000,87000000.0,878000000,13.378,-361000000
26,KDP,ARQ,2014-12-31,2015-02-19,2014-12-31,2021-07-29,-137000000,8273000000,,1211000000,7062000000,,11.825,-66000000.0,237000000,237000000,614000000.0,150000000.0,1.167,2.606,2591000000,3000000,2588000000,2591000000,1314000000,61000000.0,0,0.021,0.41,259000000.0,320000000.0,0.212,320000000.0,259000000.0,230000000.0,0.78,0.77,0.78,2294000000,,2294000000,17447546149.0,15.0,12.304,187000000.0,0.964,1.0,895000000.0,0.593,5674000000,29000000.0,3915000000,,204000000,14000000,0,14000000,5979000000,1038000000,4941000000,15093546149.0,-29000000.0,-19000000.0,-115000000.0,0.0,-80000000.0,-194000000.0,-85000000.0,0.0,253000000.0,-3000000.0,150000000.0,150000000.0,150000000.0,0.0,0.0,0.099,639000000.0,256000000.0,289000000,0.526,6.58,21.47,21.788,1141000000,0.0,78.22,2.466,2.502,556000000,1771000000.0,1509000000.0,1509000000.0,0.0,,,,,13000000.0,607000000.0,1.0,192962748,194000000,196200000.0,7.778,2599000000,141000000,80000000.0,811000000,13.397,173000000
27,KDP,ARQ,2014-09-30,2014-10-23,2014-09-30,2021-07-29,-99000000,8261000000,,1241000000,7020000000,,12.13,-32000000.0,266000000,266000000,658000000.0,188000000.0,1.212,2.496,2541000000,2000000,2539000000,2541000000,1332000000,57000000.0,0,0.024,0.41,312000000.0,369000000.0,0.233,369000000.0,312000000.0,285000000.0,0.97,0.96,0.97,2363000000,,2363000000,15290714619.0,13.0,10.738,299000000.0,1.535,1.0,925000000.0,0.584,5675000000,27000000.0,3837000000,,191000000,15000000,0,15000000,5898000000,1024000000,4874000000,13015714619.0,131000000.0,0.0,-66000000.0,-70000000.0,-80000000.0,-165000000.0,-32000000.0,0.0,331000000.0,-3000000.0,188000000.0,188000000.0,188000000.0,0.0,0.0,0.119,609000000.0,316000000.0,319000000,0.423,5.508,18.358,18.546,1108000000,0.0,66.95,2.143,2.147,546000000,1702000000.0,1583000000.0,1583000000.0,0.0,,,,,13000000.0,581000000.0,1.0,194409479,194800000,196200000.0,8.126,2586000000,134000000,97000000.0,809000000,13.275,217000000
28,KDP,ARQ,2014-06-30,2014-07-24,2014-06-30,2021-07-29,-85000000,8226000000,,1189000000,7037000000,,11.541,-27000000.0,135000000,135000000,665000000.0,210000000.0,1.119,2.625,2609000000,72000000,2537000000,2609000000,1351000000,57000000.0,0,0.026,0.41,350000000.0,407000000.0,0.25,407000000.0,350000000.0,323000000.0,1.07,1.06,1.07,2269000000,,2269000000,14372781102.0,19.0,14.577,282000000.0,1.434,1.0,966000000.0,0.592,5681000000,27000000.0,3956000000,,213000000,15000000,0,15000000,5957000000,1063000000,4894000000,11898781102.0,15000000.0,0.0,-142000000.0,-80000000.0,-82000000.0,-265000000.0,-30000000.0,0.0,309000000.0,1000000.0,210000000.0,210000000.0,210000000.0,0.0,0.0,0.129,618000000.0,348000000.0,313000000,0.383,5.244,16.344,16.661,1122000000,0.0,60.98,1.972,1.987,589000000,1594000000.0,1631000000.0,1631000000.0,0.0,,,,,11000000.0,592000000.0,1.0,195125961,196600000,197800000.0,8.296,2545000000,147000000,113000000.0,830000000,12.945,126000000
29,KDP,ARQ,2014-03-31,2014-04-23,2014-03-31,2021-07-29,-91000000,8227000000,,1173000000,7054000000,,11.248,-37000000.0,120000000,120000000,554000000.0,155000000.0,1.062,2.696,2675000000,152000000,2523000000,2675000000,1366000000,60000000.0,0,0.028,0.41,262000000.0,322000000.0,0.23,322000000.0,262000000.0,236000000.0,0.78,0.78,0.78,2226000000,,2226000000,13253624245.0,18.0,13.734,92000000.0,0.465,1.0,844000000.0,0.604,5680000000,26000000.0,3997000000,,226000000,15000000,0,15000000,6001000000,1105000000,4896000000,10698624245.0,-33000000.0,0.0,-36000000.0,85000000.0,-75000000.0,-123000000.0,-38000000.0,0.0,129000000.0,-1000000.0,155000000.0,155000000.0,155000000.0,0.0,0.0,0.111,584000000.0,260000000.0,295000000,0.526,4.806,15.897,16.263,1149000000,0.0,54.48,1.779,1.792,557000000,1466000000.0,1398000000.0,1398000000.0,0.0,,,,,11000000.0,554000000.0,1.0,196377097,197900000,199500000.0,7.064,2547000000,144000000,81000000.0,834000000,12.87,68000000
30,KDP,ARQ,2013-12-31,2014-02-20,2013-12-31,2021-07-29,-88000000,8201000000,,1119000000,7082000000,,11.408,-68000000.0,153000000,153000000,583000000.0,156000000.0,1.086,2.602,2574000000,66000000,2508000000,2574000000,1383000000,60000000.0,0,0.03,0.38,266000000.0,326000000.0,0.223,326000000.0,266000000.0,237000000.0,0.79,0.77,0.79,2277000000,,2277000000,12574699059.0,19.0,13.972,182000000.0,0.912,1.0,880000000.0,0.602,5682000000,29000000.0,3910000000,,200000000,15000000,0,15000000,5924000000,1030000000,4894000000,10153699059.0,34000000.0,0.0,-155000000.0,65000000.0,-77000000.0,-148000000.0,-67000000.0,0.0,250000000.0,-1000000.0,156000000.0,156000000.0,156000000.0,0.0,0.0,0.107,616000000.0,264000000.0,271000000,0.481,4.459,16.272,16.711,1173000000,0.0,51.47,1.693,1.741,564000000,1393000000.0,1463000000.0,1463000000.0,0.0,,,,,9000000.0,527000000.0,1.0,197274122,199600000,201500000.0,7.33,2519000000,151000000,81000000.0,788000000,12.62,89000000
31,KDP,ARQ,2013-09-30,2013-10-24,2013-09-30,2021-07-29,-103000000,8129000000,,1059000000,7070000000,,11.353,-50000000.0,119000000,119000000,650000000.0,207000000.0,1.108,2.522,2522000000,1000000,2521000000,2522000000,1401000000,59000000.0,0,0.032,0.38,-128000000.0,-69000000.0,-0.045,-69000000.0,-128000000.0,-157000000.0,1.02,1.01,1.02,2308000000,,2308000000,11730892791.0,17.0,12.668,290000000.0,1.426,1.0,893000000.0,0.579,5684000000,29000000.0,3892000000,,196000000,14000000,0,14000000,5821000000,956000000,4865000000,9327892791.0,6000000.0,0.0,-116000000.0,-68000000.0,-77000000.0,-281000000.0,-53000000.0,0.0,340000000.0,0.0,207000000.0,207000000.0,207000000.0,0.0,0.0,0.134,593000000.0,300000000.0,271000000,0.373,4.042,14.621,14.901,1155000000,0.0,46.49,1.55,1.571,531000000,1313000000.0,1543000000.0,1543000000.0,0.0,,,,,9000000.0,563000000.0,1.0,200642994,203300000,204700000.0,7.59,2445000000,148000000,-364000000.0,764000000,12.027,103000000
32,KDP,ARQ,2013-06-30,2013-07-24,2013-06-30,2021-07-29,-104000000,8709000000,,1213000000,7496000000,,11.289,-31000000.0,113000000,113000000,676000000.0,155000000.0,1.14,2.78,2590000000,69000000,2521000000,2590000000,1416000000,58000000.0,0,0.031,0.38,328000000.0,386000000.0,0.24,386000000.0,328000000.0,297000000.0,0.76,0.76,0.76,2304000000,,2304000000,11906247202.0,10.0,8.729,185000000.0,0.906,1.0,935000000.0,0.58,5686000000,31000000.0,4436000000,,222000000,14000000,0,14000000,6405000000,1064000000,5341000000,9429247202.0,-95000000.0,0.0,-16000000.0,-182000000.0,-78000000.0,-276000000.0,-31000000.0,0.0,216000000.0,-4000000.0,155000000.0,155000000.0,155000000.0,0.0,0.0,0.096,650000000.0,285000000.0,299000000,0.5,4.093,15.458,15.702,1169000000,0.0,46.32,1.571,1.575,625000000,1184000000.0,1611000000.0,1611000000.0,0.0,,,,,10000000.0,619000000.0,1.0,203567513,204100000,205500000.0,7.893,3023000000,153000000,142000000.0,730000000,14.811,149000000
33,KDP,ARQ,2013-03-31,2013-04-24,2013-03-31,2021-07-29,-97000000,8872000000,,1280000000,7592000000,,10.943,-29000000.0,208000000,208000000,590000000.0,106000000.0,1.056,2.962,2797000000,250000000,2547000000,2797000000,1434000000,57000000.0,0,0.029,0.38,200000000.0,257000000.0,0.186,257000000.0,200000000.0,166000000.0,0.52,0.51,0.52,2239000000,,2239000000,12422362501.0,11.0,9.236,31000000.0,0.152,1.0,790000000.0,0.572,5693000000,34000000.0,4556000000,,216000000,15000000,0,15000000,6633000000,1212000000,5421000000,9833362501.0,-158000000.0,-10000000.0,-98000000.0,0.0,-70000000.0,-175000000.0,-44000000.0,0.0,60000000.0,1000000.0,106000000.0,106000000.0,106000000.0,0.0,0.0,0.077,593000000.0,197000000.0,317000000,0.731,4.392,15.535,15.904,1186000000,0.0,48.19,1.635,1.64,583000000,1107000000.0,1380000000.0,1380000000.0,0.0,,,,,9000000.0,563000000.0,1.0,204054005,204600000,206300000.0,6.745,3179000000,193000000,60000000.0,688000000,15.538,68000000
34,KDP,ARQ,2012-12-31,2013-02-21,2012-12-31,2021-07-29,-110000000,8928000000,,1335000000,7593000000,,10.983,-49000000.0,366000000,366000000,605000000.0,170000000.0,1.084,2.916,2804000000,250000000,2554000000,2804000000,1451000000,58000000.0,0,0.032,0.34,294000000.0,352000000.0,0.237,352000000.0,294000000.0,263000000.0,0.82,0.81,0.82,2280000000,,2280000000,11106632503.0,10.0,8.27,145000000.0,0.698,1.0,879000000.0,0.592,5667000000,31000000.0,4467000000,,197000000,14000000,0,14000000,6648000000,1232000000,5416000000,8668632503.0,-17000000.0,0.0,-137000000.0,50000000.0,-71000000.0,-161000000.0,-49000000.0,0.0,194000000.0,-1000000.0,170000000.0,170000000.0,170000000.0,0.0,0.0,0.115,587000000.0,292000000.0,283000000,0.415,3.802,13.782,14.237,1202000000,0.0,42.57,1.446,1.495,552000000,1080000000.0,1484000000.0,1484000000.0,0.0,,,,,9000000.0,555000000.0,1.0,203632429,207600000,209300000.0,7.148,3261000000,196000000,93000000.0,675000000,15.708,103000000
35,KDP,ARQ,2012-09-30,2012-10-24,2012-09-30,2021-07-29,-98000000,8989000000,,1396000000,7593000000,,11.017,-53000000.0,383000000,383000000,626000000.0,179000000.0,0.804,2.878,2766000000,701000000,2065000000,2766000000,1467000000,57000000.0,0,0.031,0.34,312000000.0,369000000.0,0.241,369000000.0,312000000.0,281000000.0,0.85,0.84,0.85,2318000000,,2318000000,11250652064.0,10.0,8.453,252000000.0,1.198,1.0,902000000.0,0.59,5668000000,31000000.0,3968000000,,207000000,14000000,0,14000000,6671000000,1736000000,4935000000,8867652064.0,80000000.0,0.0,-101000000.0,0.0,-72000000.0,-174000000.0,-53000000.0,0.0,305000000.0,2000000.0,179000000.0,179000000.0,179000000.0,0.0,0.0,0.117,594000000.0,308000000.0,297000000,0.4,3.826,14.188,14.493,1194000000,0.0,42.61,1.485,1.501,546000000,981000000.0,1528000000.0,1528000000.0,0.0,,,,,9000000.0,561000000.0,1.0,208111994,210400000,212000000.0,7.262,3321000000,228000000,102000000.0,683000000,15.784,-340000000
36,KDP,ARQ,2012-06-30,2012-07-26,2012-06-30,2021-07-29,-105000000,8907000000,,1391000000,7516000000,,10.831,-37000000.0,303000000,303000000,685000000.0,178000000.0,0.802,2.881,2721000000,701000000,2020000000,2721000000,1482000000,65000000.0,0,0.03,0.34,302000000.0,367000000.0,0.226,367000000.0,302000000.0,271000000.0,0.84,0.83,0.84,2295000000,,2295000000,11821380137.0,11.0,9.207,247000000.0,1.166,1.0,936000000.0,0.577,5665000000,31000000.0,3926000000,,217000000,13000000,0,13000000,6612000000,1734000000,4878000000,9403380137.0,111000000.0,0.0,-61000000.0,0.0,-73000000.0,-134000000.0,-38000000.0,0.0,284000000.0,-1000000.0,178000000.0,178000000.0,178000000.0,0.0,0.0,0.11,636000000.0,300000000.0,337000000,0.405,4.097,15.672,15.95,1141000000,0.0,44.66,1.574,1.584,615000000,874000000.0,1621000000.0,1621000000.0,0.0,,,,,9000000.0,599000000.0,1.0,210554862,211900000,213300000.0,7.65,3242000000,225000000,93000000.0,677000000,15.3,-343000000
37,KDP,ARQ,2012-03-31,2012-04-25,2012-03-31,2021-07-29,-86000000,8784000000,,1261000000,7523000000,,10.63,-47000000.0,192000000,192000000,584000000.0,102000000.0,0.893,2.887,2699000000,452000000,2247000000,2699000000,1499000000,60000000.0,0,0.033,0.34,195000000.0,255000000.0,0.187,255000000.0,195000000.0,163000000.0,0.48,0.48,0.48,2260000000,,2260000000,10834039187.0,11.0,8.564,-372000000.0,-1.75,1.0,778000000.0,0.571,5670000000,32000000.0,4209000000,,225000000,14000000,0,14000000,6524000000,1412000000,5112000000,8327039187.0,-509000000.0,0.0,-79000000.0,0.0,-68000000.0,-134000000.0,-53000000.0,0.0,-325000000.0,3000000.0,102000000.0,102000000.0,102000000.0,0.0,0.0,0.075,586000000.0,192000000.0,313000000,0.708,3.685,14.019,14.347,1149000000,0.0,39.31,1.403,1.408,564000000,769000000.0,1362000000.0,1362000000.0,0.0,,,,,8000000.0,553000000.0,1.0,211830048,212600000,213900000.0,6.406,3114000000,218000000,61000000.0,642000000,14.647,-151000000
38,KDP,ARQ,2011-12-31,2012-02-22,2011-12-31,2021-07-29,-110000000,9283000000,,1757000000,7526000000,,10.609,-66000000.0,701000000,701000000,604000000.0,166000000.0,0.917,3.102,2708000000,452000000,2256000000,2708000000,1514000000,65000000.0,0,0.031,0.32,275000000.0,340000000.0,0.233,340000000.0,275000000.0,246000000.0,0.77,0.77,0.77,2263000000,,2263000000,10252419585.0,10.0,8.06,114000000.0,0.534,1.0,857000000.0,0.587,5657000000,29000000.0,3718000000,,212000000,13000000,0,13000000,7020000000,1915000000,5105000000,8245419585.0,50000000.0,0.0,-89000000.0,100000000.0,-68000000.0,-60000000.0,-71000000.0,-2000000.0,180000000.0,1000000.0,166000000.0,166000000.0,166000000.0,0.0,0.0,0.114,586000000.0,271000000.0,265000000,0.416,3.644,13.606,14.036,1152000000,0.0,38.88,1.397,1.44,585000000,740000000.0,1461000000.0,1461000000.0,0.0,,,,,10000000.0,553000000.0,1.0,212073549,213300000,216100000.0,6.85,3626000000,227000000,80000000.0,1116000000,17.0,-158000000
39,KDP,ARQ,2011-09-30,2011-10-26,2011-09-30,2021-07-29,-97000000,9189000000,,1695000000,7494000000,,10.444,-43000000.0,651000000,651000000,672000000.0,154000000.0,0.982,3.073,2611000000,401000000,2210000000,2611000000,1529000000,56000000.0,0,0.03,0.32,266000000.0,322000000.0,0.211,322000000.0,266000000.0,236000000.0,0.71,0.71,0.71,2256000000,,2256000000,10087196751.0,11.0,8.599,281000000.0,1.301,1.0,857000000.0,0.56,5657000000,30000000.0,3766000000,,260000000,11000000,0,11000000,6933000000,1726000000,5207000000,8127196751.0,101000000.0,0.0,-100000000.0,0.0,-72000000.0,-171000000.0,-43000000.0,0.0,324000000.0,-9000000.0,154000000.0,154000000.0,154000000.0,0.0,0.0,0.101,596000000.0,261000000.0,878000000,0.451,3.602,14.723,15.225,1121000000,0.0,37.91,1.388,1.399,541000000,643000000.0,1529000000.0,1529000000.0,0.0,,,,,7000000.0,559000000.0,1.0,214381344,216000000,218200000.0,7.079,3532000000,211000000,82000000.0,1104000000,16.352,-31000000
40,KDP,ARQ,2011-06-30,2011-07-27,2011-06-30,2021-07-29,-22000000,9228000000,,1695000000,7533000000,,10.532,-49000000.0,550000000,550000000,662000000.0,172000000.0,1.086,2.949,2586000000,402000000,2184000000,2586000000,1550000000,54000000.0,0,0.028,0.32,294000000.0,348000000.0,0.22,348000000.0,294000000.0,266000000.0,0.78,0.77,0.78,2337000000,,2337000000,10417178050.0,11.0,8.911,156000000.0,0.703,1.0,920000000.0,0.582,5674000000,28000000.0,4029000000,,275000000,12000000,0,12000000,6891000000,1561000000,5330000000,8381178050.0,-107000000.0,0.0,-213000000.0,0.0,-55000000.0,-264000000.0,-49000000.0,0.0,205000000.0,1000000.0,172000000.0,172000000.0,172000000.0,0.0,0.0,0.109,630000000.0,290000000.0,850000000,0.41,3.586,15.463,16.163,1147000000,0.0,38.63,1.45,1.483,610000000,559000000.0,1582000000.0,1582000000.0,0.0,,,,,9000000.0,598000000.0,1.0,216960343,221900000,224400000.0,7.129,3554000000,212000000,94000000.0,1109000000,16.016,134000000
41,KDP,ARQ,2011-03-31,2011-04-27,2011-03-31,2021-07-29,-26000000,9314000000,,1773000000,7541000000,,10.868,-54000000.0,657000000,657000000,547000000.0,114000000.0,1.255,2.833,2585000000,403000000,2182000000,2585000000,1565000000,57000000.0,0,0.025,0.25,205000000.0,262000000.0,0.197,262000000.0,205000000.0,178000000.0,0.51,0.5,0.51,2430000000,,2430000000,10795808951.0,11.0,9.072,-3000000.0,-0.013,1.0,784000000.0,0.589,5675000000,27000000.0,4154000000,,264000000,12000000,0,12000000,6884000000,1413000000,5471000000,8867808951.0,342000000.0,0.0,-100000000.0,500000000.0,-56000000.0,343000000.0,-54000000.0,0.0,51000000.0,2000000.0,114000000.0,114000000.0,114000000.0,0.0,0.0,0.086,582000000.0,202000000.0,817000000,0.49,3.649,16.036,16.975,1153000000,0.0,40.06,1.551,1.566,561000000,458000000.0,1331000000.0,1331000000.0,0.0,,,,,8000000.0,547000000.0,1.0,221363179,223600000,226300000.0,5.953,3639000000,208000000,64000000.0,1126000000,16.275,360000000
42,KDP,ARQ,2010-12-31,2011-02-22,2010-12-31,2021-07-29,-28000000,8859000000,,1309000000,7550000000,,10.866,-74000000.0,315000000,315000000,554000000.0,112000000.0,0.978,2.603,2091000000,404000000,1687000000,2091000000,1580000000,58000000.0,0,0.025,0.25,183000000.0,241000000.0,0.171,241000000.0,183000000.0,149000000.0,0.49,0.49,0.49,2459000000,,2459000000,9794296766.0,10.0,8.35,922000000.0,4.074,1.0,858000000.0,0.608,5675000000,34000000.0,3622000000,,244000000,11000000,0,11000000,6400000000,1338000000,5062000000,8018296766.0,91000000.0,0.0,-197000000.0,-573000000.0,-58000000.0,-833000000.0,-74000000.0,0.0,996000000.0,2000000.0,112000000.0,112000000.0,112000000.0,0.0,0.0,0.079,590000000.0,268000000.0,851000000,0.51,3.261,15.186,16.347,1168000000,0.0,35.8,1.423,1.527,536000000,400000000.0,1412000000.0,1412000000.0,0.0,,,,,8000000.0,551000000.0,1.0,223974770,226300000,228500000.0,6.24,3184000000,201000000,37000000.0,1101000000,14.07,-29000000
43,KDP,ARQ,2010-09-30,2010-10-27,2010-09-30,2021-07-29,-40000000,8790000000,,1299000000,7491000000,,10.861,-56000000.0,224000000,224000000,600000000.0,144000000.0,1.32,2.4,2571000000,0,2571000000,2571000000,879000000,56000000.0,0,0.022,0.25,262000000.0,318000000.0,0.218,318000000.0,262000000.0,231000000.0,0.61,0.6,0.61,2585000000,,2585000000,10631320538.0,10.0,8.594,217000000.0,0.912,1.0,857000000.0,0.588,5677000000,31000000.0,4476000000,,283000000,11000000,0,11000000,6205000000,984000000,5221000000,8284320538.0,-187000000.0,0.0,-353000000.0,0.0,-60000000.0,-409000000.0,-53000000.0,-1000000.0,273000000.0,2000000.0,144000000.0,144000000.0,144000000.0,0.0,0.0,0.099,597000000.0,260000000.0,947000000,0.41,3.205,15.631,16.889,1123000000,0.0,36.48,1.485,1.556,527000000,346000000.0,1457000000.0,1457000000.0,0.0,,,,,8000000.0,564000000.0,1.0,227092120,238000000,240400000.0,6.122,3113000000,197000000,87000000.0,1084000000,13.08,315000000
44,KDP,ARQ,2010-06-30,2010-07-29,2010-06-30,2021-07-29,-56000000,8978000000,,1503000000,7475000000,,11.546,-43000000.0,411000000,411000000,593000000.0,183000000.0,1.566,2.18,2568000000,0,2568000000,2568000000,887000000,55000000.0,0,0.015,0.25,314000000.0,369000000.0,0.243,369000000.0,314000000.0,285000000.0,0.75,0.74,0.75,2823000000,,2823000000,11023535910.0,11.0,8.714,236000000.0,0.965,1.0,926000000.0,0.61,5678000000,29000000.0,4497000000,,269000000,10000000,0,10000000,6155000000,960000000,5195000000,8866535910.0,-160000000.0,0.0,-355000000.0,0.0,-38000000.0,-393000000.0,-43000000.0,0.0,279000000.0,-3000000.0,183000000.0,183000000.0,183000000.0,0.0,0.0,0.12,616000000.0,310000000.0,884000000,0.333,3.141,16.511,17.346,1110000000,0.0,37.12,1.596,1.633,575000000,260000000.0,1519000000.0,1519000000.0,0.0,,,,,7000000.0,587000000.0,1.0,238861420,244500000,246700000.0,6.213,3300000000,191000000,102000000.0,1082000000,13.497,543000000
45,KDP,ARQ,2010-03-31,2010-05-06,2010-03-31,2021-07-29,-41000000,9117000000,,1630000000,7487000000,,12.088,-55000000.0,571000000,571000000,496000000.0,89000000.0,1.918,1.977,2566000000,0,2566000000,2566000000,897000000,54000000.0,0,0.009,0.15,191000000.0,245000000.0,0.196,245000000.0,191000000.0,157000000.0,0.35,0.35,0.35,3062000000,,3062000000,10439383310.0,10.0,8.372,932000000.0,3.679,1.0,752000000.0,0.603,5686000000,34000000.0,4576000000,,270000000,10000000,0,10000000,6055000000,850000000,5205000000,8444383310.0,291000000.0,0.0,-202000000.0,-405000000.0,-38000000.0,-645000000.0,-55000000.0,0.0,987000000.0,4000000.0,89000000.0,89000000.0,89000000.0,0.0,0.0,0.071,565000000.0,187000000.0,798000000,0.429,2.758,16.493,17.1,1106000000,0.0,34.37,1.53,1.577,529000000,138000000.0,1248000000.0,1248000000.0,0.0,,,,,6000000.0,531000000.0,1.0,245690524,253300000,255100000.0,4.927,3431000000,201000000,68000000.0,1058000000,13.545,780000000
46,KDP,ARQ,2009-12-31,2010-03-01,2009-12-31,2021-07-29,-59000000,8776000000,,1279000000,7497000000,,12.537,-94000000.0,280000000,280000000,528000000.0,114000000.0,1.498,1.754,2960000000,0,2960000000,2960000000,0,56000000.0,0,0.005,0.15,249000000.0,305000000.0,0.225,305000000.0,249000000.0,164000000.0,0.45,0.44,0.45,3187000000,,3187000000,10603329334.0,10.0,8.033,70000000.0,0.275,1.0,828000000.0,0.611,5685000000,85000000.0,4917000000,,262000000,9000000,0,9000000,5589000000,854000000,4735000000,7923329334.0,-2000000.0,0.0,1000000.0,-70000000.0,0.0,-71000000.0,-94000000.0,-76000000.0,164000000.0,-1000000.0,114000000.0,114000000.0,114000000.0,0.0,0.0,0.084,577000000.0,251000000.0,850000000,0.333,2.486,14.276,14.303,1109000000,0.0,31.18,1.433,1.433,540000000,87000000.0,1356000000.0,1356000000.0,0.0,,,,,6000000.0,539000000.0,1.0,254115758,254200000,255800000.0,5.334,3091000000,204000000,50000000.0,1042000000,12.16,425000000
47,KDP,ARQ,2009-09-30,2009-11-05,2009-09-30,2021-07-29,-83000000,8740000000,,1283000000,7457000000,,12.109,-84000000.0,282000000,282000000,579000000.0,151000000.0,1.471,1.84,3039000000,0,3039000000,3039000000,0,52000000.0,0,0.0,0.0,294000000.0,346000000.0,0.241,346000000.0,294000000.0,243000000.0,0.59,0.59,0.59,3078000000,,3078000000,9494835624.0,232.0,39.398,246000000.0,0.968,1.0,855000000.0,0.596,5686000000,51000000.0,4939000000,,275000000,14000000,0,14000000,5662000000,872000000,4790000000,6737835624.0,47000000.0,0.0,0.0,-200000000.0,0.0,-202000000.0,-84000000.0,0.0,330000000.0,3000000.0,151000000.0,151000000.0,151000000.0,0.0,0.0,0.105,583000000.0,272000000.0,851000000,0.0,2.189,-37.432,-37.352,1041000000,0.0,26.52,1.222,1.222,532000000,11000000.0,1434000000.0,1434000000.0,0.0,,,,,5000000.0,547000000.0,1.0,254066200,254200000,255500000.0,5.641,3054000000,228000000,92000000.0,1025000000,12.014,411000000
48,KDP,ARQ,2009-06-30,2009-08-13,2009-06-30,2021-07-29,-86000000,8730000000,,1310000000,7420000000,,11.487,-56000000.0,235000000,235000000,596000000.0,158000000.0,1.605,1.99,3240000000,0,3240000000,3240000000,0,50000000.0,0,0.0,0.0,301000000.0,351000000.0,0.237,351000000.0,301000000.0,249000000.0,0.62,0.62,0.62,2920000000,,2920000000,9350620739.0,-322.0,56.329,137000000.0,0.539,1.0,885000000.0,0.598,5691000000,52000000.0,5228000000,,284000000,14000000,0,14000000,5810000000,816000000,4994000000,6345620739.0,16000000.0,0.0,0.0,-125000000.0,0.0,-125000000.0,-58000000.0,0.0,193000000.0,6000000.0,158000000.0,158000000.0,158000000.0,0.0,0.0,0.107,588000000.0,297000000.0,803000000,0.0,2.173,-28.203,-28.067,1013000000,0.0,24.98,1.136,1.137,580000000,-140000000.0,1481000000.0,1481000000.0,0.0,,,,,5000000.0,550000000.0,1.0,254028052,254200000,255100000.0,5.826,3039000000,226000000,91000000.0,1016000000,11.955,494000000
49,KDP,ARQ,2009-03-31,2009-05-13,2009-03-31,2021-07-29,-112000000,8640000000,,1251000000,7389000000,,10.763,-78000000.0,219000000,219000000,531000000.0,132000000.0,1.524,2.158,3366000000,0,3366000000,3366000000,0,49000000.0,0,0.0,0.0,269000000.0,318000000.0,0.252,318000000.0,269000000.0,214000000.0,0.52,0.52,0.52,2736000000,,2736000000,8749728889.0,-175.0,59.93,100000000.0,0.393,1.0,729000000.0,0.579,5686000000,55000000.0,5280000000,,286000000,12000000,0,12000000,5904000000,821000000,5083000000,5602728889.0,5000000.0,0.0,0.0,-155000000.0,0.0,-156000000.0,-15000000.0,68000000.0,178000000.0,-2000000.0,132000000.0,132000000.0,132000000.0,0.0,0.0,0.105,464000000.0,265000000.0,804000000,0.0,2.048,-20.374,-20.248,1001000000,0.0,22.07,0.989,0.991,525000000,-298000000.0,1260000000.0,1260000000.0,0.0,,,,,3000000.0,499000000.0,1.0,253861753,254200000,254300000.0,4.957,2954000000,219000000,82000000.0,1009000000,11.621,430000000
50,KDP,ARQ,2008-12-31,2009-03-26,2008-12-31,2021-07-29,-106000000,8638000000,,1237000000,7401000000,,10.264,-97000000.0,214000000,214000000,587000000.0,-621000000.0,1.544,2.313,3522000000,0,3522000000,3522000000,0,49000000.0,0,0.0,0.0,-823000000.0,-774000000.0,-0.577,-774000000.0,-823000000.0,-881000000.0,-2.44,-2.44,-2.44,2607000000,,2607000000,7843897550.0,-68.0,99.29,89000000.0,0.35,1.0,754000000.0,0.562,5695000000,58000000.0,5450000000,,263000000,12000000,0,12000000,6031000000,801000000,5230000000,4535897550.0,-25000000.0,0.0,0.0,-100000000.0,0.0,-102000000.0,-101000000.0,0.0,186000000.0,-8000000.0,-621000000.0,-621000000.0,-621000000.0,0.0,0.0,-0.463,1590000000.0,-836000000.0,796000000,0.0,1.74,-14.538,-14.528,990000000,0.0,17.87,0.794,0.795,532000000,-430000000.0,1341000000.0,1341000000.0,0.0,,,,,4000000.0,489000000.0,1.0,253827507,254000000,254000000.0,5.28,2943000000,233000000,-260000000.0,986000000,11.587,436000000
51,KDP,ARQ,2008-09-30,2008-11-13,2008-09-30,2021-07-29,-27000000,9822000000,,1338000000,8484000000,,13.1,-61000000.0,239000000,239000000,720000000.0,106000000.0,1.482,1.95,3622000000,35000000,3587000000,3622000000,0,47000000.0,0,0.0,0.0,224000000.0,271000000.0,0.18,271000000.0,224000000.0,165000000.0,0.41,0.41,0.41,3330000000,,3330000000,7997543483.0,,,184000000.0,0.724,1.0,785000000.0,0.522,6765000000,59000000.0,5537000000,,330000000,13000000,0,13000000,6492000000,903000000,5589000000,4614543483.0,-61000000.0,0.0,0.0,-240000000.0,0.0,-241000000.0,-61000000.0,0.0,245000000.0,-4000000.0,106000000.0,106000000.0,106000000.0,0.0,0.0,0.07,572000000.0,213000000.0,862000000,0.0,1.386,,,945000000,0.0,18.19,,,521000000,191000000.0,1505000000.0,1505000000.0,0.0,,,,,2000000.0,542000000.0,1.0,253685733,254200000,254200000.0,5.921,3057000000,257000000,59000000.0,1282000000,12.026,435000000
52,KDP,ARQ,2008-06-30,2008-08-13,2008-06-30,2021-07-29,-10000000,10007000000,,1514000000,8493000000,,12.783,-103000000.0,300000000,300000000,706000000.0,108000000.0,1.373,2.082,3863000000,220000000,3643000000,3863000000,0,51000000.0,0,0.0,0.0,280000000.0,331000000.0,0.213,331000000.0,280000000.0,188000000.0,0.42,0.42,0.42,3247000000,,3247000000,9344497855.0,,,75000000.0,0.295,1.0,851000000.0,0.547,6784000000,92000000.0,5683000000,,348000000,14000000,0,14000000,6760000000,1103000000,5657000000,5781497855.0,201000000.0,0.0,0.0,812000000.0,0.0,-1216000000.0,1238000000.0,1338000000.0,178000000.0,1000000.0,108000000.0,108000000.0,108000000.0,0.0,0.0,0.069,582000000.0,269000000.0,877000000,0.0,1.781,,,930000000,0.0,22.79,,,625000000,85000000.0,1557000000.0,1557000000.0,0.0,,,,,2000000.0,536000000.0,1.0,253685733,254000000,254000000.0,6.13,3223000000,269000000,80000000.0,1268000000,12.689,411000000
53,KDP,ARQ,2008-03-31,2008-06-05,2008-03-31,2021-07-29,-3000000,10595000000,,2796000000,7799000000,,19.887,-39000000.0,99000000,99000000,577000000.0,95000000.0,1.729,1.1,3039000000,612000000,2427000000,3039000000,0,48000000.0,0,0.0,0.0,203000000.0,251000000.0,0.192,251000000.0,203000000.0,155000000.0,0.38,,0.38,5045000000,,5045000000,9424207335.0,,,61000000.0,0.24,1.0,730000000.0,0.559,6796000000,48000000.0,5122000000,,360000000,13000000,0,13000000,5550000000,1617000000,3933000000,6484207335.0,32000000.0,0.0,0.0,-16000000.0,0.0,-66000000.0,-2000000.0,37000000.0,100000000.0,0.0,95000000.0,95000000.0,95000000.0,0.0,0.0,0.073,544000000.0,186000000.0,982000000,0.0,1.285,,,876000000,0.0,25.56,,,2101000000,,1307000000.0,1307000000.0,0.0,,,,,1000000.0,508000000.0,1.0,253685733,253685733,,5.152,3799000000,90000000,60000000.0,1323000000,14.975,1179000000
54,KDP,ARQ,2007-12-31,2008-04-22,2007-12-31,2021-07-29,20000000,10528000000,,2739000000,7789000000,,19.792,,67000000,67000000,,,2.413,1.097,3038000000,126000000,2912000000,3038000000,0,,0,,0.0,,,,,,,,,,5021000000,,5021000000,,,,,,1.0,,,6800000000,,5564000000,,325000000,13000000,0,13000000,5507000000,1135000000,4372000000,,,,,,,,,,,,,,,,,,,,987000000,,,,,868000000,,,,,2131000000,,,,,,,,,,,1.0,253685733,253685733,,,3728000000,89000000,,1346000000,14.695,1604000000
55,KDP,ARQ,2007-12-31,2008-04-16,2007-12-31,2021-07-29,20000000,10528000000,,2739000000,7789000000,,19.792,,67000000,67000000,,,2.413,1.097,3038000000,126000000,2912000000,3038000000,0,,0,,0.0,,,,,,,,,,5021000000,,5021000000,,,,,,1.0,,,6800000000,,5564000000,,325000000,13000000,0,13000000,5507000000,1135000000,4372000000,,,,,,,,,,,,,,,,,,,,987000000,,,,,868000000,,,,,2131000000,,,,,,,,,,,1.0,253685733,253685733,,,3728000000,89000000,,1346000000,14.695,1604000000
56,KDP,ARQ,2007-12-31,2008-03-20,2007-12-31,2021-07-29,20000000,10528000000,,2739000000,7789000000,,19.792,,67000000,67000000,,,2.413,1.097,3038000000,126000000,2912000000,3038000000,0,,0,,0.0,,,,,,,,,,5021000000,,5021000000,,,,,,1.0,,,6800000000,,5564000000,,325000000,13000000,0,13000000,5507000000,1135000000,4372000000,,,,,,,,,,,,,,,,,,,,987000000,,,,,868000000,,,,,2131000000,,,,,,,,,,,1.0,253685733,253685733,,,3728000000,89000000,,1346000000,14.695,1604000000
57,KDP,ARQ,2006-12-31,2008-02-12,2006-12-31,2021-07-29,1000000,9346000000,,1632000000,7714000000,,12.811,,35000000,35000000,,,0.965,1.876,3792000000,708000000,3084000000,3792000000,0,,0,,0.0,,,,,,,,,,3250000000,,3250000000,,,,,,1.0,,,6831000000,,4581000000,,300000000,12000000,0,12000000,6096000000,1691000000,4405000000,,,,,,,,,,,,,,,,,,,,971000000,,,,,755000000,,,,,1146000000,,,,,,,,,,,1.0,253685733,253685733,,,2515000000,70000000,,1304000000,9.914,-59000000
58,KDP,ARQ,2006-12-31,2008-01-11,2006-12-31,2021-07-29,1000000,9346000000,,1632000000,7714000000,,12.811,,35000000,35000000,,,0.965,1.876,3792000000,708000000,3084000000,3792000000,0,,0,,0.0,,,,,,,,,,3250000000,,3250000000,,,,,,1.0,,,6831000000,,4581000000,,300000000,12000000,0,12000000,6096000000,1691000000,4405000000,,,,,,,,,,,,,,,,,,,,971000000,,,,,755000000,,,,,1146000000,,,,,,,,,,,1.0,253685733,253685733,,,2515000000,70000000,,1304000000,9.914,-59000000
59,KDP,ARQ,2006-12-31,2007-11-13,2006-12-31,2021-07-29,1000000,9346000000,,1632000000,7714000000,,12.811,,35000000,35000000,,,0.965,1.876,3792000000,708000000,3084000000,3792000000,0,,0,,0.0,,,,,,,,,,3250000000,,3250000000,,,,,,1.0,,,6831000000,,4581000000,,300000000,12000000,0,12000000,6096000000,1691000000,4405000000,,,,,,,,,,,,,,,,,,,,971000000,,,,,755000000,,,,,1146000000,,,,,,,,,,,1.0,253685733,253685733,,,2515000000,70000000,,1304000000,9.914,-59000000
0,KDP,ART,2021-06-30,2021-07-29,2021-06-30,2021-07-29,128000000,50344000000,49976750000.0,2616000000,47728000000,0.244,17.103,-426000000.0,170000000,170000000,5341000000.0,1644000000.0,0.378,1.077,13188000000,1467000000,11721000000,13188000000,0,519000000.0,0,0.018,0.638,2712000000.0,3231000000.0,0.265,3231000000.0,2712000000.0,2153000000.0,1.16,1.15,1.16,24242000000,23859250000.0,24242000000,62558819507.0,23.0,19.362,2107000000.0,1.487,1.0,6842000000.0,0.562,44255000000,559000000.0,12190000000,11953250000.0,897000000,86000000,0,86000000,26101000000,6917000000,19184000000,49540819507.0,78000000.0,-7000000.0,147000000.0,-1274000000.0,-847000000.0,-2117000000.0,-424000000.0,0.0,2533000000.0,1000000.0,1644000000.0,1644000000.0,1644000000.0,0.0,0.0,0.135,4015000000.0,2827000000.0,3976000000,0.55,2.044,30.134,30.129,2420000000,0.0,34.95,4.066,4.066,1075000000,2357000000.0,12183000000.0,12183000000.0,0.0,0.033,0.069,0.227,0.223,91000000.0,3949000000.0,1.0,1417476953,1417400000,1428100000.0,8.595,6089000000,41000000,509000000.0,5972000000,4.296,-4301000000
1,KDP,ART,2021-03-31,2021-04-29,2021-03-31,2021-07-29,164000000,50403000000,49647250000.0,2665000000,47738000000,0.24,17.081,-449000000.0,349000000,349000000,5273000000.0,1494000000.0,0.369,1.094,13613000000,1898000000,11715000000,13613000000,0,499000000.0,0,0.017,0.6,2537000000.0,3036000000.0,0.255,3036000000.0,2537000000.0,1946000000.0,1.05,1.05,1.05,24070000000,23529500000.0,24070000000,64204986609.0,25.0,21.148,2139000000.0,1.518,1.0,6634000000.0,0.557,44158000000,591000000.0,12284000000,11927000000.0,841000000,88000000,0,88000000,26332000000,7225000000,19107000000,50940986609.0,32000000.0,-5000000.0,169000000.0,-1196000000.0,-826000000.0,-2017000000.0,-449000000.0,0.0,2588000000.0,4000000.0,1494000000.0,1494000000.0,1494000000.0,0.0,0.0,0.125,3980000000.0,2654000000.0,3871000000,0.571,2.116,34.097,34.229,2261000000,0.0,35.94,4.278,4.254,1065000000,2174000000.0,11907000000.0,11907000000.0,0.0,0.03,0.063,0.213,0.213,91000000.0,3911000000.0,1.0,1417389722,1409200000,1425600000.0,8.449,6245000000,44000000,452000000.0,6025000000,4.432,-4560000000
2,KDP,ART,2020-12-31,2021-02-25,2020-12-31,2021-07-29,77000000,49779000000,49257250000.0,2388000000,47391000000,0.236,16.934,-314000000.0,255000000,255000000,5132000000.0,1325000000.0,0.31,1.089,13641000000,2498000000,11143000000,13641000000,0,495000000.0,0,0.019,0.6,2357000000.0,2852000000.0,0.245,2852000000.0,2357000000.0,1753000000.0,0.94,0.93,0.94,23829000000,23172000000.0,23829000000,56814268014.0,24.0,19.921,2142000000.0,1.522,1.0,6486000000.0,0.558,44152000000,604000000.0,11319000000,12057000000.0,762000000,88000000,0,88000000,25949000000,7694000000,18255000000,43428268014.0,144000000.0,-11000000.0,29000000.0,-1173000000.0,-846000000.0,-1990000000.0,-316000000.0,0.0,2456000000.0,-6000000.0,1325000000.0,1325000000.0,1325000000.0,0.0,0.0,0.114,4006000000.0,2480000000.0,3740000000,0.638,1.822,32.776,32.83,2212000000,0.0,30.86,3.738,3.738,1048000000,2061000000.0,11618000000.0,11618000000.0,0.0,0.027,0.057,0.195,0.203,85000000.0,3978000000.0,1.0,1407267272,1407200000,1422100000.0,8.256,5627000000,45000000,428000000.0,5993000000,3.999,-5306000000
3,KDP,ART,2020-09-30,2020-10-29,2020-09-30,2021-07-29,-217000000,49381000000,49192000000.0,2416000000,46965000000,0.232,16.554,-104000000.0,218000000,218000000,5020000000.0,1303000000.0,0.33,1.12,14049000000,2342000000,11707000000,14049000000,0,326000000.0,0,0.022,0.6,2360000000.0,2686000000.0,0.235,2686000000.0,2360000000.0,1745000000.0,0.92,0.91,0.92,23296000000,23029000000.0,23296000000,52094217064.0,22.0,19.395,2233000000.0,1.587,1.0,6411000000.0,0.561,43863000000,615000000.0,12020000000,12576000000.0,824000000,90000000,0,90000000,26084000000,7329000000,18755000000,38263217064.0,106000000.0,-20000000.0,29000000.0,-1260000000.0,-846000000.0,-2104000000.0,-116000000.0,0.0,2337000000.0,-11000000.0,1303000000.0,1303000000.0,1303000000.0,0.0,0.0,0.114,3918000000.0,2493000000.0,3517000000,0.652,1.642,29.365,29.554,2092000000,0.0,27.19,3.347,3.347,1051000000,1845000000.0,11431000000.0,11431000000.0,0.0,0.026,0.057,0.188,0.206,79000000.0,3989000000.0,1.0,1407253294,1407300000,1422900000.0,8.123,5518000000,31000000,442000000.0,5945000000,3.921,-4913000000
4,KDP,ART,2020-06-30,2020-07-30,2020-06-30,2021-07-29,-328000000,49026000000,49196750000.0,2240000000,46786000000,0.229,16.29,-104000000.0,177000000,177000000,4949000000.0,1164000000.0,0.307,1.139,14287000000,2438000000,11849000000,14287000000,0,389000000.0,0,0.019,0.6,2199000000.0,2588000000.0,0.229,2588000000.0,2199000000.0,1574000000.0,0.83,0.81,0.83,22923000000,22933500000.0,22923000000,57409427936.0,26.0,22.183,2229000000.0,1.584,1.0,6332000000.0,0.561,43753000000,625000000.0,12085000000,13033750000.0,747000000,102000000,0,102000000,26103000000,7298000000,18805000000,43299427936.0,17000000.0,-29000000.0,22000000.0,-1339000000.0,-844000000.0,-2185000000.0,-128000000.0,0.0,2333000000.0,-3000000.0,1164000000.0,1164000000.0,1164000000.0,0.0,0.0,0.103,4012000000.0,2320000000.0,3377000000,0.723,1.889,37.199,37.072,2071000000,0.0,30.77,3.838,3.838,1010000000,1613000000.0,11281000000.0,11281000000.0,0.0,0.024,0.051,0.169,0.195,72000000.0,4052000000.0,1.0,1407196228,1407200000,1421500000.0,8.017,5273000000,29000000,410000000.0,5922000000,3.747,-5058000000
5,KDP,ART,2020-03-31,2020-04-30,2020-03-31,2021-07-29,-480000000,48843000000,49327000000.0,2277000000,46566000000,0.228,16.091,-21000000.0,223000000,223000000,4833000000.0,1180000000.0,0.332,1.157,14646000000,2215000000,12431000000,14646000000,0,452000000.0,0,0.023,0.6,2222000000.0,2674000000.0,0.238,2674000000.0,2222000000.0,1584000000.0,0.84,0.82,0.84,22640000000,22923500000.0,22640000000,51656226256.0,23.0,19.318,2276000000.0,1.618,1.0,6396000000.0,0.57,43604000000,638000000.0,12804000000,13512500000.0,682000000,105000000,0,105000000,26203000000,6858000000,19345000000,37233226256.0,84000000.0,-55000000.0,-8000000.0,-1288000000.0,-845000000.0,-2136000000.0,-71000000.0,0.0,2297000000.0,-6000000.0,1180000000.0,1180000000.0,1180000000.0,0.0,0.0,0.105,4050000000.0,2346000000.0,3238000000,0.714,1.645,31.554,31.5,2017000000,0.0,26.46,3.316,3.315,1037000000,1527000000.0,11229000000.0,11229000000.0,0.0,0.024,0.051,0.164,0.198,69000000.0,4079000000.0,1.0,1407151408,1407000000,1420100000.0,7.981,5239000000,29000000,404000000.0,5917000000,3.724,-4581000000
6,KDP,ART,2019-12-31,2020-02-27,2019-12-31,2021-07-29,104000000,49518000000,49439000000.0,2273000000,47245000000,0.225,16.533,-118000000.0,101000000,101000000,4778000000.0,1254000000.0,0.351,1.129,14741000000,1914000000,12827000000,14741000000,0,484000000.0,0,0.021,0.6,2348000000.0,2832000000.0,0.255,2832000000.0,2348000000.0,1694000000.0,0.89,0.88,0.89,23257000000,22932000000.0,23257000000,54373293479.0,23.0,19.2,2356000000.0,1.675,1.0,6342000000.0,0.57,44289000000,654000000.0,13395000000,13886500000.0,654000000,151000000,0,151000000,26261000000,6474000000,19787000000,39733293479.0,-28000000.0,-56000000.0,0.0,-1525000000.0,-844000000.0,-2364000000.0,-150000000.0,0.0,2474000000.0,12000000.0,1254000000.0,1254000000.0,1254000000.0,0.0,0.0,0.113,3964000000.0,2378000000.0,3176000000,0.674,1.708,31.685,31.73,2028000000,0.0,28.24,3.573,3.572,1115000000,1582000000.0,11120000000.0,11120000000.0,0.0,0.025,0.055,0.169,0.211,64000000.0,3962000000.0,1.0,1406986313,1406700000,1419100000.0,7.905,5229000000,29000000,440000000.0,6030000000,3.717,-4201000000
7,KDP,ART,2019-09-30,2019-11-07,2019-09-30,2021-07-29,-27000000,49400000000,49289000000.0,2269000000,47131000000,0.223,16.288,-269000000.0,102000000,102000000,4792000000.0,1114000000.0,0.346,1.156,15246000000,2099000000,13147000000,15246000000,0,698000000.0,0,0.02,0.6,2179000000.0,2877000000.0,0.262,2877000000.0,2179000000.0,1502000000.0,0.81,0.8,0.81,22914000000,22751000000.0,22914000000,57108466114.0,26.0,19.85,2084000000.0,1.481,1.0,6207000000.0,0.564,44143000000,677000000.0,13851000000,14444000000.0,751000000,164000000,0,164000000,26486000000,6550000000,19936000000,41964466114.0,-10000000.0,-23000000.0,0.0,-1296000000.0,-842000000.0,-2133000000.0,-277000000.0,-16000000.0,2353000000.0,47000000.0,1114000000.0,1114000000.0,1114000000.0,0.0,0.0,0.101,3995000000.0,2212000000.0,2976000000,0.741,1.831,37.67,36.827,2236000000,0.0,29.83,3.815,3.815,1090000000,1388000000.0,10999000000.0,10999000000.0,0.0,0.023,0.049,0.151,0.198,82000000.0,3950000000.0,1.0,1406787332,1406800000,1419400000.0,7.818,5257000000,27000000,388000000.0,6022000000,3.737,-4281000000
8,KDP,ART,2019-06-30,2019-08-08,2019-06-30,2021-07-29,51000000,49547000000,49203500000.0,2221000000,47326000000,0.221,16.267,-205000000.0,150000000,150000000,4918000000.0,958000000.0,0.332,1.165,15565000000,2401000000,13164000000,15565000000,0,687000000.0,0,0.021,0.6,1974000000.0,2661000000.0,0.245,2661000000.0,1974000000.0,1283000000.0,0.7,0.7,0.7,22883000000,22595750000.0,22883000000,56252530636.0,28.0,21.14,2193000000.0,1.559,1.0,5943000000.0,0.547,44267000000,691000000.0,14000000000,14994750000.0,686000000,170000000,0,170000000,26664000000,6695000000,19969000000,40837530636.0,122000000.0,-18862000000.0,8996000000.0,8248000000.0,-446000000.0,16793000000.0,-19066000000.0,-39000000.0,2398000000.0,-3000000.0,958000000.0,958000000.0,958000000.0,0.0,0.0,0.088,3967000000.0,1976000000.0,2909000000,0.857,1.785,42.628,41.471,2290000000,0.0,29.03,3.76,3.76,1068000000,1294000000.0,10861000000.0,10861000000.0,0.0,0.019,0.042,0.132,0.182,48000000.0,3963000000.0,1.0,1406735468,1406700000,1419200000.0,7.721,5280000000,27000000,325000000.0,6034000000,3.753,-4474000000
9,KDP,ART,2019-03-31,2019-05-09,2019-03-31,2021-07-29,-37000000,49291000000,39378250000.0,2162000000,47129000000,0.252,16.123,-202000000.0,129000000,129000000,4522000000.0,879000000.0,0.325,1.174,15859000000,2613000000,13246000000,15859000000,0,566000000.0,0,3.685,104.2,1749000000.0,2315000000.0,0.233,2315000000.0,1749000000.0,1185000000.0,1.78,1.78,1.78,22674000000,17555500000.0,22674000000,55511172697.0,32.0,23.979,1899000000.0,1.35,1.0,5413000000.0,0.545,44065000000,564000000.0,14300000000,12915250000.0,663000000,172000000,0,172000000,26617000000,6656000000,19961000000,39781172697.0,81000000.0,-18907000000.0,9009000000.0,8437000000.0,-339000000.0,17094000000.0,-19108000000.0,-39000000.0,2101000000.0,-6000000.0,879000000.0,879000000.0,879000000.0,0.0,0.0,0.088,3662000000.0,1751000000.0,2558000000,58.539,1.754,45.257,15.888,2282000000,0.0,28.28,4.004,4.003,1016000000,1192000000.0,9935000000.0,9935000000.0,0.0,0.022,0.05,0.135,0.176,39000000.0,3656000000.0,1.0,1406689275,1406300000,1417700000.0,7.065,5226000000,26000000,306000000.0,5940000000,3.716,-4494000000
10,KDP,ART,2018-12-31,2019-02-28,2018-12-31,2021-07-29,-130000000,48918000000,29600250000.0,2159000000,46759000000,0.251,20.743,-180000000.0,129000000,129000000,3560000000.0,589000000.0,0.379,1.171,16516000000,2010000000,14506000000,16516000000,0,462000000.0,0,4.16,104.63,1240000000.0,1702000000.0,0.229,1702000000.0,1240000000.0,788000000.0,0.54,0.53,0.54,22533000000,12508500000.0,22533000000,51749950253.0,42.0,30.405,1433000000.0,1.319,1.0,3882000000.0,0.522,43978000000,452000000.0,15625000000,10764250000.0,626000000,186000000,0,186000000,26385000000,5702000000,20683000000,35362950253.0,44000000.0,-18921000000.0,9003000000.0,8842000000.0,-232000000.0,17577000000.0,-19131000000.0,-39000000.0,1613000000.0,-15000000.0,586000000.0,586000000.0,586000000.0,0.0,3000000.0,0.079,2645000000.0,1237000000.0,2300000000,193.759,1.569,60.346,46.574,2310000000,0.0,25.15,4.752,3.671,1150000000,1178000000.0,7442000000.0,7442000000.0,0.0,0.02,0.047,0.115,0.167,35000000.0,2635000000.0,1.0,1406081521,1086300000,1097600000.0,6.851,4940000000,26000000,202000000.0,5923000000,4.548,-3543000000
11,KDP,ART,2018-09-30,2018-11-08,2018-09-30,2021-07-29,137000000,49058000000,19876250000.0,2385000000,46673000000,0.395,16.37,-221000000.0,112000000,112000000,3505000000.0,1050000000.0,0.4,1.201,16802000000,2222000000,14580000000,16802000000,0,351000000.0,0,3.69,105.06,1345000000.0,1696000000.0,0.216,1696000000.0,1345000000.0,1049000000.0,5.09,5.09,5.09,22293000000,7488000000.0,22293000000,56238007195.0,42.0,33.159,1148000000.0,0.843,1.0,4350000000.0,0.554,43727000000,296000000.0,16054000000,8318500000.0,720000000,193000000,0,193000000,26765000000,5967000000,20798000000,39548007195.0,20000000.0,-18946000000.0,8924000000.0,9127000000.0,-128000000.0,17894000000.0,-19190000000.0,-23000000.0,1369000000.0,-53000000.0,1050000000.0,1050000000.0,1050000000.0,0.0,0.0,0.134,3022000000.0,1328000000.0,2229000000,20.64,1.774,37.665,5.593,2345000000,0.0,28.47,5.035,4.936,1196000000,1122000000.0,7855000000.0,7855000000.0,0.0,0.053,0.14,0.162,0.171,10000000.0,2984000000.0,1.0,1389111598,1361800000,1373600000.0,5.768,5331000000,93000000,-1000000.0,5985000000,3.915,-3582000000
12,KDP,ART,2018-06-30,2018-08-08,2018-06-30,2021-07-29,-200000000,10246000000,10121500000.0,1416000000,8830000000,0.678,15.105,-237000000.0,89000000,89000000,2841000000.0,1105000000.0,0.928,2.764,4390000000,264000000,4126000000,4390000000,1085000000,233000000.0,0,4.457,105.49,1336000000.0,1569000000.0,0.229,1569000000.0,1336000000.0,1172000000.0,6.1,6.09,6.1,2722000000,2447000000.0,2722000000,37172321069.0,28.0,23.692,809000000.0,4.489,1.0,4022000000.0,0.586,7339000000,164000000.0,5682000000,5720250000.0,265000000,34000000,0,34000000,7524000000,1526000000,5998000000,32871321069.0,-286000000.0,-99000000.0,-214000000.0,-328000000.0,-419000000.0,-983000000.0,-347000000.0,0.0,1046000000.0,-2000000.0,1105000000.0,1105000000.0,1105000000.0,0.0,0.0,0.161,2671000000.0,1351000000.0,484000000,17.293,12.076,29.748,3.88,1183000000,0.0,23.67,4.79,0.621,814000000,2920000000.0,6863000000.0,6863000000.0,0.0,0.109,0.452,0.234,0.195,41000000.0,2599000000.0,1.0,1388733463,180200000,181100000.0,38.085,2907000000,60000000,67000000.0,684000000,16.132,-110000000
13,KDP,ART,2018-03-31,2018-04-25,2018-03-31,2021-07-29,-183000000,10179000000,10139750000.0,1246000000,8933000000,0.668,13.819,-224000000.0,29000000,29000000,2769000000.0,1058000000.0,0.767,3.095,4518000000,383000000,4135000000,4518000000,1102000000,228000000.0,0,0.019,2.32,1301000000.0,1529000000.0,0.226,1529000000.0,1301000000.0,1136000000.0,5.82,5.81,5.82,2486000000,2305250000.0,2486000000,26059690270.0,20.0,17.044,820000000.0,4.558,1.0,4005000000.0,0.591,7348000000,165000000.0,5696000000,5728500000.0,243000000,36000000,0,36000000,7693000000,1624000000,6069000000,21570690270.0,-55000000.0,-30000000.0,-366000000.0,-39000000.0,-421000000.0,-838000000.0,-262000000.0,0.0,1044000000.0,1000000.0,1058000000.0,1058000000.0,1058000000.0,0.0,0.0,0.156,2643000000.0,1362000000.0,377000000,0.399,8.677,20.388,20.565,1198000000,0.0,119.69,3.184,3.179,700000000,2667000000.0,6774000000.0,6774000000.0,0.0,0.104,0.459,0.227,0.192,40000000.0,2561000000.0,1.0,180221324,179900000,180800000.0,37.654,2831000000,65000000,78000000.0,662000000,15.737,-378000000
14,KDP,ART,2017-12-31,2018-02-14,2017-12-31,2021-07-29,-202000000,10022000000,10097000000.0,1117000000,8905000000,0.663,13.467,-199000000.0,79000000,79000000,2695000000.0,1076000000.0,0.902,3.089,4479000000,79000000,4400000000,4479000000,1119000000,229000000.0,0,0.02,2.32,1335000000.0,1564000000.0,0.234,1564000000.0,1335000000.0,1171000000.0,5.91,5.89,5.91,2451000000,2232000000.0,2451000000,25054392003.0,19.0,16.019,839000000.0,4.61,1.0,3995000000.0,0.597,7342000000,164000000.0,5842000000,5763000000.0,229000000,24000000,0,24000000,7571000000,1238000000,6333000000,20654392003.0,-1629000000.0,-1555000000.0,-379000000.0,-92000000.0,-414000000.0,-907000000.0,-1763000000.0,0.0,1038000000.0,3000000.0,1076000000.0,1076000000.0,1076000000.0,0.0,0.0,0.161,2607000000.0,1388000000.0,365000000,0.393,8.427,19.196,19.443,1198000000,0.0,114.91,3.087,3.126,668000000,2651000000.0,6690000000.0,6690000000.0,0.0,0.107,0.482,0.232,0.2,36000000.0,2556000000.0,1.0,179744078,182000000,182800000.0,36.758,2680000000,62000000,95000000.0,625000000,14.725,-121000000
15,KDP,ART,2017-09-30,2017-10-25,2017-09-30,2021-07-29,-184000000,10039000000,10039250000.0,1266000000,8773000000,0.66,11.736,-150000000.0,155000000,155000000,2659000000.0,733000000.0,0.932,3.715,4481000000,82000000,4399000000,4481000000,1135000000,230000000.0,0,0.027,2.27,1275000000.0,1505000000.0,0.227,1505000000.0,1275000000.0,1103000000.0,4.02,3.99,4.02,2129000000,2152750000.0,2129000000,19760488988.0,15.0,13.13,838000000.0,4.62,1.0,3966000000.0,0.599,7345000000,172000000.0,5661000000,5748000000.0,261000000,24000000,0,24000000,7910000000,1359000000,6551000000,15434488988.0,-455000000.0,-1553000000.0,-359000000.0,1072000000.0,-407000000.0,267000000.0,-1713000000.0,0.0,988000000.0,3000000.0,733000000.0,733000000.0,733000000.0,0.0,0.0,0.111,2606000000.0,1360000000.0,387000000,0.565,7.25,21.057,21.266,1129000000,0.0,85.49,2.33,2.341,659000000,2311000000.0,6625000000.0,6625000000.0,0.0,0.073,0.34,0.222,0.192,38000000.0,2534000000.0,1.0,180541455,181400000,182100000.0,36.521,2694000000,60000000,370000000.0,887000000,14.851,-93000000
16,KDP,ART,2017-06-30,2017-07-27,2017-06-30,2021-07-29,-193000000,10319000000,9697750000.0,1555000000,8764000000,0.677,11.763,-149000000.0,375000000,375000000,2635000000.0,770000000.0,0.984,3.788,4703000000,312000000,4391000000,4703000000,1150000000,228000000.0,0,0.024,2.22,1293000000.0,1521000000.0,0.232,1521000000.0,1293000000.0,1128000000.0,4.2,4.17,4.2,2155000000,2152750000.0,2155000000,21052125337.0,16.0,13.841,793000000.0,4.329,1.0,3930000000.0,0.599,7352000000,165000000.0,5715000000,5393500000.0,267000000,23000000,0,23000000,8164000000,1580000000,6584000000,16724125337.0,142000000.0,-1546000000.0,-372000000.0,1717000000.0,-400000000.0,905000000.0,-1705000000.0,0.0,942000000.0,0.0,770000000.0,770000000.0,770000000.0,0.0,0.0,0.117,2564000000.0,1366000000.0,367000000,0.529,7.761,21.72,21.912,1120000000,0.0,92.03,2.547,2.568,698000000,2346000000.0,6565000000.0,6565000000.0,0.0,0.079,0.358,0.24,0.197,39000000.0,2497000000.0,1.0,181724713,183200000,183700000.0,35.835,2967000000,61000000,358000000.0,900000000,16.195,-25000000
17,KDP,ART,2017-03-31,2017-04-26,2017-03-31,2021-07-29,-206000000,10008000000,9219500000.0,1247000000,8761000000,0.701,11.957,-163000000.0,160000000,160000000,2587000000.0,842000000.0,1.087,3.564,4477000000,10000000,4467000000,4477000000,1165000000,228000000.0,0,0.023,2.17,1402000000.0,1630000000.0,0.252,1630000000.0,1402000000.0,1248000000.0,4.58,4.54,4.58,2193000000,2149500000.0,2193000000,21408074720.0,15.0,13.134,696000000.0,3.795,1.0,3876000000.0,0.6,7344000000,154000000.0,5834000000,5034000000.0,246000000,23000000,0,23000000,7815000000,1147000000,6668000000,17091074720.0,-99000000.0,-1544000000.0,-344000000.0,1549000000.0,-393000000.0,763000000.0,-1718000000.0,-1000000.0,859000000.0,-3000000.0,842000000.0,842000000.0,842000000.0,0.0,0.0,0.13,2471000000.0,1405000000.0,353000000,0.474,7.793,20.298,20.301,1125000000,0.0,92.98,2.644,2.638,606000000,2336000000.0,6463000000.0,6463000000.0,0.0,0.091,0.392,0.279,0.217,40000000.0,2404000000.0,1.0,183814527,183400000,184600000.0,35.24,2664000000,63000000,406000000.0,866000000,14.526,100000000
18,KDP,ART,2016-12-31,2017-02-14,2016-12-31,2021-07-29,-229000000,9791000000,8808500000.0,2736000000,7055000000,0.731,11.51,-174000000.0,1787000000,1787000000,2582000000.0,847000000.0,2.603,3.588,4478000000,10000000,4468000000,4478000000,1181000000,224000000.0,0,0.023,2.12,1428000000.0,1652000000.0,0.257,1652000000.0,1428000000.0,1281000000.0,4.57,4.54,4.57,2134000000,2126750000.0,2134000000,19731581568.0,14.0,11.944,765000000.0,4.126,1.0,3858000000.0,0.599,5649000000,147000000.0,5782000000,4620000000.0,202000000,23000000,0,23000000,7657000000,1051000000,6606000000,17040581568.0,876000000.0,-4000000.0,-505000000.0,1050000000.0,-386000000.0,130000000.0,-189000000.0,-1000000.0,939000000.0,-4000000.0,847000000.0,847000000.0,847000000.0,0.0,0.0,0.132,2425000000.0,1433000000.0,303000000,0.464,7.985,20.119,20.365,1138000000,0.0,93.07,2.646,2.679,595000000,2266000000.0,6440000000.0,6440000000.0,0.0,0.096,0.398,0.309,0.222,45000000.0,2329000000.0,1.0,183094247,185400000,186600000.0,34.736,4142000000,62000000,434000000.0,816000000,22.341,1685000000
19,KDP,ART,2016-09-30,2016-10-27,2016-09-30,2021-07-29,-213000000,8673000000,8578000000.0,1602000000,7071000000,0.747,11.521,-206000000.0,620000000,620000000,2565000000.0,867000000.0,1.08,3.074,3324000000,368000000,2956000000,3324000000,1198000000,225000000.0,0,0.024,2.07,1449000000.0,1674000000.0,0.261,1674000000.0,1449000000.0,1316000000.0,4.65,4.61,4.65,2129000000,2139000000.0,2129000000,18703751978.0,13.0,11.173,745000000.0,4.031,1.0,3843000000.0,0.6,5651000000,133000000.0,4243000000,4201000000.0,226000000,24000000,0,24000000,6544000000,1483000000,5061000000,15999751978.0,413000000.0,-4000000.0,-561000000.0,639000000.0,-379000000.0,-320000000.0,-218000000.0,-1000000.0,951000000.0,0.0,867000000.0,867000000.0,867000000.0,0.0,0.0,0.135,2423000000.0,1420000000.0,311000000,0.445,7.515,18.454,18.729,1124000000,0.0,87.09,2.497,2.512,581000000,2246000000.0,6408000000.0,6408000000.0,0.0,0.101,0.405,0.345,0.226,44000000.0,2322000000.0,1.0,183715145,184800000,185700000.0,34.675,3022000000,62000000,449000000.0,833000000,16.353,119000000
20,KDP,ART,2016-06-30,2016-07-27,2016-06-30,2021-07-29,-202000000,8406000000,8466000000.0,1325000000,7081000000,0.751,11.535,-193000000.0,245000000,245000000,2555000000.0,829000000.0,1.132,2.924,2930000000,9000000,2921000000,2930000000,1214000000,226000000.0,0,0.021,2.02,1410000000.0,1636000000.0,0.257,1636000000.0,1410000000.0,1282000000.0,4.41,4.37,4.41,2142000000,2156000000.0,2142000000,20520920596.0,15.0,12.543,856000000.0,4.61,1.0,3803000000.0,0.598,5644000000,128000000.0,4277000000,3991000000.0,236000000,35000000,0,35000000,6264000000,1170000000,5094000000,17835920596.0,118000000.0,-26000000.0,-553000000.0,241000000.0,-373000000.0,-700000000.0,-226000000.0,-1000000.0,1049000000.0,-5000000.0,829000000.0,829000000.0,829000000.0,0.0,0.0,0.13,2419000000.0,1384000000.0,359000000,0.458,8.327,21.515,21.814,1129000000,0.0,96.2,2.805,2.81,642000000,2248000000.0,6358000000.0,6358000000.0,0.0,0.098,0.385,0.353,0.222,45000000.0,2311000000.0,1.0,185404580,185700000,186500000.0,34.238,2762000000,64000000,453000000.0,861000000,14.873,155000000
21,KDP,ART,2016-03-31,2016-04-27,2016-03-31,2021-07-29,-187000000,8364000000,8431250000.0,1283000000,7081000000,0.749,11.205,-166000000.0,275000000,275000000,2559000000.0,789000000.0,1.091,2.979,2915000000,8000000,2907000000,2915000000,1230000000,227000000.0,0,0.022,1.97,1344000000.0,1571000000.0,0.249,1571000000.0,1344000000.0,1221000000.0,4.16,4.12,4.16,2102000000,2186000000.0,2102000000,19433690006.0,14.0,12.37,901000000.0,4.803,1.0,3759000000.0,0.595,5650000000,123000000.0,4178000000,3799500000.0,235000000,36000000,0,36000000,6262000000,1176000000,5086000000,16793690006.0,182000000.0,-26000000.0,-547000000.0,243000000.0,-366000000.0,-687000000.0,-194000000.0,0.0,1067000000.0,-4000000.0,789000000.0,789000000.0,789000000.0,0.0,0.0,0.125,2418000000.0,1341000000.0,357000000,0.474,7.989,21.285,21.726,1136000000,0.0,90.38,2.658,2.684,576000000,2194000000.0,6318000000.0,6318000000.0,0.0,0.094,0.361,0.354,0.213,46000000.0,2307000000.0,1.0,185812016,187600000,189000000.0,33.678,2714000000,66000000,432000000.0,856000000,14.467,107000000
22,KDP,ART,2015-12-31,2016-02-23,2015-12-31,2021-07-29,-195000000,8869000000,8403250000.0,1817000000,7052000000,0.748,11.435,-159000000.0,911000000,911000000,2559000000.0,764000000.0,1.148,3.063,3382000000,507000000,2875000000,3382000000,1245000000,227000000.0,0,0.021,1.92,1301000000.0,1528000000.0,0.243,1528000000.0,1301000000.0,1184000000.0,4.0,3.97,4.0,2183000000,2215750000.0,2183000000,19724060395.0,15.0,12.908,832000000.0,4.358,1.0,3723000000.0,0.593,5651000000,117000000.0,4106000000,3642750000.0,209000000,31000000,0,31000000,6686000000,1583000000,5103000000,17253060395.0,674000000.0,-20000000.0,-491000000.0,745000000.0,-355000000.0,-114000000.0,-194000000.0,-15000000.0,991000000.0,-9000000.0,764000000.0,764000000.0,764000000.0,0.0,0.0,0.122,2425000000.0,1298000000.0,277000000,0.48,7.903,22.583,23.023,1156000000,0.0,92.09,2.746,2.798,570000000,2165000000.0,6282000000.0,6282000000.0,0.0,0.091,0.345,0.357,0.207,44000000.0,2313000000.0,1.0,187349988,190900000,192400000.0,32.907,3218000000,64000000,420000000.0,814000000,16.857,234000000
23,KDP,ART,2015-09-30,2015-10-22,2015-09-30,2021-07-29,-190000000,8225000000,8254250000.0,1222000000,7003000000,0.757,11.539,-125000000.0,207000000,207000000,2563000000.0,729000000.0,0.769,2.744,2635000000,505000000,2130000000,2635000000,1262000000,229000000.0,0,0.021,1.85,1235000000.0,1464000000.0,0.234,1464000000.0,1235000000.0,1123000000.0,3.81,3.77,3.81,2197000000,2243500000.0,2197000000,19352730458.0,16.0,13.219,851000000.0,4.47,1.0,3682000000.0,0.59,5661000000,112000000.0,3403000000,3595000000.0,201000000,31000000,0,31000000,6028000000,1589000000,4439000000,16924730458.0,-59000000.0,-39000000.0,-491000000.0,0.0,-344000000.0,-842000000.0,-180000000.0,-15000000.0,976000000.0,-13000000.0,729000000.0,729000000.0,729000000.0,0.0,0.0,0.117,2450000000.0,1232000000.0,310000000,0.486,7.704,23.216,23.517,1077000000,0.0,89.6,2.71,2.732,571000000,2072000000.0,6245000000.0,6245000000.0,0.0,0.088,0.325,0.344,0.198,46000000.0,2337000000.0,1.0,188892081,190400000,191500000.0,32.799,2564000000,135000000,394000000.0,871000000,13.466,-367000000
24,KDP,ART,2015-06-30,2015-07-23,2015-06-30,2021-07-29,-149000000,8267000000,8263250000.0,1259000000,7008000000,0.75,11.818,-129000000.0,127000000,127000000,2548000000.0,715000000.0,0.806,2.655,2602000000,505000000,2097000000,2602000000,1280000000,230000000.0,0,0.023,1.78,1211000000.0,1441000000.0,0.232,1441000000.0,1211000000.0,1100000000.0,3.72,3.68,3.72,2262000000,2285000000.0,2262000000,17222856687.0,14.0,11.952,804000000.0,4.201,1.0,3650000000.0,0.589,5668000000,111000000.0,3511000000,3703500000.0,217000000,13000000,0,13000000,6005000000,1563000000,4442000000,14747856687.0,-8000000.0,-19000000.0,-410000000.0,-70000000.0,-332000000.0,-768000000.0,-164000000.0,-15000000.0,933000000.0,-9000000.0,715000000.0,715000000.0,715000000.0,0.0,0.0,0.115,2439000000.0,1211000000.0,305000000,0.478,6.52,20.626,20.769,1095000000,0.0,77.26,2.379,2.386,630000000,1962000000.0,6198000000.0,6198000000.0,0.0,0.087,0.313,0.327,0.195,47000000.0,2326000000.0,1.0,190886056,191400000,192400000.0,32.382,2599000000,130000000,385000000.0,889000000,13.579,-304000000
25,KDP,ART,2015-03-31,2015-04-23,2015-03-31,2021-07-29,-162000000,8252000000,8253000000.0,1194000000,7058000000,0.748,11.508,-144000000.0,93000000,93000000,2539000000.0,705000000.0,0.768,2.715,2617000000,504000000,2113000000,2617000000,1296000000,231000000.0,0,0.022,1.71,1192000000.0,1423000000.0,0.23,1423000000.0,1192000000.0,1082000000.0,3.64,3.6,3.64,2221000000,2286750000.0,2221000000,17661138686.0,15.0,12.411,850000000.0,4.404,1.0,3635000000.0,0.589,5670000000,110000000.0,3551000000,3814750000.0,228000000,13000000,0,13000000,6031000000,1555000000,4476000000,15137138686.0,-27000000.0,-19000000.0,-439000000.0,-150000000.0,-321000000.0,-826000000.0,-187000000.0,-15000000.0,994000000.0,-8000000.0,705000000.0,705000000.0,705000000.0,0.0,0.0,0.114,2445000000.0,1190000000.0,350000000,0.47,6.815,21.471,21.69,1115000000,0.0,78.95,2.452,2.468,572000000,1835000000.0,6174000000.0,6174000000.0,0.0,0.085,0.308,0.312,0.193,46000000.0,2332000000.0,1.0,191730699,193000000,194600000.0,31.99,2582000000,140000000,377000000.0,878000000,13.378,-361000000
26,KDP,ART,2014-12-31,2015-02-19,2014-12-31,2021-07-29,-137000000,8273000000,8246750000.0,1211000000,7062000000,0.742,11.716,-162000000.0,237000000,237000000,2491000000.0,703000000.0,1.167,2.606,2591000000,3000000,2588000000,2591000000,1314000000,235000000.0,0,0.021,1.64,1183000000.0,1418000000.0,0.232,1418000000.0,1183000000.0,1074000000.0,3.59,3.56,3.59,2294000000,2288000000.0,2294000000,17447546149.0,15.0,12.304,860000000.0,4.392,1.0,3630000000.0,0.593,5674000000,109000000.0,3915000000,3926250000.0,204000000,14000000,0,14000000,5979000000,1038000000,4941000000,15093546149.0,84000000.0,-19000000.0,-359000000.0,-65000000.0,-317000000.0,-747000000.0,-185000000.0,0.0,1022000000.0,-6000000.0,703000000.0,703000000.0,703000000.0,0.0,0.0,0.115,2450000000.0,1180000000.0,289000000,0.457,6.58,21.47,21.788,1141000000,0.0,78.22,2.466,2.502,556000000,1771000000.0,6121000000.0,6121000000.0,0.0,0.085,0.307,0.301,0.193,48000000.0,2334000000.0,1.0,192962748,195800000,197400000.0,31.261,2599000000,141000000,371000000.0,811000000,13.274,173000000
27,KDP,ART,2014-09-30,2014-10-23,2014-09-30,2021-07-29,-99000000,8261000000,8228750000.0,1241000000,7020000000,0.738,12.13,-164000000.0,266000000,266000000,2460000000.0,709000000.0,1.212,2.496,2541000000,2000000,2539000000,2541000000,1332000000,234000000.0,0,0.024,1.61,1190000000.0,1424000000.0,0.234,1424000000.0,1190000000.0,1081000000.0,3.61,3.57,3.61,2363000000,2283750000.0,2363000000,15290714619.0,13.0,10.738,855000000.0,4.389,1.0,3615000000.0,0.595,5675000000,109000000.0,3837000000,3925000000.0,191000000,15000000,0,15000000,5898000000,1024000000,4874000000,13015714619.0,147000000.0,0.0,-399000000.0,0.0,-314000000.0,-701000000.0,-167000000.0,0.0,1019000000.0,-4000000.0,709000000.0,709000000.0,709000000.0,0.0,0.0,0.117,2427000000.0,1188000000.0,319000000,0.446,5.508,18.358,18.546,1108000000,0.0,66.95,2.143,2.147,546000000,1702000000.0,6075000000.0,6075000000.0,0.0,0.086,0.31,0.303,0.196,44000000.0,2254000000.0,1.0,194409479,194800000,196200000.0,31.186,2586000000,134000000,372000000.0,809000000,13.275,217000000
28,KDP,ART,2014-06-30,2014-07-24,2014-06-30,2021-07-29,-85000000,8226000000,8195750000.0,1189000000,7037000000,0.736,11.541,-182000000.0,135000000,135000000,2452000000.0,728000000.0,1.119,2.625,2609000000,72000000,2537000000,2609000000,1351000000,236000000.0,0,0.026,1.58,750000000.0,986000000.0,0.163,986000000.0,750000000.0,639000000.0,3.66,3.62,3.66,2269000000,2270000000.0,2269000000,14372781102.0,19.0,14.577,846000000.0,4.303,1.0,3583000000.0,0.594,5681000000,111000000.0,3956000000,3938750000.0,213000000,15000000,0,15000000,5957000000,1063000000,4894000000,11898781102.0,22000000.0,0.0,-449000000.0,2000000.0,-311000000.0,-817000000.0,-188000000.0,0.0,1028000000.0,-1000000.0,728000000.0,728000000.0,728000000.0,0.0,0.0,0.121,2411000000.0,1172000000.0,313000000,0.432,5.244,16.344,16.661,1122000000,0.0,60.98,1.972,1.987,589000000,1594000000.0,6035000000.0,6035000000.0,0.0,0.089,0.321,0.19,0.124,40000000.0,2236000000.0,1.0,195125961,196600000,197800000.0,30.697,2545000000,147000000,-89000000.0,830000000,12.945,126000000
29,KDP,ART,2014-03-31,2014-04-23,2014-03-31,2021-07-29,-91000000,8227000000,8316500000.0,1173000000,7054000000,0.723,11.248,-186000000.0,120000000,120000000,2463000000.0,673000000.0,1.062,2.696,2675000000,152000000,2523000000,2675000000,1366000000,237000000.0,0,0.028,1.55,728000000.0,965000000.0,0.16,965000000.0,728000000.0,613000000.0,3.35,3.32,3.35,2226000000,2278750000.0,2226000000,13253624245.0,18.0,13.734,749000000.0,3.785,1.0,3552000000.0,0.591,5680000000,115000000.0,3997000000,4058750000.0,226000000,15000000,0,15000000,6001000000,1105000000,4896000000,10698624245.0,-88000000.0,0.0,-323000000.0,-100000000.0,-307000000.0,-828000000.0,-189000000.0,0.0,935000000.0,-6000000.0,673000000.0,673000000.0,673000000.0,0.0,0.0,0.112,2443000000.0,1109000000.0,295000000,0.463,4.806,15.897,16.263,1149000000,0.0,54.48,1.779,1.792,557000000,1466000000.0,6015000000.0,6015000000.0,0.0,0.081,0.295,0.179,0.121,39000000.0,2263000000.0,1.0,196377097,197900000,199500000.0,30.394,2547000000,144000000,-60000000.0,834000000,12.87,68000000
30,KDP,ART,2013-12-31,2014-02-20,2013-12-31,2021-07-29,-88000000,8201000000,8477750000.0,1119000000,7082000000,0.707,11.222,-178000000.0,153000000,153000000,2499000000.0,624000000.0,1.086,2.602,2574000000,66000000,2508000000,2574000000,1383000000,234000000.0,0,0.03,1.52,666000000.0,900000000.0,0.15,900000000.0,666000000.0,543000000.0,3.08,3.05,3.08,2277000000,2282000000.0,2277000000,12574699059.0,19.0,13.972,688000000.0,3.391,1.0,3498000000.0,0.583,5682000000,123000000.0,3910000000,4198500000.0,200000000,15000000,0,15000000,5924000000,1030000000,4894000000,10153699059.0,-213000000.0,-10000000.0,-385000000.0,-185000000.0,-302000000.0,-880000000.0,-195000000.0,0.0,866000000.0,-4000000.0,624000000.0,624000000.0,624000000.0,0.0,0.0,0.104,2452000000.0,1046000000.0,271000000,0.494,4.459,16.272,16.711,1173000000,0.0,51.47,1.693,1.741,564000000,1393000000.0,5997000000.0,5997000000.0,0.0,0.074,0.273,0.159,0.111,37000000.0,2272000000.0,1.0,197274122,202900000,204500000.0,29.556,2519000000,151000000,-81000000.0,788000000,12.415,89000000
31,KDP,ART,2013-09-30,2013-10-24,2013-09-30,2021-07-29,-103000000,8129000000,8659500000.0,1059000000,7070000000,0.695,11.353,-159000000.0,119000000,119000000,2521000000.0,638000000.0,1.108,2.522,2522000000,1000000,2521000000,2522000000,1401000000,232000000.0,0,0.032,1.48,694000000.0,926000000.0,0.154,926000000.0,694000000.0,569000000.0,3.12,3.09,3.12,2308000000,2282750000.0,2308000000,11730892791.0,17.0,12.668,651000000.0,3.202,1.0,3497000000.0,0.581,5684000000,125000000.0,3892000000,4337750000.0,196000000,14000000,0,14000000,5821000000,956000000,4865000000,9327892791.0,-264000000.0,-10000000.0,-367000000.0,-200000000.0,-296000000.0,-893000000.0,-177000000.0,0.0,810000000.0,-4000000.0,638000000.0,638000000.0,638000000.0,0.0,0.0,0.106,2423000000.0,1074000000.0,271000000,0.474,4.042,14.621,14.901,1155000000,0.0,46.49,1.55,1.571,531000000,1313000000.0,6018000000.0,6018000000.0,0.0,0.074,0.279,0.16,0.115,37000000.0,2300000000.0,1.0,200642994,203300000,204700000.0,29.602,2445000000,148000000,-69000000.0,764000000,12.027,103000000
32,KDP,ART,2013-06-30,2013-07-24,2013-06-30,2021-07-29,-104000000,8709000000,8874500000.0,1213000000,7496000000,0.676,11.289,-162000000.0,113000000,113000000,2497000000.0,610000000.0,1.14,2.78,2590000000,69000000,2521000000,2590000000,1416000000,230000000.0,0,0.031,1.44,1134000000.0,1364000000.0,0.227,1364000000.0,1134000000.0,1007000000.0,2.95,2.92,2.95,2304000000,2285250000.0,2304000000,11906247202.0,10.0,8.729,613000000.0,3.003,1.0,3506000000.0,0.584,5686000000,127000000.0,4436000000,4356750000.0,222000000,14000000,0,14000000,6405000000,1064000000,5341000000,9429247202.0,-190000000.0,-10000000.0,-352000000.0,-132000000.0,-291000000.0,-786000000.0,-177000000.0,0.0,775000000.0,-2000000.0,610000000.0,610000000.0,610000000.0,0.0,0.0,0.102,2424000000.0,1082000000.0,299000000,0.488,4.093,15.458,15.702,1169000000,0.0,46.32,1.571,1.575,625000000,1184000000.0,6003000000.0,6003000000.0,0.0,0.069,0.267,0.26,0.189,37000000.0,2298000000.0,1.0,203567513,204100000,205500000.0,29.412,3023000000,153000000,397000000.0,730000000,14.811,149000000
33,KDP,ART,2013-03-31,2013-04-24,2013-03-31,2021-07-29,-97000000,8872000000,8924000000.0,1280000000,7592000000,0.674,10.943,-168000000.0,208000000,208000000,2506000000.0,633000000.0,1.056,2.962,2797000000,250000000,2547000000,2797000000,1434000000,237000000.0,0,0.029,1.4,1108000000.0,1345000000.0,0.224,1345000000.0,1108000000.0,981000000.0,3.03,2.99,3.03,2239000000,2283000000.0,2239000000,12422362501.0,11.0,9.236,675000000.0,3.299,1.0,3507000000.0,0.583,5693000000,127000000.0,4556000000,4229250000.0,216000000,15000000,0,15000000,6633000000,1212000000,5421000000,9833362501.0,16000000.0,-10000000.0,-397000000.0,50000000.0,-286000000.0,-644000000.0,-184000000.0,0.0,843000000.0,1000000.0,633000000.0,633000000.0,633000000.0,0.0,0.0,0.105,2410000000.0,1097000000.0,317000000,0.462,4.392,15.535,15.904,1186000000,0.0,48.19,1.635,1.64,583000000,1107000000.0,6013000000.0,6013000000.0,0.0,0.071,0.277,0.262,0.184,36000000.0,2278000000.0,1.0,204054005,204600000,206300000.0,29.389,3179000000,193000000,348000000.0,688000000,15.538,68000000
34,KDP,ART,2012-12-31,2013-02-21,2012-12-31,2021-07-29,-110000000,8928000000,8902000000.0,1335000000,7593000000,0.673,10.826,-186000000.0,366000000,366000000,2500000000.0,629000000.0,1.084,2.916,2804000000,250000000,2554000000,2804000000,1451000000,240000000.0,0,0.032,1.36,1103000000.0,1343000000.0,0.224,1343000000.0,1103000000.0,978000000.0,2.99,2.96,2.99,2280000000,2288250000.0,2280000000,11106632503.0,10.0,8.27,272000000.0,1.292,1.0,3495000000.0,0.583,5667000000,125000000.0,4467000000,4142500000.0,197000000,14000000,0,14000000,6648000000,1232000000,5416000000,8668632503.0,-335000000.0,0.0,-378000000.0,50000000.0,-284000000.0,-603000000.0,-193000000.0,0.0,458000000.0,3000000.0,629000000.0,629000000.0,629000000.0,0.0,0.0,0.105,2403000000.0,1092000000.0,283000000,0.455,3.802,13.782,14.237,1202000000,0.0,42.57,1.446,1.495,552000000,1080000000.0,5995000000.0,5995000000.0,0.0,0.071,0.275,0.266,0.184,35000000.0,2268000000.0,1.0,203632429,210600000,212300000.0,28.466,3261000000,196000000,349000000.0,675000000,15.484,103000000
35,KDP,ART,2012-09-30,2012-10-24,2012-09-30,2021-07-29,-98000000,8989000000,8990750000.0,1396000000,7593000000,0.664,11.017,-203000000.0,383000000,383000000,2499000000.0,625000000.0,0.804,2.878,2766000000,701000000,2065000000,2766000000,1467000000,247000000.0,0,0.031,1.34,1084000000.0,1331000000.0,0.223,1331000000.0,1084000000.0,961000000.0,2.94,2.92,2.94,2318000000,2284000000.0,2318000000,11250652064.0,10.0,8.453,241000000.0,1.145,1.0,3473000000.0,0.582,5668000000,123000000.0,3968000000,3955250000.0,207000000,14000000,0,14000000,6671000000,1736000000,4935000000,8867652064.0,-268000000.0,0.0,-330000000.0,100000000.0,-281000000.0,-502000000.0,-215000000.0,-2000000.0,444000000.0,5000000.0,625000000.0,625000000.0,625000000.0,0.0,0.0,0.105,2402000000.0,1071000000.0,297000000,0.456,3.826,14.188,14.493,1194000000,0.0,42.61,1.485,1.501,546000000,981000000.0,5972000000.0,5972000000.0,0.0,0.07,0.274,0.274,0.182,36000000.0,2266000000.0,1.0,208111994,210400000,212000000.0,28.384,3321000000,228000000,336000000.0,683000000,15.784,-340000000
36,KDP,ART,2012-06-30,2012-07-26,2012-06-30,2021-07-29,-105000000,8907000000,9040750000.0,1391000000,7516000000,0.661,10.831,-193000000.0,303000000,303000000,2545000000.0,600000000.0,0.802,2.881,2721000000,701000000,2020000000,2721000000,1482000000,246000000.0,0,0.03,1.32,1038000000.0,1284000000.0,0.215,1284000000.0,1038000000.0,916000000.0,2.8,2.79,2.8,2295000000,2268500000.0,2295000000,11821380137.0,11.0,9.207,270000000.0,1.274,1.0,3428000000.0,0.574,5665000000,122000000.0,3926000000,3904750000.0,217000000,13000000,0,13000000,6612000000,1734000000,4878000000,9403380137.0,-247000000.0,0.0,-329000000.0,100000000.0,-281000000.0,-499000000.0,-205000000.0,-2000000.0,463000000.0,-6000000.0,600000000.0,600000000.0,600000000.0,0.0,0.0,0.1,2404000000.0,1024000000.0,337000000,0.471,4.097,15.672,15.95,1141000000,0.0,44.66,1.574,1.584,615000000,874000000.0,5973000000.0,5973000000.0,0.0,0.066,0.264,0.266,0.174,34000000.0,2264000000.0,1.0,210554862,211900000,213300000.0,28.188,3242000000,225000000,316000000.0,677000000,15.3,-343000000
37,KDP,ART,2012-03-31,2012-04-25,2012-03-31,2021-07-29,-86000000,8784000000,9121000000.0,1261000000,7523000000,0.651,10.63,-205000000.0,192000000,192000000,2522000000.0,594000000.0,0.893,2.887,2699000000,452000000,2247000000,2699000000,1499000000,235000000.0,0,0.033,1.3,1030000000.0,1265000000.0,0.213,1265000000.0,1030000000.0,911000000.0,2.74,2.73,2.74,2260000000,2279000000.0,2260000000,10834039187.0,11.0,8.564,179000000.0,0.842,1.0,3412000000.0,0.575,5670000000,119000000.0,4209000000,3930500000.0,225000000,14000000,0,14000000,6524000000,1412000000,5112000000,8327039187.0,-465000000.0,0.0,-481000000.0,100000000.0,-263000000.0,-629000000.0,-216000000.0,-2000000.0,384000000.0,-4000000.0,594000000.0,594000000.0,594000000.0,0.0,0.0,0.1,2398000000.0,1014000000.0,313000000,0.474,3.685,14.019,14.347,1149000000,0.0,39.31,1.403,1.408,564000000,769000000.0,5934000000.0,5934000000.0,0.0,0.065,0.261,0.262,0.174,34000000.0,2263000000.0,1.0,211830048,212600000,213900000.0,27.912,3114000000,218000000,317000000.0,642000000,14.647,-151000000
38,KDP,ART,2011-12-31,2012-02-22,2011-12-31,2021-07-29,-110000000,9283000000,9253500000.0,1757000000,7526000000,0.638,10.348,-212000000.0,701000000,701000000,2485000000.0,606000000.0,0.917,3.102,2708000000,452000000,2256000000,2708000000,1514000000,232000000.0,0,0.031,1.21,1040000000.0,1272000000.0,0.215,1272000000.0,1040000000.0,926000000.0,2.77,2.74,2.77,2263000000,2321500000.0,2263000000,10252419585.0,10.0,8.06,548000000.0,2.506,1.0,3418000000.0,0.579,5657000000,114000000.0,3718000000,3916750000.0,212000000,13000000,0,13000000,7020000000,1915000000,5105000000,8245419585.0,386000000.0,0.0,-502000000.0,600000000.0,-251000000.0,-152000000.0,-217000000.0,-2000000.0,760000000.0,-5000000.0,606000000.0,606000000.0,606000000.0,0.0,0.0,0.103,2394000000.0,1024000000.0,265000000,0.437,3.644,13.606,14.036,1152000000,0.0,38.88,1.397,1.44,585000000,740000000.0,5903000000.0,5903000000.0,0.0,0.065,0.261,0.266,0.176,34000000.0,2257000000.0,1.0,212073549,218700000,221200000.0,26.991,3626000000,227000000,320000000.0,1116000000,16.58,-158000000
39,KDP,ART,2011-09-30,2011-10-26,2011-09-30,2021-07-29,-97000000,9189000000,9147500000.0,1695000000,7494000000,0.64,10.444,-220000000.0,651000000,651000000,2435000000.0,552000000.0,0.982,3.073,2611000000,401000000,2210000000,2611000000,1529000000,225000000.0,0,0.03,1.14,948000000.0,1173000000.0,0.2,1173000000.0,948000000.0,829000000.0,2.49,2.47,2.49,2256000000,2370500000.0,2256000000,10087196751.0,11.0,8.599,1356000000.0,6.278,1.0,3419000000.0,0.584,5657000000,119000000.0,3766000000,3892750000.0,260000000,11000000,0,11000000,6933000000,1726000000,5207000000,8127196751.0,427000000.0,0.0,-610000000.0,-73000000.0,-241000000.0,-925000000.0,-220000000.0,0.0,1576000000.0,-4000000.0,552000000.0,552000000.0,552000000.0,0.0,0.0,0.094,2398000000.0,1021000000.0,878000000,0.458,3.602,14.723,15.225,1121000000,0.0,37.91,1.388,1.399,541000000,643000000.0,5854000000.0,5854000000.0,0.0,0.06,0.233,0.244,0.162,32000000.0,2255000000.0,1.0,214381344,216000000,218200000.0,27.102,3532000000,211000000,277000000.0,1104000000,16.352,-31000000
40,KDP,ART,2011-06-30,2011-07-27,2011-06-30,2021-07-29,-22000000,9228000000,9047750000.0,1695000000,7533000000,0.639,10.532,-233000000.0,550000000,550000000,2363000000.0,542000000.0,1.086,2.949,2586000000,402000000,2184000000,2586000000,1550000000,225000000.0,0,0.028,1.07,944000000.0,1169000000.0,0.202,1169000000.0,944000000.0,824000000.0,2.39,2.36,2.39,2337000000,2452750000.0,2337000000,10417178050.0,11.0,8.911,1292000000.0,5.822,1.0,3419000000.0,0.591,5674000000,120000000.0,4029000000,4070250000.0,275000000,12000000,0,12000000,6891000000,1561000000,5330000000,8381178050.0,139000000.0,0.0,-863000000.0,-73000000.0,-229000000.0,-1163000000.0,-230000000.0,-1000000.0,1525000000.0,7000000.0,542000000.0,542000000.0,542000000.0,0.0,0.0,0.094,2399000000.0,1020000000.0,850000000,0.448,3.586,15.463,16.163,1147000000,0.0,38.63,1.45,1.483,610000000,559000000.0,5782000000.0,5782000000.0,0.0,0.06,0.221,0.232,0.163,33000000.0,2260000000.0,1.0,216960343,221900000,224400000.0,26.057,3554000000,212000000,282000000.0,1109000000,16.016,134000000
41,KDP,ART,2011-03-31,2011-04-27,2011-03-31,2021-07-29,-26000000,9314000000,8985250000.0,1773000000,7541000000,0.636,10.868,-227000000.0,657000000,657000000,2294000000.0,553000000.0,1.255,2.833,2585000000,403000000,2182000000,2585000000,1565000000,226000000.0,0,0.025,1.0,964000000.0,1190000000.0,0.208,1190000000.0,964000000.0,843000000.0,2.36,2.33,2.36,2430000000,2574250000.0,2430000000,10795808951.0,11.0,9.072,1372000000.0,6.136,1.0,3425000000.0,0.599,5675000000,121000000.0,4154000000,4187250000.0,264000000,12000000,0,12000000,6884000000,1413000000,5471000000,8867808951.0,86000000.0,0.0,-1005000000.0,-73000000.0,-212000000.0,-1292000000.0,-224000000.0,-1000000.0,1599000000.0,3000000.0,553000000.0,553000000.0,553000000.0,0.0,0.0,0.097,2385000000.0,1040000000.0,817000000,0.424,3.649,16.036,16.975,1153000000,0.0,40.06,1.551,1.566,561000000,458000000.0,5719000000.0,5719000000.0,0.0,0.062,0.215,0.23,0.169,31000000.0,2249000000.0,1.0,221363179,223600000,226300000.0,25.577,3639000000,208000000,290000000.0,1126000000,16.275,360000000
42,KDP,ART,2010-12-31,2011-02-22,2010-12-31,2021-07-29,-28000000,8859000000,8936000000.0,1309000000,7550000000,0.631,10.229,-228000000.0,315000000,315000000,2243000000.0,528000000.0,0.978,2.603,2091000000,404000000,1687000000,2091000000,1580000000,223000000.0,0,0.025,0.9,950000000.0,1173000000.0,0.208,1173000000.0,950000000.0,822000000.0,2.19,2.17,2.19,2459000000,2732250000.0,2459000000,9794296766.0,10.0,8.35,2307000000.0,9.597,1.0,3393000000.0,0.602,5675000000,128000000.0,3622000000,4292750000.0,244000000,11000000,0,11000000,6400000000,1338000000,5062000000,8018296766.0,35000000.0,0.0,-1107000000.0,-978000000.0,-194000000.0,-2280000000.0,-225000000.0,-1000000.0,2535000000.0,5000000.0,528000000.0,528000000.0,528000000.0,0.0,0.0,0.094,2368000000.0,1025000000.0,851000000,0.411,3.261,15.186,16.347,1168000000,0.0,35.8,1.423,1.527,536000000,400000000.0,5636000000.0,5636000000.0,0.0,0.059,0.193,0.221,0.169,29000000.0,2233000000.0,1.0,223974770,240400000,242600000.0,23.444,3184000000,201000000,294000000.0,1101000000,13.245,-29000000
43,KDP,ART,2010-09-30,2010-10-27,2010-09-30,2021-07-29,-40000000,8790000000,8915250000.0,1299000000,7491000000,0.626,10.861,-248000000.0,224000000,224000000,2217000000.0,530000000.0,1.32,2.4,2571000000,0,2571000000,2571000000,879000000,221000000.0,0,0.022,0.8,1016000000.0,1237000000.0,0.222,1237000000.0,1016000000.0,837000000.0,2.16,2.13,2.16,2585000000,2914250000.0,2585000000,10631320538.0,10.0,8.594,1455000000.0,6.113,1.0,3363000000.0,0.603,5677000000,179000000.0,4476000000,4616500000.0,283000000,11000000,0,11000000,6205000000,984000000,5221000000,8284320538.0,-58000000.0,0.0,-909000000.0,-475000000.0,-136000000.0,-1518000000.0,-245000000.0,-77000000.0,1703000000.0,2000000.0,530000000.0,530000000.0,530000000.0,0.0,0.0,0.095,2355000000.0,1008000000.0,947000000,0.37,3.205,15.631,16.889,1123000000,0.0,36.48,1.485,1.556,527000000,346000000.0,5580000000.0,5580000000.0,0.0,0.059,0.182,0.22,0.182,27000000.0,2221000000.0,1.0,227092120,238000000,240400000.0,23.445,3113000000,197000000,307000000.0,1084000000,13.08,315000000
44,KDP,ART,2010-06-30,2010-07-29,2010-06-30,2021-07-29,-56000000,8978000000,8902750000.0,1503000000,7475000000,0.624,11.546,-276000000.0,411000000,411000000,2196000000.0,537000000.0,1.566,2.18,2568000000,0,2568000000,2568000000,887000000,217000000.0,0,0.015,0.55,1048000000.0,1265000000.0,0.228,1265000000.0,1048000000.0,849000000.0,2.14,2.12,2.14,2823000000,3037500000.0,2823000000,11023535910.0,11.0,8.714,1484000000.0,6.07,1.0,3361000000.0,0.605,5678000000,199000000.0,4497000000,4732250000.0,269000000,10000000,0,10000000,6155000000,960000000,5195000000,8866535910.0,176000000.0,0.0,-556000000.0,-675000000.0,-76000000.0,-1311000000.0,-276000000.0,-76000000.0,1760000000.0,3000000.0,537000000.0,537000000.0,537000000.0,0.0,0.0,0.097,2341000000.0,1020000000.0,884000000,0.257,3.141,16.511,17.346,1110000000,0.0,37.12,1.596,1.633,575000000,260000000.0,5557000000.0,5557000000.0,0.0,0.06,0.177,0.221,0.189,24000000.0,2204000000.0,1.0,238861420,244500000,246700000.0,22.728,3300000000,191000000,312000000.0,1082000000,13.497,543000000
45,KDP,ART,2010-03-31,2010-05-06,2010-03-31,2021-07-29,-41000000,9117000000,8840750000.0,1630000000,7487000000,0.624,12.088,-289000000.0,571000000,571000000,2199000000.0,512000000.0,1.918,1.977,2566000000,0,2566000000,2566000000,897000000,212000000.0,0,0.009,0.3,1035000000.0,1247000000.0,0.226,1247000000.0,1035000000.0,813000000.0,2.01,2.0,2.01,3062000000,3061750000.0,3062000000,10439383310.0,10.0,8.372,1385000000.0,5.468,1.0,3320000000.0,0.602,5686000000,222000000.0,4576000000,4915000000.0,270000000,10000000,0,10000000,6055000000,850000000,5205000000,8444383310.0,352000000.0,0.0,-201000000.0,-800000000.0,-38000000.0,-1043000000.0,-291000000.0,-76000000.0,1674000000.0,12000000.0,512000000.0,512000000.0,512000000.0,0.0,0.0,0.093,2313000000.0,1007000000.0,798000000,0.149,2.758,16.493,17.1,1106000000,0.0,34.37,1.53,1.577,529000000,138000000.0,5519000000.0,5519000000.0,0.0,0.058,0.167,0.211,0.188,22000000.0,2167000000.0,1.0,245690524,253300000,255100000.0,21.788,3431000000,201000000,301000000.0,1058000000,13.545,780000000
46,KDP,ART,2009-12-31,2010-03-01,2009-12-31,2021-07-29,-59000000,8776000000,8721500000.0,1279000000,7497000000,0.634,12.537,-312000000.0,280000000,280000000,2234000000.0,555000000.0,1.498,1.754,2960000000,0,2960000000,2960000000,0,207000000.0,0,0.005,0.15,1113000000.0,1320000000.0,0.239,1320000000.0,1113000000.0,870000000.0,2.18,2.17,2.18,3187000000,2980250000.0,3187000000,10603329334.0,10.0,8.033,553000000.0,2.175,1.0,3297000000.0,0.596,5685000000,243000000.0,4917000000,5091000000.0,262000000,9000000,0,9000000,5589000000,854000000,4735000000,7923329334.0,66000000.0,0.0,1000000.0,-550000000.0,0.0,-554000000.0,-251000000.0,-8000000.0,865000000.0,6000000.0,555000000.0,555000000.0,555000000.0,0.0,0.0,0.1,2212000000.0,1085000000.0,850000000,0.069,2.486,14.276,14.303,1109000000,0.0,31.18,1.433,1.433,540000000,87000000.0,5531000000.0,5531000000.0,0.0,0.064,0.186,0.219,0.201,19000000.0,2135000000.0,1.0,254115758,254200000,255200000.0,21.758,3091000000,204000000,315000000.0,1042000000,12.16,425000000
47,KDP,ART,2009-09-30,2009-11-05,2009-09-30,2021-07-29,-83000000,8740000000,8687000000.0,1283000000,7457000000,0.635,12.109,-315000000.0,282000000,282000000,2293000000.0,-180000000.0,1.471,1.84,3039000000,0,3039000000,3039000000,0,200000000.0,0,0.0,0.0,41000000.0,241000000.0,0.044,241000000.0,41000000.0,-175000000.0,-0.71,-0.71,-0.71,3078000000,2835250000.0,3078000000,9494835624.0,232.0,39.398,572000000.0,2.25,1.0,3223000000.0,0.584,5686000000,216000000.0,4939000000,5224250000.0,275000000,14000000,0,14000000,5662000000,872000000,4790000000,6737835624.0,43000000.0,0.0,0.0,-580000000.0,0.0,-585000000.0,-258000000.0,68000000.0,887000000.0,-1000000.0,-180000000.0,-180000000.0,-180000000.0,0.0,0.0,-0.033,3225000000.0,-2000000.0,851000000,0.0,2.189,-37.432,-37.352,1041000000,0.0,26.52,1.222,1.222,532000000,11000000.0,5516000000.0,5516000000.0,0.0,-0.021,-0.063,0.008,0.007,17000000.0,2085000000.0,1.0,254066200,254200000,255500000.0,21.699,3054000000,228000000,5000000.0,1025000000,12.014,411000000
48,KDP,ART,2009-06-30,2009-08-13,2009-06-30,2021-07-29,-86000000,8730000000,8957500000.0,1310000000,7420000000,0.624,11.487,-292000000.0,235000000,235000000,2434000000.0,-225000000.0,1.605,1.99,3240000000,0,3240000000,3240000000,0,195000000.0,0,0.0,0.0,-29000000.0,166000000.0,0.03,166000000.0,-29000000.0,-253000000.0,-0.89,-0.89,-0.89,2920000000,2898250000.0,2920000000,9350620739.0,-322.0,56.329,510000000.0,2.006,1.0,3153000000.0,0.564,5691000000,224000000.0,5228000000,5373750000.0,284000000,14000000,0,14000000,5810000000,816000000,4994000000,6345620739.0,-65000000.0,0.0,0.0,-620000000.0,0.0,-624000000.0,-235000000.0,68000000.0,802000000.0,-8000000.0,-225000000.0,-225000000.0,-225000000.0,0.0,0.0,-0.04,3214000000.0,-61000000.0,803000000,0.0,2.173,-28.203,-28.067,1013000000,0.0,24.98,1.136,1.137,580000000,-140000000.0,5587000000.0,5587000000.0,0.0,-0.025,-0.078,-0.005,-0.005,14000000.0,2080000000.0,1.0,254028052,254200000,255100000.0,21.979,3039000000,226000000,-28000000.0,1016000000,11.955,494000000
49,KDP,ART,2009-03-31,2009-05-13,2009-03-31,2021-07-29,-112000000,8640000000,9276750000.0,1251000000,7389000000,0.61,10.763,-339000000.0,219000000,219000000,2544000000.0,-275000000.0,1.524,2.158,3366000000,0,3366000000,3366000000,0,196000000.0,0,0.0,0.0,-50000000.0,146000000.0,0.026,146000000.0,-50000000.0,-314000000.0,-1.09,-1.09,-1.09,2736000000,2980000000.0,2736000000,8749728889.0,-175.0,59.93,448000000.0,1.762,1.0,3119000000.0,0.551,5686000000,264000000.0,5280000000,5487500000.0,286000000,12000000,0,12000000,5904000000,821000000,5083000000,5602728889.0,120000000.0,0.0,0.0,317000000.0,0.0,-1715000000.0,1061000000.0,1406000000.0,787000000.0,-13000000.0,-275000000.0,-275000000.0,-275000000.0,0.0,0.0,-0.049,3208000000.0,-89000000.0,804000000,0.0,2.048,-20.374,-20.248,1001000000,0.0,22.07,0.989,0.991,525000000,-298000000.0,5663000000.0,5663000000.0,0.0,-0.03,-0.092,-0.009,-0.009,11000000.0,2066000000.0,1.0,253861753,254200000,254300000.0,22.278,2954000000,219000000,-39000000.0,1009000000,11.621,430000000
50,KDP,ART,2008-12-31,2009-03-26,2008-12-31,2021-07-29,-106000000,8638000000,9765500000.0,1237000000,7401000000,0.585,10.264,-300000000.0,214000000,214000000,2590000000.0,-312000000.0,1.544,2.313,3522000000,0,3522000000,3522000000,0,195000000.0,0,0.0,0.0,-116000000.0,79000000.0,0.014,79000000.0,-116000000.0,-373000000.0,-1.23,-1.23,-1.23,2607000000,3557250000.0,2607000000,7843897550.0,-68.0,99.29,409000000.0,1.61,1.0,3120000000.0,0.546,5695000000,257000000.0,5450000000,5448000000.0,263000000,12000000,0,12000000,6031000000,801000000,5230000000,4535897550.0,147000000.0,0.0,0.0,456000000.0,0.0,-1625000000.0,1074000000.0,1375000000.0,709000000.0,-11000000.0,-312000000.0,-312000000.0,-312000000.0,0.0,0.0,-0.055,3288000000.0,-168000000.0,796000000,0.0,1.74,-14.538,-14.528,990000000,0.0,17.87,0.794,0.795,532000000,-430000000.0,5710000000.0,5710000000.0,0.0,-0.032,-0.088,-0.021,-0.02,9000000.0,2075000000.0,1.0,253827507,254000000,254000000.0,22.48,2943000000,233000000,-61000000.0,986000000,11.587,436000000
51,KDP,ART,2008-09-30,2008-11-13,2008-09-30,2021-07-29,-27000000,9822000000,10238000000.0,1338000000,8484000000,,13.1,,239000000,239000000,,,1.482,1.95,3622000000,35000000,3587000000,3622000000,0,,0,0.0,0.0,,,,,,,,,,3330000000,4160750000.0,3330000000,7997543483.0,,,,,1.0,,,6765000000,,5537000000,5476500000.0,330000000,13000000,0,13000000,6492000000,903000000,5589000000,4614543483.0,,,,,,,,,,,,,,,,,,,862000000,,1.386,,,945000000,,18.19,,,521000000,191000000.0,,,,,,,,,,1.0,253685733,254200000,,,3057000000,257000000,,1282000000,12.026,435000000
52,KDP,ART,2008-06-30,2008-08-13,2008-06-30,2021-07-29,-10000000,10007000000,,1514000000,8493000000,,12.783,,300000000,300000000,,,1.373,2.082,3863000000,220000000,3643000000,3863000000,0,,0,0.0,0.0,,,,,,,,,,3247000000,,3247000000,9344497855.0,,,,,1.0,,,6784000000,,5683000000,,348000000,14000000,0,14000000,6760000000,1103000000,5657000000,5781497855.0,,,,,,,,,,,,,,,,,,,877000000,,1.781,,,930000000,,22.79,,,625000000,85000000.0,,,,,,,,,,1.0,253685733,254000000,,,3223000000,269000000,,1268000000,12.689,411000000
53,KDP,ART,2008-03-31,2008-06-05,2008-03-31,2021-07-29,-3000000,10595000000,,2796000000,7799000000,,19.887,,99000000,99000000,,,1.729,1.1,3039000000,612000000,2427000000,3039000000,0,,0,0.0,0.0,,,,,,,,,,5045000000,,5045000000,9424207335.0,,,,,1.0,,,6796000000,,5122000000,,360000000,13000000,0,13000000,5550000000,1617000000,3933000000,6484207335.0,,,,,,,,,,,,,,,,,,,982000000,,1.285,,,876000000,,25.56,,,2101000000,,,,,,,,,,,1.0,253685733,253685733,,,3799000000,90000000,,1323000000,14.975,1179000000
54,KDP,ART,2007-12-31,2008-04-22,2007-12-31,2021-07-29,20000000,10528000000,9937000000.0,2739000000,7789000000,0.578,19.792,-224000000.0,67000000,67000000,2617000000.0,497000000.0,2.413,1.097,3038000000,126000000,2912000000,3038000000,0,169000000.0,0,,0.0,1072000000.0,1241000000.0,0.216,1241000000.0,1072000000.0,819000000.0,,,,5021000000,4135500000.0,5021000000,,,,379000000.0,1.494,1.0,3131000000.0,0.545,6800000000,253000000.0,5564000000,5072500000.0,325000000,13000000,0,13000000,5507000000,1135000000,4372000000,,32000000.0,-30000000.0,0.0,-610000000.0,0.0,515000000.0,-1087000000.0,-833000000.0,603000000.0,1000000.0,497000000.0,497000000.0,497000000.0,0.0,0.0,0.086,2127000000.0,1004000000.0,987000000,,,,,868000000,0.0,,,,2131000000,,5748000000.0,5748000000.0,0.0,0.05,0.12,0.211,0.186,17000000.0,2018000000.0,1.0,253685733,253685733,,22.658,3728000000,89000000,322000000.0,1346000000,14.695,1604000000
55,KDP,ART,2007-12-31,2008-04-16,2007-12-31,2021-07-29,20000000,10528000000,9937000000.0,2739000000,7789000000,0.578,19.792,-224000000.0,67000000,67000000,2617000000.0,497000000.0,2.413,1.097,3038000000,126000000,2912000000,3038000000,0,169000000.0,0,,0.0,1072000000.0,1241000000.0,0.216,1241000000.0,1072000000.0,819000000.0,,,,5021000000,4135500000.0,5021000000,,,,379000000.0,1.494,1.0,3131000000.0,0.545,6800000000,253000000.0,5564000000,5072500000.0,325000000,13000000,0,13000000,5507000000,1135000000,4372000000,,32000000.0,-30000000.0,0.0,-610000000.0,0.0,515000000.0,-1087000000.0,-833000000.0,603000000.0,1000000.0,497000000.0,497000000.0,497000000.0,0.0,0.0,0.086,2127000000.0,1004000000.0,987000000,,,,,868000000,0.0,,,,2131000000,,5748000000.0,5748000000.0,0.0,0.05,0.12,0.211,0.186,17000000.0,2018000000.0,1.0,253685733,253685733,,22.658,3728000000,89000000,322000000.0,1346000000,14.695,1604000000
56,KDP,ART,2007-12-31,2008-03-20,2007-12-31,2021-07-29,20000000,10528000000,9937000000.0,2739000000,7789000000,0.578,19.792,-224000000.0,67000000,67000000,2617000000.0,497000000.0,2.413,1.097,3038000000,126000000,2912000000,3038000000,0,169000000.0,0,,0.0,1072000000.0,1241000000.0,0.216,1241000000.0,1072000000.0,819000000.0,,,,5021000000,4135500000.0,5021000000,,,,379000000.0,1.494,1.0,3131000000.0,0.545,6800000000,253000000.0,5564000000,5072500000.0,325000000,13000000,0,13000000,5507000000,1135000000,4372000000,,32000000.0,-30000000.0,0.0,-610000000.0,0.0,515000000.0,-1087000000.0,-833000000.0,603000000.0,1000000.0,497000000.0,497000000.0,497000000.0,0.0,0.0,0.086,2127000000.0,1004000000.0,987000000,,,,,868000000,0.0,,,,2131000000,,5748000000.0,5748000000.0,0.0,0.05,0.12,0.211,0.186,17000000.0,2018000000.0,1.0,253685733,253685733,,22.658,3728000000,89000000,322000000.0,1346000000,14.695,1604000000
57,KDP,ART,2006-12-31,2008-02-12,2006-12-31,2021-07-29,1000000,9346000000,,1632000000,7714000000,,12.811,-142000000.0,35000000,35000000,1994000000.0,510000000.0,0.965,1.876,3792000000,708000000,3084000000,3792000000,0,139000000.0,0,,0.0,1065000000.0,1204000000.0,0.254,1204000000.0,1065000000.0,808000000.0,,,,3250000000,,3250000000,,,,439000000.0,1.73,1.0,2741000000.0,0.579,6831000000,257000000.0,4581000000,,300000000,12000000,0,12000000,6096000000,1691000000,4405000000,,7000000.0,-435000000.0,0.0,30000000.0,-80000000.0,-72000000.0,-502000000.0,75000000.0,581000000.0,0.0,510000000.0,510000000.0,510000000.0,0.0,0.0,0.108,1723000000.0,1018000000.0,971000000,,,,,755000000,0.0,,,,1146000000,,4735000000.0,4735000000.0,0.0,,,,0.225,16000000.0,1659000000.0,1.0,253685733,253685733,,18.665,2515000000,70000000,298000000.0,1304000000,9.914,-59000000
58,KDP,ART,2006-12-31,2008-01-11,2006-12-31,2021-07-29,1000000,9346000000,,1632000000,7714000000,,12.811,-142000000.0,35000000,35000000,1994000000.0,510000000.0,0.965,1.876,3792000000,708000000,3084000000,3792000000,0,139000000.0,0,,0.0,1065000000.0,1204000000.0,0.254,1204000000.0,1065000000.0,808000000.0,,,,3250000000,,3250000000,,,,439000000.0,1.73,1.0,2741000000.0,0.579,6831000000,257000000.0,4581000000,,300000000,12000000,0,12000000,6096000000,1691000000,4405000000,,7000000.0,-435000000.0,0.0,30000000.0,-80000000.0,-72000000.0,-502000000.0,75000000.0,581000000.0,0.0,510000000.0,510000000.0,510000000.0,0.0,0.0,0.108,1723000000.0,1018000000.0,971000000,,,,,755000000,0.0,,,,1146000000,,4735000000.0,4735000000.0,0.0,,,,0.225,16000000.0,1659000000.0,1.0,253685733,253685733,,18.665,2515000000,70000000,298000000.0,1304000000,9.914,-59000000
59,KDP,ART,2006-12-31,2007-11-13,2006-12-31,2021-07-29,1000000,9346000000,,1632000000,7714000000,,12.811,-142000000.0,35000000,35000000,1994000000.0,510000000.0,0.965,1.876,3792000000,708000000,3084000000,3792000000,0,139000000.0,0,,0.0,1065000000.0,1204000000.0,0.254,1204000000.0,1065000000.0,808000000.0,,,,3250000000,,3250000000,,,,439000000.0,1.73,1.0,2741000000.0,0.579,6831000000,257000000.0,4581000000,,300000000,12000000,0,12000000,6096000000,1691000000,4405000000,,7000000.0,-435000000.0,0.0,30000000.0,-80000000.0,-72000000.0,-502000000.0,75000000.0,581000000.0,0.0,510000000.0,510000000.0,510000000.0,0.0,0.0,0.108,1723000000.0,1018000000.0,971000000,,,,,755000000,0.0,,,,1146000000,,4735000000.0,4735000000.0,0.0,,,,0.225,16000000.0,1659000000.0,1.0,253685733,253685733,,18.665,2515000000,70000000,298000000.0,1304000000,9.914,-59000000
