None,ticker,dimension,calendardate,datekey,reportperiod,lastupdated,accoci,assets,assetsavg,assetsc,assetsnc,assetturnover,bvps,capex,cashneq,cashnequsd,cor,consolinc,currentratio,de,debt,debtc,debtnc,debtusd,deferredrev,depamor,deposits,divyield,dps,ebit,ebitda,ebitdamargin,ebitdausd,ebitusd,ebt,eps,epsdil,epsusd,equity,equityavg,equityusd,ev,evebit,evebitda,fcf,fcfps,fxusd,gp,grossmargin,intangibles,intexp,invcap,invcapavg,inventory,investments,investmentsc,investmentsnc,liabilities,liabilitiesc,liabilitiesnc,marketcap,ncf,ncfbus,ncfcommon,ncfdebt,ncfdiv,ncff,ncfi,ncfinv,ncfo,ncfx,netinc,netinccmn,netinccmnusd,netincdis,netincnci,netmargin,opex,opinc,payables,payoutratio,pb,pe,pe1,ppnenet,prefdivis,price,ps,ps1,receivables,retearn,revenue,revenueusd,rnd,roa,roe,roic,ros,sbcomp,sgna,sharefactor,sharesbas,shareswa,shareswadil,sps,tangibles,taxassets,taxexp,taxliabilities,tbvps,workingcapital
0,KDP,MRY,2020-12-31,2020-12-31,2020-12-31,2021-07-29,77000000.0,49779000000.0,49257250000.0,2388000000.0,47391000000.0,0.236,16.934,-314000000.0,255000000.0,255000000.0,5132000000.0,1325000000.0,0.31,1.089,13641000000.0,2498000000.0,11143000000.0,13641000000.0,0.0,495000000.0,0.0,0.019,0.6,2357000000.0,2852000000.0,0.245,2852000000.0,2357000000.0,1753000000.0,0.94,0.93,0.94,23829000000.0,23172000000.0,23829000000.0,58863105408.0,25.0,20.639,2142000000.0,1.522,1.0,6486000000.0,0.558,44152000000.0,604000000.0,11319000000.0,12057000000.0,762000000.0,88000000.0,0.0,88000000.0,25949000000.0,7694000000.0,18255000000.0,45032105408.0,144000000.0,-11000000.0,29000000.0,-1173000000.0,-846000000.0,-1990000000.0,-316000000.0,0.0,2456000000.0,-6000000.0,1325000000.0,1325000000.0,1325000000.0,0.0,0.0,0.114,4006000000.0,2480000000.0,3740000000.0,0.638,1.89,33.986,34.043,2212000000.0,0.0,32.0,3.876,3.876,1048000000.0,2061000000.0,11618000000.0,11618000000.0,0.0,0.027,0.057,0.195,0.203,85000000.0,3978000000.0,1.0,1407253294.0,1407200000.0,1422100000.0,8.256,5627000000.0,45000000.0,428000000.0,5993000000.0,3.999,-5306000000.0
1,KDP,MRY,2019-12-31,2019-12-31,2019-12-31,2021-07-29,104000000.0,49518000000.0,49439000000.0,2273000000.0,47245000000.0,0.225,16.533,-118000000.0,101000000.0,101000000.0,4778000000.0,1254000000.0,0.351,1.129,14741000000.0,1914000000.0,12827000000.0,14741000000.0,0.0,484000000.0,0.0,0.021,0.6,2348000000.0,2832000000.0,0.255,2832000000.0,2348000000.0,1694000000.0,0.89,0.88,0.89,23257000000.0,22932000000.0,23257000000.0,55870493261.0,24.0,19.728,2356000000.0,1.675,1.0,6342000000.0,0.57,44289000000.0,654000000.0,13395000000.0,13886500000.0,654000000.0,151000000.0,0.0,151000000.0,26261000000.0,6474000000.0,19787000000.0,40726493261.0,-28000000.0,-56000000.0,0.0,-1525000000.0,-844000000.0,-2364000000.0,-150000000.0,0.0,2474000000.0,12000000.0,1254000000.0,1254000000.0,1254000000.0,0.0,0.0,0.113,3964000000.0,2378000000.0,3176000000.0,0.674,1.751,32.477,32.528,2028000000.0,0.0,28.95,3.662,3.662,1115000000.0,1582000000.0,11120000000.0,11120000000.0,0.0,0.025,0.055,0.169,0.211,64000000.0,3962000000.0,1.0,1406787332.0,1406700000.0,1419100000.0,7.905,5229000000.0,29000000.0,440000000.0,6030000000.0,3.717,-4201000000.0
2,KDP,MRY,2018-12-31,2018-12-31,2018-12-31,2021-07-29,-130000000.0,48918000000.0,29600250000.0,2159000000.0,46759000000.0,0.251,20.743,-177000000.0,129000000.0,129000000.0,3560000000.0,589000000.0,0.379,1.171,16185000000.0,1984000000.0,14201000000.0,16185000000.0,0.0,354000000.0,0.0,4.075,104.48,1240000000.0,1594000000.0,0.214,1594000000.0,1240000000.0,788000000.0,0.54,0.53,0.54,22533000000.0,12508500000.0,22533000000.0,52306821373.0,42.0,32.815,1436000000.0,1.322,1.0,3882000000.0,0.522,43978000000.0,452000000.0,15294000000.0,10681500000.0,626000000.0,186000000.0,0.0,186000000.0,26385000000.0,5702000000.0,20683000000.0,35616821373.0,44000000.0,-18960000000.0,9000000000.0,8842000000.0,-232000000.0,17577000000.0,-19131000000.0,0.0,1613000000.0,-15000000.0,586000000.0,586000000.0,586000000.0,0.0,3000000.0,0.079,2645000000.0,1237000000.0,2300000000.0,193.481,1.581,60.78,47.481,2310000000.0,0.0,25.64,4.786,3.743,1150000000.0,1178000000.0,7442000000.0,7442000000.0,0.0,0.02,0.047,0.116,0.167,35000000.0,2635000000.0,1.0,1389111598.0,1086300000.0,1097600000.0,6.851,4940000000.0,26000000.0,202000000.0,5923000000.0,4.548,-3543000000.0
3,KDP,MRY,2017-12-31,2017-09-30,2017-09-30,2021-07-29,-184000000.0,10039000000.0,10039250000.0,1266000000.0,8773000000.0,0.425,2.693,-64000000.0,155000000.0,155000000.0,2225000000.0,383000000.0,0.932,3.715,4481000000.0,82000000.0,4399000000.0,4481000000.0,1135000000.0,238000000.0,0.0,0.026,2.27,763000000.0,1001000000.0,0.234,1001000000.0,763000000.0,562000000.0,0.48,0.47,0.48,2129000000.0,2152750000.0,2129000000.0,20405185359.0,27.0,20.385,1685000000.0,2.132,1.0,2044000000.0,0.479,7345000000.0,201000000.0,5661000000.0,5748000000.0,261000000.0,24000000.0,0.0,24000000.0,7910000000.0,1359000000.0,6551000000.0,16077185359.0,-89000000.0,244000000.0,0.0,-1883000000.0,-55000000.0,-2026000000.0,180000000.0,0.0,1749000000.0,8000000.0,378000000.0,378000000.0,378000000.0,0.0,5000000.0,0.089,1147000000.0,897000000.0,387000000.0,4.729,7.552,42.532,184.312,1129000000.0,0.0,88.47,3.766,16.382,659000000.0,2311000000.0,4269000000.0,4269000000.0,0.0,0.038,0.176,0.133,0.179,58000000.0,1147000000.0,1.0,181724713.0,790500000.0,790500000.0,5.4,2694000000.0,60000000.0,184000000.0,887000000.0,3.408,-93000000.0
4,KDP,MRY,2016-12-31,2016-12-31,2016-12-31,2021-07-29,-229000000.0,9791000000.0,8808500000.0,2736000000.0,7055000000.0,0.731,11.51,-174000000.0,1787000000.0,1787000000.0,2582000000.0,847000000.0,2.603,3.588,4478000000.0,10000000.0,4468000000.0,4478000000.0,1181000000.0,224000000.0,0.0,0.023,2.12,1428000000.0,1652000000.0,0.257,1652000000.0,1428000000.0,1281000000.0,4.57,4.54,4.57,2134000000.0,2126750000.0,2134000000.0,19361452197.0,14.0,11.72,787000000.0,4.245,1.0,3858000000.0,0.599,5649000000.0,147000000.0,5782000000.0,4620000000.0,202000000.0,23000000.0,0.0,23000000.0,7657000000.0,1051000000.0,6606000000.0,16657452197.0,876000000.0,-4000000.0,-505000000.0,1049000000.0,-386000000.0,108000000.0,-189000000.0,-1000000.0,961000000.0,-4000000.0,847000000.0,847000000.0,847000000.0,0.0,0.0,0.132,2425000000.0,1433000000.0,303000000.0,0.464,7.806,19.666,19.84,1138000000.0,0.0,90.67,2.587,2.61,595000000.0,2266000000.0,6440000000.0,6440000000.0,0.0,0.096,0.398,0.309,0.222,45000000.0,2329000000.0,1.0,183715145.0,185400000.0,186600000.0,34.736,4142000000.0,62000000.0,434000000.0,816000000.0,22.341,1685000000.0
5,KDP,MRY,2015-12-31,2015-12-31,2015-12-31,2021-07-29,-195000000.0,8869000000.0,8403250000.0,1817000000.0,7052000000.0,0.748,11.435,-159000000.0,911000000.0,911000000.0,2559000000.0,764000000.0,1.148,3.063,3382000000.0,507000000.0,2875000000.0,3382000000.0,1245000000.0,227000000.0,0.0,0.021,1.92,1301000000.0,1528000000.0,0.243,1528000000.0,1301000000.0,1184000000.0,4.0,3.97,4.0,2183000000.0,2215750000.0,2183000000.0,20032741949.0,15.0,13.11,855000000.0,4.479,1.0,3723000000.0,0.593,5651000000.0,117000000.0,4106000000.0,3642750000.0,209000000.0,31000000.0,0.0,31000000.0,6686000000.0,1583000000.0,5103000000.0,17604741949.0,674000000.0,-20000000.0,-491000000.0,741000000.0,-355000000.0,-137000000.0,-194000000.0,-15000000.0,1014000000.0,-9000000.0,764000000.0,764000000.0,764000000.0,0.0,0.0,0.122,2425000000.0,1298000000.0,277000000.0,0.48,8.064,23.043,23.3,1156000000.0,0.0,93.2,2.802,2.832,570000000.0,2165000000.0,6282000000.0,6282000000.0,0.0,0.091,0.345,0.357,0.207,44000000.0,2313000000.0,1.0,188892081.0,190900000.0,192400000.0,32.907,3218000000.0,64000000.0,420000000.0,814000000.0,16.857,234000000.0
6,KDP,MRY,2014-12-31,2014-12-31,2014-12-31,2021-07-29,-137000000.0,8265000000.0,8244750000.0,1211000000.0,7054000000.0,0.742,11.716,-162000000.0,237000000.0,237000000.0,2491000000.0,703000000.0,1.167,2.603,2583000000.0,3000000.0,2580000000.0,2583000000.0,1314000000.0,235000000.0,0.0,0.023,1.64,1183000000.0,1418000000.0,0.232,1418000000.0,1183000000.0,1074000000.0,3.59,3.56,3.59,2294000000.0,2288000000.0,2294000000.0,16210271455.0,14.0,11.432,860000000.0,4.392,1.0,3630000000.0,0.593,5674000000.0,109000000.0,3899000000.0,3922250000.0,204000000.0,14000000.0,0.0,14000000.0,5971000000.0,1038000000.0,4933000000.0,13935271455.0,84000000.0,-19000000.0,-359000000.0,-66000000.0,-317000000.0,-747000000.0,-185000000.0,0.0,1022000000.0,-6000000.0,703000000.0,703000000.0,703000000.0,0.0,0.0,0.115,2450000000.0,1180000000.0,289000000.0,0.457,6.075,19.823,19.967,1141000000.0,0.0,71.68,2.277,2.293,556000000.0,1771000000.0,6121000000.0,6121000000.0,0.0,0.085,0.307,0.302,0.193,48000000.0,2334000000.0,1.0,194409479.0,195800000.0,197400000.0,31.261,2591000000.0,141000000.0,371000000.0,811000000.0,13.233,173000000.0
7,KDP,MRY,2013-12-31,2013-12-31,2013-12-31,2021-07-29,-88000000.0,8201000000.0,8477750000.0,1119000000.0,7082000000.0,0.707,11.222,-178000000.0,153000000.0,153000000.0,2499000000.0,624000000.0,1.086,2.602,2574000000.0,66000000.0,2508000000.0,2574000000.0,1383000000.0,234000000.0,0.0,0.031,1.52,666000000.0,900000000.0,0.15,900000000.0,666000000.0,543000000.0,3.08,3.05,3.08,2277000000.0,2282000000.0,2277000000.0,12178326668.0,18.0,13.531,688000000.0,3.391,1.0,3498000000.0,0.583,5682000000.0,123000000.0,3910000000.0,4198500000.0,200000000.0,15000000.0,0.0,15000000.0,5924000000.0,1030000000.0,4894000000.0,9775326668.0,-213000000.0,-10000000.0,-385000000.0,-186000000.0,-302000000.0,-880000000.0,-195000000.0,0.0,866000000.0,-4000000.0,624000000.0,624000000.0,624000000.0,0.0,0.0,0.104,2452000000.0,1046000000.0,271000000.0,0.494,4.293,15.666,15.818,1173000000.0,0.0,48.72,1.63,1.648,564000000.0,1393000000.0,5997000000.0,5997000000.0,0.0,0.074,0.273,0.159,0.111,37000000.0,2272000000.0,1.0,200642994.0,202900000.0,204500000.0,29.556,2519000000.0,151000000.0,-81000000.0,788000000.0,12.415,89000000.0
8,KDP,MRY,2012-12-31,2012-12-31,2012-12-31,2021-07-29,-110000000.0,8928000000.0,8902000000.0,1335000000.0,7593000000.0,0.673,10.826,-210000000.0,366000000.0,366000000.0,2500000000.0,629000000.0,1.084,2.916,2804000000.0,250000000.0,2554000000.0,2804000000.0,1451000000.0,240000000.0,0.0,0.031,1.36,1103000000.0,1343000000.0,0.224,1343000000.0,1103000000.0,978000000.0,2.99,2.96,2.99,2280000000.0,2288250000.0,2280000000.0,11577387895.0,10.0,8.621,272000000.0,1.292,1.0,3495000000.0,0.583,5667000000.0,125000000.0,4467000000.0,4142500000.0,197000000.0,14000000.0,0.0,14000000.0,6648000000.0,1232000000.0,5416000000.0,9194387895.0,-335000000.0,0.0,-378000000.0,50000000.0,-284000000.0,-603000000.0,-217000000.0,0.0,482000000.0,3000000.0,629000000.0,629000000.0,629000000.0,0.0,0.0,0.105,2403000000.0,1092000000.0,283000000.0,0.455,4.033,14.617,14.776,1202000000.0,0.0,44.18,1.534,1.552,552000000.0,1080000000.0,5995000000.0,5995000000.0,0.0,0.071,0.275,0.266,0.184,35000000.0,2268000000.0,1.0,208111994.0,210600000.0,212300000.0,28.466,3261000000.0,196000000.0,349000000.0,675000000.0,15.484,103000000.0
9,KDP,MRY,2011-12-31,2011-12-31,2011-12-31,2021-07-29,-110000000.0,9283000000.0,9253500000.0,1757000000.0,7526000000.0,0.638,10.348,-235000000.0,701000000.0,701000000.0,2485000000.0,606000000.0,0.917,3.102,2708000000.0,452000000.0,2256000000.0,2708000000.0,1514000000.0,232000000.0,0.0,0.031,1.21,1040000000.0,1272000000.0,0.215,1272000000.0,1040000000.0,926000000.0,2.77,2.74,2.77,2263000000.0,2321500000.0,2263000000.0,10423775461.0,10.0,8.195,548000000.0,2.506,1.0,3418000000.0,0.579,5657000000.0,114000000.0,3718000000.0,3916750000.0,212000000.0,13000000.0,0.0,13000000.0,7020000000.0,1915000000.0,5105000000.0,8463775461.0,386000000.0,0.0,-502000000.0,600000000.0,-251000000.0,-152000000.0,-240000000.0,-2000000.0,783000000.0,-5000000.0,606000000.0,606000000.0,606000000.0,0.0,0.0,0.103,2394000000.0,1024000000.0,265000000.0,0.437,3.74,13.967,14.253,1152000000.0,0.0,39.48,1.434,1.463,585000000.0,740000000.0,5903000000.0,5903000000.0,0.0,0.065,0.261,0.266,0.176,34000000.0,2257000000.0,1.0,214381344.0,218700000.0,221200000.0,26.991,3626000000.0,227000000.0,320000000.0,1116000000.0,16.58,-158000000.0
10,KDP,MRY,2010-12-31,2010-12-31,2010-12-31,2021-07-29,-28000000.0,8859000000.0,8936000000.0,1309000000.0,7550000000.0,0.631,10.229,-228000000.0,315000000.0,315000000.0,2243000000.0,528000000.0,0.978,2.603,2091000000.0,404000000.0,1687000000.0,2091000000.0,1580000000.0,228000000.0,0.0,0.026,0.9,950000000.0,1178000000.0,0.209,1178000000.0,950000000.0,822000000.0,2.19,2.17,2.19,2459000000.0,2732250000.0,2459000000.0,10331558939.0,11.0,8.77,2307000000.0,9.597,1.0,3393000000.0,0.602,5675000000.0,128000000.0,3622000000.0,4292750000.0,244000000.0,11000000.0,0.0,11000000.0,6400000000.0,1338000000.0,5062000000.0,7984558939.0,35000000.0,0.0,-1107000000.0,-978000000.0,-194000000.0,-2280000000.0,-225000000.0,-1000000.0,2535000000.0,5000000.0,528000000.0,528000000.0,528000000.0,0.0,0.0,0.094,2368000000.0,1025000000.0,298000000.0,0.411,3.247,15.122,16.055,1168000000.0,0.0,35.16,1.417,1.5,536000000.0,400000000.0,5636000000.0,5636000000.0,0.0,0.059,0.193,0.221,0.169,29000000.0,2233000000.0,1.0,227092120.0,240400000.0,242600000.0,23.444,3184000000.0,201000000.0,294000000.0,1101000000.0,13.245,-29000000.0
11,KDP,MRY,2009-12-31,2009-12-31,2009-12-31,2021-07-29,-59000000.0,8776000000.0,8721500000.0,1279000000.0,7497000000.0,0.634,12.537,-312000000.0,280000000.0,280000000.0,2234000000.0,555000000.0,1.498,1.754,2960000000.0,0.0,2960000000.0,2960000000.0,0.0,224000000.0,0.0,0.005,0.15,1113000000.0,1337000000.0,0.242,1337000000.0,1113000000.0,870000000.0,2.18,2.17,2.18,3187000000.0,2980250000.0,3187000000.0,9947073460.0,9.0,7.44,553000000.0,2.175,1.0,3297000000.0,0.596,5685000000.0,243000000.0,4917000000.0,5091000000.0,262000000.0,9000000.0,0.0,9000000.0,5589000000.0,854000000.0,4735000000.0,7190073460.0,66000000.0,0.0,1000000.0,-550000000.0,0.0,-554000000.0,-251000000.0,0.0,865000000.0,6000000.0,555000000.0,555000000.0,555000000.0,0.0,0.0,0.1,2212000000.0,1085000000.0,850000000.0,0.069,2.256,12.955,12.982,1109000000.0,0.0,28.3,1.3,1.301,540000000.0,87000000.0,5531000000.0,5531000000.0,0.0,0.064,0.186,0.219,0.201,19000000.0,2135000000.0,1.0,254066200.0,254200000.0,255200000.0,21.758,3091000000.0,204000000.0,315000000.0,1042000000.0,12.16,425000000.0
12,KDP,MRY,2008-12-31,2008-12-31,2008-12-31,2021-07-29,-106000000.0,8638000000.0,9765500000.0,1237000000.0,7401000000.0,0.585,10.264,-300000000.0,214000000.0,214000000.0,2590000000.0,-312000000.0,1.544,2.313,3522000000.0,0.0,3522000000.0,3522000000.0,0.0,195000000.0,0.0,0.0,0.0,-116000000.0,79000000.0,0.014,79000000.0,-116000000.0,-373000000.0,-1.23,-1.23,-1.23,2607000000.0,3557250000.0,2607000000.0,7505393161.0,-65.0,95.005,409000000.0,1.61,1.0,3120000000.0,0.546,5695000000.0,257000000.0,5450000000.0,5448000000.0,263000000.0,12000000.0,0.0,12000000.0,6031000000.0,801000000.0,5230000000.0,4122393161.0,147000000.0,0.0,0.0,456000000.0,0.0,-1625000000.0,1074000000.0,1375000000.0,709000000.0,-11000000.0,-312000000.0,-312000000.0,-312000000.0,0.0,0.0,-0.055,3288000000.0,-168000000.0,796000000.0,0.0,1.581,-13.213,-13.211,990000000.0,0.0,16.25,0.722,0.723,532000000.0,-430000000.0,5710000000.0,5710000000.0,0.0,-0.032,-0.088,-0.021,-0.02,9000000.0,2075000000.0,1.0,253685733.0,254000000.0,254000000.0,22.48,2943000000.0,233000000.0,-61000000.0,986000000.0,11.587,436000000.0
13,KDP,MRY,2007-12-31,2007-12-31,2007-12-31,2021-07-29,20000000.0,10528000000.0,9937000000.0,2739000000.0,7789000000.0,0.573,19.791,-224000000.0,67000000.0,67000000.0,2564000000.0,497000000.0,2.413,1.097,3038000000.0,126000000.0,2912000000.0,3038000000.0,0.0,169000000.0,0.0,,0.0,1072000000.0,1241000000.0,0.218,1241000000.0,1072000000.0,819000000.0,1.96,1.96,1.96,5021000000.0,4135500000.0,5021000000.0,,,,379000000.0,1.494,1.0,3131000000.0,0.55,6800000000.0,253000000.0,5564000000.0,5072500000.0,325000000.0,13000000.0,0.0,13000000.0,5507000000.0,1135000000.0,4372000000.0,,32000000.0,-30000000.0,0.0,-610000000.0,0.0,515000000.0,-1087000000.0,-931000000.0,603000000.0,1000000.0,497000000.0,497000000.0,497000000.0,0.0,0.0,0.087,2127000000.0,1004000000.0,987000000.0,0.0,,,,868000000.0,0.0,,,,2131000000.0,0.0,5695000000.0,5695000000.0,0.0,0.05,0.12,0.211,0.188,21000000.0,2018000000.0,1.0,253685733.0,253700000.0,253700000.0,22.448,3728000000.0,89000000.0,322000000.0,1346000000.0,14.695,1604000000.0
14,KDP,MRY,2006-12-31,2006-12-31,2006-12-31,2021-07-29,1000000.0,9346000000.0,8389500000.0,1632000000.0,7714000000.0,0.56,12.81,-142000000.0,35000000.0,35000000.0,1959000000.0,510000000.0,0.965,1.876,3792000000.0,708000000.0,3084000000.0,3792000000.0,0.0,139000000.0,0.0,,0.0,1065000000.0,1204000000.0,0.256,1204000000.0,1065000000.0,808000000.0,2.01,2.01,2.01,3250000000.0,2838000000.0,3250000000.0,,,,439000000.0,1.73,1.0,2741000000.0,0.583,6831000000.0,257000000.0,4581000000.0,4359500000.0,300000000.0,12000000.0,0.0,12000000.0,6096000000.0,1691000000.0,4405000000.0,,7000000.0,-435000000.0,0.0,30000000.0,0.0,-72000000.0,-502000000.0,75000000.0,581000000.0,0.0,510000000.0,510000000.0,510000000.0,0.0,0.0,0.109,1723000000.0,1018000000.0,971000000.0,0.0,,,,755000000.0,0.0,,,,1146000000.0,,4700000000.0,4700000000.0,0.0,0.061,0.18,0.244,0.227,17000000.0,1659000000.0,1.0,253685733.0,253700000.0,253700000.0,18.526,2515000000.0,70000000.0,298000000.0,1304000000.0,9.913,-59000000.0
15,KDP,MRY,2005-12-31,2006-01-01,2006-01-01,2021-07-29,10000000.0,7433000000.0,,1331000000.0,6102000000.0,,,-39000000.0,28000000.0,28000000.0,1120000000.0,477000000.0,1.172,2.064,3262000000.0,404000000.0,2858000000.0,3262000000.0,0.0,79000000.0,0.0,,0.0,1008000000.0,1087000000.0,0.339,1087000000.0,1008000000.0,798000000.0,,,,2426000000.0,,2426000000.0,,,,544000000.0,,1.0,2085000000.0,0.651,5393000000.0,210000000.0,4138000000.0,,176000000.0,245000000.0,0.0,245000000.0,5007000000.0,1136000000.0,3871000000.0,,9000000.0,0.0,0.0,-155000000.0,0.0,-815000000.0,283000000.0,322000000.0,583000000.0,-42000000.0,477000000.0,477000000.0,477000000.0,0.0,0.0,0.149,1179000000.0,906000000.0,722000000.0,,,,,326000000.0,0.0,,,,959000000.0,,3205000000.0,3205000000.0,0.0,,,,0.315,19000000.0,1179000000.0,1.0,,,,,2040000000.0,27000000.0,321000000.0,996000000.0,,195000000.0
16,KDP,MRY,2004-12-31,2005-01-02,2005-01-02,2021-07-29,,,,,,,,-63000000.0,,,1051000000.0,446000000.0,,,,,,,,84000000.0,,,0.0,893000000.0,977000000.0,0.319,977000000.0,893000000.0,716000000.0,,,,,,,,,,547000000.0,,1.0,2014000000.0,0.657,,177000000.0,,,,,,,,,,,-5000000.0,0.0,0.0,-224000000.0,0.0,-799000000.0,184000000.0,247000000.0,610000000.0,0.0,446000000.0,446000000.0,446000000.0,0.0,0.0,0.146,1180000000.0,834000000.0,,,,,,,0.0,,,,,,3065000000.0,3065000000.0,0.0,,,,0.291,7000000.0,1135000000.0,1.0,,,,,,,270000000.0,,,
0,KDP,MRQ,2021-06-30,2021-06-30,2021-06-30,2021-07-29,128000000.0,50344000000.0,,2616000000.0,47728000000.0,,17.103,-101000000.0,170000000.0,170000000.0,1370000000.0,448000000.0,0.378,1.077,13188000000.0,1467000000.0,11721000000.0,13188000000.0,0.0,138000000.0,0.0,0.022,0.188,738000000.0,876000000.0,0.279,876000000.0,738000000.0,613000000.0,0.32,0.31,0.32,24242000000.0,,24242000000.0,63212813803.0,23.0,19.564,492000000.0,0.347,1.0,1770000000.0,0.564,44255000000.0,125000000.0,12190000000.0,,897000000.0,86000000.0,0.0,86000000.0,26101000000.0,6917000000.0,19184000000.0,49948813803.0,0.0,-2000000.0,0.0,-441000000.0,-232000000.0,-673000000.0,-101000000.0,0.0,593000000.0,2000000.0,448000000.0,448000000.0,448000000.0,0.0,0.0,0.143,1036000000.0,734000000.0,3976000000.0,0.588,2.06,30.382,30.379,2420000000.0,0.0,35.24,4.1,4.1,1075000000.0,2357000000.0,3140000000.0,3140000000.0,0.0,,,,,23000000.0,1039000000.0,1.0,1417389722.0,1417400000.0,1428100000.0,2.215,6089000000.0,41000000.0,165000000.0,5972000000.0,4.296,-4301000000.0
1,KDP,MRQ,2021-03-31,2021-03-31,2021-03-31,2021-07-29,164000000.0,50403000000.0,,2665000000.0,47738000000.0,,17.081,-100000000.0,349000000.0,349000000.0,1302000000.0,325000000.0,0.369,1.094,13613000000.0,1898000000.0,11715000000.0,13613000000.0,0.0,135000000.0,0.0,0.022,0.3,538000000.0,673000000.0,0.232,673000000.0,538000000.0,398000000.0,0.23,0.23,0.23,24070000000.0,,24070000000.0,61753776139.0,24.0,20.341,446000000.0,0.316,1.0,1600000000.0,0.551,44158000000.0,140000000.0,12284000000.0,,841000000.0,88000000.0,0.0,88000000.0,26332000000.0,7225000000.0,19107000000.0,48367776139.0,0.0,0.0,140000000.0,-141000000.0,-192000000.0,-355000000.0,-99000000.0,0.0,546000000.0,2000000.0,325000000.0,325000000.0,325000000.0,0.0,0.0,0.112,960000000.0,640000000.0,3871000000.0,1.304,2.009,32.375,32.733,2261000000.0,0.0,34.37,4.062,4.068,1065000000.0,2174000000.0,2902000000.0,2902000000.0,0.0,,,,,25000000.0,961000000.0,1.0,1407267272.0,1409200000.0,1425600000.0,2.059,6245000000.0,44000000.0,73000000.0,6025000000.0,4.432,-4560000000.0
2,KDP,MRQ,2020-12-31,2020-12-31,2020-12-31,2021-07-29,77000000.0,49779000000.0,,2388000000.0,47391000000.0,,16.934,-135000000.0,255000000.0,255000000.0,1353000000.0,428000000.0,0.31,1.089,13641000000.0,2498000000.0,11143000000.0,13641000000.0,0.0,123000000.0,0.0,0.019,0.15,704000000.0,827000000.0,0.265,827000000.0,704000000.0,558000000.0,0.3,0.3,0.3,23829000000.0,,23829000000.0,58863105408.0,25.0,20.639,655000000.0,0.465,1.0,1768000000.0,0.566,44152000000.0,146000000.0,11319000000.0,,762000000.0,88000000.0,0.0,88000000.0,25949000000.0,7694000000.0,18255000000.0,45032105408.0,37000000.0,-1000000.0,0.0,-435000000.0,-211000000.0,-624000000.0,-134000000.0,0.0,790000000.0,5000000.0,428000000.0,428000000.0,428000000.0,0.0,0.0,0.137,1068000000.0,700000000.0,3740000000.0,0.5,1.89,33.986,34.043,2212000000.0,0.0,32.0,3.876,3.876,1048000000.0,2061000000.0,3121000000.0,3121000000.0,0.0,,,,,23000000.0,1000000000.0,1.0,1407253294.0,1407200000.0,1423900000.0,2.218,5627000000.0,45000000.0,130000000.0,5993000000.0,3.999,-5306000000.0
3,KDP,MRQ,2020-09-30,2020-09-30,2020-09-30,2021-07-29,-217000000.0,49381000000.0,,2416000000.0,46965000000.0,,16.554,-90000000.0,218000000.0,218000000.0,1316000000.0,443000000.0,0.33,1.12,14049000000.0,2342000000.0,11707000000.0,14049000000.0,0.0,123000000.0,0.0,0.022,0.15,732000000.0,855000000.0,0.283,855000000.0,732000000.0,584000000.0,0.31,0.31,0.31,23296000000.0,,23296000000.0,52948615893.0,22.0,18.572,514000000.0,0.365,1.0,1704000000.0,0.564,43863000000.0,148000000.0,12020000000.0,,824000000.0,90000000.0,0.0,90000000.0,26084000000.0,7329000000.0,18755000000.0,38838615893.0,41000000.0,-4000000.0,7000000.0,-257000000.0,-212000000.0,-465000000.0,-90000000.0,0.0,604000000.0,-8000000.0,443000000.0,443000000.0,443000000.0,0.0,0.0,0.147,951000000.0,753000000.0,3517000000.0,0.484,1.667,29.807,30.0,2092000000.0,0.0,27.6,3.398,3.398,1051000000.0,1845000000.0,3020000000.0,3020000000.0,0.0,,,,,20000000.0,949000000.0,1.0,1407196228.0,1407300000.0,1422900000.0,2.146,5518000000.0,31000000.0,141000000.0,5945000000.0,3.921,-4913000000.0
4,KDP,MRQ,2020-06-30,2020-06-30,2020-06-30,2021-07-29,-328000000.0,49026000000.0,,2240000000.0,46786000000.0,,16.29,-124000000.0,177000000.0,177000000.0,1302000000.0,298000000.0,0.307,1.139,14287000000.0,2438000000.0,11849000000.0,14287000000.0,0.0,118000000.0,0.0,0.021,0.15,563000000.0,681000000.0,0.238,681000000.0,563000000.0,406000000.0,0.21,0.21,0.21,22923000000.0,,22923000000.0,54386099987.0,25.0,20.165,524000000.0,0.372,1.0,1562000000.0,0.545,43753000000.0,157000000.0,12085000000.0,,747000000.0,102000000.0,0.0,102000000.0,26103000000.0,7298000000.0,18805000000.0,39963099987.0,0.0,0.0,0.0,-363000000.0,-211000000.0,-573000000.0,-126000000.0,0.0,648000000.0,5000000.0,298000000.0,298000000.0,298000000.0,0.0,0.0,0.104,1001000000.0,561000000.0,3377000000.0,0.714,1.743,34.333,34.217,2071000000.0,0.0,28.4,3.543,3.543,1010000000.0,1613000000.0,2864000000.0,2864000000.0,0.0,,,,,23000000.0,1001000000.0,1.0,1407151408.0,1407200000.0,1421500000.0,2.035,5273000000.0,29000000.0,108000000.0,5922000000.0,3.747,-5058000000.0
5,KDP,MRQ,2020-03-31,2020-03-31,2020-03-31,2021-07-29,-480000000.0,48843000000.0,,2277000000.0,46566000000.0,,16.091,35000000.0,223000000.0,223000000.0,1161000000.0,156000000.0,0.332,1.157,14646000000.0,2215000000.0,12431000000.0,14646000000.0,0.0,131000000.0,0.0,0.025,0.15,358000000.0,489000000.0,0.187,489000000.0,358000000.0,205000000.0,0.11,0.11,0.11,22640000000.0,,22640000000.0,48787557817.0,22.0,17.93,449000000.0,0.319,1.0,1452000000.0,0.556,43604000000.0,153000000.0,12804000000.0,,682000000.0,105000000.0,0.0,105000000.0,26203000000.0,6858000000.0,19345000000.0,34147557817.0,0.0,-6000000.0,0.0,-118000000.0,-212000000.0,-328000000.0,34000000.0,0.0,414000000.0,-8000000.0,156000000.0,156000000.0,156000000.0,0.0,0.0,0.06,986000000.0,466000000.0,3238000000.0,1.364,1.508,28.939,28.893,2017000000.0,0.0,24.27,3.041,3.041,1037000000.0,1527000000.0,2613000000.0,2613000000.0,0.0,,,,,19000000.0,1028000000.0,1.0,1406986313.0,1407000000.0,1420100000.0,1.857,5239000000.0,29000000.0,49000000.0,5917000000.0,3.724,-4581000000.0
6,KDP,MRQ,2019-12-31,2019-12-31,2019-12-31,2021-07-29,104000000.0,49518000000.0,,2273000000.0,47245000000.0,,16.529,75000000.0,101000000.0,101000000.0,1241000000.0,406000000.0,0.351,1.129,14741000000.0,1914000000.0,12827000000.0,14741000000.0,0.0,119000000.0,0.0,0.021,0.15,707000000.0,826000000.0,0.282,826000000.0,707000000.0,550000000.0,0.29,0.28,0.29,23257000000.0,,23257000000.0,55870493261.0,24.0,19.728,746000000.0,0.53,1.0,1693000000.0,0.577,44289000000.0,157000000.0,13395000000.0,,654000000.0,151000000.0,0.0,151000000.0,26261000000.0,6474000000.0,19787000000.0,40726493261.0,-1000000.0,-10000000.0,0.0,-522000000.0,-211000000.0,-738000000.0,66000000.0,0.0,671000000.0,0.0,406000000.0,406000000.0,406000000.0,0.0,0.0,0.138,980000000.0,713000000.0,3176000000.0,0.517,1.751,32.477,32.528,2028000000.0,0.0,28.95,3.662,3.662,1115000000.0,1582000000.0,2934000000.0,2934000000.0,0.0,,,,,17000000.0,1011000000.0,1.0,1406787332.0,1407000000.0,1420000000.0,2.085,5229000000.0,29000000.0,144000000.0,6030000000.0,3.716,-4201000000.0
7,KDP,MRQ,2019-09-30,2019-09-30,2019-09-30,2021-07-29,-27000000.0,49400000000.0,,2269000000.0,47131000000.0,,16.288,-90000000.0,102000000.0,102000000.0,1245000000.0,304000000.0,0.346,1.156,15246000000.0,2099000000.0,13147000000.0,15246000000.0,0.0,130000000.0,0.0,0.022,0.15,571000000.0,701000000.0,0.244,701000000.0,571000000.0,413000000.0,0.22,0.21,0.22,22914000000.0,,22914000000.0,53847012986.0,25.0,20.679,510000000.0,0.363,1.0,1625000000.0,0.566,44143000000.0,158000000.0,13851000000.0,,751000000.0,164000000.0,0.0,164000000.0,26486000000.0,6550000000.0,19936000000.0,38432012986.0,-48000000.0,-13000000.0,0.0,-336000000.0,-210000000.0,-546000000.0,-102000000.0,0.0,600000000.0,0.0,304000000.0,304000000.0,304000000.0,0.0,0.0,0.106,1045000000.0,580000000.0,2976000000.0,0.682,1.677,34.499,33.728,2236000000.0,0.0,27.32,3.494,3.494,1090000000.0,1388000000.0,2870000000.0,2870000000.0,0.0,,,,,13000000.0,1012000000.0,1.0,1406735468.0,1406800000.0,1419400000.0,2.04,5257000000.0,27000000.0,109000000.0,6022000000.0,3.737,-4281000000.0
8,KDP,MRQ,2019-06-30,2019-06-30,2019-06-30,2021-07-29,51000000.0,49547000000.0,,2221000000.0,47326000000.0,,16.267,-57000000.0,150000000.0,150000000.0,1186000000.0,314000000.0,0.332,1.165,15565000000.0,2401000000.0,13164000000.0,15565000000.0,0.0,119000000.0,0.0,3.606,0.15,586000000.0,705000000.0,0.251,705000000.0,586000000.0,416000000.0,0.22,0.22,0.22,22883000000.0,,22883000000.0,56383320048.0,29.0,23.174,555000000.0,0.395,1.0,1626000000.0,0.578,44267000000.0,170000000.0,14000000000.0,,686000000.0,170000000.0,0.0,170000000.0,26664000000.0,6695000000.0,19969000000.0,40653320048.0,21000000.0,-26000000.0,0.0,-312000000.0,-212000000.0,-524000000.0,-69000000.0,0.0,612000000.0,2000000.0,314000000.0,314000000.0,314000000.0,0.0,0.0,0.112,1039000000.0,587000000.0,2909000000.0,0.682,1.777,42.391,41.286,2290000000.0,0.0,28.9,3.743,3.743,1068000000.0,1294000000.0,2812000000.0,2812000000.0,0.0,,,,,20000000.0,1028000000.0,1.0,1406689275.0,1406700000.0,1419200000.0,1.999,5280000000.0,27000000.0,102000000.0,6034000000.0,3.753,-4474000000.0
9,KDP,MRQ,2019-03-31,2019-03-31,2019-03-31,2021-07-29,-37000000.0,49291000000.0,,2162000000.0,47129000000.0,,16.123,-46000000.0,129000000.0,129000000.0,1106000000.0,230000000.0,0.325,1.174,15859000000.0,2613000000.0,13246000000.0,15859000000.0,0.0,116000000.0,0.0,3.72,0.15,484000000.0,600000000.0,0.24,600000000.0,484000000.0,315000000.0,0.16,0.16,0.16,22674000000.0,,22674000000.0,55715100142.0,36.0,28.325,545000000.0,0.388,1.0,1398000000.0,0.558,44065000000.0,169000000.0,14300000000.0,,663000000.0,172000000.0,0.0,172000000.0,26617000000.0,6656000000.0,19961000000.0,39328100142.0,0.0,-7000000.0,0.0,-355000000.0,-211000000.0,-556000000.0,-45000000.0,0.0,591000000.0,10000000.0,230000000.0,230000000.0,230000000.0,0.0,0.0,0.092,900000000.0,498000000.0,2558000000.0,0.938,1.735,54.022,48.224,2282000000.0,0.0,27.97,4.371,4.371,1016000000.0,1192000000.0,2504000000.0,2504000000.0,0.0,,,,,14000000.0,911000000.0,1.0,1406081521.0,1406300000.0,1417700000.0,1.781,5226000000.0,26000000.0,85000000.0,5940000000.0,3.716,-4494000000.0
10,KDP,MRQ,2018-12-31,2018-12-31,2018-12-31,2021-07-29,-130000000.0,48918000000.0,,2159000000.0,46759000000.0,,20.743,-74000000.0,129000000.0,129000000.0,1268000000.0,266000000.0,0.379,1.171,16185000000.0,1984000000.0,14201000000.0,16185000000.0,0.0,60000000.0,0.0,4.075,0.15,538000000.0,598000000.0,0.213,598000000.0,538000000.0,358000000.0,0.21,0.21,0.21,22533000000.0,,22533000000.0,52306821373.0,42.0,32.815,476000000.0,0.438,1.0,1545000000.0,0.549,43978000000.0,180000000.0,15294000000.0,,626000000.0,186000000.0,0.0,186000000.0,26385000000.0,5702000000.0,20683000000.0,35616821373.0,17000000.0,7000000.0,0.0,-293000000.0,-209000000.0,-507000000.0,-61000000.0,0.0,550000000.0,35000000.0,266000000.0,266000000.0,266000000.0,0.0,0.0,0.095,998000000.0,547000000.0,2300000000.0,0.714,1.581,60.78,47.481,2310000000.0,0.0,25.64,4.786,3.743,1150000000.0,1178000000.0,2813000000.0,2813000000.0,0.0,,,,,14000000.0,986000000.0,1.0,1389111598.0,1086300000.0,1097600000.0,2.59,4940000000.0,26000000.0,92000000.0,5923000000.0,4.548,-3543000000.0
11,KDP,MRQ,2018-09-30,2018-09-30,2018-09-30,2021-07-29,137000000.0,49058000000.0,,2385000000.0,46673000000.0,,16.37,-47000000.0,112000000.0,112000000.0,1367000000.0,149000000.0,0.4,1.201,16802000000.0,2222000000.0,14580000000.0,16802000000.0,0.0,163000000.0,0.0,4.528,103.75,367000000.0,530000000.0,0.194,530000000.0,367000000.0,195000000.0,0.11,0.11,0.11,22293000000.0,,22293000000.0,36477954338.0,40.0,28.768,438000000.0,0.322,1.0,1365000000.0,0.5,43727000000.0,172000000.0,16054000000.0,,720000000.0,193000000.0,0.0,193000000.0,26765000000.0,5967000000.0,20798000000.0,32176954338.0,-8162000000.0,-18943000000.0,9000000000.0,1398000000.0,0.0,10394000000.0,-18990000000.0,0.0,485000000.0,-51000000.0,149000000.0,149000000.0,149000000.0,0.0,0.0,0.055,1020000000.0,345000000.0,2229000000.0,943.182,1.443,34.525,21.257,2345000000.0,0.0,23.17,5.549,5.441,1196000000.0,1122000000.0,2732000000.0,2732000000.0,0.0,,,,,1000000.0,1028000000.0,1.0,1388733463.0,1361800000.0,1373600000.0,2.006,5331000000.0,93000000.0,46000000.0,5985000000.0,3.915,-3582000000.0
12,KDP,MRQ,2018-06-30,2018-06-30,2018-06-30,2021-07-29,-200000000.0,10246000000.0,,1416000000.0,8830000000.0,,3.443,-36000000.0,89000000.0,89000000.0,458000000.0,85000000.0,0.928,2.764,4390000000.0,264000000.0,4126000000.0,4390000000.0,1085000000.0,66000000.0,0.0,0.014,0.0,173000000.0,239000000.0,0.252,239000000.0,173000000.0,96000000.0,0.1,0.1,0.1,2722000000.0,,2722000000.0,26476001528.0,68.0,40.858,275000000.0,0.348,1.0,491000000.0,0.517,7339000000.0,77000000.0,5682000000.0,,265000000.0,34000000.0,0.0,34000000.0,7524000000.0,1526000000.0,5998000000.0,21987001528.0,8162000000.0,-24000000.0,0.0,7940000000.0,-12000000.0,7905000000.0,-54000000.0,0.0,311000000.0,0.0,83000000.0,83000000.0,83000000.0,0.0,2000000.0,0.087,324000000.0,167000000.0,484000000.0,0.0,8.078,34.845,-84.722,1183000000.0,0.0,122.0,8.971,39.348,814000000.0,2920000000.0,949000000.0,949000000.0,0.0,,,,,9000000.0,321000000.0,1.0,180221324.0,790500000.0,790500000.0,1.201,2907000000.0,60000000.0,13000000.0,684000000.0,3.677,-110000000.0
13,KDP,MRQ,2018-03-31,2018-03-31,2018-03-31,2021-07-29,-183000000.0,10179000000.0,,1246000000.0,8933000000.0,,3.145,-20000000.0,29000000.0,29000000.0,467000000.0,89000000.0,0.767,3.095,4518000000.0,383000000.0,4135000000.0,4518000000.0,1102000000.0,65000000.0,0.0,0.02,0.58,162000000.0,227000000.0,0.239,227000000.0,162000000.0,139000000.0,0.11,0.11,0.11,2486000000.0,,2486000000.0,25678103954.0,47.0,32.504,247000000.0,0.312,1.0,481000000.0,0.507,7348000000.0,23000000.0,5696000000.0,,243000000.0,36000000.0,0.0,36000000.0,7693000000.0,1624000000.0,6069000000.0,21278103954.0,27000000.0,0.0,0.0,-203000000.0,-11000000.0,-215000000.0,-26000000.0,0.0,267000000.0,1000000.0,88000000.0,88000000.0,88000000.0,0.0,1000000.0,0.093,303000000.0,178000000.0,377000000.0,5.273,8.559,28.91,-227.654,1198000000.0,0.0,118.38,6.45,28.366,700000000.0,2667000000.0,948000000.0,948000000.0,0.0,,,,,11000000.0,300000000.0,1.0,179744078.0,790500000.0,790500000.0,1.199,2831000000.0,65000000.0,51000000.0,662000000.0,3.581,-378000000.0
14,KDP,MRQ,2017-12-31,2017-12-31,2017-12-31,2021-07-29,99000000.0,15744000000.0,,1056000000.0,14688000000.0,,9.359,-11000000.0,95000000.0,95000000.0,643000000.0,619000000.0,0.523,1.092,5201000000.0,225000000.0,4976000000.0,5201000000.0,0.0,62000000.0,0.0,0.024,0.58,210000000.0,272000000.0,0.232,272000000.0,210000000.0,175000000.0,0.77,0.77,0.77,7398000000.0,,7398000000.0,21849353622.0,33.0,23.984,374000000.0,0.473,1.0,527000000.0,0.45,13653000000.0,35000000.0,5179000000.0,,384000000.0,97000000.0,0.0,97000000.0,8081000000.0,2018000000.0,6063000000.0,17523353622.0,-254000000.0,0.0,0.0,-609000000.0,-11000000.0,-620000000.0,-18000000.0,0.0,385000000.0,-1000000.0,612000000.0,612000000.0,612000000.0,0.0,7000000.0,0.523,298000000.0,229000000.0,1580000000.0,0.753,2.369,21.24,285.471,790000000.0,0.0,97.06,4.539,19.872,483000000.0,914000000.0,1170000000.0,1170000000.0,0.0,,,,,15000000.0,298000000.0,1.0,180541455.0,790500000.0,790500000.0,1.48,2091000000.0,27000000.0,-437000000.0,1031000000.0,2.645,-962000000.0
15,KDP,MRQ,2017-09-30,2017-09-30,2017-09-30,2021-07-29,-184000000.0,10039000000.0,,1266000000.0,8773000000.0,,2.693,44000000.0,155000000.0,155000000.0,273000000.0,-147000000.0,0.932,3.715,4481000000.0,82000000.0,4399000000.0,4481000000.0,1135000000.0,65000000.0,0.0,0.026,0.58,-155000000.0,-90000000.0,0.146,-90000000.0,-155000000.0,-224000000.0,-2.42,-2.41,-2.42,2129000000.0,,2129000000.0,20405185359.0,27.0,20.385,1127000000.0,1.426,1.0,-889000000.0,1.443,7345000000.0,69000000.0,5661000000.0,,261000000.0,24000000.0,0.0,24000000.0,7910000000.0,1359000000.0,6551000000.0,16077185359.0,144000000.0,1792000000.0,217000000.0,-3202000000.0,247000000.0,-2790000000.0,1845000000.0,0.0,1083000000.0,6000000.0,-152000000.0,-152000000.0,-152000000.0,0.0,5000000.0,0.247,-790000000.0,-99000000.0,387000000.0,-0.24,7.552,42.532,184.312,1129000000.0,0.0,88.47,3.766,16.382,659000000.0,2311000000.0,-616000000.0,-616000000.0,0.0,,,,,30000000.0,-744000000.0,1.0,181724713.0,790500000.0,790500000.0,-0.779,2694000000.0,60000000.0,-72000000.0,887000000.0,3.408,-93000000.0
16,KDP,MRQ,2017-06-30,2017-06-30,2017-06-30,2021-07-29,-193000000.0,10319000000.0,,1555000000.0,8764000000.0,,11.763,-25000000.0,375000000.0,375000000.0,718000000.0,188000000.0,0.984,3.788,4703000000.0,312000000.0,4391000000.0,4703000000.0,1150000000.0,55000000.0,0.0,0.024,0.58,326000000.0,381000000.0,0.212,381000000.0,326000000.0,282000000.0,1.02,1.02,1.02,2155000000.0,,2155000000.0,21064341555.0,38.0,27.863,288000000.0,1.572,1.0,1079000000.0,0.6,7352000000.0,44000000.0,5715000000.0,,267000000.0,23000000.0,0.0,23000000.0,8164000000.0,1580000000.0,6584000000.0,16747341555.0,211000000.0,-2000000.0,-147000000.0,166000000.0,-107000000.0,-78000000.0,-26000000.0,0.0,313000000.0,2000000.0,188000000.0,188000000.0,188000000.0,0.0,0.0,0.105,704000000.0,375000000.0,367000000.0,0.569,7.771,85.012,126.542,1120000000.0,0.0,91.11,4.191,4.177,698000000.0,2346000000.0,1797000000.0,1797000000.0,0.0,,,,,10000000.0,681000000.0,1.0,183814527.0,183200000.0,183700000.0,9.809,2967000000.0,61000000.0,94000000.0,900000000.0,16.195,-25000000.0
17,KDP,MRQ,2017-03-31,2017-03-31,2017-03-31,2021-07-29,-206000000.0,10008000000.0,,1247000000.0,8761000000.0,,11.957,-15000000.0,160000000.0,160000000.0,607000000.0,177000000.0,1.087,3.564,4477000000.0,10000000.0,4467000000.0,4477000000.0,1165000000.0,60000000.0,0.0,0.022,0.58,288000000.0,348000000.0,0.23,348000000.0,288000000.0,248000000.0,0.97,0.96,0.97,2193000000.0,,2193000000.0,20619588666.0,31.0,23.838,82000000.0,0.447,1.0,903000000.0,0.598,7344000000.0,40000000.0,5834000000.0,,246000000.0,23000000.0,0.0,23000000.0,7815000000.0,1147000000.0,6668000000.0,17928588666.0,-1611000000.0,-1546000000.0,-11000000.0,-3000000.0,-97000000.0,-142000000.0,-1569000000.0,0.0,97000000.0,3000000.0,177000000.0,177000000.0,177000000.0,0.0,0.0,0.117,617000000.0,286000000.0,353000000.0,0.598,8.175,66.649,89.018,1125000000.0,0.0,97.92,4.604,4.612,606000000.0,2336000000.0,1510000000.0,1510000000.0,0.0,,,,,6000000.0,620000000.0,1.0,183094247.0,183400000.0,184600000.0,8.233,2664000000.0,63000000.0,71000000.0,866000000.0,14.526,100000000.0
18,KDP,MRQ,2016-12-31,2016-12-31,2016-12-31,2021-07-29,-229000000.0,9791000000.0,,2736000000.0,7055000000.0,,11.642,-68000000.0,1787000000.0,1787000000.0,627000000.0,165000000.0,2.603,3.588,4478000000.0,10000000.0,4468000000.0,4478000000.0,1181000000.0,58000000.0,0.0,0.023,0.53,304000000.0,362000000.0,0.229,362000000.0,304000000.0,256000000.0,0.91,0.9,0.91,2134000000.0,,2134000000.0,19361452197.0,14.0,11.72,188000000.0,1.026,1.0,951000000.0,0.603,5649000000.0,48000000.0,5782000000.0,,202000000.0,23000000.0,0.0,23000000.0,7657000000.0,1051000000.0,6606000000.0,16657452197.0,1167000000.0,0.0,-59000000.0,1156000000.0,-98000000.0,984000000.0,-70000000.0,0.0,256000000.0,-3000000.0,165000000.0,165000000.0,165000000.0,0.0,0.0,0.105,616000000.0,335000000.0,303000000.0,0.582,7.806,19.666,19.84,1138000000.0,0.0,90.67,2.587,2.61,595000000.0,2266000000.0,1578000000.0,1578000000.0,0.0,,,,,12000000.0,590000000.0,1.0,183715145.0,183300000.0,185100000.0,8.609,4142000000.0,62000000.0,91000000.0,816000000.0,22.597,1685000000.0
19,KDP,MRQ,2016-09-30,2016-09-30,2016-09-30,2021-07-29,-213000000.0,8673000000.0,,1602000000.0,7071000000.0,,3.607,32000000.0,620000000.0,620000000.0,-52000000.0,-333000000.0,1.08,3.074,3324000000.0,368000000.0,2956000000.0,3324000000.0,1198000000.0,27000000.0,0.0,0.023,0.53,-362000000.0,-335000000.0,0.377,-335000000.0,-362000000.0,-519000000.0,-2.18,-2.17,-2.18,2129000000.0,,2129000000.0,19614292200.0,28.0,21.578,-116000000.0,-0.197,1.0,-837000000.0,0.942,5651000000.0,157000000.0,4243000000.0,,226000000.0,24000000.0,0.0,24000000.0,6544000000.0,1483000000.0,5061000000.0,16929292200.0,1104000000.0,-13711000000.0,6676000000.0,8118000000.0,180000000.0,14953000000.0,-13693000000.0,1000000.0,-148000000.0,-8000000.0,-333000000.0,-333000000.0,-333000000.0,0.0,0.0,0.375,-505000000.0,-332000000.0,311000000.0,-0.243,7.952,57.583,78.043,1124000000.0,0.0,91.31,4.41,14.04,581000000.0,2246000000.0,-889000000.0,-889000000.0,0.0,,,,,-16000000.0,-456000000.0,1.0,185404580.0,590300000.0,590300000.0,-1.506,3022000000.0,62000000.0,-186000000.0,833000000.0,5.119,119000000.0
20,KDP,MRQ,2016-06-30,2016-06-30,2016-06-30,2021-07-29,-202000000.0,8406000000.0,,1325000000.0,7081000000.0,,11.535,-39000000.0,245000000.0,245000000.0,670000000.0,260000000.0,1.132,2.924,2930000000.0,9000000.0,2921000000.0,2930000000.0,1214000000.0,55000000.0,0.0,0.021,0.53,435000000.0,490000000.0,0.289,490000000.0,435000000.0,402000000.0,1.4,1.39,1.4,2142000000.0,,2142000000.0,20595015106.0,15.0,12.589,192000000.0,1.034,1.0,1025000000.0,0.605,5644000000.0,33000000.0,4277000000.0,,236000000.0,35000000.0,0.0,35000000.0,6264000000.0,1170000000.0,5094000000.0,17955015106.0,-30000000.0,0.0,-119000000.0,-2000000.0,-100000000.0,-221000000.0,-39000000.0,-1000000.0,231000000.0,-1000000.0,260000000.0,260000000.0,260000000.0,0.0,0.0,0.153,613000000.0,412000000.0,359000000.0,0.379,8.382,21.659,21.912,1129000000.0,0.0,96.63,2.824,2.822,642000000.0,2248000000.0,1695000000.0,1695000000.0,0.0,,,,,11000000.0,590000000.0,1.0,185812016.0,185700000.0,186500000.0,9.128,2762000000.0,64000000.0,142000000.0,861000000.0,14.873,155000000.0
21,KDP,MRQ,2016-03-31,2016-03-31,2016-03-31,2021-07-29,-187000000.0,8364000000.0,,1283000000.0,7081000000.0,,11.205,-26000000.0,275000000.0,275000000.0,602000000.0,182000000.0,1.091,2.979,2915000000.0,8000000.0,2907000000.0,2915000000.0,1230000000.0,56000000.0,0.0,0.022,0.53,314000000.0,370000000.0,0.249,370000000.0,314000000.0,281000000.0,0.97,0.96,0.97,2102000000.0,,2102000000.0,19223835927.0,14.0,12.237,171000000.0,0.912,1.0,885000000.0,0.595,5650000000.0,33000000.0,4178000000.0,,235000000.0,36000000.0,0.0,36000000.0,6262000000.0,1176000000.0,5086000000.0,16752835927.0,-636000000.0,-6000000.0,-172000000.0,-502000000.0,-90000000.0,-795000000.0,-40000000.0,0.0,197000000.0,2000000.0,182000000.0,182000000.0,182000000.0,0.0,0.0,0.122,572000000.0,313000000.0,357000000.0,0.546,7.97,21.233,21.495,1136000000.0,0.0,89.42,2.652,2.655,576000000.0,2194000000.0,1487000000.0,1487000000.0,0.0,,,,,11000000.0,546000000.0,1.0,187349988.0,187600000.0,189000000.0,7.926,2714000000.0,66000000.0,99000000.0,856000000.0,14.467,107000000.0
22,KDP,MRQ,2015-12-31,2015-12-31,2015-12-31,2021-07-29,-195000000.0,8869000000.0,,1817000000.0,7052000000.0,,11.562,-100000000.0,911000000.0,911000000.0,610000000.0,185000000.0,1.148,3.063,3382000000.0,507000000.0,2875000000.0,3382000000.0,1245000000.0,59000000.0,0.0,0.021,0.48,325000000.0,384000000.0,0.248,384000000.0,325000000.0,291000000.0,0.98,0.97,0.98,2183000000.0,,2183000000.0,20032741949.0,15.0,13.11,191000000.0,1.012,1.0,936000000.0,0.605,5651000000.0,34000000.0,4106000000.0,,209000000.0,31000000.0,0.0,31000000.0,6686000000.0,1583000000.0,5103000000.0,17604741949.0,704000000.0,0.0,-115000000.0,744000000.0,-91000000.0,511000000.0,-99000000.0,0.0,291000000.0,1000000.0,185000000.0,185000000.0,185000000.0,0.0,0.0,0.12,614000000.0,322000000.0,277000000.0,0.49,8.064,23.043,23.3,1156000000.0,0.0,93.2,2.802,2.832,570000000.0,2165000000.0,1546000000.0,1546000000.0,0.0,,,,,11000000.0,583000000.0,1.0,188892081.0,188800000.0,191200000.0,8.189,3218000000.0,64000000.0,106000000.0,814000000.0,17.044,234000000.0
23,KDP,MRQ,2015-09-30,2015-09-30,2015-09-30,2021-07-29,-190000000.0,8225000000.0,,1222000000.0,7003000000.0,,11.539,-28000000.0,207000000.0,207000000.0,673000000.0,202000000.0,0.769,2.744,2635000000.0,505000000.0,2130000000.0,2635000000.0,1262000000.0,56000000.0,0.0,0.023,0.48,336000000.0,392000000.0,0.24,392000000.0,336000000.0,308000000.0,1.06,1.05,1.06,2197000000.0,,2197000000.0,17564542727.0,14.0,11.998,346000000.0,1.817,1.0,957000000.0,0.587,5661000000.0,28000000.0,3403000000.0,,201000000.0,31000000.0,0.0,31000000.0,6028000000.0,1589000000.0,4439000000.0,15089542727.0,80000000.0,-20000000.0,-147000000.0,-1000000.0,-92000000.0,-239000000.0,-48000000.0,0.0,374000000.0,-7000000.0,202000000.0,202000000.0,202000000.0,0.0,0.0,0.124,620000000.0,337000000.0,310000000.0,0.453,6.868,20.699,20.748,1077000000.0,0.0,79.05,2.416,2.41,571000000.0,2072000000.0,1630000000.0,1630000000.0,0.0,,,,,12000000.0,592000000.0,1.0,190886056.0,190400000.0,191500000.0,8.561,2564000000.0,135000000.0,106000000.0,871000000.0,13.466,-367000000.0
24,KDP,MRQ,2015-06-30,2015-06-30,2015-06-30,2021-07-29,-149000000.0,8267000000.0,,1259000000.0,7008000000.0,,11.818,-12000000.0,127000000.0,127000000.0,674000000.0,220000000.0,0.806,2.655,2602000000.0,505000000.0,2097000000.0,2602000000.0,1280000000.0,56000000.0,0.0,0.024,0.48,369000000.0,425000000.0,0.257,425000000.0,369000000.0,341000000.0,1.15,1.14,1.15,2262000000.0,,2262000000.0,16501167957.0,14.0,11.451,236000000.0,1.233,1.0,981000000.0,0.593,5668000000.0,28000000.0,3511000000.0,,217000000.0,13000000.0,0.0,13000000.0,6005000000.0,1563000000.0,4442000000.0,13977167957.0,34000000.0,0.0,-113000000.0,-1000000.0,-93000000.0,-207000000.0,-7000000.0,0.0,248000000.0,0.0,220000000.0,220000000.0,220000000.0,0.0,0.0,0.133,612000000.0,369000000.0,305000000.0,0.417,6.179,19.548,19.597,1095000000.0,0.0,72.9,2.255,2.251,630000000.0,1962000000.0,1655000000.0,1655000000.0,0.0,,,,,12000000.0,586000000.0,1.0,191730699.0,191400000.0,192400000.0,8.647,2599000000.0,130000000.0,121000000.0,889000000.0,13.579,-304000000.0
25,KDP,MRQ,2015-03-31,2015-03-31,2015-03-31,2021-07-29,-162000000.0,8252000000.0,,1194000000.0,7058000000.0,,11.508,-19000000.0,93000000.0,93000000.0,602000000.0,157000000.0,0.768,2.715,2617000000.0,504000000.0,2113000000.0,2617000000.0,1296000000.0,56000000.0,0.0,0.022,0.48,271000000.0,327000000.0,0.225,327000000.0,271000000.0,244000000.0,0.82,0.81,0.82,2221000000.0,,2221000000.0,17497716463.0,15.0,12.296,82000000.0,0.425,1.0,849000000.0,0.585,5670000000.0,27000000.0,3551000000.0,,228000000.0,13000000.0,0.0,13000000.0,6031000000.0,1555000000.0,4476000000.0,15143716463.0,-144000000.0,0.0,-116000000.0,-1000000.0,-79000000.0,-202000000.0,-40000000.0,-15000000.0,101000000.0,-3000000.0,157000000.0,157000000.0,157000000.0,0.0,0.0,0.108,579000000.0,270000000.0,350000000.0,0.585,6.818,21.48,21.56,1115000000.0,0.0,78.48,2.453,2.453,572000000.0,1835000000.0,1451000000.0,1451000000.0,0.0,,,,,9000000.0,552000000.0,1.0,192962748.0,193000000.0,194600000.0,7.518,2582000000.0,140000000.0,87000000.0,878000000.0,13.378,-361000000.0
26,KDP,MRQ,2014-12-31,2014-12-31,2014-12-31,2021-07-29,-137000000.0,8265000000.0,,1211000000.0,7054000000.0,,11.825,-66000000.0,237000000.0,237000000.0,614000000.0,150000000.0,1.167,2.603,2583000000.0,3000000.0,2580000000.0,2583000000.0,1314000000.0,61000000.0,0.0,0.023,0.41,259000000.0,320000000.0,0.212,320000000.0,259000000.0,230000000.0,0.78,0.77,0.78,2294000000.0,,2294000000.0,16210271455.0,14.0,11.432,187000000.0,0.964,1.0,895000000.0,0.593,5674000000.0,29000000.0,3899000000.0,,204000000.0,14000000.0,0.0,14000000.0,5971000000.0,1038000000.0,4933000000.0,13935271455.0,-29000000.0,-19000000.0,-115000000.0,-1000000.0,-80000000.0,-194000000.0,-85000000.0,0.0,253000000.0,-3000000.0,150000000.0,150000000.0,150000000.0,0.0,0.0,0.099,639000000.0,256000000.0,289000000.0,0.526,6.075,19.823,19.967,1141000000.0,0.0,71.68,2.277,2.293,556000000.0,1771000000.0,1509000000.0,1509000000.0,0.0,,,,,13000000.0,607000000.0,1.0,194409479.0,194000000.0,196200000.0,7.778,2591000000.0,141000000.0,80000000.0,811000000.0,13.356,173000000.0
27,KDP,MRQ,2014-09-30,2014-09-30,2014-09-30,2021-07-29,-99000000.0,8261000000.0,,1241000000.0,7020000000.0,,12.13,-32000000.0,266000000.0,266000000.0,658000000.0,188000000.0,1.212,2.496,2541000000.0,2000000.0,2539000000.0,2541000000.0,1332000000.0,57000000.0,0.0,0.025,0.41,312000000.0,369000000.0,0.233,369000000.0,312000000.0,285000000.0,0.97,0.96,0.97,2363000000.0,,2363000000.0,15022550552.0,13.0,10.55,299000000.0,1.535,1.0,925000000.0,0.584,5675000000.0,27000000.0,3837000000.0,,191000000.0,15000000.0,0.0,15000000.0,5898000000.0,1024000000.0,4874000000.0,12548550552.0,131000000.0,0.0,-66000000.0,-70000000.0,-80000000.0,-165000000.0,-32000000.0,0.0,331000000.0,-3000000.0,188000000.0,188000000.0,188000000.0,0.0,0.0,0.119,609000000.0,316000000.0,319000000.0,0.423,5.31,17.699,17.814,1108000000.0,0.0,64.31,2.066,2.062,546000000.0,1702000000.0,1583000000.0,1583000000.0,0.0,,,,,13000000.0,581000000.0,1.0,195125961.0,194800000.0,196200000.0,8.126,2586000000.0,134000000.0,97000000.0,809000000.0,13.275,217000000.0
28,KDP,MRQ,2014-06-30,2014-06-30,2014-06-30,2021-07-29,-85000000.0,8226000000.0,,1189000000.0,7037000000.0,,11.541,-27000000.0,135000000.0,135000000.0,665000000.0,210000000.0,1.119,2.625,2609000000.0,72000000.0,2537000000.0,2609000000.0,1351000000.0,57000000.0,0.0,0.027,0.41,350000000.0,407000000.0,0.25,407000000.0,350000000.0,323000000.0,1.07,1.06,1.07,2269000000.0,,2269000000.0,14058770342.0,19.0,14.258,282000000.0,1.434,1.0,966000000.0,0.592,5681000000.0,27000000.0,3956000000.0,,213000000.0,15000000.0,0.0,15000000.0,5957000000.0,1063000000.0,4894000000.0,11503770342.0,15000000.0,0.0,-142000000.0,-80000000.0,-82000000.0,-265000000.0,-30000000.0,0.0,309000000.0,1000000.0,210000000.0,210000000.0,210000000.0,0.0,0.0,0.129,618000000.0,348000000.0,313000000.0,0.383,5.07,15.802,16.005,1122000000.0,0.0,58.58,1.906,1.908,589000000.0,1594000000.0,1631000000.0,1631000000.0,0.0,,,,,11000000.0,592000000.0,1.0,196377097.0,196600000.0,197800000.0,8.296,2545000000.0,147000000.0,113000000.0,830000000.0,12.945,126000000.0
29,KDP,MRQ,2014-03-31,2014-03-31,2014-03-31,2021-07-29,-91000000.0,8227000000.0,,1173000000.0,7054000000.0,,11.248,-37000000.0,120000000.0,120000000.0,554000000.0,155000000.0,1.062,2.696,2675000000.0,152000000.0,2523000000.0,2675000000.0,1366000000.0,60000000.0,0.0,0.028,0.41,262000000.0,322000000.0,0.23,322000000.0,262000000.0,236000000.0,0.78,0.78,0.78,2226000000.0,,2226000000.0,13164548684.0,18.0,13.642,92000000.0,0.465,1.0,844000000.0,0.604,5680000000.0,26000000.0,3997000000.0,,226000000.0,15000000.0,0.0,15000000.0,6001000000.0,1105000000.0,4896000000.0,10743548684.0,-33000000.0,0.0,-36000000.0,85000000.0,-75000000.0,-123000000.0,-38000000.0,0.0,129000000.0,-1000000.0,155000000.0,155000000.0,155000000.0,0.0,0.0,0.111,584000000.0,260000000.0,295000000.0,0.526,4.826,15.964,16.257,1149000000.0,0.0,54.46,1.786,1.792,557000000.0,1466000000.0,1398000000.0,1398000000.0,0.0,,,,,11000000.0,554000000.0,1.0,197274122.0,197900000.0,199500000.0,7.064,2547000000.0,144000000.0,81000000.0,834000000.0,12.87,68000000.0
30,KDP,MRQ,2013-12-31,2013-12-31,2013-12-31,2021-07-29,-88000000.0,8201000000.0,,1119000000.0,7082000000.0,,11.408,-68000000.0,153000000.0,153000000.0,583000000.0,156000000.0,1.086,2.602,2574000000.0,66000000.0,2508000000.0,2574000000.0,1383000000.0,60000000.0,0.0,0.031,0.38,266000000.0,326000000.0,0.223,326000000.0,266000000.0,237000000.0,0.79,0.77,0.79,2277000000.0,,2277000000.0,12178326668.0,18.0,13.531,182000000.0,0.912,1.0,880000000.0,0.602,5682000000.0,29000000.0,3910000000.0,,200000000.0,15000000.0,0.0,15000000.0,5924000000.0,1030000000.0,4894000000.0,9775326668.0,34000000.0,0.0,-155000000.0,64000000.0,-77000000.0,-148000000.0,-67000000.0,0.0,250000000.0,-1000000.0,156000000.0,156000000.0,156000000.0,0.0,0.0,0.107,616000000.0,264000000.0,271000000.0,0.481,4.293,15.666,15.818,1173000000.0,0.0,48.72,1.63,1.648,564000000.0,1393000000.0,1463000000.0,1463000000.0,0.0,,,,,9000000.0,527000000.0,1.0,200642994.0,199600000.0,201500000.0,7.33,2519000000.0,151000000.0,81000000.0,788000000.0,12.62,89000000.0
31,KDP,MRQ,2013-09-30,2013-09-30,2013-09-30,2021-07-29,-103000000.0,8129000000.0,,1059000000.0,7070000000.0,,11.353,-31000000.0,119000000.0,119000000.0,650000000.0,207000000.0,1.108,2.522,2522000000.0,1000000.0,2521000000.0,2522000000.0,1401000000.0,59000000.0,0.0,0.033,0.38,-128000000.0,-69000000.0,-0.045,-69000000.0,-128000000.0,-157000000.0,1.02,1.01,1.02,2308000000.0,,2308000000.0,11600895933.0,17.0,12.528,290000000.0,1.426,1.0,893000000.0,0.579,5684000000.0,29000000.0,3892000000.0,,196000000.0,14000000.0,0.0,14000000.0,5821000000.0,956000000.0,4865000000.0,9123895933.0,6000000.0,0.0,-116000000.0,-68000000.0,-77000000.0,-281000000.0,-34000000.0,0.0,321000000.0,0.0,207000000.0,207000000.0,207000000.0,0.0,0.0,0.134,593000000.0,300000000.0,271000000.0,0.373,3.953,14.301,14.365,1155000000.0,0.0,44.82,1.516,1.514,531000000.0,1313000000.0,1543000000.0,1543000000.0,0.0,,,,,9000000.0,563000000.0,1.0,203567513.0,203300000.0,204700000.0,7.59,2445000000.0,148000000.0,-364000000.0,764000000.0,12.027,103000000.0
32,KDP,MRQ,2013-06-30,2013-06-30,2013-06-30,2021-07-29,-104000000.0,8709000000.0,,1213000000.0,7496000000.0,,11.289,-33000000.0,113000000.0,113000000.0,676000000.0,155000000.0,1.14,2.78,2590000000.0,69000000.0,2521000000.0,2590000000.0,1416000000.0,58000000.0,0.0,0.031,0.38,328000000.0,386000000.0,0.24,386000000.0,328000000.0,297000000.0,0.76,0.76,0.76,2304000000.0,,2304000000.0,11961200450.0,11.0,8.769,185000000.0,0.906,1.0,935000000.0,0.58,5686000000.0,31000000.0,4436000000.0,,222000000.0,14000000.0,0.0,14000000.0,6405000000.0,1064000000.0,5341000000.0,9372200450.0,-95000000.0,0.0,-16000000.0,-182000000.0,-78000000.0,-276000000.0,-33000000.0,0.0,218000000.0,-4000000.0,155000000.0,155000000.0,155000000.0,0.0,0.0,0.096,650000000.0,285000000.0,299000000.0,0.5,4.068,15.364,15.569,1169000000.0,0.0,45.93,1.561,1.562,625000000.0,1184000000.0,1611000000.0,1611000000.0,0.0,,,,,10000000.0,619000000.0,1.0,204054005.0,204100000.0,205500000.0,7.893,3023000000.0,153000000.0,142000000.0,730000000.0,14.811,149000000.0
33,KDP,MRQ,2013-03-31,2013-03-31,2013-03-31,2021-07-29,-97000000.0,8872000000.0,,1280000000.0,7592000000.0,,10.943,-46000000.0,208000000.0,208000000.0,590000000.0,106000000.0,1.056,2.962,2797000000.0,250000000.0,2547000000.0,2797000000.0,1434000000.0,57000000.0,0.0,0.03,0.38,200000000.0,257000000.0,0.186,257000000.0,200000000.0,166000000.0,0.52,0.51,0.52,2239000000.0,,2239000000.0,11998542542.0,11.0,8.921,31000000.0,0.152,1.0,790000000.0,0.572,5693000000.0,34000000.0,4556000000.0,,216000000.0,15000000.0,0.0,15000000.0,6633000000.0,1212000000.0,5421000000.0,9560542542.0,-158000000.0,-10000000.0,-98000000.0,0.0,-70000000.0,-175000000.0,-61000000.0,0.0,77000000.0,1000000.0,106000000.0,106000000.0,106000000.0,0.0,0.0,0.077,593000000.0,197000000.0,317000000.0,0.731,4.27,15.104,15.495,1186000000.0,0.0,46.95,1.59,1.598,583000000.0,1107000000.0,1380000000.0,1380000000.0,0.0,,,,,9000000.0,563000000.0,1.0,203632429.0,204600000.0,206300000.0,6.745,3179000000.0,193000000.0,60000000.0,688000000.0,15.538,68000000.0
34,KDP,MRQ,2012-12-31,2012-12-31,2012-12-31,2021-07-29,-110000000.0,8928000000.0,,1335000000.0,7593000000.0,,10.983,-55000000.0,366000000.0,366000000.0,605000000.0,170000000.0,1.084,2.916,2804000000.0,250000000.0,2554000000.0,2804000000.0,1451000000.0,58000000.0,0.0,0.031,0.34,294000000.0,352000000.0,0.237,352000000.0,294000000.0,263000000.0,0.82,0.81,0.82,2280000000.0,,2280000000.0,11577387895.0,10.0,8.621,145000000.0,0.698,1.0,879000000.0,0.592,5667000000.0,31000000.0,4467000000.0,,197000000.0,14000000.0,0.0,14000000.0,6648000000.0,1232000000.0,5416000000.0,9194387895.0,-17000000.0,0.0,-137000000.0,50000000.0,-71000000.0,-161000000.0,-55000000.0,0.0,200000000.0,-1000000.0,170000000.0,170000000.0,170000000.0,0.0,0.0,0.115,587000000.0,292000000.0,283000000.0,0.415,4.033,14.617,14.776,1202000000.0,0.0,44.18,1.534,1.552,552000000.0,1080000000.0,1484000000.0,1484000000.0,0.0,,,,,9000000.0,555000000.0,1.0,208111994.0,207600000.0,209300000.0,7.148,3261000000.0,196000000.0,93000000.0,675000000.0,15.708,103000000.0
35,KDP,MRQ,2012-09-30,2012-09-30,2012-09-30,2021-07-29,-98000000.0,8989000000.0,,1396000000.0,7593000000.0,,11.017,-71000000.0,383000000.0,383000000.0,626000000.0,179000000.0,0.804,2.878,2766000000.0,701000000.0,2065000000.0,2766000000.0,1467000000.0,57000000.0,0.0,0.03,0.34,312000000.0,369000000.0,0.241,369000000.0,312000000.0,281000000.0,0.85,0.84,0.85,2318000000.0,,2318000000.0,11794008005.0,11.0,8.888,252000000.0,1.198,1.0,902000000.0,0.59,5668000000.0,31000000.0,3968000000.0,,207000000.0,14000000.0,0.0,14000000.0,6671000000.0,1736000000.0,4935000000.0,9376008005.0,80000000.0,0.0,-101000000.0,0.0,-72000000.0,-174000000.0,-71000000.0,0.0,323000000.0,2000000.0,179000000.0,179000000.0,179000000.0,0.0,0.0,0.117,594000000.0,308000000.0,297000000.0,0.4,4.045,15.002,15.146,1194000000.0,0.0,44.53,1.57,1.569,546000000.0,981000000.0,1528000000.0,1528000000.0,0.0,,,,,9000000.0,561000000.0,1.0,210554862.0,210400000.0,212000000.0,7.262,3321000000.0,228000000.0,102000000.0,683000000.0,15.784,-340000000.0
36,KDP,MRQ,2012-06-30,2012-06-30,2012-06-30,2021-07-29,-105000000.0,8907000000.0,,1391000000.0,7516000000.0,,10.831,-37000000.0,303000000.0,303000000.0,685000000.0,178000000.0,0.802,2.881,2721000000.0,701000000.0,2020000000.0,2721000000.0,1482000000.0,65000000.0,0.0,0.03,0.34,302000000.0,367000000.0,0.226,367000000.0,302000000.0,271000000.0,0.84,0.83,0.84,2295000000.0,,2295000000.0,11774564600.0,11.0,9.192,247000000.0,1.166,1.0,936000000.0,0.577,5665000000.0,31000000.0,3926000000.0,,217000000.0,13000000.0,0.0,13000000.0,6612000000.0,1734000000.0,4878000000.0,9267564600.0,111000000.0,0.0,-61000000.0,0.0,-73000000.0,-134000000.0,-38000000.0,0.0,284000000.0,-1000000.0,178000000.0,178000000.0,178000000.0,0.0,0.0,0.11,636000000.0,300000000.0,337000000.0,0.405,4.038,15.446,15.625,1141000000.0,0.0,43.75,1.552,1.552,615000000.0,874000000.0,1621000000.0,1621000000.0,0.0,,,,,9000000.0,599000000.0,1.0,211830048.0,211900000.0,213300000.0,7.65,3242000000.0,225000000.0,93000000.0,677000000.0,15.3,-343000000.0
37,KDP,MRQ,2012-03-31,2012-03-31,2012-03-31,2021-07-29,-86000000.0,8784000000.0,,1261000000.0,7523000000.0,,10.63,-47000000.0,192000000.0,192000000.0,584000000.0,102000000.0,0.893,2.887,2699000000.0,452000000.0,2247000000.0,2699000000.0,1499000000.0,60000000.0,0.0,0.032,0.34,195000000.0,255000000.0,0.187,255000000.0,195000000.0,163000000.0,0.48,0.48,0.48,2260000000.0,,2260000000.0,10534477405.0,10.0,8.334,-372000000.0,-1.75,1.0,778000000.0,0.571,5670000000.0,32000000.0,4209000000.0,,225000000.0,14000000.0,0.0,14000000.0,6524000000.0,1412000000.0,5112000000.0,8527477405.0,-509000000.0,0.0,-79000000.0,0.0,-68000000.0,-134000000.0,-53000000.0,0.0,-325000000.0,3000000.0,102000000.0,102000000.0,102000000.0,0.0,0.0,0.075,586000000.0,192000000.0,313000000.0,0.708,3.773,14.356,14.675,1149000000.0,0.0,40.21,1.437,1.441,564000000.0,769000000.0,1362000000.0,1362000000.0,0.0,,,,,8000000.0,553000000.0,1.0,212073549.0,212600000.0,213900000.0,6.406,3114000000.0,218000000.0,61000000.0,642000000.0,14.647,-151000000.0
38,KDP,MRQ,2011-12-31,2011-12-31,2011-12-31,2021-07-29,-110000000.0,9283000000.0,,1757000000.0,7526000000.0,,10.609,-89000000.0,701000000.0,701000000.0,604000000.0,166000000.0,0.917,3.102,2708000000.0,452000000.0,2256000000.0,2708000000.0,1514000000.0,61000000.0,0.0,0.031,0.32,275000000.0,336000000.0,0.23,336000000.0,275000000.0,246000000.0,0.77,0.77,0.77,2263000000.0,,2263000000.0,10423775461.0,10.0,8.195,114000000.0,0.534,1.0,857000000.0,0.587,5657000000.0,29000000.0,3718000000.0,,212000000.0,13000000.0,0.0,13000000.0,7020000000.0,1915000000.0,5105000000.0,8463775461.0,50000000.0,0.0,-89000000.0,100000000.0,-68000000.0,-60000000.0,-94000000.0,-2000000.0,203000000.0,1000000.0,166000000.0,166000000.0,166000000.0,0.0,0.0,0.114,586000000.0,271000000.0,265000000.0,0.416,3.74,13.967,14.253,1152000000.0,0.0,39.48,1.434,1.463,585000000.0,740000000.0,1461000000.0,1461000000.0,0.0,,,,,10000000.0,553000000.0,1.0,214381344.0,213300000.0,216100000.0,6.85,3626000000.0,227000000.0,80000000.0,1116000000.0,17.0,-158000000.0
39,KDP,MRQ,2011-09-30,2011-09-30,2011-09-30,2021-07-29,-97000000.0,9189000000.0,,1695000000.0,7494000000.0,,10.444,-43000000.0,651000000.0,651000000.0,672000000.0,154000000.0,0.982,3.073,2611000000.0,401000000.0,2210000000.0,2611000000.0,1529000000.0,57000000.0,0.0,0.029,0.32,266000000.0,323000000.0,0.211,323000000.0,266000000.0,236000000.0,0.71,0.71,0.71,2256000000.0,,2256000000.0,10449722102.0,11.0,8.841,281000000.0,1.301,1.0,857000000.0,0.56,5657000000.0,30000000.0,3766000000.0,,260000000.0,11000000.0,0.0,11000000.0,6933000000.0,1726000000.0,5207000000.0,8413722102.0,101000000.0,0.0,-100000000.0,0.0,-72000000.0,-171000000.0,-43000000.0,0.0,324000000.0,-9000000.0,154000000.0,154000000.0,154000000.0,0.0,0.0,0.101,596000000.0,261000000.0,878000000.0,0.451,3.729,15.242,15.574,1121000000.0,0.0,38.78,1.437,1.431,541000000.0,643000000.0,1529000000.0,1529000000.0,0.0,,,,,7000000.0,559000000.0,1.0,216960343.0,216000000.0,218200000.0,7.079,3532000000.0,211000000.0,82000000.0,1104000000.0,16.352,-31000000.0
40,KDP,MRQ,2011-06-30,2011-06-30,2011-06-30,2021-07-29,-22000000.0,9228000000.0,,1695000000.0,7533000000.0,,10.532,-49000000.0,550000000.0,550000000.0,662000000.0,172000000.0,1.086,2.949,2586000000.0,402000000.0,2184000000.0,2586000000.0,1550000000.0,56000000.0,0.0,0.026,0.32,294000000.0,350000000.0,0.221,350000000.0,294000000.0,266000000.0,0.78,0.77,0.78,2337000000.0,,2337000000.0,11209758095.0,12.0,9.524,156000000.0,0.703,1.0,920000000.0,0.582,5674000000.0,28000000.0,4029000000.0,,275000000.0,12000000.0,0.0,12000000.0,6891000000.0,1561000000.0,5330000000.0,9281758095.0,-107000000.0,0.0,-215000000.0,0.0,-55000000.0,-264000000.0,-49000000.0,0.0,205000000.0,1000000.0,172000000.0,172000000.0,172000000.0,0.0,0.0,0.109,630000000.0,290000000.0,850000000.0,0.41,3.972,17.125,17.544,1147000000.0,0.0,41.93,1.605,1.609,610000000.0,559000000.0,1582000000.0,1582000000.0,0.0,,,,,9000000.0,598000000.0,1.0,221363179.0,221900000.0,224400000.0,7.129,3554000000.0,212000000.0,94000000.0,1109000000.0,16.016,134000000.0
41,KDP,MRQ,2011-03-31,2011-03-31,2011-03-31,2021-07-29,-26000000.0,9314000000.0,,1773000000.0,7541000000.0,,10.868,-54000000.0,657000000.0,657000000.0,547000000.0,114000000.0,1.255,2.833,2585000000.0,403000000.0,2182000000.0,2585000000.0,1565000000.0,58000000.0,0.0,0.027,0.25,205000000.0,263000000.0,0.198,263000000.0,205000000.0,178000000.0,0.51,0.5,0.51,2430000000.0,,2430000000.0,10098902453.0,10.0,8.444,-3000000.0,-0.013,1.0,784000000.0,0.589,5675000000.0,27000000.0,4154000000.0,,264000000.0,12000000.0,0.0,12000000.0,6884000000.0,1413000000.0,5471000000.0,8322902453.0,342000000.0,0.0,-98000000.0,500000000.0,-56000000.0,343000000.0,-54000000.0,0.0,51000000.0,2000000.0,114000000.0,114000000.0,114000000.0,0.0,0.0,0.086,582000000.0,202000000.0,817000000.0,0.49,3.425,15.05,15.746,1153000000.0,0.0,37.16,1.455,1.453,561000000.0,458000000.0,1331000000.0,1331000000.0,0.0,,,,,8000000.0,547000000.0,1.0,223974770.0,223600000.0,226300000.0,5.953,3639000000.0,208000000.0,64000000.0,1126000000.0,16.275,360000000.0
42,KDP,MRQ,2010-12-31,2010-12-31,2010-12-31,2021-07-29,-28000000.0,8859000000.0,,1309000000.0,7550000000.0,,10.866,-74000000.0,315000000.0,315000000.0,554000000.0,112000000.0,0.978,2.603,2091000000.0,404000000.0,1687000000.0,2091000000.0,1580000000.0,63000000.0,0.0,0.026,0.25,183000000.0,246000000.0,0.174,246000000.0,183000000.0,149000000.0,0.49,0.49,0.49,2459000000.0,,2459000000.0,10331558939.0,11.0,8.77,922000000.0,4.074,1.0,858000000.0,0.608,5675000000.0,34000000.0,3622000000.0,,244000000.0,11000000.0,0.0,11000000.0,6400000000.0,1338000000.0,5062000000.0,7984558939.0,91000000.0,0.0,-202000000.0,-573000000.0,-58000000.0,-833000000.0,-74000000.0,0.0,996000000.0,2000000.0,112000000.0,112000000.0,112000000.0,0.0,0.0,0.079,590000000.0,268000000.0,298000000.0,0.51,3.247,15.122,16.055,1168000000.0,0.0,35.16,1.417,1.5,536000000.0,400000000.0,1412000000.0,1412000000.0,0.0,,,,,8000000.0,551000000.0,1.0,227092120.0,226300000.0,228500000.0,6.24,3184000000.0,201000000.0,37000000.0,1101000000.0,14.07,-29000000.0
43,KDP,MRQ,2010-09-30,2010-09-30,2010-09-30,2021-07-29,-40000000.0,8790000000.0,,1299000000.0,7491000000.0,,10.861,-56000000.0,224000000.0,224000000.0,600000000.0,144000000.0,1.32,2.4,2571000000.0,0.0,2571000000.0,2571000000.0,879000000.0,56000000.0,0.0,0.023,0.25,262000000.0,318000000.0,0.218,318000000.0,262000000.0,231000000.0,0.61,0.6,0.61,2585000000.0,,2585000000.0,10641357638.0,10.0,8.486,217000000.0,0.912,1.0,857000000.0,0.588,5677000000.0,31000000.0,4476000000.0,,283000000.0,11000000.0,0.0,11000000.0,6205000000.0,984000000.0,5221000000.0,8484357638.0,-187000000.0,0.0,-348000000.0,0.0,-60000000.0,-409000000.0,-53000000.0,-1000000.0,273000000.0,2000000.0,144000000.0,144000000.0,144000000.0,0.0,0.0,0.099,597000000.0,260000000.0,947000000.0,0.41,3.282,16.008,16.444,1123000000.0,0.0,35.52,1.52,1.515,527000000.0,346000000.0,1457000000.0,1457000000.0,0.0,,,,,8000000.0,564000000.0,1.0,238861420.0,238000000.0,240400000.0,6.122,3113000000.0,197000000.0,87000000.0,1084000000.0,13.08,315000000.0
44,KDP,MRQ,2010-06-30,2010-06-30,2010-06-30,2021-07-29,-56000000.0,8978000000.0,,1503000000.0,7475000000.0,,11.546,-43000000.0,411000000.0,411000000.0,593000000.0,183000000.0,1.566,2.18,2568000000.0,0.0,2568000000.0,2568000000.0,887000000.0,55000000.0,0.0,0.015,0.25,314000000.0,369000000.0,0.243,369000000.0,314000000.0,285000000.0,0.75,0.74,0.75,2823000000.0,,2823000000.0,11181368692.0,11.0,8.722,236000000.0,0.965,1.0,926000000.0,0.61,5678000000.0,29000000.0,4497000000.0,,269000000.0,10000000.0,0.0,10000000.0,6155000000.0,960000000.0,5195000000.0,9186368692.0,-160000000.0,0.0,-355000000.0,0.0,-38000000.0,-393000000.0,-43000000.0,0.0,279000000.0,-3000000.0,183000000.0,183000000.0,183000000.0,0.0,0.0,0.12,616000000.0,310000000.0,884000000.0,0.333,3.254,17.107,17.472,1110000000.0,0.0,37.39,1.653,1.645,575000000.0,260000000.0,1519000000.0,1519000000.0,0.0,,,,,7000000.0,587000000.0,1.0,245690524.0,244500000.0,246700000.0,6.213,3300000000.0,191000000.0,102000000.0,1082000000.0,13.497,543000000.0
45,KDP,MRQ,2010-03-31,2010-03-31,2010-03-31,2021-07-29,-41000000.0,9117000000.0,,1630000000.0,7487000000.0,,12.088,-55000000.0,571000000.0,571000000.0,496000000.0,89000000.0,1.918,1.977,2566000000.0,0.0,2566000000.0,2566000000.0,897000000.0,54000000.0,0.0,0.009,0.15,191000000.0,245000000.0,0.196,245000000.0,191000000.0,157000000.0,0.35,0.35,0.35,3062000000.0,,3062000000.0,11617251209.0,11.0,9.191,932000000.0,3.679,1.0,752000000.0,0.603,5686000000.0,34000000.0,4576000000.0,,270000000.0,10000000.0,0.0,10000000.0,6055000000.0,850000000.0,5205000000.0,8937251209.0,291000000.0,0.0,-202000000.0,-405000000.0,-38000000.0,-645000000.0,-55000000.0,0.0,987000000.0,4000000.0,89000000.0,89000000.0,89000000.0,0.0,0.0,0.071,565000000.0,187000000.0,798000000.0,0.429,2.919,17.456,17.498,1106000000.0,0.0,35.17,1.619,1.614,529000000.0,138000000.0,1248000000.0,1248000000.0,0.0,,,,,6000000.0,531000000.0,1.0,254115758.0,253300000.0,255100000.0,4.927,3431000000.0,201000000.0,68000000.0,1058000000.0,13.545,780000000.0
46,KDP,MRQ,2009-12-31,2009-12-31,2009-12-31,2021-07-29,-59000000.0,8776000000.0,,1279000000.0,7497000000.0,,12.537,-94000000.0,280000000.0,280000000.0,528000000.0,114000000.0,1.498,1.754,2960000000.0,0.0,2960000000.0,2960000000.0,0.0,73000000.0,0.0,0.005,0.15,249000000.0,322000000.0,0.237,322000000.0,249000000.0,164000000.0,0.45,0.44,0.45,3187000000.0,,3187000000.0,9947073460.0,9.0,7.44,70000000.0,0.275,1.0,828000000.0,0.611,5685000000.0,85000000.0,4917000000.0,,262000000.0,9000000.0,0.0,9000000.0,5589000000.0,854000000.0,4735000000.0,7190073460.0,-2000000.0,0.0,1000000.0,-70000000.0,0.0,-71000000.0,-94000000.0,0.0,164000000.0,-1000000.0,114000000.0,114000000.0,114000000.0,0.0,0.0,0.084,577000000.0,251000000.0,850000000.0,0.333,2.256,12.955,12.982,1109000000.0,0.0,28.3,1.3,1.301,540000000.0,87000000.0,1356000000.0,1356000000.0,0.0,,,,,6000000.0,539000000.0,1.0,254066200.0,254200000.0,255800000.0,5.334,3091000000.0,204000000.0,50000000.0,1042000000.0,12.16,425000000.0
47,KDP,MRQ,2009-09-30,2009-09-30,2009-09-30,2021-07-29,-83000000.0,8740000000.0,,1283000000.0,7457000000.0,,12.109,-84000000.0,282000000.0,282000000.0,579000000.0,151000000.0,1.471,1.84,3039000000.0,0.0,3039000000.0,3039000000.0,0.0,52000000.0,0.0,0.0,0.0,294000000.0,346000000.0,0.241,346000000.0,294000000.0,243000000.0,0.59,0.59,0.59,3078000000.0,,3078000000.0,10308306495.0,251.0,41.399,246000000.0,0.968,1.0,855000000.0,0.596,5686000000.0,51000000.0,4939000000.0,,275000000.0,14000000.0,0.0,14000000.0,5662000000.0,872000000.0,4790000000.0,7303306495.0,47000000.0,0.0,0.0,-200000000.0,0.0,-202000000.0,-84000000.0,0.0,330000000.0,3000000.0,151000000.0,151000000.0,151000000.0,0.0,0.0,0.105,583000000.0,272000000.0,851000000.0,0.0,2.373,-40.574,-40.493,1041000000.0,0.0,28.75,1.316,1.317,532000000.0,11000000.0,1434000000.0,1434000000.0,0.0,,,,,5000000.0,547000000.0,1.0,254028052.0,254200000.0,255500000.0,5.641,3054000000.0,228000000.0,92000000.0,1025000000.0,12.014,411000000.0
48,KDP,MRQ,2009-06-30,2009-06-30,2009-06-30,2021-07-29,-86000000.0,8730000000.0,,1310000000.0,7420000000.0,,11.487,-56000000.0,235000000.0,235000000.0,596000000.0,158000000.0,1.605,1.99,3240000000.0,0.0,3240000000.0,3240000000.0,0.0,50000000.0,0.0,0.0,0.0,301000000.0,351000000.0,0.237,351000000.0,301000000.0,249000000.0,0.62,0.62,0.62,2920000000.0,,2920000000.0,8526330546.0,-294.0,50.155,137000000.0,0.539,1.0,885000000.0,0.598,5691000000.0,52000000.0,5228000000.0,,284000000.0,14000000.0,0.0,14000000.0,5810000000.0,816000000.0,4994000000.0,5379330546.0,16000000.0,0.0,0.0,-125000000.0,0.0,-125000000.0,-58000000.0,0.0,193000000.0,6000000.0,158000000.0,158000000.0,158000000.0,0.0,0.0,0.107,588000000.0,297000000.0,803000000.0,0.0,1.842,-23.908,-23.809,1013000000.0,0.0,21.19,0.959,0.96,580000000.0,-140000000.0,1481000000.0,1481000000.0,0.0,,,,,5000000.0,550000000.0,1.0,253861753.0,254200000.0,255100000.0,5.826,3039000000.0,226000000.0,91000000.0,1016000000.0,11.955,494000000.0
49,KDP,MRQ,2009-03-31,2009-03-31,2009-03-31,2021-07-29,-112000000.0,8640000000.0,,1251000000.0,7389000000.0,,10.763,-78000000.0,219000000.0,219000000.0,531000000.0,132000000.0,1.524,2.158,3366000000.0,0.0,3366000000.0,3366000000.0,0.0,49000000.0,0.0,0.0,0.0,269000000.0,318000000.0,0.252,318000000.0,269000000.0,214000000.0,0.52,0.52,0.52,2736000000.0,,2736000000.0,7600223143.0,-152.0,52.056,100000000.0,0.393,1.0,729000000.0,0.579,5686000000.0,55000000.0,5280000000.0,,286000000.0,12000000.0,0.0,12000000.0,5904000000.0,821000000.0,5083000000.0,4292223143.0,5000000.0,0.0,0.0,-155000000.0,0.0,-156000000.0,-15000000.0,0.0,178000000.0,-2000000.0,132000000.0,132000000.0,132000000.0,0.0,0.0,0.105,464000000.0,265000000.0,804000000.0,0.0,1.569,-15.608,-15.514,1001000000.0,0.0,16.91,0.756,0.757,525000000.0,-298000000.0,1260000000.0,1260000000.0,0.0,,,,,3000000.0,499000000.0,1.0,253827507.0,254200000.0,254300000.0,4.957,2954000000.0,219000000.0,82000000.0,1009000000.0,11.621,430000000.0
50,KDP,MRQ,2008-12-31,2008-12-31,2008-12-31,2021-07-29,-106000000.0,8638000000.0,,1237000000.0,7401000000.0,,10.264,-100000000.0,214000000.0,214000000.0,622000000.0,-621000000.0,1.544,2.313,3522000000.0,0.0,3522000000.0,3522000000.0,0.0,57000000.0,0.0,0.0,0.0,-823000000.0,-766000000.0,-0.557,-766000000.0,-823000000.0,-881000000.0,-2.44,-2.44,-2.44,2607000000.0,,2607000000.0,7505393161.0,-65.0,95.005,86000000.0,0.339,1.0,754000000.0,0.548,5695000000.0,58000000.0,5450000000.0,,263000000.0,12000000.0,0.0,12000000.0,6031000000.0,801000000.0,5230000000.0,4122393161.0,-25000000.0,0.0,0.0,-100000000.0,0.0,-102000000.0,-101000000.0,0.0,186000000.0,-8000000.0,-621000000.0,-621000000.0,-621000000.0,0.0,0.0,-0.451,1590000000.0,-836000000.0,796000000.0,0.0,1.581,-13.213,-13.211,990000000.0,0.0,16.25,0.722,0.723,532000000.0,-430000000.0,1376000000.0,1376000000.0,0.0,,,,,4000000.0,489000000.0,1.0,253685733.0,254000000.0,254000000.0,5.417,2943000000.0,233000000.0,-260000000.0,986000000.0,11.587,436000000.0
51,KDP,MRQ,2008-09-30,2008-09-30,2008-09-30,2021-07-29,-27000000.0,9822000000.0,,1338000000.0,8484000000.0,,13.1,-61000000.0,239000000.0,239000000.0,709000000.0,106000000.0,1.482,1.95,3622000000.0,35000000.0,3587000000.0,3622000000.0,0.0,43000000.0,0.0,0.0,0.0,224000000.0,267000000.0,0.179,267000000.0,224000000.0,165000000.0,0.41,0.41,0.41,3330000000.0,,3330000000.0,10280598210.0,10.0,8.661,184000000.0,0.724,1.0,785000000.0,0.525,6765000000.0,59000000.0,5537000000.0,,330000000.0,13000000.0,0.0,13000000.0,6492000000.0,903000000.0,5589000000.0,6717598210.0,-61000000.0,0.0,0.0,-240000000.0,0.0,-241000000.0,-61000000.0,0.0,245000000.0,-4000000.0,106000000.0,106000000.0,106000000.0,0.0,0.0,0.071,572000000.0,213000000.0,862000000.0,0.0,2.017,15.028,15.131,945000000.0,0.0,26.48,1.182,1.185,521000000.0,191000000.0,1494000000.0,1494000000.0,0.0,,,,,1000000.0,542000000.0,1.0,253685733.0,254200000.0,254200000.0,5.877,3057000000.0,257000000.0,59000000.0,1282000000.0,12.026,435000000.0
52,KDP,MRQ,2008-06-30,2008-06-30,2008-06-30,2021-07-29,-10000000.0,10007000000.0,,1514000000.0,8493000000.0,,12.783,-100000000.0,300000000.0,300000000.0,694000000.0,108000000.0,1.373,2.082,3863000000.0,220000000.0,3643000000.0,3863000000.0,0.0,47000000.0,0.0,0.0,0.0,280000000.0,327000000.0,0.212,327000000.0,280000000.0,188000000.0,0.42,0.42,0.42,3247000000.0,,3247000000.0,8262326678.0,8.0,6.526,78000000.0,0.307,1.0,851000000.0,0.551,6784000000.0,92000000.0,5683000000.0,,348000000.0,14000000.0,0.0,14000000.0,6760000000.0,1103000000.0,5657000000.0,5322326678.0,201000000.0,0.0,0.0,812000000.0,0.0,-1216000000.0,1238000000.0,1338000000.0,178000000.0,1000000.0,108000000.0,108000000.0,108000000.0,0.0,0.0,0.07,582000000.0,269000000.0,877000000.0,0.0,1.639,10.752,10.759,930000000.0,0.0,20.98,0.93,0.931,625000000.0,85000000.0,1545000000.0,1545000000.0,0.0,,,,,3000000.0,536000000.0,1.0,253685733.0,254000000.0,254000000.0,6.083,3223000000.0,269000000.0,80000000.0,1268000000.0,12.689,411000000.0
53,KDP,MRQ,2008-03-31,2008-03-31,2008-03-31,2021-07-29,-3000000.0,10595000000.0,,2796000000.0,7799000000.0,,19.886,-39000000.0,99000000.0,99000000.0,565000000.0,95000000.0,1.729,1.1,3039000000.0,612000000.0,2427000000.0,3039000000.0,0.0,48000000.0,0.0,,0.0,203000000.0,251000000.0,0.194,251000000.0,203000000.0,155000000.0,0.38,0.38,0.38,5045000000.0,,5045000000.0,,,,61000000.0,0.24,1.0,730000000.0,0.564,6796000000.0,48000000.0,5122000000.0,,360000000.0,13000000.0,0.0,13000000.0,5550000000.0,1617000000.0,3933000000.0,,32000000.0,0.0,0.0,-16000000.0,0.0,-66000000.0,-2000000.0,37000000.0,100000000.0,0.0,95000000.0,95000000.0,95000000.0,0.0,0.0,0.073,544000000.0,186000000.0,982000000.0,0.0,,,,876000000.0,0.0,,,,2101000000.0,,1295000000.0,1295000000.0,0.0,,,,,1000000.0,508000000.0,1.0,253685733.0,253700000.0,253700000.0,5.104,3799000000.0,90000000.0,60000000.0,1323000000.0,14.974,1179000000.0
54,KDP,MRQ,2007-12-31,2007-12-31,2007-12-31,2021-07-29,20000000.0,10528000000.0,,2739000000.0,7789000000.0,,19.791,-101000000.0,67000000.0,67000000.0,580000000.0,138000000.0,2.413,1.097,3038000000.0,126000000.0,2912000000.0,3038000000.0,0.0,42000000.0,0.0,,0.0,300000000.0,342000000.0,0.254,342000000.0,300000000.0,242000000.0,0.54,0.54,0.54,5021000000.0,,5021000000.0,,,,-204000000.0,-0.804,1.0,768000000.0,0.57,6800000000.0,58000000.0,5564000000.0,,325000000.0,13000000.0,0.0,13000000.0,5507000000.0,1135000000.0,4372000000.0,,33000000.0,-30000000.0,0.0,-181000000.0,0.0,-227000000.0,363000000.0,373000000.0,-103000000.0,0.0,138000000.0,138000000.0,138000000.0,0.0,0.0,0.102,495000000.0,273000000.0,987000000.0,0.0,,,,868000000.0,0.0,,,,2131000000.0,0.0,1348000000.0,1348000000.0,0.0,,,,,11000000.0,491000000.0,1.0,253685733.0,253700000.0,253700000.0,5.313,3728000000.0,89000000.0,104000000.0,1346000000.0,14.695,1604000000.0
55,KDP,MRQ,2007-09-30,2007-09-30,2007-09-30,2021-07-29,,,,,,,,-43000000.0,,,719000000.0,154000000.0,,,,,,,,36000000.0,,,0.0,310000000.0,346000000.0,0.225,346000000.0,310000000.0,247000000.0,0.61,0.61,0.61,,,,,,,426000000.0,1.679,1.0,816000000.0,0.532,,63000000.0,,,,,,,,,,,6000000.0,0.0,0.0,-281000000.0,0.0,956000000.0,-1419000000.0,-1355000000.0,469000000.0,0.0,154000000.0,154000000.0,154000000.0,0.0,0.0,0.1,528000000.0,288000000.0,,0.0,,,,,0.0,,,,,,1535000000.0,1535000000.0,0.0,,,,,-10000000.0,496000000.0,1.0,253685733.0,253700000.0,253700000.0,6.05,,,93000000.0,,,
56,KDP,MRQ,2007-06-30,2007-06-30,2007-06-30,2021-07-29,,,,,,,,-49000000.0,,,693000000.0,136000000.0,,,,,,,,51000000.0,,,0.0,291000000.0,342000000.0,0.222,342000000.0,291000000.0,220000000.0,0.54,0.54,0.54,,,,,,,63000000.0,0.248,1.0,850000000.0,0.551,,71000000.0,,,,,,,,,,,-68000000.0,0.0,0.0,-237000000.0,0.0,-324000000.0,143000000.0,194000000.0,112000000.0,1000000.0,136000000.0,136000000.0,136000000.0,0.0,0.0,0.088,569000000.0,281000000.0,,0.0,,,,,0.0,,,,,,1543000000.0,1543000000.0,0.0,,,,,6000000.0,532000000.0,1.0,253685733.0,253700000.0,253700000.0,6.082,,,84000000.0,,,
57,KDP,MRQ,2007-03-31,2007-03-31,2007-03-31,2021-07-29,,,,,,,,-31000000.0,,,572000000.0,69000000.0,,,,,,,,40000000.0,,,0.0,171000000.0,211000000.0,0.166,211000000.0,171000000.0,110000000.0,0.27,,0.27,,,,,,,94000000.0,0.371,1.0,697000000.0,0.549,,61000000.0,,,,,,,,,,,61000000.0,0.0,0.0,89000000.0,0.0,110000000.0,-174000000.0,-143000000.0,125000000.0,0.0,69000000.0,69000000.0,69000000.0,0.0,0.0,0.054,536000000.0,161000000.0,,0.0,,,,,0.0,,,,,,1269000000.0,1269000000.0,0.0,,,,,14000000.0,499000000.0,1.0,253685733.0,253685733.0,,5.002,,,41000000.0,,,
58,KDP,MRQ,2006-12-31,2006-12-31,2006-12-31,2021-07-29,1000000.0,9346000000.0,,1632000000.0,7714000000.0,,12.81,,35000000.0,35000000.0,,,0.965,1.876,3792000000.0,708000000.0,3084000000.0,3792000000.0,0.0,,0.0,,0.0,,,,,,,,,,3250000000.0,,3250000000.0,,,,,,1.0,,,6831000000.0,,4581000000.0,,300000000.0,12000000.0,0.0,12000000.0,6096000000.0,1691000000.0,4405000000.0,,,,,,,,,,,,,,,,,,,,971000000.0,,,,,755000000.0,,,,,1146000000.0,,,,,,,,,,,1.0,253685733.0,253700000.0,,,2515000000.0,70000000.0,,1304000000.0,9.913,-59000000.0
59,KDP,MRQ,2005-12-31,2006-01-01,2006-01-01,2021-07-29,10000000.0,7433000000.0,,1331000000.0,6102000000.0,,,,28000000.0,28000000.0,,,1.172,2.064,3262000000.0,404000000.0,2858000000.0,3262000000.0,0.0,,0.0,,0.0,,,,,,,,,,2426000000.0,,2426000000.0,,,,,,1.0,,,5393000000.0,,4138000000.0,,176000000.0,245000000.0,0.0,245000000.0,5007000000.0,1136000000.0,3871000000.0,,,,,,,,,,,,,,,,,,,,722000000.0,,,,,326000000.0,,,,,959000000.0,,,,,,,,,,,1.0,,,,,2040000000.0,27000000.0,,996000000.0,,195000000.0
0,KDP,MRT,2021-06-30,2021-06-30,2021-06-30,2021-07-29,128000000.0,50344000000.0,49976750000.0,2616000000.0,47728000000.0,0.244,17.103,-426000000.0,170000000.0,170000000.0,5341000000.0,1644000000.0,0.378,1.077,13188000000.0,1467000000.0,11721000000.0,13188000000.0,0.0,519000000.0,0.0,0.022,0.788,2712000000.0,3231000000.0,0.265,3231000000.0,2712000000.0,2153000000.0,1.16,1.15,1.16,24242000000.0,23859250000.0,24242000000.0,63212813803.0,23.0,19.564,2107000000.0,1.487,1.0,6842000000.0,0.562,44255000000.0,559000000.0,12190000000.0,11953250000.0,897000000.0,86000000.0,0.0,86000000.0,26101000000.0,6917000000.0,19184000000.0,49948813803.0,78000000.0,-7000000.0,147000000.0,-1274000000.0,-847000000.0,-2117000000.0,-424000000.0,0.0,2533000000.0,1000000.0,1644000000.0,1644000000.0,1644000000.0,0.0,0.0,0.135,4015000000.0,2827000000.0,3976000000.0,0.679,2.06,30.382,30.379,2420000000.0,0.0,35.24,4.1,4.1,1075000000.0,2357000000.0,12183000000.0,12183000000.0,0.0,0.033,0.069,0.227,0.223,91000000.0,3949000000.0,1.0,1417389722.0,1417400000.0,1428100000.0,8.595,6089000000.0,41000000.0,509000000.0,5972000000.0,4.296,-4301000000.0
1,KDP,MRT,2021-03-31,2021-03-31,2021-03-31,2021-07-29,164000000.0,50403000000.0,49647250000.0,2665000000.0,47738000000.0,0.24,17.081,-449000000.0,349000000.0,349000000.0,5273000000.0,1494000000.0,0.369,1.094,13613000000.0,1898000000.0,11715000000.0,13613000000.0,0.0,499000000.0,0.0,0.022,0.75,2537000000.0,3036000000.0,0.255,3036000000.0,2537000000.0,1946000000.0,1.05,1.05,1.05,24070000000.0,23529500000.0,24070000000.0,61753776139.0,24.0,20.341,2139000000.0,1.518,1.0,6634000000.0,0.557,44158000000.0,591000000.0,12284000000.0,11927000000.0,841000000.0,88000000.0,0.0,88000000.0,26332000000.0,7225000000.0,19107000000.0,48367776139.0,78000000.0,-5000000.0,147000000.0,-1196000000.0,-826000000.0,-2017000000.0,-449000000.0,0.0,2588000000.0,4000000.0,1494000000.0,1494000000.0,1494000000.0,0.0,0.0,0.125,3980000000.0,2654000000.0,3871000000.0,0.714,2.009,32.375,32.733,2261000000.0,0.0,34.37,4.062,4.068,1065000000.0,2174000000.0,11907000000.0,11907000000.0,0.0,0.03,0.063,0.213,0.213,91000000.0,3911000000.0,1.0,1407267272.0,1409200000.0,1425600000.0,8.449,6245000000.0,44000000.0,452000000.0,6025000000.0,4.432,-4560000000.0
2,KDP,MRT,2020-12-31,2020-12-31,2020-12-31,2021-07-29,77000000.0,49779000000.0,49257250000.0,2388000000.0,47391000000.0,0.236,16.934,-314000000.0,255000000.0,255000000.0,5132000000.0,1325000000.0,0.31,1.089,13641000000.0,2498000000.0,11143000000.0,13641000000.0,0.0,495000000.0,0.0,0.019,0.6,2357000000.0,2852000000.0,0.245,2852000000.0,2357000000.0,1753000000.0,0.94,0.93,0.94,23829000000.0,23172000000.0,23829000000.0,58863105408.0,25.0,20.639,2142000000.0,1.522,1.0,6486000000.0,0.558,44152000000.0,604000000.0,11319000000.0,12057000000.0,762000000.0,88000000.0,0.0,88000000.0,25949000000.0,7694000000.0,18255000000.0,45032105408.0,144000000.0,-11000000.0,29000000.0,-1173000000.0,-846000000.0,-1990000000.0,-316000000.0,0.0,2456000000.0,-6000000.0,1325000000.0,1325000000.0,1325000000.0,0.0,0.0,0.114,4006000000.0,2480000000.0,3740000000.0,0.638,1.89,33.986,34.043,2212000000.0,0.0,32.0,3.876,3.876,1048000000.0,2061000000.0,11618000000.0,11618000000.0,0.0,0.027,0.057,0.195,0.203,85000000.0,3978000000.0,1.0,1407253294.0,1407200000.0,1422100000.0,8.256,5627000000.0,45000000.0,428000000.0,5993000000.0,3.999,-5306000000.0
3,KDP,MRT,2020-09-30,2020-09-30,2020-09-30,2021-07-29,-217000000.0,49381000000.0,49192000000.0,2416000000.0,46965000000.0,0.232,16.554,-104000000.0,218000000.0,218000000.0,5020000000.0,1303000000.0,0.33,1.12,14049000000.0,2342000000.0,11707000000.0,14049000000.0,0.0,491000000.0,0.0,0.022,0.6,2360000000.0,2851000000.0,0.249,2851000000.0,2360000000.0,1745000000.0,0.92,0.91,0.92,23296000000.0,23029000000.0,23296000000.0,52948615893.0,22.0,18.572,2233000000.0,1.587,1.0,6411000000.0,0.561,43863000000.0,615000000.0,12020000000.0,12576000000.0,824000000.0,90000000.0,0.0,90000000.0,26084000000.0,7329000000.0,18755000000.0,38838615893.0,40000000.0,-20000000.0,7000000.0,-1260000000.0,-846000000.0,-2104000000.0,-116000000.0,0.0,2337000000.0,-11000000.0,1303000000.0,1303000000.0,1303000000.0,0.0,0.0,0.114,3918000000.0,2493000000.0,3517000000.0,0.652,1.667,29.807,30.0,2092000000.0,0.0,27.6,3.398,3.398,1051000000.0,1845000000.0,11431000000.0,11431000000.0,0.0,0.026,0.057,0.188,0.206,79000000.0,3989000000.0,1.0,1407196228.0,1407300000.0,1422900000.0,8.123,5518000000.0,31000000.0,442000000.0,5945000000.0,3.921,-4913000000.0
4,KDP,MRT,2020-06-30,2020-06-30,2020-06-30,2021-07-29,-328000000.0,49026000000.0,49196750000.0,2240000000.0,46786000000.0,0.229,16.29,-104000000.0,177000000.0,177000000.0,4949000000.0,1164000000.0,0.307,1.139,14287000000.0,2438000000.0,11849000000.0,14287000000.0,0.0,498000000.0,0.0,0.021,0.6,2199000000.0,2697000000.0,0.239,2697000000.0,2199000000.0,1574000000.0,0.83,0.81,0.83,22923000000.0,22933500000.0,22923000000.0,54386099987.0,25.0,20.165,2229000000.0,1.584,1.0,6332000000.0,0.561,43753000000.0,625000000.0,12085000000.0,13033750000.0,747000000.0,102000000.0,0.0,102000000.0,26103000000.0,7298000000.0,18805000000.0,39963099987.0,-49000000.0,-29000000.0,0.0,-1339000000.0,-844000000.0,-2185000000.0,-128000000.0,0.0,2333000000.0,-3000000.0,1164000000.0,1164000000.0,1164000000.0,0.0,0.0,0.103,4012000000.0,2320000000.0,3377000000.0,0.723,1.743,34.333,34.217,2071000000.0,0.0,28.4,3.543,3.543,1010000000.0,1613000000.0,11281000000.0,11281000000.0,0.0,0.024,0.051,0.169,0.195,72000000.0,4052000000.0,1.0,1407151408.0,1407200000.0,1421500000.0,8.017,5273000000.0,29000000.0,410000000.0,5922000000.0,3.747,-5058000000.0
5,KDP,MRT,2020-03-31,2020-03-31,2020-03-31,2021-07-29,-480000000.0,48843000000.0,49327000000.0,2277000000.0,46566000000.0,0.228,16.091,-37000000.0,223000000.0,223000000.0,4833000000.0,1180000000.0,0.332,1.157,14646000000.0,2215000000.0,12431000000.0,14646000000.0,0.0,499000000.0,0.0,0.025,0.6,2222000000.0,2721000000.0,0.242,2721000000.0,2222000000.0,1584000000.0,0.84,0.82,0.84,22640000000.0,22923500000.0,22640000000.0,48787557817.0,22.0,17.93,2260000000.0,1.606,1.0,6396000000.0,0.57,43604000000.0,638000000.0,12804000000.0,13512500000.0,682000000.0,105000000.0,0.0,105000000.0,26203000000.0,6858000000.0,19345000000.0,34147557817.0,-28000000.0,-55000000.0,0.0,-1288000000.0,-845000000.0,-2136000000.0,-71000000.0,0.0,2297000000.0,-6000000.0,1180000000.0,1180000000.0,1180000000.0,0.0,0.0,0.105,4050000000.0,2346000000.0,3238000000.0,0.714,1.508,28.939,28.893,2017000000.0,0.0,24.27,3.041,3.041,1037000000.0,1527000000.0,11229000000.0,11229000000.0,0.0,0.024,0.051,0.164,0.198,69000000.0,4079000000.0,1.0,1406986313.0,1407000000.0,1420100000.0,7.981,5239000000.0,29000000.0,404000000.0,5917000000.0,3.724,-4581000000.0
6,KDP,MRT,2019-12-31,2019-12-31,2019-12-31,2021-07-29,104000000.0,49518000000.0,49439000000.0,2273000000.0,47245000000.0,0.225,16.533,-118000000.0,101000000.0,101000000.0,4778000000.0,1254000000.0,0.351,1.129,14741000000.0,1914000000.0,12827000000.0,14741000000.0,0.0,484000000.0,0.0,0.021,0.6,2348000000.0,2832000000.0,0.255,2832000000.0,2348000000.0,1694000000.0,0.89,0.88,0.89,23257000000.0,22932000000.0,23257000000.0,55870493261.0,24.0,19.728,2356000000.0,1.675,1.0,6342000000.0,0.57,44289000000.0,654000000.0,13395000000.0,13886500000.0,654000000.0,151000000.0,0.0,151000000.0,26261000000.0,6474000000.0,19787000000.0,40726493261.0,-28000000.0,-56000000.0,0.0,-1525000000.0,-844000000.0,-2364000000.0,-150000000.0,0.0,2474000000.0,12000000.0,1254000000.0,1254000000.0,1254000000.0,0.0,0.0,0.113,3964000000.0,2378000000.0,3176000000.0,0.674,1.751,32.477,32.528,2028000000.0,0.0,28.95,3.662,3.662,1115000000.0,1582000000.0,11120000000.0,11120000000.0,0.0,0.025,0.055,0.169,0.211,64000000.0,3962000000.0,1.0,1406787332.0,1406700000.0,1419100000.0,7.905,5229000000.0,29000000.0,440000000.0,6030000000.0,3.717,-4201000000.0
7,KDP,MRT,2019-09-30,2019-09-30,2019-09-30,2021-07-29,-27000000.0,49400000000.0,49289000000.0,2269000000.0,47131000000.0,0.223,16.288,-267000000.0,102000000.0,102000000.0,4805000000.0,1114000000.0,0.346,1.156,15246000000.0,2099000000.0,13147000000.0,15246000000.0,0.0,425000000.0,0.0,0.022,0.6,2179000000.0,2604000000.0,0.237,2604000000.0,2179000000.0,1502000000.0,0.81,0.8,0.81,22914000000.0,22751000000.0,22914000000.0,53847012986.0,25.0,20.679,2086000000.0,1.483,1.0,6194000000.0,0.563,44143000000.0,677000000.0,13851000000.0,14361250000.0,751000000.0,164000000.0,0.0,164000000.0,26486000000.0,6550000000.0,19936000000.0,38432012986.0,-10000000.0,-39000000.0,0.0,-1296000000.0,-842000000.0,-2133000000.0,-277000000.0,0.0,2353000000.0,47000000.0,1114000000.0,1114000000.0,1114000000.0,0.0,0.0,0.101,3982000000.0,2212000000.0,2976000000.0,0.741,1.677,34.499,33.728,2236000000.0,0.0,27.32,3.494,3.494,1090000000.0,1388000000.0,10999000000.0,10999000000.0,0.0,0.023,0.049,0.152,0.198,61000000.0,3937000000.0,1.0,1406735468.0,1406800000.0,1419400000.0,7.818,5257000000.0,27000000.0,388000000.0,6022000000.0,3.737,-4281000000.0
8,KDP,MRT,2019-06-30,2019-06-30,2019-06-30,2021-07-29,51000000.0,49547000000.0,49203500000.0,2221000000.0,47326000000.0,0.221,16.267,-224000000.0,150000000.0,150000000.0,4927000000.0,959000000.0,0.332,1.165,15565000000.0,2401000000.0,13164000000.0,15565000000.0,0.0,458000000.0,0.0,3.606,104.2,1975000000.0,2433000000.0,0.224,2433000000.0,1975000000.0,1284000000.0,0.7,0.7,0.7,22883000000.0,22595750000.0,22883000000.0,56383320048.0,29.0,23.174,2014000000.0,1.432,1.0,5934000000.0,0.546,44267000000.0,691000000.0,14000000000.0,14912000000.0,686000000.0,170000000.0,0.0,170000000.0,26664000000.0,6695000000.0,19969000000.0,40653320048.0,-8124000000.0,-18969000000.0,9000000000.0,438000000.0,-632000000.0,8807000000.0,-19165000000.0,0.0,2238000000.0,-4000000.0,959000000.0,959000000.0,959000000.0,0.0,0.0,0.088,3957000000.0,1977000000.0,2909000000.0,148.857,1.777,42.391,41.286,2290000000.0,0.0,28.9,3.743,3.743,1068000000.0,1294000000.0,10861000000.0,10861000000.0,0.0,0.019,0.042,0.132,0.182,49000000.0,3953000000.0,1.0,1406689275.0,1406700000.0,1419200000.0,7.721,5280000000.0,27000000.0,325000000.0,6034000000.0,3.753,-4474000000.0
9,KDP,MRT,2019-03-31,2019-03-31,2019-03-31,2021-07-29,-37000000.0,49291000000.0,39378250000.0,2162000000.0,47129000000.0,0.229,16.123,-203000000.0,129000000.0,129000000.0,4199000000.0,730000000.0,0.325,1.174,15859000000.0,2613000000.0,13246000000.0,15859000000.0,0.0,405000000.0,0.0,3.72,104.05,1562000000.0,1967000000.0,0.219,1967000000.0,1562000000.0,964000000.0,0.58,0.58,0.58,22674000000.0,17555500000.0,22674000000.0,55715100142.0,36.0,28.325,1734000000.0,1.233,1.0,4799000000.0,0.533,44065000000.0,598000000.0,14300000000.0,12832500000.0,663000000.0,172000000.0,0.0,172000000.0,26617000000.0,6656000000.0,19961000000.0,39328100142.0,17000000.0,-18967000000.0,9000000000.0,8690000000.0,-432000000.0,17236000000.0,-19150000000.0,0.0,1937000000.0,-6000000.0,728000000.0,728000000.0,728000000.0,0.0,2000000.0,0.081,3242000000.0,1557000000.0,2558000000.0,179.397,1.735,54.022,48.224,2282000000.0,0.0,27.97,4.371,4.371,1016000000.0,1192000000.0,8998000000.0,8998000000.0,0.0,0.018,0.041,0.122,0.174,38000000.0,3246000000.0,1.0,1406081521.0,1406300000.0,1417700000.0,6.398,5226000000.0,26000000.0,236000000.0,5940000000.0,3.716,-4494000000.0
10,KDP,MRT,2018-12-31,2018-12-31,2018-12-31,2021-07-29,-130000000.0,48918000000.0,29600250000.0,2159000000.0,46759000000.0,0.251,20.743,-177000000.0,129000000.0,129000000.0,3560000000.0,589000000.0,0.379,1.171,16185000000.0,1984000000.0,14201000000.0,16185000000.0,0.0,354000000.0,0.0,4.075,104.48,1240000000.0,1594000000.0,0.214,1594000000.0,1240000000.0,788000000.0,0.54,0.53,0.54,22533000000.0,12508500000.0,22533000000.0,52306821373.0,42.0,32.815,1436000000.0,1.322,1.0,3882000000.0,0.522,43978000000.0,452000000.0,15294000000.0,10681500000.0,626000000.0,186000000.0,0.0,186000000.0,26385000000.0,5702000000.0,20683000000.0,35616821373.0,44000000.0,-18960000000.0,9000000000.0,8842000000.0,-232000000.0,17577000000.0,-19131000000.0,0.0,1613000000.0,-15000000.0,586000000.0,586000000.0,586000000.0,0.0,3000000.0,0.079,2645000000.0,1237000000.0,2300000000.0,193.481,1.581,60.78,47.481,2310000000.0,0.0,25.64,4.786,3.743,1150000000.0,1178000000.0,7442000000.0,7442000000.0,0.0,0.02,0.047,0.116,0.167,35000000.0,2635000000.0,1.0,1389111598.0,1086300000.0,1097600000.0,6.851,4940000000.0,26000000.0,202000000.0,5923000000.0,4.548,-3543000000.0
11,KDP,MRT,2018-09-30,2018-09-30,2018-09-30,2021-07-29,137000000.0,49058000000.0,21306750000.0,2385000000.0,46673000000.0,0.272,16.37,-114000000.0,112000000.0,112000000.0,2935000000.0,942000000.0,0.4,1.201,16802000000.0,2222000000.0,14580000000.0,16802000000.0,0.0,356000000.0,0.0,4.528,104.91,912000000.0,1268000000.0,0.219,1268000000.0,912000000.0,605000000.0,1.09,1.09,1.09,22293000000.0,8724750000.0,22293000000.0,36477954338.0,40.0,28.768,1334000000.0,0.98,1.0,2864000000.0,0.494,43727000000.0,307000000.0,16054000000.0,8152750000.0,720000000.0,193000000.0,0.0,193000000.0,26765000000.0,5967000000.0,20798000000.0,32176954338.0,-227000000.0,-18967000000.0,9000000000.0,8526000000.0,-34000000.0,17464000000.0,-19088000000.0,0.0,1448000000.0,-51000000.0,932000000.0,932000000.0,932000000.0,0.0,10000000.0,0.161,1945000000.0,919000000.0,2229000000.0,96.248,1.443,34.525,21.257,2345000000.0,0.0,23.17,5.549,5.441,1196000000.0,1122000000.0,5799000000.0,5799000000.0,0.0,0.044,0.107,0.112,0.157,36000000.0,1947000000.0,1.0,1388733463.0,1361800000.0,1373600000.0,4.258,5331000000.0,93000000.0,-327000000.0,5985000000.0,3.915,-3582000000.0
12,KDP,MRT,2018-06-30,2018-06-30,2018-06-30,2021-07-29,-200000000.0,10246000000.0,11552000000.0,1416000000.0,8830000000.0,0.212,3.443,-23000000.0,89000000.0,89000000.0,1841000000.0,646000000.0,0.928,2.764,4390000000.0,264000000.0,4126000000.0,4390000000.0,1085000000.0,258000000.0,0.0,0.014,1.74,390000000.0,648000000.0,0.264,648000000.0,390000000.0,186000000.0,-1.44,-1.43,-1.44,2722000000.0,3683750000.0,2722000000.0,26476001528.0,68.0,40.858,2023000000.0,2.559,1.0,610000000.0,0.249,7339000000.0,204000000.0,5682000000.0,5554500000.0,265000000.0,34000000.0,0.0,34000000.0,7524000000.0,1526000000.0,5998000000.0,21987001528.0,8079000000.0,1768000000.0,217000000.0,3926000000.0,213000000.0,4280000000.0,1747000000.0,0.0,2046000000.0,6000000.0,631000000.0,631000000.0,631000000.0,0.0,15000000.0,0.257,135000000.0,475000000.0,484000000.0,-1.208,8.078,34.845,-84.722,1183000000.0,0.0,122.0,8.971,39.348,814000000.0,2920000000.0,2451000000.0,2451000000.0,0.0,0.055,0.171,0.07,0.159,65000000.0,175000000.0,1.0,180221324.0,790500000.0,790500000.0,3.101,2907000000.0,60000000.0,-445000000.0,684000000.0,3.677,-110000000.0
13,KDP,MRT,2018-03-31,2018-03-31,2018-03-31,2021-07-29,-183000000.0,10179000000.0,11570250000.0,1246000000.0,8933000000.0,0.285,3.145,-12000000.0,29000000.0,29000000.0,2101000000.0,749000000.0,0.767,3.095,4518000000.0,383000000.0,4135000000.0,4518000000.0,1102000000.0,247000000.0,0.0,0.02,2.32,543000000.0,790000000.0,0.239,790000000.0,543000000.0,372000000.0,-0.52,-0.51,-0.52,2486000000.0,3542000000.0,2486000000.0,25678103954.0,47.0,32.504,2036000000.0,2.576,1.0,1198000000.0,0.363,7348000000.0,171000000.0,5696000000.0,5562750000.0,243000000.0,36000000.0,0.0,36000000.0,7693000000.0,1624000000.0,6069000000.0,21278103954.0,128000000.0,1790000000.0,70000000.0,-3848000000.0,118000000.0,-3703000000.0,1775000000.0,0.0,2048000000.0,8000000.0,736000000.0,736000000.0,736000000.0,0.0,13000000.0,0.223,515000000.0,683000000.0,377000000.0,-4.462,8.559,28.91,-227.654,1198000000.0,0.0,118.38,6.45,28.366,700000000.0,2667000000.0,3299000000.0,3299000000.0,0.0,0.064,0.208,0.098,0.165,66000000.0,535000000.0,1.0,179744078.0,790500000.0,790500000.0,4.173,2831000000.0,65000000.0,-364000000.0,662000000.0,3.581,-378000000.0
14,KDP,MRT,2017-12-31,2017-12-31,2017-12-31,2021-07-29,99000000.0,15744000000.0,11527500000.0,1056000000.0,14688000000.0,0.335,9.359,-7000000.0,95000000.0,95000000.0,2241000000.0,837000000.0,0.523,1.092,5201000000.0,225000000.0,4976000000.0,5201000000.0,0.0,242000000.0,0.0,0.024,2.32,669000000.0,911000000.0,0.236,911000000.0,669000000.0,481000000.0,0.34,0.34,0.34,7398000000.0,3468750000.0,7398000000.0,21849353622.0,33.0,23.984,1871000000.0,2.367,1.0,1620000000.0,0.42,13653000000.0,188000000.0,5179000000.0,5597250000.0,384000000.0,97000000.0,0.0,97000000.0,8081000000.0,2018000000.0,6063000000.0,17523353622.0,-1510000000.0,244000000.0,59000000.0,-3648000000.0,32000000.0,-3630000000.0,232000000.0,0.0,1878000000.0,10000000.0,825000000.0,825000000.0,825000000.0,0.0,12000000.0,0.214,829000000.0,791000000.0,1580000000.0,6.824,2.369,21.24,285.471,790000000.0,0.0,97.06,4.539,19.872,483000000.0,914000000.0,3861000000.0,3861000000.0,0.0,0.072,0.238,0.12,0.173,61000000.0,855000000.0,1.0,180541455.0,790500000.0,790500000.0,4.884,2091000000.0,27000000.0,-344000000.0,1031000000.0,2.645,-962000000.0
15,KDP,MRT,2017-09-30,2017-09-30,2017-09-30,2021-07-29,-184000000.0,10039000000.0,10039250000.0,1266000000.0,8773000000.0,0.425,2.693,-64000000.0,155000000.0,155000000.0,2225000000.0,383000000.0,0.932,3.715,4481000000.0,82000000.0,4399000000.0,4481000000.0,1135000000.0,238000000.0,0.0,0.026,2.27,763000000.0,1001000000.0,0.234,1001000000.0,763000000.0,562000000.0,0.48,0.47,0.48,2129000000.0,2152750000.0,2129000000.0,20405185359.0,27.0,20.385,1685000000.0,2.132,1.0,2044000000.0,0.479,7345000000.0,201000000.0,5661000000.0,5748000000.0,261000000.0,24000000.0,0.0,24000000.0,7910000000.0,1359000000.0,6551000000.0,16077185359.0,-89000000.0,244000000.0,0.0,-1883000000.0,-55000000.0,-2026000000.0,180000000.0,0.0,1749000000.0,8000000.0,378000000.0,378000000.0,378000000.0,0.0,5000000.0,0.089,1147000000.0,897000000.0,387000000.0,4.729,7.552,42.532,184.312,1129000000.0,0.0,88.47,3.766,16.382,659000000.0,2311000000.0,4269000000.0,4269000000.0,0.0,0.038,0.176,0.133,0.179,58000000.0,1147000000.0,1.0,181724713.0,790500000.0,790500000.0,5.4,2694000000.0,60000000.0,184000000.0,887000000.0,3.408,-93000000.0
16,KDP,MRT,2017-06-30,2017-06-30,2017-06-30,2021-07-29,-193000000.0,10319000000.0,9697750000.0,1555000000.0,8764000000.0,0.412,11.763,-76000000.0,375000000.0,375000000.0,1900000000.0,197000000.0,0.984,3.788,4703000000.0,312000000.0,4391000000.0,4703000000.0,1150000000.0,200000000.0,0.0,0.024,2.22,556000000.0,756000000.0,0.189,756000000.0,556000000.0,267000000.0,0.72,0.71,0.72,2155000000.0,2152750000.0,2155000000.0,21064341555.0,38.0,27.863,442000000.0,2.413,1.0,2096000000.0,0.525,7352000000.0,289000000.0,5715000000.0,5393500000.0,267000000.0,23000000.0,0.0,23000000.0,8164000000.0,1580000000.0,6584000000.0,16747341555.0,871000000.0,-15259000000.0,6459000000.0,9437000000.0,-122000000.0,15717000000.0,-15358000000.0,1000000.0,518000000.0,-6000000.0,197000000.0,197000000.0,197000000.0,0.0,0.0,0.049,1432000000.0,664000000.0,367000000.0,3.083,7.771,85.012,126.542,1120000000.0,0.0,91.11,4.191,4.177,698000000.0,2346000000.0,3996000000.0,3996000000.0,0.0,0.02,0.092,0.103,0.139,12000000.0,1435000000.0,1.0,183814527.0,183200000.0,183700000.0,21.812,2967000000.0,61000000.0,70000000.0,900000000.0,16.195,-25000000.0
17,KDP,MRT,2017-03-31,2017-03-31,2017-03-31,2021-07-29,-206000000.0,10008000000.0,9219500000.0,1247000000.0,8761000000.0,0.422,11.957,-90000000.0,160000000.0,160000000.0,1852000000.0,269000000.0,1.087,3.564,4477000000.0,10000000.0,4467000000.0,4477000000.0,1165000000.0,200000000.0,0.0,0.022,2.17,665000000.0,865000000.0,0.222,865000000.0,665000000.0,387000000.0,1.1,1.08,1.1,2193000000.0,2149500000.0,2193000000.0,20619588666.0,31.0,23.838,346000000.0,1.887,1.0,2042000000.0,0.524,7344000000.0,278000000.0,5834000000.0,5034000000.0,246000000.0,23000000.0,0.0,23000000.0,7815000000.0,1147000000.0,6668000000.0,17928588666.0,630000000.0,-15257000000.0,6487000000.0,9269000000.0,-115000000.0,15574000000.0,-15371000000.0,0.0,436000000.0,-9000000.0,269000000.0,269000000.0,269000000.0,0.0,0.0,0.069,1341000000.0,701000000.0,353000000.0,1.973,8.175,66.649,89.018,1125000000.0,0.0,97.92,4.604,4.612,606000000.0,2336000000.0,3894000000.0,3894000000.0,0.0,0.029,0.125,0.132,0.171,13000000.0,1344000000.0,1.0,183094247.0,183400000.0,184600000.0,21.232,2664000000.0,63000000.0,118000000.0,866000000.0,14.526,100000000.0
18,KDP,MRT,2016-12-31,2016-12-31,2016-12-31,2021-07-29,-229000000.0,9791000000.0,8808500000.0,2736000000.0,7055000000.0,0.731,11.51,-174000000.0,1787000000.0,1787000000.0,2582000000.0,847000000.0,2.603,3.588,4478000000.0,10000000.0,4468000000.0,4478000000.0,1181000000.0,224000000.0,0.0,0.023,2.12,1428000000.0,1652000000.0,0.257,1652000000.0,1428000000.0,1281000000.0,4.57,4.54,4.57,2134000000.0,2126750000.0,2134000000.0,19361452197.0,14.0,11.72,787000000.0,4.245,1.0,3858000000.0,0.599,5649000000.0,147000000.0,5782000000.0,4620000000.0,202000000.0,23000000.0,0.0,23000000.0,7657000000.0,1051000000.0,6606000000.0,16657452197.0,876000000.0,-4000000.0,-505000000.0,1049000000.0,-386000000.0,108000000.0,-189000000.0,-1000000.0,961000000.0,-4000000.0,847000000.0,847000000.0,847000000.0,0.0,0.0,0.132,2425000000.0,1433000000.0,303000000.0,0.464,7.806,19.666,19.84,1138000000.0,0.0,90.67,2.587,2.61,595000000.0,2266000000.0,6440000000.0,6440000000.0,0.0,0.096,0.398,0.309,0.222,45000000.0,2329000000.0,1.0,183715145.0,185400000.0,186600000.0,34.736,4142000000.0,62000000.0,434000000.0,816000000.0,22.341,1685000000.0
19,KDP,MRT,2016-09-30,2016-09-30,2016-09-30,2021-07-29,-213000000.0,8673000000.0,8578000000.0,1602000000.0,7071000000.0,0.448,3.607,-133000000.0,620000000.0,620000000.0,1830000000.0,294000000.0,1.08,3.074,3324000000.0,368000000.0,2956000000.0,3324000000.0,1198000000.0,197000000.0,0.0,0.023,2.07,712000000.0,909000000.0,0.237,909000000.0,712000000.0,455000000.0,1.17,1.15,1.17,2129000000.0,2139000000.0,2129000000.0,19614292200.0,28.0,21.578,438000000.0,0.742,1.0,2009000000.0,0.523,5651000000.0,257000000.0,4243000000.0,4201000000.0,226000000.0,24000000.0,0.0,24000000.0,6544000000.0,1483000000.0,5061000000.0,16929292200.0,1142000000.0,-13717000000.0,6270000000.0,8358000000.0,-101000000.0,14448000000.0,-13871000000.0,0.0,571000000.0,-6000000.0,294000000.0,294000000.0,294000000.0,0.0,0.0,0.077,1294000000.0,715000000.0,311000000.0,1.769,7.952,57.583,78.043,1124000000.0,0.0,91.31,4.41,14.04,581000000.0,2246000000.0,3839000000.0,3839000000.0,0.0,0.034,0.137,0.169,0.185,17000000.0,1263000000.0,1.0,185404580.0,590300000.0,590300000.0,6.503,3022000000.0,62000000.0,161000000.0,833000000.0,5.119,119000000.0
20,KDP,MRT,2016-06-30,2016-06-30,2016-06-30,2021-07-29,-202000000.0,8406000000.0,8466000000.0,1325000000.0,7081000000.0,0.751,11.535,-193000000.0,245000000.0,245000000.0,2555000000.0,829000000.0,1.132,2.924,2930000000.0,9000000.0,2921000000.0,2930000000.0,1214000000.0,226000000.0,0.0,0.021,2.02,1410000000.0,1636000000.0,0.257,1636000000.0,1410000000.0,1282000000.0,4.41,4.37,4.41,2142000000.0,2156000000.0,2142000000.0,20595015106.0,15.0,12.589,900000000.0,4.847,1.0,3803000000.0,0.598,5644000000.0,128000000.0,4277000000.0,3991000000.0,236000000.0,35000000.0,0.0,35000000.0,6264000000.0,1170000000.0,5094000000.0,17955015106.0,118000000.0,-26000000.0,-553000000.0,239000000.0,-373000000.0,-744000000.0,-226000000.0,-1000000.0,1093000000.0,-5000000.0,829000000.0,829000000.0,829000000.0,0.0,0.0,0.13,2419000000.0,1384000000.0,359000000.0,0.458,8.382,21.659,21.912,1129000000.0,0.0,96.63,2.824,2.822,642000000.0,2248000000.0,6358000000.0,6358000000.0,0.0,0.098,0.385,0.353,0.222,45000000.0,2311000000.0,1.0,185812016.0,185700000.0,186500000.0,34.238,2762000000.0,64000000.0,453000000.0,861000000.0,14.873,155000000.0
21,KDP,MRT,2016-03-31,2016-03-31,2016-03-31,2021-07-29,-187000000.0,8364000000.0,8431250000.0,1283000000.0,7081000000.0,0.749,11.205,-166000000.0,275000000.0,275000000.0,2559000000.0,789000000.0,1.091,2.979,2915000000.0,8000000.0,2907000000.0,2915000000.0,1230000000.0,227000000.0,0.0,0.022,1.97,1344000000.0,1571000000.0,0.249,1571000000.0,1344000000.0,1221000000.0,4.16,4.12,4.16,2102000000.0,2186000000.0,2102000000.0,19223835927.0,14.0,12.237,944000000.0,5.032,1.0,3759000000.0,0.595,5650000000.0,123000000.0,4178000000.0,3799500000.0,235000000.0,36000000.0,0.0,36000000.0,6262000000.0,1176000000.0,5086000000.0,16752835927.0,182000000.0,-26000000.0,-547000000.0,240000000.0,-366000000.0,-730000000.0,-194000000.0,0.0,1110000000.0,-4000000.0,789000000.0,789000000.0,789000000.0,0.0,0.0,0.125,2418000000.0,1341000000.0,357000000.0,0.474,7.97,21.233,21.495,1136000000.0,0.0,89.42,2.652,2.655,576000000.0,2194000000.0,6318000000.0,6318000000.0,0.0,0.094,0.361,0.354,0.213,46000000.0,2307000000.0,1.0,187349988.0,187600000.0,189000000.0,33.678,2714000000.0,66000000.0,432000000.0,856000000.0,14.467,107000000.0
22,KDP,MRT,2015-12-31,2015-12-31,2015-12-31,2021-07-29,-195000000.0,8869000000.0,8403250000.0,1817000000.0,7052000000.0,0.748,11.435,-159000000.0,911000000.0,911000000.0,2559000000.0,764000000.0,1.148,3.063,3382000000.0,507000000.0,2875000000.0,3382000000.0,1245000000.0,227000000.0,0.0,0.021,1.92,1301000000.0,1528000000.0,0.243,1528000000.0,1301000000.0,1184000000.0,4.0,3.97,4.0,2183000000.0,2215750000.0,2183000000.0,20032741949.0,15.0,13.11,855000000.0,4.479,1.0,3723000000.0,0.593,5651000000.0,117000000.0,4106000000.0,3642750000.0,209000000.0,31000000.0,0.0,31000000.0,6686000000.0,1583000000.0,5103000000.0,17604741949.0,674000000.0,-20000000.0,-491000000.0,741000000.0,-355000000.0,-137000000.0,-194000000.0,-15000000.0,1014000000.0,-9000000.0,764000000.0,764000000.0,764000000.0,0.0,0.0,0.122,2425000000.0,1298000000.0,277000000.0,0.48,8.064,23.043,23.3,1156000000.0,0.0,93.2,2.802,2.832,570000000.0,2165000000.0,6282000000.0,6282000000.0,0.0,0.091,0.345,0.357,0.207,44000000.0,2313000000.0,1.0,188892081.0,190900000.0,192400000.0,32.907,3218000000.0,64000000.0,420000000.0,814000000.0,16.857,234000000.0
23,KDP,MRT,2015-09-30,2015-09-30,2015-09-30,2021-07-29,-190000000.0,8225000000.0,8252250000.0,1222000000.0,7003000000.0,0.757,11.539,-125000000.0,207000000.0,207000000.0,2563000000.0,729000000.0,0.769,2.744,2635000000.0,505000000.0,2130000000.0,2635000000.0,1262000000.0,229000000.0,0.0,0.023,1.85,1235000000.0,1464000000.0,0.234,1464000000.0,1235000000.0,1123000000.0,3.81,3.77,3.81,2197000000.0,2243500000.0,2197000000.0,17564542727.0,14.0,11.998,851000000.0,4.47,1.0,3682000000.0,0.59,5661000000.0,112000000.0,3403000000.0,3591000000.0,201000000.0,31000000.0,0.0,31000000.0,6028000000.0,1589000000.0,4439000000.0,15089542727.0,-59000000.0,-39000000.0,-491000000.0,-4000000.0,-344000000.0,-842000000.0,-180000000.0,-15000000.0,976000000.0,-13000000.0,729000000.0,729000000.0,729000000.0,0.0,0.0,0.117,2450000000.0,1232000000.0,310000000.0,0.486,6.868,20.699,20.748,1077000000.0,0.0,79.05,2.416,2.41,571000000.0,2072000000.0,6245000000.0,6245000000.0,0.0,0.088,0.325,0.344,0.198,46000000.0,2337000000.0,1.0,190886056.0,190400000.0,191500000.0,32.799,2564000000.0,135000000.0,394000000.0,871000000.0,13.466,-367000000.0
24,KDP,MRT,2015-06-30,2015-06-30,2015-06-30,2021-07-29,-149000000.0,8267000000.0,8261250000.0,1259000000.0,7008000000.0,0.75,11.818,-129000000.0,127000000.0,127000000.0,2548000000.0,715000000.0,0.806,2.655,2602000000.0,505000000.0,2097000000.0,2602000000.0,1280000000.0,230000000.0,0.0,0.024,1.78,1211000000.0,1441000000.0,0.232,1441000000.0,1211000000.0,1100000000.0,3.72,3.68,3.72,2262000000.0,2285000000.0,2262000000.0,16501167957.0,14.0,11.451,804000000.0,4.201,1.0,3650000000.0,0.589,5668000000.0,111000000.0,3511000000.0,3699500000.0,217000000.0,13000000.0,0.0,13000000.0,6005000000.0,1563000000.0,4442000000.0,13977167957.0,-8000000.0,-19000000.0,-410000000.0,-73000000.0,-332000000.0,-768000000.0,-164000000.0,-15000000.0,933000000.0,-9000000.0,715000000.0,715000000.0,715000000.0,0.0,0.0,0.115,2439000000.0,1211000000.0,305000000.0,0.478,6.179,19.548,19.597,1095000000.0,0.0,72.9,2.255,2.251,630000000.0,1962000000.0,6198000000.0,6198000000.0,0.0,0.087,0.313,0.327,0.195,47000000.0,2326000000.0,1.0,191730699.0,191400000.0,192400000.0,32.382,2599000000.0,130000000.0,385000000.0,889000000.0,13.579,-304000000.0
25,KDP,MRT,2015-03-31,2015-03-31,2015-03-31,2021-07-29,-162000000.0,8252000000.0,8251000000.0,1194000000.0,7058000000.0,0.748,11.508,-144000000.0,93000000.0,93000000.0,2539000000.0,705000000.0,0.768,2.715,2617000000.0,504000000.0,2113000000.0,2617000000.0,1296000000.0,231000000.0,0.0,0.022,1.71,1192000000.0,1423000000.0,0.23,1423000000.0,1192000000.0,1082000000.0,3.64,3.6,3.64,2221000000.0,2286750000.0,2221000000.0,17497716463.0,15.0,12.296,850000000.0,4.404,1.0,3635000000.0,0.589,5670000000.0,110000000.0,3551000000.0,3810750000.0,228000000.0,13000000.0,0.0,13000000.0,6031000000.0,1555000000.0,4476000000.0,15143716463.0,-27000000.0,-19000000.0,-439000000.0,-152000000.0,-321000000.0,-826000000.0,-187000000.0,-15000000.0,994000000.0,-8000000.0,705000000.0,705000000.0,705000000.0,0.0,0.0,0.114,2445000000.0,1190000000.0,350000000.0,0.47,6.818,21.48,21.56,1115000000.0,0.0,78.48,2.453,2.453,572000000.0,1835000000.0,6174000000.0,6174000000.0,0.0,0.085,0.308,0.313,0.193,46000000.0,2332000000.0,1.0,192962748.0,193000000.0,194600000.0,31.99,2582000000.0,140000000.0,377000000.0,878000000.0,13.378,-361000000.0
26,KDP,MRT,2014-12-31,2014-12-31,2014-12-31,2021-07-29,-137000000.0,8265000000.0,8244750000.0,1211000000.0,7054000000.0,0.742,11.716,-162000000.0,237000000.0,237000000.0,2491000000.0,703000000.0,1.167,2.603,2583000000.0,3000000.0,2580000000.0,2583000000.0,1314000000.0,235000000.0,0.0,0.023,1.64,1183000000.0,1418000000.0,0.232,1418000000.0,1183000000.0,1074000000.0,3.59,3.56,3.59,2294000000.0,2288000000.0,2294000000.0,16210271455.0,14.0,11.432,860000000.0,4.392,1.0,3630000000.0,0.593,5674000000.0,109000000.0,3899000000.0,3922250000.0,204000000.0,14000000.0,0.0,14000000.0,5971000000.0,1038000000.0,4933000000.0,13935271455.0,84000000.0,-19000000.0,-359000000.0,-66000000.0,-317000000.0,-747000000.0,-185000000.0,0.0,1022000000.0,-6000000.0,703000000.0,703000000.0,703000000.0,0.0,0.0,0.115,2450000000.0,1180000000.0,289000000.0,0.457,6.075,19.823,19.967,1141000000.0,0.0,71.68,2.277,2.293,556000000.0,1771000000.0,6121000000.0,6121000000.0,0.0,0.085,0.307,0.302,0.193,48000000.0,2334000000.0,1.0,194409479.0,195800000.0,197400000.0,31.261,2591000000.0,141000000.0,371000000.0,811000000.0,13.233,173000000.0
27,KDP,MRT,2014-09-30,2014-09-30,2014-09-30,2021-07-29,-99000000.0,8261000000.0,8228750000.0,1241000000.0,7020000000.0,0.738,12.13,-164000000.0,266000000.0,266000000.0,2460000000.0,709000000.0,1.212,2.496,2541000000.0,2000000.0,2539000000.0,2541000000.0,1332000000.0,234000000.0,0.0,0.025,1.61,1190000000.0,1424000000.0,0.234,1424000000.0,1190000000.0,1081000000.0,3.61,3.57,3.61,2363000000.0,2283750000.0,2363000000.0,15022550552.0,13.0,10.55,855000000.0,4.389,1.0,3615000000.0,0.595,5675000000.0,109000000.0,3837000000.0,3925000000.0,191000000.0,15000000.0,0.0,15000000.0,5898000000.0,1024000000.0,4874000000.0,12548550552.0,147000000.0,0.0,-399000000.0,-1000000.0,-314000000.0,-701000000.0,-167000000.0,0.0,1019000000.0,-4000000.0,709000000.0,709000000.0,709000000.0,0.0,0.0,0.117,2427000000.0,1188000000.0,319000000.0,0.446,5.31,17.699,17.814,1108000000.0,0.0,64.31,2.066,2.062,546000000.0,1702000000.0,6075000000.0,6075000000.0,0.0,0.086,0.31,0.303,0.196,44000000.0,2254000000.0,1.0,195125961.0,194800000.0,196200000.0,31.186,2586000000.0,134000000.0,372000000.0,809000000.0,13.275,217000000.0
28,KDP,MRT,2014-06-30,2014-06-30,2014-06-30,2021-07-29,-85000000.0,8226000000.0,8195750000.0,1189000000.0,7037000000.0,0.736,11.541,-163000000.0,135000000.0,135000000.0,2452000000.0,728000000.0,1.119,2.625,2609000000.0,72000000.0,2537000000.0,2609000000.0,1351000000.0,236000000.0,0.0,0.027,1.58,750000000.0,986000000.0,0.163,986000000.0,750000000.0,639000000.0,3.66,3.62,3.66,2269000000.0,2270000000.0,2269000000.0,14058770342.0,19.0,14.258,846000000.0,4.303,1.0,3583000000.0,0.594,5681000000.0,111000000.0,3956000000.0,3938750000.0,213000000.0,15000000.0,0.0,15000000.0,5957000000.0,1063000000.0,4894000000.0,11503770342.0,22000000.0,0.0,-449000000.0,1000000.0,-311000000.0,-817000000.0,-169000000.0,0.0,1009000000.0,-1000000.0,728000000.0,728000000.0,728000000.0,0.0,0.0,0.121,2411000000.0,1172000000.0,313000000.0,0.432,5.07,15.802,16.005,1122000000.0,0.0,58.58,1.906,1.908,589000000.0,1594000000.0,6035000000.0,6035000000.0,0.0,0.089,0.321,0.19,0.124,40000000.0,2236000000.0,1.0,196377097.0,196600000.0,197800000.0,30.697,2545000000.0,147000000.0,-89000000.0,830000000.0,12.945,126000000.0
29,KDP,MRT,2014-03-31,2014-03-31,2014-03-31,2021-07-29,-91000000.0,8227000000.0,8316500000.0,1173000000.0,7054000000.0,0.723,11.248,-169000000.0,120000000.0,120000000.0,2463000000.0,673000000.0,1.062,2.696,2675000000.0,152000000.0,2523000000.0,2675000000.0,1366000000.0,237000000.0,0.0,0.028,1.55,728000000.0,965000000.0,0.16,965000000.0,728000000.0,613000000.0,3.35,3.32,3.35,2226000000.0,2278750000.0,2226000000.0,13164548684.0,18.0,13.642,749000000.0,3.785,1.0,3552000000.0,0.591,5680000000.0,115000000.0,3997000000.0,4058750000.0,226000000.0,15000000.0,0.0,15000000.0,6001000000.0,1105000000.0,4896000000.0,10743548684.0,-88000000.0,0.0,-323000000.0,-101000000.0,-307000000.0,-828000000.0,-172000000.0,0.0,918000000.0,-6000000.0,673000000.0,673000000.0,673000000.0,0.0,0.0,0.112,2443000000.0,1109000000.0,295000000.0,0.463,4.826,15.964,16.257,1149000000.0,0.0,54.46,1.786,1.792,557000000.0,1466000000.0,6015000000.0,6015000000.0,0.0,0.081,0.295,0.179,0.121,39000000.0,2263000000.0,1.0,197274122.0,197900000.0,199500000.0,30.394,2547000000.0,144000000.0,-60000000.0,834000000.0,12.87,68000000.0
30,KDP,MRT,2013-12-31,2013-12-31,2013-12-31,2021-07-29,-88000000.0,8201000000.0,8477750000.0,1119000000.0,7082000000.0,0.707,11.222,-178000000.0,153000000.0,153000000.0,2499000000.0,624000000.0,1.086,2.602,2574000000.0,66000000.0,2508000000.0,2574000000.0,1383000000.0,234000000.0,0.0,0.031,1.52,666000000.0,900000000.0,0.15,900000000.0,666000000.0,543000000.0,3.08,3.05,3.08,2277000000.0,2282000000.0,2277000000.0,12178326668.0,18.0,13.531,688000000.0,3.391,1.0,3498000000.0,0.583,5682000000.0,123000000.0,3910000000.0,4198500000.0,200000000.0,15000000.0,0.0,15000000.0,5924000000.0,1030000000.0,4894000000.0,9775326668.0,-213000000.0,-10000000.0,-385000000.0,-186000000.0,-302000000.0,-880000000.0,-195000000.0,0.0,866000000.0,-4000000.0,624000000.0,624000000.0,624000000.0,0.0,0.0,0.104,2452000000.0,1046000000.0,271000000.0,0.494,4.293,15.666,15.818,1173000000.0,0.0,48.72,1.63,1.648,564000000.0,1393000000.0,5997000000.0,5997000000.0,0.0,0.074,0.273,0.159,0.111,37000000.0,2272000000.0,1.0,200642994.0,202900000.0,204500000.0,29.556,2519000000.0,151000000.0,-81000000.0,788000000.0,12.415,89000000.0
31,KDP,MRT,2013-09-30,2013-09-30,2013-09-30,2021-07-29,-103000000.0,8129000000.0,8659500000.0,1059000000.0,7070000000.0,0.695,11.353,-165000000.0,119000000.0,119000000.0,2521000000.0,638000000.0,1.108,2.522,2522000000.0,1000000.0,2521000000.0,2522000000.0,1401000000.0,232000000.0,0.0,0.033,1.48,694000000.0,926000000.0,0.154,926000000.0,694000000.0,569000000.0,3.12,3.09,3.12,2308000000.0,2282750000.0,2308000000.0,11600895933.0,17.0,12.528,651000000.0,3.202,1.0,3497000000.0,0.581,5684000000.0,125000000.0,3892000000.0,4337750000.0,196000000.0,14000000.0,0.0,14000000.0,5821000000.0,956000000.0,4865000000.0,9123895933.0,-264000000.0,-10000000.0,-367000000.0,-200000000.0,-296000000.0,-893000000.0,-183000000.0,0.0,816000000.0,-4000000.0,638000000.0,638000000.0,638000000.0,0.0,0.0,0.106,2423000000.0,1074000000.0,271000000.0,0.474,3.953,14.301,14.365,1155000000.0,0.0,44.82,1.516,1.514,531000000.0,1313000000.0,6018000000.0,6018000000.0,0.0,0.074,0.279,0.16,0.115,37000000.0,2300000000.0,1.0,203567513.0,203300000.0,204700000.0,29.602,2445000000.0,148000000.0,-69000000.0,764000000.0,12.027,103000000.0
32,KDP,MRT,2013-06-30,2013-06-30,2013-06-30,2021-07-29,-104000000.0,8709000000.0,8874500000.0,1213000000.0,7496000000.0,0.676,11.289,-205000000.0,113000000.0,113000000.0,2497000000.0,610000000.0,1.14,2.78,2590000000.0,69000000.0,2521000000.0,2590000000.0,1416000000.0,230000000.0,0.0,0.031,1.44,1134000000.0,1364000000.0,0.227,1364000000.0,1134000000.0,1007000000.0,2.95,2.92,2.95,2304000000.0,2285250000.0,2304000000.0,11961200450.0,11.0,8.769,613000000.0,3.003,1.0,3506000000.0,0.584,5686000000.0,127000000.0,4436000000.0,4356750000.0,222000000.0,14000000.0,0.0,14000000.0,6405000000.0,1064000000.0,5341000000.0,9372200450.0,-190000000.0,-10000000.0,-352000000.0,-132000000.0,-291000000.0,-786000000.0,-220000000.0,0.0,818000000.0,-2000000.0,610000000.0,610000000.0,610000000.0,0.0,0.0,0.102,2424000000.0,1082000000.0,299000000.0,0.488,4.068,15.364,15.569,1169000000.0,0.0,45.93,1.561,1.562,625000000.0,1184000000.0,6003000000.0,6003000000.0,0.0,0.069,0.267,0.26,0.189,37000000.0,2298000000.0,1.0,204054005.0,204100000.0,205500000.0,29.412,3023000000.0,153000000.0,397000000.0,730000000.0,14.811,149000000.0
33,KDP,MRT,2013-03-31,2013-03-31,2013-03-31,2021-07-29,-97000000.0,8872000000.0,8924000000.0,1280000000.0,7592000000.0,0.674,10.943,-209000000.0,208000000.0,208000000.0,2506000000.0,633000000.0,1.056,2.962,2797000000.0,250000000.0,2547000000.0,2797000000.0,1434000000.0,237000000.0,0.0,0.03,1.4,1108000000.0,1345000000.0,0.224,1345000000.0,1108000000.0,981000000.0,3.03,2.99,3.03,2239000000.0,2283000000.0,2239000000.0,11998542542.0,11.0,8.921,675000000.0,3.299,1.0,3507000000.0,0.583,5693000000.0,127000000.0,4556000000.0,4229250000.0,216000000.0,15000000.0,0.0,15000000.0,6633000000.0,1212000000.0,5421000000.0,9560542542.0,16000000.0,-10000000.0,-397000000.0,50000000.0,-286000000.0,-644000000.0,-225000000.0,0.0,884000000.0,1000000.0,633000000.0,633000000.0,633000000.0,0.0,0.0,0.105,2410000000.0,1097000000.0,317000000.0,0.462,4.27,15.104,15.495,1186000000.0,0.0,46.95,1.59,1.598,583000000.0,1107000000.0,6013000000.0,6013000000.0,0.0,0.071,0.277,0.262,0.184,36000000.0,2278000000.0,1.0,203632429.0,204600000.0,206300000.0,29.389,3179000000.0,193000000.0,348000000.0,688000000.0,15.538,68000000.0
34,KDP,MRT,2012-12-31,2012-12-31,2012-12-31,2021-07-29,-110000000.0,8928000000.0,8902000000.0,1335000000.0,7593000000.0,0.673,10.826,-210000000.0,366000000.0,366000000.0,2500000000.0,629000000.0,1.084,2.916,2804000000.0,250000000.0,2554000000.0,2804000000.0,1451000000.0,240000000.0,0.0,0.031,1.36,1103000000.0,1343000000.0,0.224,1343000000.0,1103000000.0,978000000.0,2.99,2.96,2.99,2280000000.0,2288250000.0,2280000000.0,11577387895.0,10.0,8.621,272000000.0,1.292,1.0,3495000000.0,0.583,5667000000.0,125000000.0,4467000000.0,4142500000.0,197000000.0,14000000.0,0.0,14000000.0,6648000000.0,1232000000.0,5416000000.0,9194387895.0,-335000000.0,0.0,-378000000.0,50000000.0,-284000000.0,-603000000.0,-217000000.0,0.0,482000000.0,3000000.0,629000000.0,629000000.0,629000000.0,0.0,0.0,0.105,2403000000.0,1092000000.0,283000000.0,0.455,4.033,14.617,14.776,1202000000.0,0.0,44.18,1.534,1.552,552000000.0,1080000000.0,5995000000.0,5995000000.0,0.0,0.071,0.275,0.266,0.184,35000000.0,2268000000.0,1.0,208111994.0,210600000.0,212300000.0,28.466,3261000000.0,196000000.0,349000000.0,675000000.0,15.484,103000000.0
35,KDP,MRT,2012-09-30,2012-09-30,2012-09-30,2021-07-29,-98000000.0,8989000000.0,8990750000.0,1396000000.0,7593000000.0,0.664,11.017,-244000000.0,383000000.0,383000000.0,2499000000.0,625000000.0,0.804,2.878,2766000000.0,701000000.0,2065000000.0,2766000000.0,1467000000.0,243000000.0,0.0,0.03,1.34,1084000000.0,1327000000.0,0.222,1327000000.0,1084000000.0,961000000.0,2.94,2.92,2.94,2318000000.0,2284000000.0,2318000000.0,11794008005.0,11.0,8.888,241000000.0,1.145,1.0,3473000000.0,0.582,5668000000.0,123000000.0,3968000000.0,3955250000.0,207000000.0,14000000.0,0.0,14000000.0,6671000000.0,1736000000.0,4935000000.0,9376008005.0,-268000000.0,0.0,-330000000.0,100000000.0,-281000000.0,-502000000.0,-256000000.0,-2000000.0,485000000.0,5000000.0,625000000.0,625000000.0,625000000.0,0.0,0.0,0.105,2402000000.0,1071000000.0,297000000.0,0.456,4.045,15.002,15.146,1194000000.0,0.0,44.53,1.57,1.569,546000000.0,981000000.0,5972000000.0,5972000000.0,0.0,0.07,0.274,0.274,0.182,36000000.0,2266000000.0,1.0,210554862.0,210400000.0,212000000.0,28.384,3321000000.0,228000000.0,336000000.0,683000000.0,15.784,-340000000.0
36,KDP,MRT,2012-06-30,2012-06-30,2012-06-30,2021-07-29,-105000000.0,8907000000.0,9040750000.0,1391000000.0,7516000000.0,0.661,10.831,-216000000.0,303000000.0,303000000.0,2545000000.0,600000000.0,0.802,2.881,2721000000.0,701000000.0,2020000000.0,2721000000.0,1482000000.0,243000000.0,0.0,0.03,1.32,1038000000.0,1281000000.0,0.214,1281000000.0,1038000000.0,916000000.0,2.8,2.79,2.8,2295000000.0,2268500000.0,2295000000.0,11774564600.0,11.0,9.192,270000000.0,1.274,1.0,3428000000.0,0.574,5665000000.0,122000000.0,3926000000.0,3904750000.0,217000000.0,13000000.0,0.0,13000000.0,6612000000.0,1734000000.0,4878000000.0,9267564600.0,-247000000.0,0.0,-329000000.0,100000000.0,-281000000.0,-499000000.0,-228000000.0,-2000000.0,486000000.0,-6000000.0,600000000.0,600000000.0,600000000.0,0.0,0.0,0.1,2404000000.0,1024000000.0,337000000.0,0.471,4.038,15.446,15.625,1141000000.0,0.0,43.75,1.552,1.552,615000000.0,874000000.0,5973000000.0,5973000000.0,0.0,0.066,0.264,0.266,0.174,34000000.0,2264000000.0,1.0,211830048.0,211900000.0,213300000.0,28.188,3242000000.0,225000000.0,316000000.0,677000000.0,15.3,-343000000.0
37,KDP,MRT,2012-03-31,2012-03-31,2012-03-31,2021-07-29,-86000000.0,8784000000.0,9121000000.0,1261000000.0,7523000000.0,0.651,10.63,-228000000.0,192000000.0,192000000.0,2522000000.0,594000000.0,0.893,2.887,2699000000.0,452000000.0,2247000000.0,2699000000.0,1499000000.0,234000000.0,0.0,0.032,1.3,1030000000.0,1264000000.0,0.213,1264000000.0,1030000000.0,911000000.0,2.74,2.73,2.74,2260000000.0,2279000000.0,2260000000.0,10534477405.0,10.0,8.334,179000000.0,0.842,1.0,3412000000.0,0.575,5670000000.0,119000000.0,4209000000.0,3930500000.0,225000000.0,14000000.0,0.0,14000000.0,6524000000.0,1412000000.0,5112000000.0,8527477405.0,-465000000.0,0.0,-483000000.0,100000000.0,-263000000.0,-629000000.0,-239000000.0,-2000000.0,407000000.0,-4000000.0,594000000.0,594000000.0,594000000.0,0.0,0.0,0.1,2398000000.0,1014000000.0,313000000.0,0.474,3.773,14.356,14.675,1149000000.0,0.0,40.21,1.437,1.441,564000000.0,769000000.0,5934000000.0,5934000000.0,0.0,0.065,0.261,0.262,0.174,34000000.0,2263000000.0,1.0,212073549.0,212600000.0,213900000.0,27.912,3114000000.0,218000000.0,317000000.0,642000000.0,14.647,-151000000.0
38,KDP,MRT,2011-12-31,2011-12-31,2011-12-31,2021-07-29,-110000000.0,9283000000.0,9253500000.0,1757000000.0,7526000000.0,0.638,10.348,-235000000.0,701000000.0,701000000.0,2485000000.0,606000000.0,0.917,3.102,2708000000.0,452000000.0,2256000000.0,2708000000.0,1514000000.0,232000000.0,0.0,0.031,1.21,1040000000.0,1272000000.0,0.215,1272000000.0,1040000000.0,926000000.0,2.77,2.74,2.77,2263000000.0,2321500000.0,2263000000.0,10423775461.0,10.0,8.195,548000000.0,2.506,1.0,3418000000.0,0.579,5657000000.0,114000000.0,3718000000.0,3916750000.0,212000000.0,13000000.0,0.0,13000000.0,7020000000.0,1915000000.0,5105000000.0,8463775461.0,386000000.0,0.0,-502000000.0,600000000.0,-251000000.0,-152000000.0,-240000000.0,-2000000.0,783000000.0,-5000000.0,606000000.0,606000000.0,606000000.0,0.0,0.0,0.103,2394000000.0,1024000000.0,265000000.0,0.437,3.74,13.967,14.253,1152000000.0,0.0,39.48,1.434,1.463,585000000.0,740000000.0,5903000000.0,5903000000.0,0.0,0.065,0.261,0.266,0.176,34000000.0,2257000000.0,1.0,214381344.0,218700000.0,221200000.0,26.991,3626000000.0,227000000.0,320000000.0,1116000000.0,16.58,-158000000.0
39,KDP,MRT,2011-09-30,2011-09-30,2011-09-30,2021-07-29,-97000000.0,9189000000.0,9147500000.0,1695000000.0,7494000000.0,0.64,10.444,-220000000.0,651000000.0,651000000.0,2435000000.0,552000000.0,0.982,3.073,2611000000.0,401000000.0,2210000000.0,2611000000.0,1529000000.0,234000000.0,0.0,0.029,1.14,948000000.0,1182000000.0,0.202,1182000000.0,948000000.0,829000000.0,2.49,2.47,2.49,2256000000.0,2370500000.0,2256000000.0,10449722102.0,11.0,8.841,1356000000.0,6.278,1.0,3419000000.0,0.584,5657000000.0,119000000.0,3766000000.0,3892750000.0,260000000.0,11000000.0,0.0,11000000.0,6933000000.0,1726000000.0,5207000000.0,8413722102.0,427000000.0,0.0,-615000000.0,-73000000.0,-241000000.0,-925000000.0,-220000000.0,0.0,1576000000.0,-4000000.0,552000000.0,552000000.0,552000000.0,0.0,0.0,0.094,2398000000.0,1021000000.0,878000000.0,0.458,3.729,15.242,15.574,1121000000.0,0.0,38.78,1.437,1.431,541000000.0,643000000.0,5854000000.0,5854000000.0,0.0,0.06,0.233,0.244,0.162,32000000.0,2255000000.0,1.0,216960343.0,216000000.0,218200000.0,27.102,3532000000.0,211000000.0,277000000.0,1104000000.0,16.352,-31000000.0
40,KDP,MRT,2011-06-30,2011-06-30,2011-06-30,2021-07-29,-22000000.0,9228000000.0,9047750000.0,1695000000.0,7533000000.0,0.639,10.532,-233000000.0,550000000.0,550000000.0,2363000000.0,542000000.0,1.086,2.949,2586000000.0,402000000.0,2184000000.0,2586000000.0,1550000000.0,233000000.0,0.0,0.026,1.07,944000000.0,1177000000.0,0.204,1177000000.0,944000000.0,824000000.0,2.39,2.36,2.39,2337000000.0,2452750000.0,2337000000.0,11209758095.0,12.0,9.524,1292000000.0,5.822,1.0,3419000000.0,0.591,5674000000.0,120000000.0,4029000000.0,4070250000.0,275000000.0,12000000.0,0.0,12000000.0,6891000000.0,1561000000.0,5330000000.0,9281758095.0,139000000.0,0.0,-863000000.0,-73000000.0,-229000000.0,-1163000000.0,-230000000.0,-1000000.0,1525000000.0,7000000.0,542000000.0,542000000.0,542000000.0,0.0,0.0,0.094,2399000000.0,1020000000.0,850000000.0,0.448,3.972,17.125,17.544,1147000000.0,0.0,41.93,1.605,1.609,610000000.0,559000000.0,5782000000.0,5782000000.0,0.0,0.06,0.221,0.232,0.163,33000000.0,2260000000.0,1.0,221363179.0,221900000.0,224400000.0,26.057,3554000000.0,212000000.0,282000000.0,1109000000.0,16.016,134000000.0
41,KDP,MRT,2011-03-31,2011-03-31,2011-03-31,2021-07-29,-26000000.0,9314000000.0,8985250000.0,1773000000.0,7541000000.0,0.636,10.868,-227000000.0,657000000.0,657000000.0,2294000000.0,553000000.0,1.255,2.833,2585000000.0,403000000.0,2182000000.0,2585000000.0,1565000000.0,232000000.0,0.0,0.027,1.0,964000000.0,1196000000.0,0.209,1196000000.0,964000000.0,843000000.0,2.36,2.33,2.36,2430000000.0,2574250000.0,2430000000.0,10098902453.0,10.0,8.444,1372000000.0,6.136,1.0,3425000000.0,0.599,5675000000.0,121000000.0,4154000000.0,4187250000.0,264000000.0,12000000.0,0.0,12000000.0,6884000000.0,1413000000.0,5471000000.0,8322902453.0,86000000.0,0.0,-1003000000.0,-73000000.0,-212000000.0,-1292000000.0,-224000000.0,-1000000.0,1599000000.0,3000000.0,553000000.0,553000000.0,553000000.0,0.0,0.0,0.097,2385000000.0,1040000000.0,817000000.0,0.424,3.425,15.05,15.746,1153000000.0,0.0,37.16,1.455,1.453,561000000.0,458000000.0,5719000000.0,5719000000.0,0.0,0.062,0.215,0.23,0.169,31000000.0,2249000000.0,1.0,223974770.0,223600000.0,226300000.0,25.577,3639000000.0,208000000.0,290000000.0,1126000000.0,16.275,360000000.0
42,KDP,MRT,2010-12-31,2010-12-31,2010-12-31,2021-07-29,-28000000.0,8859000000.0,8936000000.0,1309000000.0,7550000000.0,0.631,10.229,-228000000.0,315000000.0,315000000.0,2243000000.0,528000000.0,0.978,2.603,2091000000.0,404000000.0,1687000000.0,2091000000.0,1580000000.0,228000000.0,0.0,0.026,0.9,950000000.0,1178000000.0,0.209,1178000000.0,950000000.0,822000000.0,2.19,2.17,2.19,2459000000.0,2732250000.0,2459000000.0,10331558939.0,11.0,8.77,2307000000.0,9.597,1.0,3393000000.0,0.602,5675000000.0,128000000.0,3622000000.0,4292750000.0,244000000.0,11000000.0,0.0,11000000.0,6400000000.0,1338000000.0,5062000000.0,7984558939.0,35000000.0,0.0,-1107000000.0,-978000000.0,-194000000.0,-2280000000.0,-225000000.0,-1000000.0,2535000000.0,5000000.0,528000000.0,528000000.0,528000000.0,0.0,0.0,0.094,2368000000.0,1025000000.0,298000000.0,0.411,3.247,15.122,16.055,1168000000.0,0.0,35.16,1.417,1.5,536000000.0,400000000.0,5636000000.0,5636000000.0,0.0,0.059,0.193,0.221,0.169,29000000.0,2233000000.0,1.0,227092120.0,240400000.0,242600000.0,23.444,3184000000.0,201000000.0,294000000.0,1101000000.0,13.245,-29000000.0
43,KDP,MRT,2010-09-30,2010-09-30,2010-09-30,2021-07-29,-40000000.0,8790000000.0,8915250000.0,1299000000.0,7491000000.0,0.626,10.861,-248000000.0,224000000.0,224000000.0,2217000000.0,530000000.0,1.32,2.4,2571000000.0,0.0,2571000000.0,2571000000.0,879000000.0,238000000.0,0.0,0.023,0.8,1016000000.0,1254000000.0,0.225,1254000000.0,1016000000.0,837000000.0,2.16,2.13,2.16,2585000000.0,2914250000.0,2585000000.0,10641357638.0,10.0,8.486,1455000000.0,6.113,1.0,3363000000.0,0.603,5677000000.0,179000000.0,4476000000.0,4616500000.0,283000000.0,11000000.0,0.0,11000000.0,6205000000.0,984000000.0,5221000000.0,8484357638.0,-58000000.0,0.0,-904000000.0,-475000000.0,-136000000.0,-1518000000.0,-245000000.0,-1000000.0,1703000000.0,2000000.0,530000000.0,530000000.0,530000000.0,0.0,0.0,0.095,2355000000.0,1008000000.0,947000000.0,0.37,3.282,16.008,16.444,1123000000.0,0.0,35.52,1.52,1.515,527000000.0,346000000.0,5580000000.0,5580000000.0,0.0,0.059,0.182,0.22,0.182,27000000.0,2221000000.0,1.0,238861420.0,238000000.0,240400000.0,23.445,3113000000.0,197000000.0,307000000.0,1084000000.0,13.08,315000000.0
44,KDP,MRT,2010-06-30,2010-06-30,2010-06-30,2021-07-29,-56000000.0,8978000000.0,8902750000.0,1503000000.0,7475000000.0,0.624,11.546,-276000000.0,411000000.0,411000000.0,2196000000.0,537000000.0,1.566,2.18,2568000000.0,0.0,2568000000.0,2568000000.0,887000000.0,234000000.0,0.0,0.015,0.55,1048000000.0,1282000000.0,0.231,1282000000.0,1048000000.0,849000000.0,2.14,2.12,2.14,2823000000.0,3037500000.0,2823000000.0,11181368692.0,11.0,8.722,1484000000.0,6.07,1.0,3361000000.0,0.605,5678000000.0,199000000.0,4497000000.0,4732250000.0,269000000.0,10000000.0,0.0,10000000.0,6155000000.0,960000000.0,5195000000.0,9186368692.0,176000000.0,0.0,-556000000.0,-675000000.0,-76000000.0,-1311000000.0,-276000000.0,0.0,1760000000.0,3000000.0,537000000.0,537000000.0,537000000.0,0.0,0.0,0.097,2341000000.0,1020000000.0,884000000.0,0.257,3.254,17.107,17.472,1110000000.0,0.0,37.39,1.653,1.645,575000000.0,260000000.0,5557000000.0,5557000000.0,0.0,0.06,0.177,0.221,0.189,24000000.0,2204000000.0,1.0,245690524.0,244500000.0,246700000.0,22.728,3300000000.0,191000000.0,312000000.0,1082000000.0,13.497,543000000.0
45,KDP,MRT,2010-03-31,2010-03-31,2010-03-31,2021-07-29,-41000000.0,9117000000.0,8840750000.0,1630000000.0,7487000000.0,0.624,12.088,-289000000.0,571000000.0,571000000.0,2199000000.0,512000000.0,1.918,1.977,2566000000.0,0.0,2566000000.0,2566000000.0,897000000.0,229000000.0,0.0,0.009,0.3,1035000000.0,1264000000.0,0.229,1264000000.0,1035000000.0,813000000.0,2.01,2.0,2.01,3062000000.0,3061750000.0,3062000000.0,11617251209.0,11.0,9.191,1385000000.0,5.468,1.0,3320000000.0,0.602,5686000000.0,222000000.0,4576000000.0,4915000000.0,270000000.0,10000000.0,0.0,10000000.0,6055000000.0,850000000.0,5205000000.0,8937251209.0,352000000.0,0.0,-201000000.0,-800000000.0,-38000000.0,-1043000000.0,-291000000.0,0.0,1674000000.0,12000000.0,512000000.0,512000000.0,512000000.0,0.0,0.0,0.093,2313000000.0,1007000000.0,798000000.0,0.149,2.919,17.456,17.498,1106000000.0,0.0,35.17,1.619,1.614,529000000.0,138000000.0,5519000000.0,5519000000.0,0.0,0.058,0.167,0.211,0.188,22000000.0,2167000000.0,1.0,254115758.0,253300000.0,255100000.0,21.788,3431000000.0,201000000.0,301000000.0,1058000000.0,13.545,780000000.0
46,KDP,MRT,2009-12-31,2009-12-31,2009-12-31,2021-07-29,-59000000.0,8776000000.0,8721500000.0,1279000000.0,7497000000.0,0.634,12.537,-312000000.0,280000000.0,280000000.0,2234000000.0,555000000.0,1.498,1.754,2960000000.0,0.0,2960000000.0,2960000000.0,0.0,224000000.0,0.0,0.005,0.15,1113000000.0,1337000000.0,0.242,1337000000.0,1113000000.0,870000000.0,2.18,2.17,2.18,3187000000.0,2980250000.0,3187000000.0,9947073460.0,9.0,7.44,553000000.0,2.175,1.0,3297000000.0,0.596,5685000000.0,243000000.0,4917000000.0,5091000000.0,262000000.0,9000000.0,0.0,9000000.0,5589000000.0,854000000.0,4735000000.0,7190073460.0,66000000.0,0.0,1000000.0,-550000000.0,0.0,-554000000.0,-251000000.0,0.0,865000000.0,6000000.0,555000000.0,555000000.0,555000000.0,0.0,0.0,0.1,2212000000.0,1085000000.0,850000000.0,0.069,2.256,12.955,12.982,1109000000.0,0.0,28.3,1.3,1.301,540000000.0,87000000.0,5531000000.0,5531000000.0,0.0,0.064,0.186,0.219,0.201,19000000.0,2135000000.0,1.0,254066200.0,254200000.0,255200000.0,21.758,3091000000.0,204000000.0,315000000.0,1042000000.0,12.16,425000000.0
47,KDP,MRT,2009-09-30,2009-09-30,2009-09-30,2021-07-29,-83000000.0,8740000000.0,8687000000.0,1283000000.0,7457000000.0,0.639,12.109,-318000000.0,282000000.0,282000000.0,2328000000.0,-180000000.0,1.471,1.84,3039000000.0,0.0,3039000000.0,3039000000.0,0.0,208000000.0,0.0,0.0,0.0,41000000.0,249000000.0,0.045,249000000.0,41000000.0,-175000000.0,-0.71,-0.71,-0.71,3078000000.0,2835250000.0,3078000000.0,10308306495.0,251.0,41.399,569000000.0,2.238,1.0,3223000000.0,0.581,5686000000.0,216000000.0,4939000000.0,5224250000.0,275000000.0,14000000.0,0.0,14000000.0,5662000000.0,872000000.0,4790000000.0,7303306495.0,43000000.0,0.0,0.0,-580000000.0,0.0,-585000000.0,-258000000.0,0.0,887000000.0,-1000000.0,-180000000.0,-180000000.0,-180000000.0,0.0,0.0,-0.032,3225000000.0,-2000000.0,851000000.0,0.0,2.373,-40.574,-40.493,1041000000.0,0.0,28.75,1.316,1.317,532000000.0,11000000.0,5551000000.0,5551000000.0,0.0,-0.021,-0.063,0.008,0.007,17000000.0,2085000000.0,1.0,254028052.0,254200000.0,255500000.0,21.837,3054000000.0,228000000.0,5000000.0,1025000000.0,12.014,411000000.0
48,KDP,MRT,2009-06-30,2009-06-30,2009-06-30,2021-07-29,-86000000.0,8730000000.0,8957500000.0,1310000000.0,7420000000.0,0.626,11.487,-295000000.0,235000000.0,235000000.0,2458000000.0,-225000000.0,1.605,1.99,3240000000.0,0.0,3240000000.0,3240000000.0,0.0,199000000.0,0.0,0.0,0.0,-29000000.0,170000000.0,0.03,170000000.0,-29000000.0,-253000000.0,-0.89,-0.89,-0.89,2920000000.0,2898250000.0,2920000000.0,8526330546.0,-294.0,50.155,507000000.0,1.994,1.0,3153000000.0,0.562,5691000000.0,224000000.0,5228000000.0,5373750000.0,284000000.0,14000000.0,0.0,14000000.0,5810000000.0,816000000.0,4994000000.0,5379330546.0,-65000000.0,0.0,0.0,-620000000.0,0.0,-624000000.0,-235000000.0,0.0,802000000.0,-8000000.0,-225000000.0,-225000000.0,-225000000.0,0.0,0.0,-0.04,3214000000.0,-61000000.0,803000000.0,0.0,1.842,-23.908,-23.809,1013000000.0,0.0,21.19,0.959,0.96,580000000.0,-140000000.0,5611000000.0,5611000000.0,0.0,-0.025,-0.078,-0.005,-0.005,13000000.0,2080000000.0,1.0,253861753.0,254200000.0,255100000.0,22.073,3039000000.0,226000000.0,-28000000.0,1016000000.0,11.955,494000000.0
49,KDP,MRT,2009-03-31,2009-03-31,2009-03-31,2021-07-29,-112000000.0,8640000000.0,9276750000.0,1251000000.0,7389000000.0,0.612,10.763,-339000000.0,219000000.0,219000000.0,2556000000.0,-275000000.0,1.524,2.158,3366000000.0,0.0,3366000000.0,3366000000.0,0.0,196000000.0,0.0,0.0,0.0,-50000000.0,146000000.0,0.026,146000000.0,-50000000.0,-314000000.0,-1.09,-1.09,-1.09,2736000000.0,2980000000.0,2736000000.0,7600223143.0,-152.0,52.056,448000000.0,1.762,1.0,3119000000.0,0.55,5686000000.0,264000000.0,5280000000.0,5487500000.0,286000000.0,12000000.0,0.0,12000000.0,5904000000.0,821000000.0,5083000000.0,4292223143.0,120000000.0,0.0,0.0,317000000.0,0.0,-1715000000.0,1061000000.0,1338000000.0,787000000.0,-13000000.0,-275000000.0,-275000000.0,-275000000.0,0.0,0.0,-0.048,3208000000.0,-89000000.0,804000000.0,0.0,1.569,-15.608,-15.514,1001000000.0,0.0,16.91,0.756,0.757,525000000.0,-298000000.0,5675000000.0,5675000000.0,0.0,-0.03,-0.092,-0.009,-0.009,11000000.0,2066000000.0,1.0,253827507.0,254200000.0,254300000.0,22.325,2954000000.0,219000000.0,-39000000.0,1009000000.0,11.621,430000000.0
50,KDP,MRT,2008-12-31,2008-12-31,2008-12-31,2021-07-29,-106000000.0,8638000000.0,9765500000.0,1237000000.0,7401000000.0,0.585,10.264,-300000000.0,214000000.0,214000000.0,2590000000.0,-312000000.0,1.544,2.313,3522000000.0,0.0,3522000000.0,3522000000.0,0.0,195000000.0,0.0,0.0,0.0,-116000000.0,79000000.0,0.014,79000000.0,-116000000.0,-373000000.0,-1.23,-1.23,-1.23,2607000000.0,3557250000.0,2607000000.0,7505393161.0,-65.0,95.005,409000000.0,1.61,1.0,3120000000.0,0.546,5695000000.0,257000000.0,5450000000.0,5448000000.0,263000000.0,12000000.0,0.0,12000000.0,6031000000.0,801000000.0,5230000000.0,4122393161.0,147000000.0,0.0,0.0,456000000.0,0.0,-1625000000.0,1074000000.0,1375000000.0,709000000.0,-11000000.0,-312000000.0,-312000000.0,-312000000.0,0.0,0.0,-0.055,3288000000.0,-168000000.0,796000000.0,0.0,1.581,-13.213,-13.211,990000000.0,0.0,16.25,0.722,0.723,532000000.0,-430000000.0,5710000000.0,5710000000.0,0.0,-0.032,-0.088,-0.021,-0.02,9000000.0,2075000000.0,1.0,253685733.0,254000000.0,254000000.0,22.48,2943000000.0,233000000.0,-61000000.0,986000000.0,11.587,436000000.0
51,KDP,MRT,2008-09-30,2008-09-30,2008-09-30,2021-07-29,-27000000.0,9822000000.0,10238000000.0,1338000000.0,8484000000.0,0.555,13.1,-301000000.0,239000000.0,239000000.0,2548000000.0,447000000.0,1.482,1.95,3622000000.0,35000000.0,3587000000.0,3622000000.0,0.0,180000000.0,0.0,0.0,0.0,1007000000.0,1187000000.0,0.209,1187000000.0,1007000000.0,750000000.0,1.75,1.75,1.75,3330000000.0,4160750000.0,3330000000.0,10280598210.0,10.0,8.661,119000000.0,0.468,1.0,3134000000.0,0.552,6765000000.0,257000000.0,5537000000.0,5476500000.0,330000000.0,13000000.0,0.0,13000000.0,6492000000.0,903000000.0,5589000000.0,6717598210.0,205000000.0,-30000000.0,0.0,375000000.0,0.0,-1750000000.0,1538000000.0,1748000000.0,420000000.0,-3000000.0,447000000.0,447000000.0,447000000.0,0.0,0.0,0.079,2193000000.0,941000000.0,862000000.0,0.0,2.017,15.028,15.131,945000000.0,0.0,26.48,1.182,1.185,521000000.0,191000000.0,5682000000.0,5682000000.0,0.0,0.044,0.107,0.184,0.177,16000000.0,2077000000.0,1.0,253685733.0,254200000.0,254200000.0,22.352,3057000000.0,257000000.0,303000000.0,1282000000.0,12.026,435000000.0
52,KDP,MRT,2008-06-30,2008-06-30,2008-06-30,2021-07-29,-10000000.0,10007000000.0,,1514000000.0,8493000000.0,,12.783,-283000000.0,300000000.0,300000000.0,2558000000.0,495000000.0,1.373,2.082,3863000000.0,220000000.0,3643000000.0,3863000000.0,0.0,173000000.0,0.0,0.0,0.0,1093000000.0,1266000000.0,0.221,1266000000.0,1093000000.0,832000000.0,1.95,1.95,1.95,3247000000.0,,3247000000.0,8262326678.0,8.0,6.526,361000000.0,1.421,1.0,3165000000.0,0.553,6784000000.0,261000000.0,5683000000.0,,348000000.0,14000000.0,0.0,14000000.0,6760000000.0,1103000000.0,5657000000.0,5322326678.0,272000000.0,-30000000.0,0.0,334000000.0,0.0,-553000000.0,180000000.0,393000000.0,644000000.0,1000000.0,495000000.0,495000000.0,495000000.0,0.0,0.0,0.086,2149000000.0,1016000000.0,877000000.0,0.0,1.639,10.752,10.759,930000000.0,0.0,20.98,0.93,0.931,625000000.0,85000000.0,5723000000.0,5723000000.0,0.0,,,,0.191,5000000.0,2031000000.0,1.0,253685733.0,254000000.0,254000000.0,22.531,3223000000.0,269000000.0,337000000.0,1268000000.0,12.689,411000000.0
53,KDP,MRT,2008-03-31,2008-03-31,2008-03-31,2021-07-29,-3000000.0,10595000000.0,,2796000000.0,7799000000.0,,19.886,-232000000.0,99000000.0,99000000.0,2557000000.0,523000000.0,1.729,1.1,3039000000.0,612000000.0,2427000000.0,3039000000.0,0.0,177000000.0,0.0,,0.0,1104000000.0,1281000000.0,0.224,1281000000.0,1104000000.0,864000000.0,2.07,2.07,2.07,5045000000.0,,5045000000.0,,,,346000000.0,1.364,1.0,3164000000.0,0.553,6796000000.0,240000000.0,5122000000.0,,360000000.0,13000000.0,0.0,13000000.0,5550000000.0,1617000000.0,3933000000.0,,3000000.0,-30000000.0,0.0,-715000000.0,0.0,339000000.0,-915000000.0,-751000000.0,578000000.0,1000000.0,523000000.0,523000000.0,523000000.0,0.0,0.0,0.091,2136000000.0,1028000000.0,982000000.0,0.0,,,,876000000.0,0.0,,,,2101000000.0,,5721000000.0,5721000000.0,0.0,,,,0.193,8000000.0,2027000000.0,1.0,253685733.0,253700000.0,253700000.0,22.55,3799000000.0,90000000.0,341000000.0,1323000000.0,14.974,1179000000.0
54,KDP,MRT,2007-12-31,2007-12-31,2007-12-31,2021-07-29,20000000.0,10528000000.0,9937000000.0,2739000000.0,7789000000.0,0.573,19.791,-224000000.0,67000000.0,67000000.0,2564000000.0,497000000.0,2.413,1.097,3038000000.0,126000000.0,2912000000.0,3038000000.0,0.0,169000000.0,0.0,,0.0,1072000000.0,1241000000.0,0.218,1241000000.0,1072000000.0,819000000.0,1.96,1.96,1.96,5021000000.0,4135500000.0,5021000000.0,,,,379000000.0,1.494,1.0,3131000000.0,0.55,6800000000.0,253000000.0,5564000000.0,5072500000.0,325000000.0,13000000.0,0.0,13000000.0,5507000000.0,1135000000.0,4372000000.0,,32000000.0,-30000000.0,0.0,-610000000.0,0.0,515000000.0,-1087000000.0,-931000000.0,603000000.0,1000000.0,497000000.0,497000000.0,497000000.0,0.0,0.0,0.087,2127000000.0,1004000000.0,987000000.0,0.0,,,,868000000.0,0.0,,,,2131000000.0,0.0,5695000000.0,5695000000.0,0.0,0.05,0.12,0.211,0.188,21000000.0,2018000000.0,1.0,253685733.0,253700000.0,253700000.0,22.448,3728000000.0,89000000.0,322000000.0,1346000000.0,14.695,1604000000.0
55,KDP,MRT,2007-09-30,2007-09-30,2007-09-30,2021-07-29,,,,,,,,,,,,,,,,,,,,,,,0.0,,,,,,,,,,,,,,,,,,1.0,,,,,,,,,,,,,,,,,,,,,,,,,,,,,,,,,,,,,,,,,,,,,,,,,,,,,,1.0,253685733.0,253700000.0,,,,,,,,
56,KDP,MRT,2007-06-30,2007-06-30,2007-06-30,2021-07-29,,,,,,,,,,,,,,,,,,,,,,,0.0,,,,,,,,,,,,,,,,,,1.0,,,,,,,,,,,,,,,,,,,,,,,,,,,,,,,,,,,,,,,,,,,,,,,,,,,,,,1.0,253685733.0,253700000.0,,,,,,,,
57,KDP,MRT,2007-03-31,2007-03-31,2007-03-31,2021-07-29,,,,,,,,,,,,,,,,,,,,,,,0.0,,,,,,,,,,,,,,,,,,1.0,,,,,,,,,,,,,,,,,,,,,,,,,,,,,,,,,,,,,,,,,,,,,,,,,,,,,,1.0,253685733.0,253685733.0,,,,,,,,
58,KDP,MRT,2006-12-31,2006-12-31,2006-12-31,2021-07-29,1000000.0,9346000000.0,8389500000.0,1632000000.0,7714000000.0,0.56,12.81,-142000000.0,35000000.0,35000000.0,1959000000.0,510000000.0,0.965,1.876,3792000000.0,708000000.0,3084000000.0,3792000000.0,0.0,139000000.0,0.0,,0.0,1065000000.0,1204000000.0,0.256,1204000000.0,1065000000.0,808000000.0,2.01,2.01,2.01,3250000000.0,2838000000.0,3250000000.0,,,,439000000.0,1.73,1.0,2741000000.0,0.583,6831000000.0,257000000.0,4581000000.0,4359500000.0,300000000.0,12000000.0,0.0,12000000.0,6096000000.0,1691000000.0,4405000000.0,,7000000.0,-435000000.0,0.0,30000000.0,0.0,-72000000.0,-502000000.0,75000000.0,581000000.0,0.0,510000000.0,510000000.0,510000000.0,0.0,0.0,0.109,1723000000.0,1018000000.0,971000000.0,0.0,,,,755000000.0,0.0,,,,1146000000.0,,4700000000.0,4700000000.0,0.0,0.061,0.18,0.244,0.227,17000000.0,1659000000.0,1.0,253685733.0,253700000.0,253700000.0,18.526,2515000000.0,70000000.0,298000000.0,1304000000.0,9.913,-59000000.0
59,KDP,MRT,2005-12-31,2006-01-01,2006-01-01,2021-07-29,10000000.0,7433000000.0,,1331000000.0,6102000000.0,,,-39000000.0,28000000.0,28000000.0,1120000000.0,477000000.0,1.172,2.064,3262000000.0,404000000.0,2858000000.0,3262000000.0,0.0,79000000.0,0.0,,0.0,1008000000.0,1087000000.0,0.339,1087000000.0,1008000000.0,798000000.0,,,,2426000000.0,,2426000000.0,,,,544000000.0,,1.0,2085000000.0,0.651,5393000000.0,210000000.0,4138000000.0,,176000000.0,245000000.0,0.0,245000000.0,5007000000.0,1136000000.0,3871000000.0,,9000000.0,0.0,0.0,-155000000.0,0.0,-815000000.0,283000000.0,322000000.0,583000000.0,-42000000.0,477000000.0,477000000.0,477000000.0,0.0,0.0,0.149,1179000000.0,906000000.0,722000000.0,,,,,326000000.0,0.0,,,,959000000.0,,3205000000.0,3205000000.0,0.0,,,,0.315,19000000.0,1179000000.0,1.0,,,,,2040000000.0,27000000.0,321000000.0,996000000.0,,195000000.0
60,KDP,MRT,2004-12-31,2005-01-02,2005-01-02,2021-07-29,,,,,,,,-63000000.0,,,1051000000.0,446000000.0,,,,,,,,84000000.0,,,0.0,893000000.0,977000000.0,0.319,977000000.0,893000000.0,716000000.0,,,,,,,,,,547000000.0,,1.0,2014000000.0,0.657,,177000000.0,,,,,,,,,,,-5000000.0,0.0,0.0,-224000000.0,0.0,-799000000.0,184000000.0,247000000.0,610000000.0,0.0,446000000.0,446000000.0,446000000.0,0.0,0.0,0.146,1180000000.0,834000000.0,,,,,,,0.0,,,,,,3065000000.0,3065000000.0,0.0,,,,0.291,7000000.0,1135000000.0,1.0,,,,,,,270000000.0,,,
