None,ticker,dimension,calendardate,datekey,reportperiod,lastupdated,accoci,assets,assetsavg,assetsc,assetsnc,assetturnover,bvps,capex,cashneq,cashnequsd,cor,consolinc,currentratio,de,debt,debtc,debtnc,debtusd,deferredrev,depamor,deposits,divyield,dps,ebit,ebitda,ebitdamargin,ebitdausd,ebitusd,ebt,eps,epsdil,epsusd,equity,equityavg,equityusd,ev,evebit,evebitda,fcf,fcfps,fxusd,gp,grossmargin,intangibles,intexp,invcap,invcapavg,inventory,investments,investmentsc,investmentsnc,liabilities,liabilitiesc,liabilitiesnc,marketcap,ncf,ncfbus,ncfcommon,ncfdebt,ncfdiv,ncff,ncfi,ncfinv,ncfo,ncfx,netinc,netinccmn,netinccmnusd,netincdis,netincnci,netmargin,opex,opinc,payables,payoutratio,pb,pe,pe1,ppnenet,prefdivis,price,ps,ps1,receivables,retearn,revenue,revenueusd,rnd,roa,roe,roic,ros,sbcomp,sgna,sharefactor,sharesbas,shareswa,shareswadil,sps,tangibles,taxassets,taxexp,taxliabilities,tbvps,workingcapital
0,PCH,MRY,2020-12-31,2020-12-31,2020-12-31,2021-08-25,-120989000.0,2381065000.0,2274257500.0,357118000.0,2023947000.0,0.458,19.408,-44415000.0,252340000.0,252340000.0,687781000.0,166830000.0,2.554,0.825,757347000.0,39981000.0,717366000.0,757347000.0,0.0,77885000.0,0.0,0.032,1.61,223416000.0,301301000.0,0.289,301301000.0,223416000.0,193953000.0,2.48,2.47,2.48,1304953000.0,1194030000.0,1304953000.0,3953320011.0,18.0,13.121,290848000.0,4.326,1.0,353149000.0,0.339,16270000.0,29463000.0,2729968000.0,2738426750.0,62036000.0,72355000.0,0.0,72355000.0,1076112000.0,139834000.0,936278000.0,3344990011.0,168086000.0,0.0,-15364000.0,0.0,-107853000.0,-124985000.0,-42192000.0,0.0,335263000.0,0.0,166830000.0,166830000.0,166830000.0,0.0,0.0,0.16,115507000.0,237642000.0,93279000.0,0.649,2.563,20.05,20.169,1888605000.0,0.0,50.02,3.213,3.231,26606000.0,-315510000.0,1040930000.0,1040930000.0,0.0,0.073,0.14,0.082,0.215,8063000.0,72519000.0,1.0,66873051.0,67237000.0,67568000.0,15.482,2364795000.0,0.0,27123000.0,17740000.0,35.171,217284000.0
1,PCH,MRY,2019-12-31,2019-12-31,2019-12-31,2021-08-25,-147359000.0,2235059000.0,2256067000.0,183441000.0,2051618000.0,0.367,18.146,3708000.0,83310000.0,83310000.0,682066000.0,55661000.0,1.62,0.822,756469000.0,45974000.0,710495000.0,756469000.0,0.0,72105000.0,0.0,0.037,1.6,87032000.0,159137000.0,0.192,159137000.0,87032000.0,56671000.0,0.82,0.82,0.82,1226831000.0,1246749000.0,1226831000.0,3570254391.0,41.0,22.435,142776000.0,2.112,1.0,145032000.0,0.175,17049000.0,30361000.0,2777917000.0,2779566000.0,65781000.0,74233000.0,0.0,74233000.0,1008228000.0,113252000.0,894976000.0,2908656391.0,4813000.0,0.0,-25173000.0,0.0,-107722000.0,-138772000.0,4517000.0,0.0,139068000.0,0.0,55661000.0,55661000.0,55661000.0,0.0,0.0,0.067,48749000.0,96283000.0,60577000.0,1.951,2.371,52.257,52.768,1925046000.0,0.0,43.27,3.517,3.537,14167000.0,-359330000.0,827098000.0,827098000.0,0.0,0.025,0.045,0.031,0.105,7272000.0,57925000.0,1.0,67221086.0,67608000.0,67743000.0,12.234,2218010000.0,0.0,1010000.0,20165000.0,32.807,70189000.0
2,PCH,MRY,2018-12-31,2018-12-31,2018-12-31,2021-08-25,-129431000.0,2325852000.0,2377106250.0,262198000.0,2063654000.0,0.41,21.72,-52090000.0,76639000.0,76639000.0,707645000.0,122880000.0,1.924,0.769,755364000.0,39973000.0,715391000.0,755364000.0,0.0,73161000.0,0.0,0.162,5.14,177306000.0,250467000.0,0.257,250467000.0,177306000.0,142079000.0,2.03,1.99,2.03,1314779000.0,1297554000.0,1314779000.0,2631918974.0,15.0,10.508,126804000.0,2.095,1.0,266934000.0,0.274,17828000.0,35227000.0,2850465000.0,2873146000.0,60805000.0,79537000.0,0.0,79537000.0,1011073000.0,136284000.0,874789000.0,1985554974.0,-41016000.0,3419000.0,0.0,-20250000.0,-146768000.0,-172001000.0,-47909000.0,0.0,178894000.0,0.0,122880000.0,122880000.0,122880000.0,0.0,0.0,0.126,81980000.0,184954000.0,60993000.0,2.532,1.51,16.158,15.586,1945008000.0,0.0,31.64,2.037,1.965,21405000.0,-282391000.0,974579000.0,974579000.0,0.0,0.052,0.095,0.062,0.182,8206000.0,59861000.0,1.0,62754582.0,60534000.0,61814000.0,16.1,2308024000.0,0.0,19199000.0,32009000.0,38.128,125914000.0
3,PCH,MRY,2017-12-31,2017-12-31,2017-12-31,2021-08-25,-94851000.0,953079000.0,950879250.0,193307000.0,759772000.0,0.714,4.912,-50011000.0,120457000.0,120457000.0,469393000.0,86453000.0,2.584,3.753,573319000.0,14263000.0,559056000.0,573319000.0,0.0,29912000.0,0.0,0.031,1.525,145523000.0,175435000.0,0.259,175435000.0,145523000.0,118474000.0,2.12,2.1,2.12,200542000.0,180330750.0,200542000.0,2489002164.0,17.0,14.188,112648000.0,2.759,1.0,209202000.0,0.308,0.0,27049000.0,1331143000.0,1338393750.0,50132000.0,0.0,0.0,0.0,752537000.0,74798000.0,677739000.0,2026482164.0,37873000.0,0.0,0.0,-11000000.0,-61931000.0,-74766000.0,-50020000.0,0.0,162659000.0,0.0,86453000.0,86453000.0,86453000.0,0.0,0.0,0.127,57295000.0,151907000.0,55201000.0,0.719,10.105,23.44,23.538,731705000.0,0.0,49.9,2.986,3.002,11240000.0,-104363000.0,678595000.0,678595000.0,0.0,0.091,0.479,0.109,0.214,5379000.0,49996000.0,1.0,40610865.0,40824000.0,41227000.0,16.622,953079000.0,19796000.0,32021000.0,0.0,23.346,118509000.0
4,PCH,MRY,2016-12-31,2016-12-31,2016-12-31,2021-08-25,-110744000.0,927681000.0,944076500.0,163645000.0,764036000.0,0.635,3.83,-20532000.0,82584000.0,82584000.0,460600000.0,10938000.0,2.701,4.936,583988000.0,11032000.0,572956000.0,583988000.0,0.0,34190000.0,0.0,0.036,1.5,35554000.0,69744000.0,0.116,69744000.0,35554000.0,6613000.0,0.27,0.27,0.27,156274000.0,160764000.0,156274000.0,2240232899.0,63.0,32.121,81585000.0,2.0,1.0,138499000.0,0.231,0.0,28941000.0,1368504000.0,1444227250.0,52622000.0,0.0,0.0,0.0,771407000.0,60581000.0,710826000.0,1687596899.0,74659000.0,111460000.0,-5956000.0,-50100000.0,-60842000.0,-120809000.0,93351000.0,0.0,102117000.0,0.0,10938000.0,10938000.0,10938000.0,0.0,0.0,0.018,45284000.0,93215000.0,43710000.0,5.556,10.799,154.288,154.259,714676000.0,0.0,41.65,2.817,2.836,14842000.0,-128775000.0,599099000.0,599099000.0,0.0,0.012,0.068,0.025,0.059,4390000.0,44262000.0,1.0,40518533.0,40798000.0,41033000.0,14.685,927681000.0,42051000.0,-4325000.0,0.0,22.738,103064000.0
5,PCH,MRY,2015-12-31,2015-12-31,2015-12-31,2021-08-25,-114503000.0,1016612000.0,1031896250.0,70753000.0,945859000.0,0.558,4.988,-42962000.0,7925000.0,7925000.0,470037000.0,31714000.0,0.877,3.99,633881000.0,35007000.0,598874000.0,633881000.0,0.0,38105000.0,0.0,0.05,1.5,58907000.0,97012000.0,0.169,97012000.0,58907000.0,26146000.0,0.78,0.77,0.78,203736000.0,210264500.0,203736000.0,1858959201.0,32.0,19.162,31052000.0,0.76,1.0,105299000.0,0.183,0.0,32761000.0,1561848000.0,1569594000.0,35162000.0,0.0,0.0,0.0,812876000.0,80720000.0,732156000.0,1230090201.0,-16092000.0,0.0,0.0,7500000.0,-61017000.0,-56517000.0,-33589000.0,6995000.0,74014000.0,0.0,31714000.0,31714000.0,31714000.0,0.0,0.0,0.055,46392000.0,58907000.0,39740000.0,1.923,6.038,38.787,38.769,891884000.0,0.0,30.24,2.138,2.147,13420000.0,-72983000.0,575336000.0,575336000.0,0.0,0.031,0.151,0.038,0.102,4758000.0,46392000.0,1.0,40677586.0,40842000.0,40988000.0,14.087,1016612000.0,46600000.0,-5568000.0,0.0,24.891,-9967000.0
6,PCH,MRY,2014-12-31,2014-12-31,2014-12-31,2021-08-25,-118392000.0,1031746000.0,779107250.0,92492000.0,939254000.0,0.779,5.523,-413184000.0,4644000.0,4644000.0,429789000.0,89910000.0,1.281,3.584,625668000.0,22870000.0,602798000.0,625668000.0,0.0,26749000.0,0.0,0.034,1.425,132506000.0,159255000.0,0.262,159255000.0,132506000.0,109597000.0,2.21,2.2,2.21,225066000.0,226616000.0,225066000.0,2011215741.0,15.0,12.629,-281812000.0,-6.916,1.0,177161000.0,0.292,0.0,22909000.0,1580576000.0,1108433500.0,31490000.0,26368000.0,26368000.0,0.0,806680000.0,72194000.0,734486000.0,1699765741.0,-25015000.0,0.0,0.0,310000000.0,-57848000.0,250369000.0,-406756000.0,1810000.0,131372000.0,0.0,89910000.0,89910000.0,89910000.0,0.0,0.0,0.148,44655000.0,132506000.0,43064000.0,0.645,7.552,18.905,18.946,894169000.0,0.0,41.87,2.801,2.811,9928000.0,-43588000.0,606950000.0,606950000.0,0.0,0.115,0.397,0.12,0.218,4137000.0,44655000.0,1.0,40596268.0,40749000.0,40894000.0,14.895,1031746000.0,43396000.0,19687000.0,0.0,25.32,20298000.0
7,PCH,MRY,2013-12-31,2013-12-31,2013-12-31,2021-08-25,-98720000.0,680530000.0,696714750.0,130369000.0,550161000.0,0.819,5.037,-23653000.0,5586000.0,5586000.0,408772000.0,70581000.0,2.591,2.334,320092000.0,0.0,320092000.0,320092000.0,0.0,26962000.0,0.0,0.031,1.28,107598000.0,134560000.0,0.236,134560000.0,107598000.0,84466000.0,1.74,1.73,1.74,204148000.0,167616000.0,204148000.0,2006015467.0,19.0,14.908,66599000.0,1.643,1.0,161517000.0,0.283,0.0,23132000.0,944718000.0,954660500.0,36275000.0,52251000.0,52251000.0,0.0,476382000.0,50318000.0,426064000.0,1691779467.0,-11399000.0,0.0,1904000.0,-37618000.0,-51868000.0,-89647000.0,-12004000.0,10826000.0,90252000.0,0.0,70581000.0,70581000.0,70581000.0,0.0,0.0,0.124,53919000.0,107598000.0,43617000.0,0.736,8.287,23.969,23.989,515847000.0,0.0,41.74,2.967,2.967,16572000.0,-75556000.0,570289000.0,570289000.0,0.0,0.101,0.421,0.113,0.189,4377000.0,50397000.0,1.0,40531372.0,40531372.0,,14.07,680530000.0,29300000.0,13885000.0,0.0,16.79,80051000.0
8,PCH,MRY,2012-12-31,2012-12-31,2012-12-31,2021-08-25,-140898000.0,718897000.0,705063000.0,138097000.0,580800000.0,0.745,3.434,-29188000.0,16985000.0,16985000.0,390773000.0,42594000.0,2.172,4.185,357576000.0,8413000.0,349163000.0,357576000.0,0.0,26247000.0,0.0,0.032,1.24,84942000.0,111189000.0,0.212,111189000.0,84942000.0,59403000.0,1.06,1.05,1.06,138643000.0,136166500.0,138643000.0,1917272662.0,23.0,17.243,50793000.0,1.258,1.0,134361000.0,0.256,0.0,25539000.0,995901000.0,977749500.0,28928000.0,63077000.0,63077000.0,0.0,580254000.0,63587000.0,516667000.0,1580584662.0,9166000.0,0.0,1075000.0,-9200000.0,-50041000.0,-62168000.0,-8647000.0,-88000.0,79981000.0,0.0,42594000.0,42594000.0,42594000.0,0.0,0.0,0.081,49419000.0,84942000.0,48286000.0,1.17,11.4,37.108,36.933,522517000.0,0.0,39.149,3.01,3.01,10668000.0,-94196000.0,525134000.0,525134000.0,0.0,0.06,0.313,0.087,0.162,4067000.0,49419000.0,1.0,40373461.0,40373461.0,,13.007,718897000.0,53799000.0,16809000.0,0.0,17.806,74510000.0
9,PCH,MRY,2011-12-31,2011-12-31,2011-12-31,2021-08-25,-140882000.0,746220000.0,749411750.0,134851000.0,611369000.0,0.664,3.537,-16886000.0,7819000.0,7819000.0,382252000.0,40266000.0,1.738,4.25,366403000.0,21661000.0,344742000.0,366403000.0,0.0,29092000.0,0.0,0.059,1.84,72240000.0,101332000.0,0.204,101332000.0,72240000.0,44411000.0,1.0,1.0,1.0,142138000.0,176928000.0,142138000.0,1610350232.0,22.0,15.892,60539000.0,1.506,1.0,115169000.0,0.232,0.0,27829000.0,1027195000.0,1026675500.0,28603000.0,62989000.0,62989000.0,0.0,604082000.0,77609000.0,526473000.0,1250230232.0,2226000.0,0.0,1430000.0,-4854000.0,-73921000.0,-79702000.0,4503000.0,22260000.0,77425000.0,0.0,40266000.0,40266000.0,40266000.0,0.0,0.0,0.081,42929000.0,72240000.0,47776000.0,1.84,8.796,31.049,31.11,521140000.0,0.0,31.11,2.513,2.513,13533000.0,-86388000.0,497421000.0,497421000.0,0.0,0.054,0.228,0.07,0.145,4404000.0,40549000.0,1.0,40187407.0,40187407.0,,12.378,746220000.0,69833000.0,4145000.0,0.0,18.569,57242000.0
10,PCH,MRY,2010-12-31,2010-12-31,2010-12-31,2021-08-25,-113755000.0,781711000.0,798351000.0,161794000.0,619917000.0,0.676,5.11,-11926000.0,5593000.0,5593000.0,423353000.0,40394000.0,2.45,2.824,368496000.0,5011000.0,363485000.0,368496000.0,0.0,31204000.0,0.0,0.063,2.04,72770000.0,103974000.0,0.193,103974000.0,72770000.0,44990000.0,1.01,1.0,1.01,204439000.0,209556500.0,204439000.0,1666945259.0,23.0,16.032,114189000.0,2.854,1.0,116094000.0,0.215,0.0,27780000.0,1078582000.0,1095754750.0,24375000.0,85249000.0,85249000.0,0.0,577272000.0,66032000.0,511240000.0,1302212259.0,4061000.0,0.0,2156000.0,2167000.0,-81578000.0,-79580000.0,-45476000.0,-31743000.0,126115000.0,0.0,40394000.0,40394000.0,40394000.0,-119000.0,0.0,0.075,43443000.0,72651000.0,51504000.0,2.02,6.37,32.238,32.228,539523000.0,0.0,32.55,2.414,2.414,21278000.0,-52733000.0,539447000.0,539447000.0,0.0,0.051,0.193,0.066,0.135,3952000.0,39347000.0,1.0,40006521.0,40006521.0,,13.484,781711000.0,62400000.0,4596000.0,0.0,19.54,95762000.0
11,PCH,MRY,2009-12-31,2009-12-31,2009-12-31,2021-08-25,-127477000.0,823565000.0,889644000.0,121698000.0,701867000.0,0.535,5.778,-13826000.0,1532000.0,1532000.0,338350000.0,77328000.0,2.081,2.584,368431000.0,11000.0,368420000.0,368431000.0,0.0,34715000.0,0.0,0.064,2.04,82601000.0,117316000.0,0.246,117316000.0,82601000.0,60680000.0,1.94,1.93,1.94,229790000.0,204711000.0,229790000.0,1553749400.0,19.0,13.244,106088000.0,2.667,1.0,137819000.0,0.289,0.0,21921000.0,1131991000.0,1025414000.0,24493000.0,53506000.0,53506000.0,0.0,593775000.0,58473000.0,535302000.0,1267933400.0,647000.0,0.0,1839000.0,18854000.0,-81132000.0,-64679000.0,-46719000.0,-31843000.0,119914000.0,0.0,77328000.0,77328000.0,77328000.0,4103000.0,0.0,0.162,51115000.0,86704000.0,44501000.0,1.052,5.518,16.397,16.433,609012000.0,0.0,31.88,2.663,2.663,18161000.0,-11549000.0,476169000.0,476169000.0,0.0,0.087,0.378,0.081,0.173,3829000.0,47382000.0,1.0,39772064.0,39772064.0,,11.972,823565000.0,73745000.0,-16648000.0,0.0,20.707,63225000.0
12,PCH,MRY,2008-12-31,2008-12-31,2008-12-31,2021-08-25,-167054000.0,938321000.0,1383199000.0,195778000.0,742543000.0,0.318,5.016,-35548000.0,885000.0,885000.0,330332000.0,52637000.0,0.682,3.733,450437000.0,229510000.0,220927000.0,450437000.0,0.0,30153000.0,0.0,0.078,2.04,47596000.0,77749000.0,0.177,77749000.0,47596000.0,27442000.0,1.33,1.32,1.33,198234000.0,482788250.0,198234000.0,1459186883.0,31.0,18.768,-317000.0,-0.008,1.0,109625000.0,0.249,0.0,20154000.0,1100728000.0,1526322750.0,36686000.0,103034000.0,103034000.0,0.0,740087000.0,287145000.0,452942000.0,1027948883.0,-8162000.0,0.0,3902000.0,10462000.0,-80674000.0,4042000.0,-47435000.0,37321000.0,35231000.0,0.0,52637000.0,52637000.0,52637000.0,20300000.0,0.0,0.12,41729000.0,67896000.0,44377000.0,1.534,5.186,19.529,19.556,640047000.0,0.0,26.01,2.336,2.336,38750000.0,-7745000.0,439957000.0,439957000.0,0.0,0.038,0.109,0.031,0.108,634000.0,41729000.0,1.0,39521295.0,39521295.0,,11.132,938321000.0,86045000.0,-25195000.0,0.0,23.742,-91367000.0
13,PCH,MRY,2007-12-31,2007-12-31,2007-12-31,2021-08-25,-115653000.0,1517204000.0,1478117750.0,333959000.0,1183245000.0,0.286,14.758,-69249000.0,9047000.0,9047000.0,298281000.0,56432000.0,1.173,1.623,431810000.0,110509000.0,321301000.0,431810000.0,0.0,26516000.0,0.0,0.045,1.98,54133000.0,80649000.0,0.19,80649000.0,54133000.0,38701000.0,1.44,1.43,1.44,578336000.0,561662500.0,578336000.0,2167993786.0,40.0,26.882,76589000.0,1.954,1.0,125191000.0,0.296,0.0,15432000.0,1655260000.0,1612584000.0,169396000.0,22289000.0,22289000.0,0.0,938868000.0,284707000.0,654161000.0,1741525786.0,1288000.0,0.0,9950000.0,104796000.0,-77460000.0,39019000.0,-183569000.0,7305000.0,145838000.0,0.0,56432000.0,56432000.0,56432000.0,18210000.0,0.0,0.133,52848000.0,72343000.0,152361000.0,1.375,3.011,30.861,30.861,1053838000.0,0.0,44.44,4.112,4.112,114260000.0,123783000.0,423472000.0,423472000.0,0.0,0.038,0.1,0.034,0.128,7234000.0,50195000.0,1.0,39188249.0,39188249.0,,10.806,1517204000.0,14783000.0,-17731000.0,51981000.0,38.716,49252000.0
14,PCH,MRY,2006-12-31,2006-12-31,2006-12-31,2021-08-25,-119052000.0,1457607000.0,1517020250.0,356519000.0,1101088000.0,0.275,14.913,-22576000.0,14432000.0,14432000.0,301036000.0,139110000.0,1.817,1.522,327631000.0,6157000.0,321474000.0,327631000.0,0.0,22831000.0,0.0,0.394,17.27,96884000.0,119715000.0,0.287,119715000.0,96884000.0,80764000.0,3.81,3.79,3.81,577859000.0,641386250.0,577859000.0,2018219566.0,21.0,16.859,159495000.0,4.116,1.0,116207000.0,0.279,0.0,16120000.0,1574542000.0,1670084000.0,168816000.0,21564000.0,21564000.0,0.0,879748000.0,196264000.0,683484000.0,1697913566.0,1626000.0,0.0,8503000.0,-5240000.0,-165116000.0,-157541000.0,-22904000.0,36136000.0,182071000.0,0.0,139110000.0,139110000.0,139110000.0,-1291000.0,0.0,0.333,53384000.0,62823000.0,168987000.0,4.533,2.938,12.206,11.501,962518000.0,0.0,43.82,4.069,4.069,135105000.0,144811000.0,417243000.0,417243000.0,0.0,0.092,0.217,0.058,0.232,3631000.0,53384000.0,1.0,38747457.0,38747457.0,,10.768,1457607000.0,0.0,-58346000.0,53160000.0,37.618,160255000.0
15,PCH,MRY,2005-12-31,2005-12-31,2005-12-31,2021-08-25,-2122000.0,1628177000.0,1618457000.0,402556000.0,1225621000.0,0.924,24.152,-95083000.0,6133000.0,6133000.0,1331344000.0,32964000.0,2.733,1.309,335454000.0,2357000.0,333097000.0,335454000.0,0.0,78342000.0,0.0,0.012,0.6,78793000.0,157135000.0,0.105,157135000.0,78793000.0,49748000.0,1.13,1.13,1.13,705148000.0,687859500.0,705148000.0,1811865158.0,23.0,11.531,-28332000.0,-0.97,1.0,164586000.0,0.11,0.0,29045000.0,1810198000.0,1790796000.0,209696000.0,57700000.0,57700000.0,0.0,923029000.0,147300000.0,775729000.0,1488429158.0,-2513000.0,0.0,14269000.0,-7602000.0,-17503000.0,-11196000.0,-58068000.0,54275000.0,66751000.0,0.0,32964000.0,32964000.0,32964000.0,3296000.0,0.0,0.022,85003000.0,79583000.0,143608000.0,0.531,2.111,45.153,45.115,998263000.0,0.0,50.98,0.995,0.995,114641000.0,637486000.0,1495930000.0,1495930000.0,0.0,0.02,0.048,0.044,0.053,4748000.0,85003000.0,1.0,29196335.0,29196335.0,,51.237,1628177000.0,0.0,16784000.0,196765000.0,55.766,255256000.0
16,PCH,MRY,2004-12-31,2004-12-31,2004-12-31,2021-08-25,-1403000.0,1594672000.0,1773845500.0,407370000.0,1187302000.0,0.765,22.59,-47958000.0,8646000.0,8646000.0,1178752000.0,271249000.0,2.675,1.375,336522000.0,1107000.0,335415000.0,336522000.0,0.0,80659000.0,0.0,0.061,3.1,327079000.0,407738000.0,0.301,407738000.0,327079000.0,281216000.0,9.23,9.19,9.23,671389000.0,625971250.0,671389000.0,2110241143.0,6.0,5.175,384036000.0,12.922,1.0,177619000.0,0.131,0.0,45863000.0,1770243000.0,2044290000.0,167015000.0,111975000.0,111975000.0,0.0,923283000.0,152305000.0,770978000.0,1503263143.0,1456000.0,0.0,-17805000.0,-287845000.0,-92426000.0,-432602000.0,-128085000.0,-71884000.0,431994000.0,0.0,271249000.0,271249000.0,271249000.0,-255919000.0,0.0,0.2,84890000.0,92729000.0,151198000.0,0.336,2.239,5.542,5.48,976900000.0,0.0,50.58,1.108,1.108,103474000.0,622025000.0,1356371000.0,1356371000.0,0.0,0.153,0.433,0.16,0.241,7410000.0,83697000.0,1.0,29720505.0,29720505.0,,45.638,1594672000.0,0.0,9967000.0,201252000.0,53.656,255065000.0
17,PCH,MRY,2003-12-31,2003-12-31,2003-12-31,2021-08-25,-33513000.0,1597377000.0,1593603000.0,473593000.0,1123784000.0,0.748,16.378,-75376000.0,7190000.0,7190000.0,1006786000.0,50727000.0,2.789,2.393,618785000.0,507000.0,618278000.0,618785000.0,0.0,88987000.0,0.0,0.017,0.6,89751000.0,178738000.0,0.15,178738000.0,89751000.0,41579000.0,1.77,1.77,1.77,470851000.0,438012500.0,470851000.0,1605412261.0,18.0,8.982,86634000.0,3.013,1.0,185651000.0,0.156,0.0,48172000.0,2039155000.0,2021162500.0,140351000.0,40091000.0,40091000.0,0.0,1126526000.0,169817000.0,956709000.0,999625261.0,-1783000.0,0.0,6799000.0,-54857000.0,-17217000.0,-56867000.0,-108251000.0,-38091000.0,162010000.0,0.0,50727000.0,50727000.0,50727000.0,-54569000.0,0.0,0.043,164311000.0,21340000.0,158185000.0,0.339,2.123,19.706,19.644,1005296000.0,0.0,34.77,0.838,0.838,91050000.0,443202000.0,1192437000.0,1192437000.0,0.0,0.032,0.116,0.044,0.075,0.0,75800000.0,1.0,28749648.0,28749648.0,,41.477,1597377000.0,0.0,-9148000.0,71917000.0,55.562,303776000.0
18,PCH,MRY,2002-12-31,2002-12-31,2002-12-31,2021-08-25,-33207000.0,1624817000.0,1820216750.0,349809000.0,1275008000.0,0.608,15.108,-46303000.0,24042000.0,24042000.0,921576000.0,-234381000.0,1.416,2.772,678252000.0,55607000.0,622645000.0,678252000.0,0.0,97986000.0,0.0,0.024,0.583,-200853000.0,-102867000.0,-0.093,-102867000.0,-200853000.0,-260735000.0,-8.23,-8.23,-8.23,430791000.0,496553750.0,430791000.0,1313065481.0,-7.0,-12.765,-25527000.0,-0.895,1.0,184730000.0,0.167,0.0,59882000.0,2031911000.0,2297742500.0,159798000.0,2000000.0,2000000.0,0.0,1194026000.0,247116000.0,946910000.0,680912481.0,1498000.0,0.0,8146000.0,-481825000.0,-17071000.0,-495280000.0,49686000.0,28500000.0,20776000.0,0.0,-234381000.0,-234381000.0,-234381000.0,193160000.0,0.0,-0.212,179002000.0,5728000.0,191497000.0,-0.071,1.581,-2.905,-2.902,1163344000.0,0.0,23.88,0.615,0.615,119964000.0,409692000.0,1106306000.0,1106306000.0,0.0,-0.129,-0.472,-0.087,-0.182,0.0,72053000.0,1.0,28513923.0,28513923.0,,38.799,1624817000.0,0.0,-26354000.0,56654000.0,56.983,102693000.0
19,PCH,MRY,2001-12-31,2001-12-31,2001-12-31,2021-08-25,0.0,2487146000.0,2574774000.0,1165836000.0,1321310000.0,0.497,25.009,-26984000.0,105675000.0,105675000.0,1095686000.0,-79445000.0,2.106,2.516,1150125000.0,329603000.0,820522000.0,1150125000.0,0.0,115033000.0,0.0,0.04,1.17,-37757000.0,77276000.0,0.06,77276000.0,-37757000.0,-115610000.0,-2.81,-2.81,-2.81,707304000.0,741872500.0,707304000.0,1875598978.0,-50.0,24.271,-1454000.0,-0.051,1.0,183178000.0,0.143,0.0,77853000.0,2978144000.0,3146937750.0,107713000.0,30509000.0,30509000.0,0.0,1779842000.0,553452000.0,1226390000.0,829217978.0,-3182000.0,0.0,-3833000.0,156942000.0,-33108000.0,104336000.0,-175928000.0,-30500000.0,25530000.0,0.0,-79445000.0,-79445000.0,-79445000.0,22879000.0,0.0,-0.062,200625000.0,-17447000.0,189916000.0,-0.416,1.172,-10.438,-10.434,1213099000.0,0.0,29.32,0.648,0.648,118632000.0,661144000.0,1278864000.0,1278864000.0,0.0,-0.031,-0.107,-0.012,-0.03,0.0,82842000.0,1.0,28281650.0,28281650.0,,45.219,2487146000.0,0.0,-36165000.0,210610000.0,87.942,612384000.0
20,PCH,MRY,2000-12-31,2000-12-31,2000-12-31,2021-08-25,0.0,2542445000.0,2489980500.0,483839000.0,2058606000.0,0.519,28.604,-139661000.0,11652000.0,11652000.0,1044894000.0,-33214000.0,1.102,2.126,990817000.0,189268000.0,801549000.0,990817000.0,0.0,108722000.0,0.0,0.052,1.74,4875000.0,113597000.0,0.088,113597000.0,4875000.0,-54563000.0,-1.16,-1.16,-1.16,813236000.0,853003250.0,813236000.0,1855196789.0,381.0,16.331,-67277000.0,-2.366,1.0,248299000.0,0.192,0.0,59438000.0,3082511000.0,2975665000.0,223206000.0,9000.0,9000.0,0.0,1729209000.0,439099000.0,1290110000.0,954138789.0,-702000.0,0.0,-24940000.0,157647000.0,-49698000.0,73753000.0,-142660000.0,150000.0,72384000.0,0.0,-33214000.0,-33214000.0,-33214000.0,-179000.0,0.0,-0.026,240602000.0,7697000.0,249831000.0,-1.5,1.173,-28.727,-28.931,1979667000.0,0.0,33.56,0.738,0.738,187819000.0,773697000.0,1293193000.0,1293193000.0,0.0,-0.013,-0.039,0.002,0.004,0.0,85469000.0,1.0,28430834.0,28430834.0,,45.486,2542445000.0,0.0,-21349000.0,293961000.0,89.426,44740000.0
21,PCH,MRY,1999-12-31,1999-12-31,1999-12-31,2021-08-25,0.0,2446500000.0,2415785500.0,416502000.0,2029998000.0,0.749,31.812,-244605000.0,11531000.0,11531000.0,1404562000.0,40947000.0,1.142,1.656,833585000.0,131787000.0,701798000.0,833585000.0,0.0,150253000.0,0.0,0.039,1.74,111486000.0,261739000.0,0.145,261739000.0,111486000.0,66044000.0,1.41,1.41,1.41,921039000.0,921478250.0,921039000.0,2062827114.0,19.0,7.881,-39976000.0,-1.381,1.0,403826000.0,0.223,0.0,45442000.0,2903808000.0,2864389250.0,196733000.0,159000.0,159000.0,0.0,1525461000.0,364746000.0,1160715000.0,1292138114.0,-119000.0,0.0,1250000.0,34437000.0,-50362000.0,-15905000.0,-188843000.0,55772000.0,204629000.0,0.0,40947000.0,40947000.0,40947000.0,0.0,0.0,0.023,292340000.0,111486000.0,232959000.0,1.234,1.403,31.556,31.652,1960322000.0,0.0,44.63,0.715,0.715,184312000.0,856609000.0,1808388000.0,1808388000.0,0.0,0.017,0.044,0.039,0.062,0.0,141580000.0,1.0,28952232.0,28952232.0,,62.461,2446500000.0,0.0,25097000.0,275644000.0,84.501,51756000.0
22,PCH,MRY,1998-12-31,1998-12-31,1998-12-31,2021-08-25,0.0,2377306000.0,2363854500.0,407855000.0,1969451000.0,0.714,32.09,-143912000.0,11650000.0,11650000.0,1305923000.0,37232000.0,1.314,1.554,797073000.0,84960000.0,712113000.0,797073000.0,0.0,150278000.0,0.0,0.047,1.74,107919000.0,258197000.0,0.153,258197000.0,107919000.0,58175000.0,1.28,1.28,1.28,930906000.0,941411000.0,930906000.0,1822479987.0,17.0,7.058,73632000.0,2.538,1.0,382782000.0,0.227,0.0,49744000.0,2852430000.0,2835799000.0,200257000.0,6422000.0,6422000.0,0.0,1446400000.0,310299000.0,1136101000.0,1069844987.0,2624000.0,0.0,-2711000.0,-15154000.0,-50472000.0,-69740000.0,-145180000.0,548000.0,217544000.0,0.0,37232000.0,37232000.0,37232000.0,0.0,0.0,0.022,283575000.0,99207000.0,225339000.0,1.359,1.149,28.735,28.812,1852212000.0,0.0,36.88,0.634,0.634,162268000.0,866024000.0,1688705000.0,1688705000.0,0.0,0.016,0.04,0.038,0.064,0.0,133297000.0,1.0,29008812.0,29008812.0,,58.214,2377306000.0,0.0,20943000.0,253691000.0,81.951,97556000.0
23,PCH,MRY,1997-12-31,1997-12-31,1997-12-31,2021-08-25,0.0,2365136000.0,2315407500.0,403777000.0,1961359000.0,0.678,32.818,-155623000.0,9026000.0,9026000.0,1219665000.0,36059000.0,1.357,1.485,817652000.0,95572000.0,722080000.0,817652000.0,0.0,149785000.0,0.0,0.04,1.71,100759000.0,250544000.0,0.16,250544000.0,100759000.0,54635000.0,1.25,1.24,1.25,951592000.0,952893500.0,951592000.0,,,,-732000.0,-0.025,1.0,349205000.0,0.223,0.0,46124000.0,2876206000.0,2795854000.0,182303000.0,6516000.0,6516000.0,0.0,1413544000.0,297556000.0,1115988000.0,1246830666.0,1286000.0,0.0,2985000.0,103558000.0,-49462000.0,57189000.0,-210794000.0,-50134000.0,154891000.0,0.0,36059000.0,36059000.0,36059000.0,0.0,0.0,0.023,256235000.0,92970000.0,201984000.0,1.368,1.31,34.578,34.4,1845013000.0,0.0,43.0,0.795,0.795,179159000.0,879264000.0,1568870000.0,1568870000.0,0.0,0.016,0.038,0.036,0.064,0.0,106450000.0,1.0,28996062.0,28996062.0,,54.106,2365136000.0,0.0,18576000.0,236934000.0,81.567,106221000.0
24,PCH,MRY,1996-12-31,1996-12-31,1996-12-31,2021-08-25,0.0,2265679000.0,,378111000.0,1887568000.0,,,-234762000.0,7740000.0,7740000.0,1186127000.0,58089000.0,1.453,1.374,717708000.0,45660000.0,672048000.0,717708000.0,0.0,141521000.0,0.0,0.039,1.67,126750000.0,268271000.0,0.173,268271000.0,126750000.0,82881000.0,2.01,2.01,2.01,954195000.0,,954195000.0,,,,-9986000.0,,1.0,368322000.0,0.237,0.0,43869000.0,2715502000.0,,176899000.0,4576000.0,4576000.0,0.0,1311484000.0,260145000.0,1051339000.0,,169000.0,0.0,-4320000.0,-32322000.0,-48254000.0,-84896000.0,-139711000.0,118976000.0,224776000.0,0.0,58089000.0,58089000.0,58089000.0,0.0,0.0,0.037,245635000.0,122687000.0,214485000.0,0.831,,,21.393,1824236000.0,0.0,43.0,,,163075000.0,892667000.0,1554449000.0,1554449000.0,0.0,,,,0.082,0.0,104114000.0,1.0,,,,,2265679000.0,0.0,24792000.0,223441000.0,,117966000.0
25,PCH,MRY,1995-12-31,1995-12-31,1995-12-31,2021-08-25,,,,,,,,-167361000.0,,,1158002000.0,108546000.0,,,,,,,,137031000.0,,0.04,1.615,218915000.0,355946000.0,0.222,355946000.0,218915000.0,170939000.0,3.72,3.72,3.72,,,,,,,80194000.0,,1.0,447204000.0,0.279,,47976000.0,,,,,,,,,,,-1447000.0,0.0,-11092000.0,77531000.0,-47096000.0,19343000.0,-268345000.0,-80112000.0,247555000.0,0.0,108546000.0,108546000.0,108546000.0,0.0,0.0,0.068,227600000.0,219604000.0,,0.434,,,10.753,,0.0,40.0,,,,,1605206000.0,1605206000.0,0.0,,,,0.136,0.0,90569000.0,1.0,,,,,,,62393000.0,,,
0,PCH,MRQ,2021-06-30,2021-06-30,2021-06-30,2021-08-25,-82247000.0,2682798000.0,,666273000.0,2016525000.0,,23.944,-14371000.0,512030000.0,512030000.0,177779000.0,187905000.0,4.532,0.664,757861000.0,42991000.0,714870000.0,757861000.0,0.0,17432000.0,0.0,0.031,0.41,246944000.0,264376000.0,0.591,264376000.0,246944000.0,238745000.0,2.79,2.77,2.79,1611789000.0,,1611789000.0,3938868066.0,6.0,5.439,157004000.0,2.332,1.0,269727000.0,0.603,15880000.0,8199000.0,2765722000.0,,73074000.0,66553000.0,0.0,66553000.0,1071009000.0,147027000.0,923982000.0,3563296066.0,129329000.0,0.0,0.0,0.0,-27489000.0,-28121000.0,-13925000.0,0.0,171375000.0,0.0,187905000.0,187905000.0,187905000.0,0.0,0.0,0.42,19512000.0,250215000.0,97462000.0,0.147,2.211,7.126,7.144,1872377000.0,0.0,53.15,2.454,2.464,56694000.0,-51670000.0,447506000.0,447506000.0,0.0,,,,,2140000.0,19512000.0,1.0,67042259.0,67316000.0,67732000.0,6.648,2666918000.0,0.0,50840000.0,22191000.0,39.618,519246000.0
1,PCH,MRQ,2021-03-31,2021-03-31,2021-03-31,2021-08-25,-53929000.0,2563629000.0,,507574000.0,2056055000.0,,21.985,-11718000.0,382032000.0,382032000.0,169302000.0,131106000.0,3.087,0.735,757604000.0,42985000.0,714619000.0,757604000.0,0.0,18399000.0,0.0,0.031,0.41,164719000.0,183118000.0,0.517,183118000.0,164719000.0,161145000.0,1.95,1.94,1.95,1477549000.0,,1477549000.0,4046370429.0,10.0,8.269,158247000.0,2.355,1.0,184891000.0,0.522,16075000.0,3574000.0,2758718000.0,,62663000.0,69057000.0,0.0,69057000.0,1086080000.0,164408000.0,921672000.0,3541363429.0,130361000.0,0.0,0.0,0.0,-27484000.0,-28075000.0,-11529000.0,0.0,169965000.0,0.0,131106000.0,131106000.0,131106000.0,0.0,0.0,0.37,16758000.0,168133000.0,114849000.0,0.21,2.397,11.251,11.284,1879076000.0,0.0,52.92,2.985,2.998,41920000.0,-211985000.0,354193000.0,354193000.0,0.0,,,,,1930000.0,16758000.0,1.0,66919188.0,67207000.0,67607000.0,5.27,2547554000.0,0.0,30039000.0,24298000.0,37.906,343166000.0
2,PCH,MRQ,2020-12-31,2020-12-31,2020-12-31,2021-08-25,-120989000.0,2381065000.0,,357118000.0,2023947000.0,,19.431,-14001000.0,252340000.0,252340000.0,183860000.0,100017000.0,2.554,0.825,757347000.0,39981000.0,717366000.0,757347000.0,0.0,20076000.0,0.0,0.032,0.41,129578000.0,149654000.0,0.443,149654000.0,129578000.0,120709000.0,1.49,1.48,1.49,1304953000.0,,1304953000.0,3953320011.0,18.0,13.121,130417000.0,1.942,1.0,153589000.0,0.455,16270000.0,8869000.0,2729968000.0,,62036000.0,72355000.0,0.0,72355000.0,1076112000.0,139834000.0,936278000.0,3344990011.0,102336000.0,0.0,0.0,0.0,-27419000.0,-28155000.0,-13927000.0,0.0,144418000.0,0.0,100017000.0,100017000.0,100017000.0,0.0,0.0,0.296,20455000.0,133134000.0,93279000.0,0.275,2.563,20.05,20.169,1888605000.0,0.0,50.02,3.213,3.231,26606000.0,-315510000.0,337449000.0,337449000.0,0.0,,,,,2135000.0,20455000.0,1.0,66873051.0,67159000.0,67667000.0,5.025,2364795000.0,0.0,20692000.0,17740000.0,35.212,217284000.0
3,PCH,MRQ,2020-09-30,2020-09-30,2020-09-30,2021-08-25,-155146000.0,2297913000.0,,278665000.0,2019248000.0,,17.812,-8613000.0,148919000.0,148919000.0,182039000.0,81007000.0,1.73,0.921,757249000.0,45995000.0,711254000.0,757249000.0,0.0,20594000.0,0.0,0.038,0.4,106404000.0,126998000.0,0.406,126998000.0,106404000.0,97847000.0,1.21,1.2,1.21,1196077000.0,,1196077000.0,3491282930.0,31.0,18.351,94289000.0,1.404,1.0,131007000.0,0.418,16465000.0,8557000.0,2728657000.0,,58572000.0,74216000.0,0.0,74216000.0,1101836000.0,161121000.0,940715000.0,2815280930.0,67070000.0,0.0,0.0,0.0,-26749000.0,-27255000.0,-8577000.0,0.0,102902000.0,0.0,81007000.0,81007000.0,81007000.0,0.0,0.0,0.259,21046000.0,109961000.0,108425000.0,0.331,2.354,35.996,35.983,1897331000.0,0.0,42.1,3.104,3.117,50084000.0,-388000000.0,313046000.0,313046000.0,0.0,,,,,2063000.0,21046000.0,1.0,66871281.0,67149000.0,67528000.0,4.662,2281448000.0,0.0,16840000.0,12202000.0,33.976,117544000.0
4,PCH,MRQ,2020-06-30,2020-06-30,2020-06-30,2021-08-25,-169426000.0,2205170000.0,,179897000.0,2025273000.0,,16.754,-9262000.0,80987000.0,80987000.0,149836000.0,2638000.0,1.399,0.959,756989000.0,45988000.0,711001000.0,756989000.0,0.0,18171000.0,0.0,0.042,0.4,11430000.0,29601000.0,0.163,29601000.0,11430000.0,3091000.0,0.04,0.04,0.04,1125476000.0,,1125476000.0,3223415413.0,88.0,28.604,30543000.0,0.455,1.0,31719000.0,0.175,16660000.0,8339000.0,2735886000.0,,52215000.0,73541000.0,0.0,73541000.0,1079694000.0,128626000.0,951068000.0,2546170413.0,1114000.0,0.0,-3009000.0,0.0,-26744000.0,-30037000.0,-8654000.0,0.0,39805000.0,0.0,2638000.0,2638000.0,2638000.0,0.0,0.0,0.015,16811000.0,14908000.0,75937000.0,10.0,2.262,143.285,146.269,1905144000.0,0.0,38.03,3.104,3.115,24588000.0,-442153000.0,181555000.0,181555000.0,0.0,,,,,1980000.0,16811000.0,1.0,66951628.0,67176000.0,67359000.0,2.703,2188510000.0,0.0,453000.0,10942000.0,32.579,51271000.0
5,PCH,MRQ,2020-03-31,2020-03-31,2020-03-31,2021-08-25,-170306000.0,2212882000.0,,174173000.0,2038709000.0,,17.037,-12539000.0,79484000.0,79484000.0,172046000.0,-16832000.0,1.527,0.925,756729000.0,45981000.0,710748000.0,756729000.0,0.0,19044000.0,0.0,0.051,0.4,-23996000.0,-4952000.0,-0.024,-4952000.0,-23996000.0,-27694000.0,-0.25,-0.25,-0.25,1149614000.0,,1149614000.0,2787332033.0,56.0,22.425,35599000.0,0.528,1.0,36834000.0,0.176,16854000.0,3698000.0,2759196000.0,,55707000.0,72582000.0,0.0,72582000.0,1063268000.0,114077000.0,949191000.0,2114173033.0,-2434000.0,0.0,-12355000.0,0.0,-26941000.0,-39538000.0,-11034000.0,0.0,48138000.0,0.0,-16832000.0,-16832000.0,-16832000.0,0.0,0.0,-0.081,57195000.0,-20361000.0,61395000.0,-1.6,1.839,65.517,66.787,1917377000.0,0.0,31.39,2.475,2.479,23356000.0,-415153000.0,208880000.0,208880000.0,0.0,,,,,1885000.0,14207000.0,1.0,67351801.0,67478000.0,67478000.0,3.096,2196028000.0,0.0,-10862000.0,11445000.0,32.544,60096000.0
6,PCH,MRQ,2019-12-31,2019-12-31,2019-12-31,2021-08-25,-147359000.0,2235059000.0,,183441000.0,2051618000.0,,18.287,-17959000.0,83310000.0,83310000.0,169544000.0,11399000.0,1.62,0.822,756469000.0,45974000.0,710495000.0,756469000.0,0.0,19516000.0,0.0,0.037,0.4,19089000.0,38605000.0,0.19,38605000.0,19089000.0,10549000.0,0.17,0.17,0.17,1226831000.0,,1226831000.0,3570254391.0,41.0,22.435,15682000.0,0.234,1.0,33955000.0,0.167,17049000.0,8540000.0,2777917000.0,,65781000.0,74233000.0,0.0,74233000.0,1008228000.0,113252000.0,894976000.0,2908656391.0,-11536000.0,0.0,0.0,0.0,-26888000.0,-27507000.0,-17670000.0,0.0,33641000.0,0.0,11399000.0,11399000.0,11399000.0,0.0,0.0,0.056,13931000.0,20024000.0,60577000.0,2.353,2.371,52.257,52.768,1925046000.0,0.0,43.27,3.517,3.537,14167000.0,-359330000.0,203499000.0,203499000.0,0.0,,,,,1910000.0,13931000.0,1.0,67221086.0,67089000.0,67428000.0,3.033,2218010000.0,0.0,-850000.0,20165000.0,33.061,70189000.0
7,PCH,MRQ,2019-09-30,2019-09-30,2019-09-30,2021-08-25,-152078000.0,2257054000.0,,199655000.0,2057399000.0,,18.322,-13156000.0,94747000.0,94747000.0,182634000.0,20565000.0,1.607,0.826,756345000.0,39995000.0,716350000.0,756345000.0,0.0,19178000.0,0.0,0.039,0.4,30261000.0,49439000.0,0.218,49439000.0,30261000.0,21786000.0,0.3,0.3,0.3,1235729000.0,,1235729000.0,3418498359.0,45.0,23.093,24750000.0,0.367,1.0,43668000.0,0.193,17244000.0,8475000.0,2777142000.0,,54202000.0,76924000.0,0.0,76924000.0,1021325000.0,124266000.0,897059000.0,2760386359.0,-2180000.0,0.0,0.0,0.0,-26888000.0,-27017000.0,-13069000.0,0.0,37906000.0,0.0,20565000.0,20565000.0,20565000.0,0.0,0.0,0.091,12472000.0,31196000.0,78274000.0,1.333,2.234,59.929,66.266,1927783000.0,0.0,41.085,3.283,3.296,27214000.0,-343747000.0,226302000.0,226302000.0,0.0,,,,,1913000.0,12472000.0,1.0,67187206.0,67446000.0,67545000.0,3.355,2239810000.0,0.0,1221000.0,14913000.0,33.209,75389000.0
8,PCH,MRQ,2019-06-30,2019-06-30,2019-06-30,2021-08-25,-146187000.0,2258941000.0,,196460000.0,2062481000.0,,18.415,-17220000.0,97970000.0,97970000.0,175673000.0,17137000.0,1.578,0.813,756082000.0,39988000.0,716094000.0,756082000.0,0.0,17137000.0,0.0,0.132,0.4,24067000.0,41204000.0,0.191,41204000.0,24067000.0,16185000.0,0.25,0.25,0.25,1246050000.0,,1246050000.0,3285609759.0,27.0,16.95,31234000.0,0.462,1.0,39908000.0,0.185,17439000.0,7882000.0,2775137000.0,,54121000.0,79238000.0,0.0,79238000.0,1012891000.0,124477000.0,888414000.0,2634578759.0,-10410000.0,0.0,-15015000.0,0.0,-26881000.0,-41947000.0,-16917000.0,0.0,48454000.0,0.0,17137000.0,17137000.0,17137000.0,0.0,0.0,0.079,14952000.0,24956000.0,78492000.0,1.6,2.114,30.695,30.453,1932445000.0,0.0,38.98,2.915,2.918,24479000.0,-337330000.0,215581000.0,215581000.0,0.0,,,,,1832000.0,14952000.0,1.0,67587962.0,67664000.0,67713000.0,3.186,2241502000.0,0.0,-952000.0,14623000.0,33.127,71983000.0
9,PCH,MRQ,2019-03-31,2019-03-31,2019-03-31,2021-08-25,-136778000.0,2273214000.0,,203829000.0,2069385000.0,,18.839,52043000.0,104787000.0,104787000.0,154215000.0,6560000.0,1.719,0.778,755818000.0,39981000.0,715837000.0,755818000.0,0.0,16274000.0,0.0,0.136,0.4,13615000.0,29889000.0,0.164,29889000.0,13615000.0,8151000.0,0.1,0.1,0.1,1278386000.0,,1278386000.0,3243372297.0,20.0,13.416,71110000.0,1.048,1.0,27501000.0,0.151,17634000.0,5464000.0,2788068000.0,,62408000.0,80675000.0,0.0,80675000.0,994828000.0,118543000.0,876285000.0,2564647297.0,28939000.0,0.0,-10158000.0,0.0,-27065000.0,-42301000.0,52173000.0,0.0,19067000.0,0.0,6560000.0,6560000.0,6560000.0,0.0,0.0,0.036,7394000.0,20107000.0,72565000.0,4.0,2.006,22.332,21.472,1939286000.0,0.0,37.79,2.682,2.681,18009000.0,-312874000.0,181716000.0,181716000.0,0.0,,,,,1617000.0,16570000.0,1.0,67865766.0,67860000.0,67916000.0,2.678,2255580000.0,0.0,1591000.0,15956000.0,33.239,85286000.0
10,PCH,MRQ,2018-12-31,2018-12-31,2018-12-31,2021-08-25,-129431000.0,2325852000.0,,262198000.0,2063654000.0,,19.969,-20975000.0,76639000.0,76639000.0,192000000.0,1799000.0,1.924,0.769,755364000.0,39973000.0,715391000.0,755364000.0,0.0,19476000.0,0.0,0.162,0.4,8023000.0,27499000.0,0.127,27499000.0,8023000.0,-2079000.0,-0.03,-0.04,-0.03,1314779000.0,,1314779000.0,2631918974.0,15.0,10.508,9551000.0,0.145,1.0,25250000.0,0.116,17828000.0,10102000.0,2850465000.0,,60805000.0,79537000.0,0.0,79537000.0,1011073000.0,136284000.0,874789000.0,1985554974.0,-61802000.0,0.0,0.0,0.0,-71463000.0,-71471000.0,-20857000.0,0.0,30526000.0,0.0,1799000.0,1799000.0,1799000.0,0.0,0.0,0.008,15286000.0,9964000.0,60993000.0,-13.333,1.51,16.158,15.586,1945008000.0,0.0,31.64,2.037,1.965,21405000.0,-282391000.0,217250000.0,217250000.0,0.0,,,,,1688000.0,14412000.0,1.0,62754582.0,65841000.0,68630000.0,3.3,2308024000.0,0.0,-3878000.0,32009000.0,35.055,125914000.0
11,PCH,MRQ,2018-09-30,2018-09-30,2018-09-30,2021-08-25,-111156000.0,2413071000.0,,269416000.0,2143655000.0,,18.72,-12460000.0,137535000.0,137535000.0,195584000.0,60336000.0,0.874,1.047,783899000.0,0.0,783899000.0,783899000.0,0.0,19445000.0,0.0,0.126,3.94,75800000.0,95245000.0,0.329,95245000.0,75800000.0,65691000.0,0.96,0.93,0.96,1179069000.0,,1179069000.0,3227536789.0,16.0,12.042,40553000.0,0.644,1.0,93615000.0,0.324,19241000.0,10109000.0,2731848000.0,,73864000.0,76523000.0,0.0,76523000.0,1234002000.0,308346000.0,925656000.0,2569819789.0,15524000.0,0.0,0.0,0.0,-25102000.0,-25142000.0,-12347000.0,0.0,53013000.0,0.0,60336000.0,60336000.0,60336000.0,0.0,0.0,0.209,15873000.0,77742000.0,302258000.0,4.104,2.18,19.37,18.04,2024195000.0,0.0,40.95,2.756,2.766,39029000.0,-256280000.0,289199000.0,289199000.0,0.0,,,,,1629000.0,14901000.0,1.0,62755062.0,62986000.0,64722000.0,4.591,2393830000.0,0.0,5355000.0,38575000.0,38.006,-38930000.0
12,PCH,MRQ,2018-06-30,2018-06-30,2018-06-30,2021-08-25,-114450000.0,2397149000.0,,250450000.0,2146699000.0,,21.609,-12163000.0,125719000.0,125719000.0,180906000.0,46148000.0,3.213,0.761,783436000.0,0.0,783436000.0,783436000.0,0.0,21605000.0,0.0,0.031,0.4,67509000.0,89114000.0,0.332,89114000.0,67509000.0,58153000.0,0.73,0.73,0.73,1360926000.0,,1360926000.0,3871727326.0,22.0,17.198,48278000.0,0.767,1.0,87327000.0,0.326,19344000.0,9356000.0,2957582000.0,,63384000.0,75578000.0,0.0,75578000.0,1036223000.0,77940000.0,958283000.0,3191093326.0,23379000.0,0.0,0.0,0.0,-25101000.0,-25198000.0,-11864000.0,0.0,60441000.0,0.0,46148000.0,46148000.0,46148000.0,0.0,0.0,0.172,17910000.0,69417000.0,71852000.0,0.548,2.345,30.095,23.762,2031489000.0,0.0,50.85,3.827,3.841,43322000.0,-69426000.0,268233000.0,268233000.0,0.0,,,,,1610000.0,16892000.0,1.0,62755031.0,62980000.0,63316000.0,4.259,2377805000.0,0.0,12005000.0,27040000.0,37.755,172510000.0
13,PCH,MRQ,2018-03-31,2018-03-31,2018-03-31,2021-08-25,-117381000.0,2372353000.0,,214529000.0,2157824000.0,,26.484,-6492000.0,102340000.0,102340000.0,139155000.0,14597000.0,2.639,0.776,782974000.0,0.0,782974000.0,782974000.0,0.0,12635000.0,0.0,0.03,0.4,25974000.0,38609000.0,0.193,38609000.0,25974000.0,20314000.0,0.29,0.29,0.29,1335442000.0,,1335442000.0,2566716132.0,17.0,13.993,28422000.0,0.564,1.0,60742000.0,0.304,19000000.0,5660000.0,2952689000.0,,62153000.0,78454000.0,0.0,78454000.0,1036911000.0,81298000.0,955613000.0,2113854132.0,-18117000.0,3419000.0,0.0,-20250000.0,-25102000.0,-50190000.0,-2841000.0,0.0,34914000.0,0.0,14597000.0,14597000.0,14597000.0,0.0,0.0,0.073,32911000.0,27831000.0,75241000.0,1.379,1.583,25.126,26.025,2047517000.0,0.0,52.05,2.9,3.601,28212000.0,-90334000.0,199897000.0,199897000.0,0.0,,,,,3279000.0,13656000.0,1.0,40611991.0,50425000.0,50786000.0,3.964,2353353000.0,0.0,5717000.0,22927000.0,46.67,133231000.0
14,PCH,MRQ,2017-12-31,2017-12-31,2017-12-31,2021-08-25,-94851000.0,953079000.0,,193307000.0,759772000.0,,4.909,-6956000.0,120457000.0,120457000.0,120812000.0,11588000.0,2.584,3.753,573319000.0,14263000.0,559056000.0,573319000.0,0.0,8004000.0,0.0,0.031,0.4,37048000.0,45052000.0,0.257,45052000.0,37048000.0,29653000.0,0.29,0.28,0.29,200542000.0,,200542000.0,2489002164.0,17.0,14.188,26358000.0,0.645,1.0,54432000.0,0.311,0.0,7395000.0,1331143000.0,,50132000.0,0.0,0.0,0.0,752537000.0,74798000.0,677739000.0,2026482164.0,3654000.0,0.0,0.0,-6000000.0,-16245000.0,-22801000.0,-6859000.0,0.0,33314000.0,0.0,11588000.0,11588000.0,11588000.0,0.0,0.0,0.066,15788000.0,38644000.0,55201000.0,1.379,10.105,23.44,23.538,731705000.0,0.0,49.9,2.986,3.002,11240000.0,-104363000.0,175244000.0,175244000.0,0.0,,,,,1843000.0,12309000.0,1.0,40610865.0,40854000.0,41359000.0,4.29,953079000.0,19796000.0,18065000.0,0.0,23.329,118509000.0
15,PCH,MRQ,2017-09-30,2017-09-30,2017-09-30,2021-08-25,-107480000.0,970993000.0,,188345000.0,782648000.0,,4.683,-28192000.0,116803000.0,116803000.0,124727000.0,33700000.0,2.168,4.079,579323000.0,20304000.0,559019000.0,579323000.0,0.0,8565000.0,0.0,0.029,0.375,43793000.0,52358000.0,0.275,52358000.0,43793000.0,36457000.0,0.83,0.82,0.83,191190000.0,,191190000.0,2540032115.0,19.0,15.435,21770000.0,0.533,1.0,65714000.0,0.345,0.0,7336000.0,1346629000.0,,39261000.0,0.0,0.0,0.0,779803000.0,86884000.0,692919000.0,2071154115.0,6479000.0,0.0,0.0,0.0,-15229000.0,-15259000.0,-28224000.0,0.0,49962000.0,0.0,33700000.0,33700000.0,33700000.0,0.0,0.0,0.177,20325000.0,45389000.0,60741000.0,0.452,10.833,23.209,23.394,733684000.0,0.0,51.0,3.143,3.16,23461000.0,-99677000.0,190441000.0,190441000.0,0.0,,,,,1188000.0,13240000.0,1.0,40610865.0,40829000.0,41250000.0,4.664,970993000.0,40889000.0,2757000.0,0.0,23.782,101461000.0
16,PCH,MRQ,2017-06-30,2017-06-30,2017-06-30,2021-08-25,-108614000.0,946774000.0,,186380000.0,760394000.0,,4.172,-8582000.0,110324000.0,110324000.0,111356000.0,24244000.0,2.35,4.559,579202000.0,20349000.0,558853000.0,579202000.0,0.0,6641000.0,0.0,0.033,0.375,40773000.0,47414000.0,0.29,47414000.0,40773000.0,33425000.0,0.59,0.59,0.59,170329000.0,,170329000.0,2338088956.0,18.0,14.572,28852000.0,0.707,1.0,51873000.0,0.318,0.0,7348000.0,1336334000.0,,40124000.0,0.0,0.0,0.0,776445000.0,79318000.0,697127000.0,1855834956.0,8660000.0,0.0,0.0,-5000000.0,-15229000.0,-20220000.0,-8554000.0,0.0,37434000.0,0.0,24244000.0,24244000.0,24244000.0,0.0,0.0,0.149,9814000.0,42059000.0,53130000.0,0.636,10.896,22.31,22.512,713849000.0,0.0,45.7,2.888,2.903,23536000.0,-118120000.0,163229000.0,163229000.0,0.0,,,,,1191000.0,13079000.0,1.0,40609080.0,40823000.0,41219000.0,3.998,946774000.0,39445000.0,9181000.0,0.0,23.192,107062000.0
17,PCH,MRQ,2017-03-31,2017-03-31,2017-03-31,2021-08-25,-109411000.0,932671000.0,,172014000.0,760657000.0,,3.906,-6281000.0,101664000.0,101664000.0,112498000.0,16921000.0,2.28,4.856,583918000.0,25408000.0,558510000.0,583918000.0,0.0,6702000.0,0.0,0.033,0.375,23909000.0,30611000.0,0.205,30611000.0,23909000.0,18939000.0,0.41,0.41,0.41,159262000.0,,159262000.0,2354412182.0,43.0,27.163,35668000.0,0.875,1.0,37183000.0,0.248,0.0,4970000.0,1339469000.0,,45347000.0,0.0,0.0,0.0,773409000.0,75456000.0,697953000.0,1853008182.0,19080000.0,0.0,0.0,0.0,-15228000.0,-16486000.0,-6383000.0,0.0,41949000.0,0.0,16921000.0,16921000.0,16921000.0,0.0,0.0,0.113,11368000.0,25815000.0,44209000.0,0.915,11.635,66.891,68.209,711785000.0,0.0,45.7,2.984,3.001,16328000.0,-127109000.0,149681000.0,149681000.0,0.0,,,,,1157000.0,11368000.0,1.0,40547225.0,40778000.0,41071000.0,3.671,932671000.0,41550000.0,2018000.0,0.0,22.872,96558000.0
18,PCH,MRQ,2016-12-31,2016-12-31,2016-12-31,2021-08-25,-110744000.0,927681000.0,,163645000.0,764036000.0,,3.833,-4669000.0,82584000.0,82584000.0,115276000.0,14373000.0,2.701,4.936,583988000.0,11032000.0,572956000.0,583988000.0,0.0,8467000.0,0.0,0.036,0.375,25716000.0,34183000.0,0.22,34183000.0,25716000.0,18792000.0,0.35,0.35,0.35,156274000.0,,156274000.0,2240232899.0,63.0,32.121,23058000.0,0.566,1.0,40405000.0,0.26,0.0,6924000.0,1368504000.0,,52622000.0,0.0,0.0,0.0,771407000.0,60581000.0,710826000.0,1687596899.0,9729000.0,0.0,0.0,0.0,-15195000.0,-15227000.0,-2771000.0,0.0,27727000.0,0.0,14373000.0,14373000.0,14373000.0,0.0,0.0,0.092,5550000.0,34855000.0,43710000.0,1.071,10.799,154.288,154.259,714676000.0,0.0,41.65,2.817,2.836,14842000.0,-128775000.0,155681000.0,155681000.0,0.0,,,,,1100000.0,5550000.0,1.0,40518533.0,40771000.0,41711000.0,3.818,927681000.0,42051000.0,4419000.0,0.0,22.753,103064000.0
19,PCH,MRQ,2016-09-30,2016-09-30,2016-09-30,2021-08-25,-110532000.0,933125000.0,,160976000.0,772149000.0,,3.823,-5670000.0,32734000.0,32734000.0,122132000.0,27646000.0,2.521,4.991,585370000.0,5053000.0,580317000.0,585370000.0,0.0,9249000.0,0.0,0.039,0.375,38994000.0,48243000.0,0.277,48243000.0,38994000.0,31208000.0,0.68,0.68,0.68,155763000.0,,155763000.0,2136751748.0,109.0,38.593,23059000.0,0.566,1.0,51895000.0,0.298,0.0,7786000.0,1421897000.0,,41006000.0,40121000.0,40121000.0,0.0,777362000.0,63864000.0,713498000.0,1575765748.0,7477000.0,0.0,0.0,0.0,-15194000.0,-15998000.0,-5254000.0,0.0,28729000.0,0.0,27646000.0,27646000.0,27646000.0,0.0,0.0,0.159,12901000.0,38994000.0,52838000.0,0.551,10.116,13822.507,,721134000.0,0.0,38.89,2.71,2.725,37175000.0,-127926000.0,174027000.0,174027000.0,0.0,,,,,1114000.0,12901000.0,1.0,40518533.0,40740000.0,40933000.0,4.272,933125000.0,42393000.0,3562000.0,0.0,22.904,97112000.0
20,PCH,MRQ,2016-06-30,2016-06-30,2016-06-30,2021-08-25,-112122000.0,914145000.0,,135116000.0,779029000.0,,3.446,-7019000.0,25301000.0,25301000.0,113377000.0,-31238000.0,2.277,5.504,586287000.0,5082000.0,581205000.0,586287000.0,0.0,7869000.0,0.0,0.044,0.375,-34228000.0,-26359000.0,-0.186,-26359000.0,-34228000.0,-42434000.0,-0.77,-0.77,-0.77,140543000.0,,140543000.0,2007386188.0,239.0,42.354,9749000.0,0.239,1.0,28118000.0,0.199,0.0,8206000.0,1415786000.0,,30045000.0,40077000.0,40077000.0,0.0,773602000.0,59345000.0,714257000.0,1387466188.0,57554000.0,111460000.0,-5956000.0,-39764000.0,-15195000.0,-63648000.0,104434000.0,0.0,16768000.0,0.0,-31238000.0,-31238000.0,-31238000.0,0.0,0.0,-0.221,13824000.0,14294000.0,48290000.0,-0.487,9.872,-241.972,-227.333,718372000.0,0.0,34.1,2.385,2.39,22531000.0,-140351000.0,141495000.0,141495000.0,0.0,,,,,1222000.0,13824000.0,1.0,40688158.0,40784000.0,40784000.0,3.469,914145000.0,51569000.0,-11196000.0,0.0,22.414,75771000.0
21,PCH,MRQ,2016-03-31,2016-03-31,2016-03-31,2021-08-25,-113292000.0,1001355000.0,,61668000.0,939687000.0,,4.66,-3174000.0,7789000.0,7789000.0,109815000.0,157000.0,1.22,4.257,627709000.0,0.0,627709000.0,627709000.0,0.0,8605000.0,0.0,0.048,0.375,5072000.0,13677000.0,0.107,13677000.0,5072000.0,-953000.0,0.0,0.0,0.0,190476000.0,,190476000.0,1907437460.0,38.0,21.637,25719000.0,0.629,1.0,18081000.0,0.141,0.0,6025000.0,1570722000.0,,25028000.0,35000.0,35000.0,0.0,810879000.0,50553000.0,760326000.0,1281442460.0,-101000.0,0.0,0.0,-10336000.0,-15258000.0,-25936000.0,-3058000.0,0.0,28893000.0,0.0,157000.0,157000.0,157000.0,0.0,0.0,0.001,13009000.0,5072000.0,44580000.0,,6.728,48.882,49.219,884916000.0,0.0,31.5,2.252,2.262,14710000.0,-88108000.0,127896000.0,127896000.0,0.0,,,,,954000.0,13009000.0,1.0,40680713.0,40875000.0,40960000.0,3.129,1001355000.0,46645000.0,-1110000.0,0.0,24.498,11115000.0
22,PCH,MRQ,2015-12-31,2015-12-31,2015-12-31,2021-08-25,-114503000.0,1016612000.0,,70753000.0,945859000.0,,4.984,-6247000.0,7925000.0,7925000.0,116752000.0,3549000.0,0.877,3.99,633881000.0,35007000.0,598874000.0,633881000.0,0.0,9951000.0,0.0,0.05,0.375,9855000.0,19806000.0,0.144,19806000.0,9855000.0,1514000.0,0.09,0.08,0.09,203736000.0,,203736000.0,1858959201.0,32.0,19.162,12619000.0,0.309,1.0,21237000.0,0.154,0.0,8341000.0,1561848000.0,,35162000.0,0.0,0.0,0.0,812876000.0,80720000.0,732156000.0,1230090201.0,-12754000.0,0.0,0.0,8940000.0,-15256000.0,-7774000.0,-23846000.0,-19333000.0,18866000.0,0.0,3549000.0,3549000.0,3549000.0,0.0,0.0,0.026,11382000.0,9855000.0,39740000.0,4.167,6.038,38.787,38.769,891884000.0,0.0,30.24,2.138,2.147,13420000.0,-72983000.0,137989000.0,137989000.0,0.0,,,,,1169000.0,11382000.0,1.0,40677586.0,40875000.0,41051000.0,3.376,1016612000.0,46600000.0,-2035000.0,0.0,24.871,-9967000.0
23,PCH,MRQ,2015-09-30,2015-09-30,2015-09-30,2021-08-25,-113233000.0,1039575000.0,,94292000.0,945283000.0,,5.265,-18463000.0,1306000.0,1306000.0,136072000.0,21798000.0,1.006,3.834,630175000.0,27500000.0,602675000.0,630175000.0,0.0,12557000.0,0.0,0.052,0.375,27714000.0,40271000.0,0.231,40271000.0,27714000.0,19379000.0,0.53,0.53,0.53,215039000.0,,215039000.0,1806176925.0,24.0,16.238,20029000.0,0.49,1.0,38403000.0,0.22,0.0,8335000.0,1574711000.0,,40379000.0,40000.0,40000.0,0.0,824536000.0,93733000.0,730803000.0,1170700925.0,-7477000.0,0.0,0.0,-14194000.0,-15254000.0,-29508000.0,-16461000.0,1791000.0,38492000.0,0.0,21798000.0,21798000.0,21798000.0,0.0,0.0,0.125,10689000.0,27714000.0,66233000.0,0.708,5.444,24.238,24.185,897069000.0,0.0,28.78,2.006,2.014,29645000.0,-61253000.0,174475000.0,174475000.0,0.0,,,,,1330000.0,10689000.0,1.0,40677586.0,40846000.0,40985000.0,4.272,1039575000.0,42883000.0,-2419000.0,0.0,25.451,559000.0
24,PCH,MRQ,2015-06-30,2015-06-30,2015-06-30,2021-08-25,-115045000.0,1040252000.0,,90296000.0,949956000.0,,5.026,-10708000.0,8783000.0,8783000.0,109441000.0,711000.0,0.868,4.067,644259000.0,42500000.0,601759000.0,644259000.0,0.0,7093000.0,0.0,0.042,0.375,7311000.0,14404000.0,0.112,14404000.0,7311000.0,-705000.0,0.02,0.02,0.02,205292000.0,,205292000.0,2057213062.0,22.0,16.57,-18489000.0,-0.453,1.0,19306000.0,0.15,0.0,8016000.0,1571697000.0,,41124000.0,1831000.0,1831000.0,0.0,834960000.0,104031000.0,730929000.0,1436709062.0,-361000.0,0.0,0.0,16305000.0,-15254000.0,950000.0,6470000.0,17054000.0,-7781000.0,0.0,711000.0,711000.0,711000.0,0.0,0.0,0.006,11995000.0,7311000.0,61531000.0,18.75,6.998,24.083,24.027,898353000.0,0.0,35.32,2.45,2.46,18055000.0,-67774000.0,128747000.0,128747000.0,0.0,,,,,1123000.0,11995000.0,1.0,40676927.0,40843000.0,40963000.0,3.152,1040252000.0,42962000.0,-1416000.0,0.0,25.47,-13735000.0
25,PCH,MRQ,2015-03-31,2015-03-31,2015-03-31,2021-08-25,-116691000.0,1031146000.0,,89335000.0,941811000.0,,5.318,-7544000.0,9144000.0,9144000.0,107772000.0,5656000.0,1.096,3.752,629648000.0,27498000.0,602150000.0,629648000.0,0.0,8504000.0,0.0,0.036,0.375,14027000.0,22531000.0,0.168,22531000.0,14027000.0,5958000.0,0.14,0.14,0.14,216991000.0,,216991000.0,2250530367.0,20.0,15.588,16893000.0,0.414,1.0,26353000.0,0.196,0.0,8069000.0,1570120000.0,,27518000.0,18885000.0,18885000.0,0.0,814155000.0,81530000.0,732625000.0,1625831367.0,4500000.0,0.0,0.0,-3551000.0,-15253000.0,-20185000.0,248000.0,7483000.0,24437000.0,0.0,5656000.0,5656000.0,5656000.0,0.0,0.0,0.042,12326000.0,14027000.0,54032000.0,2.679,7.493,21.615,21.643,894129000.0,0.0,40.04,2.703,2.716,13065000.0,-53208000.0,134125000.0,134125000.0,0.0,,,,,1136000.0,12326000.0,1.0,40605179.0,40802000.0,40885000.0,3.287,1031146000.0,43244000.0,302000.0,0.0,25.272,7805000.0
26,PCH,MRQ,2014-12-31,2014-12-31,2014-12-31,2021-08-25,-118392000.0,1031746000.0,,92492000.0,939254000.0,,5.517,-393027000.0,4644000.0,4644000.0,107773000.0,20136000.0,1.281,3.584,625668000.0,22870000.0,602798000.0,625668000.0,0.0,7423000.0,0.0,0.034,0.375,26603000.0,34026000.0,0.233,34026000.0,26603000.0,20169000.0,0.5,0.49,0.5,225066000.0,,225066000.0,2011215741.0,15.0,12.629,-369319000.0,-9.053,1.0,38464000.0,0.263,0.0,6434000.0,1580576000.0,,31490000.0,26368000.0,26368000.0,0.0,806680000.0,72194000.0,734486000.0,1699765741.0,-27728000.0,0.0,0.0,312919000.0,-15227000.0,298020000.0,-349456000.0,14603000.0,23708000.0,0.0,20136000.0,20136000.0,20136000.0,0.0,0.0,0.138,11861000.0,26603000.0,43064000.0,0.75,7.552,18.905,18.946,894169000.0,0.0,41.87,2.801,2.811,9928000.0,-43588000.0,146237000.0,146237000.0,0.0,,,,,1079000.0,11861000.0,1.0,40596268.0,40797000.0,40993000.0,3.585,1031746000.0,43396000.0,33000.0,0.0,25.29,20298000.0
27,PCH,MRQ,2014-09-30,2014-09-30,2014-09-30,2021-08-25,0.0,711178000.0,,144127000.0,567051000.0,,6.032,-7762000.0,8299000.0,8299000.0,121574000.0,33154000.0,2.403,1.894,319749000.0,0.0,319749000.0,319749000.0,0.0,8324000.0,0.0,0.035,0.35,44869000.0,53193000.0,0.3,53193000.0,44869000.0,39363000.0,0.81,0.81,0.81,245764000.0,,245764000.0,1942931797.0,15.0,12.718,31470000.0,0.772,1.0,55641000.0,0.314,0.0,5506000.0,962651000.0,,30728000.0,94438000.0,65044000.0,29394000.0,465414000.0,59977000.0,405437000.0,1632180797.0,-953000.0,0.0,0.0,-1495000.0,-14208000.0,-16611000.0,-23574000.0,8872000.0,39232000.0,0.0,33154000.0,33154000.0,33154000.0,0.0,0.0,0.187,10772000.0,44869000.0,59977000.0,0.432,6.641,19.548,19.615,513211000.0,0.0,40.21,2.717,2.728,23563000.0,,177215000.0,177215000.0,0.0,,,,,1026000.0,10772000.0,1.0,40591415.0,40745000.0,40889000.0,4.349,711178000.0,23107000.0,6209000.0,0.0,17.454,84150000.0
28,PCH,MRQ,2014-06-30,2014-06-30,2014-06-30,2021-08-25,0.0,689625000.0,,145176000.0,544449000.0,,5.506,-8758000.0,9252000.0,9252000.0,101849000.0,16270000.0,2.643,2.074,320003000.0,0.0,320003000.0,320003000.0,0.0,4898000.0,0.0,0.033,0.35,29725000.0,34623000.0,0.241,34623000.0,29725000.0,24216000.0,0.4,0.4,0.4,224336000.0,,224336000.0,1991103117.0,18.0,14.374,19690000.0,0.483,1.0,42070000.0,0.292,0.0,5509000.0,945439000.0,,26071000.0,73916000.0,73916000.0,0.0,465289000.0,54937000.0,410352000.0,1680453117.0,-112000.0,0.0,0.0,1212000.0,-14207000.0,-13062000.0,-15498000.0,-6966000.0,28448000.0,0.0,16270000.0,16270000.0,16270000.0,0.0,0.0,0.113,12345000.0,29725000.0,54937000.0,0.875,7.491,23.168,23.128,515165000.0,0.0,41.4,2.891,2.901,20629000.0,,143919000.0,143919000.0,0.0,,,,,1124000.0,12345000.0,1.0,40590655.0,40741000.0,40850000.0,3.533,689625000.0,24452000.0,7946000.0,0.0,16.927,90239000.0
29,PCH,MRQ,2014-03-31,2014-03-31,2014-03-31,2021-08-25,0.0,683880000.0,,139101000.0,544779000.0,,5.209,-3637000.0,9364000.0,9364000.0,98593000.0,20350000.0,2.812,2.237,320014000.0,0.0,320014000.0,320014000.0,0.0,6104000.0,0.0,0.034,0.35,31309000.0,37413000.0,0.268,37413000.0,31309000.0,25849000.0,0.5,0.5,0.5,211298000.0,,211298000.0,1882877849.0,17.0,13.595,36347000.0,0.896,1.0,40986000.0,0.294,0.0,5460000.0,945068000.0,,34231000.0,66950000.0,66950000.0,0.0,472582000.0,49462000.0,423120000.0,1568371849.0,3778000.0,0.0,0.0,-2636000.0,-14206000.0,-17978000.0,-18228000.0,-14699000.0,39984000.0,0.0,20350000.0,20350000.0,20350000.0,0.0,0.0,0.146,9677000.0,31309000.0,49462000.0,0.7,7.423,20.789,20.801,511180000.0,0.0,38.69,2.749,2.75,12593000.0,,139579000.0,139579000.0,0.0,,,,,908000.0,9677000.0,1.0,40536879.0,40561000.0,40682000.0,3.441,683880000.0,28557000.0,5499000.0,0.0,16.861,89639000.0
30,PCH,MRQ,2013-12-31,2013-12-31,2013-12-31,2021-08-25,-98720000.0,680530000.0,,130369000.0,550161000.0,,5.037,-6718000.0,5586000.0,5586000.0,106070000.0,13721000.0,2.591,2.334,320092000.0,0.0,320092000.0,320092000.0,0.0,6891000.0,0.0,0.031,0.35,20645000.0,27536000.0,0.197,27536000.0,20645000.0,15072000.0,0.34,0.33,0.34,204148000.0,,204148000.0,2006015467.0,19.0,14.908,8467000.0,0.209,1.0,33885000.0,0.242,0.0,5573000.0,944718000.0,,36275000.0,52251000.0,52251000.0,0.0,476382000.0,50318000.0,426064000.0,1691779467.0,-408000.0,0.0,106000.0,-974000.0,-14188000.0,-15153000.0,-440000.0,4554000.0,15185000.0,0.0,13721000.0,13721000.0,13721000.0,0.0,0.0,0.098,13240000.0,20645000.0,43617000.0,1.029,8.287,23.969,23.989,515847000.0,0.0,41.74,2.967,2.967,16572000.0,-75556000.0,139955000.0,139955000.0,0.0,,,,,1106000.0,13240000.0,1.0,40531372.0,40531372.0,,3.453,680530000.0,29300000.0,1351000.0,0.0,16.79,80051000.0
31,PCH,MRQ,2013-09-30,2013-09-30,2013-09-30,2021-08-25,0.0,708989000.0,,134872000.0,574117000.0,,4.138,-6460000.0,5994000.0,5994000.0,112499000.0,22191000.0,2.276,3.228,320230000.0,0.0,320230000.0,320230000.0,0.0,8046000.0,0.0,0.031,0.31,30904000.0,38950000.0,0.247,38950000.0,30904000.0,25348000.0,0.55,0.54,0.55,167707000.0,,167707000.0,1921927426.0,17.0,13.672,27092000.0,0.668,1.0,45370000.0,0.287,0.0,5556000.0,963969000.0,,35381000.0,56805000.0,56805000.0,0.0,541282000.0,59256000.0,482026000.0,1608202426.0,-412000.0,0.0,0.0,-1704000.0,-12565000.0,-14497000.0,-19467000.0,-12760000.0,33552000.0,0.0,22191000.0,22191000.0,22191000.0,0.0,0.0,0.141,14466000.0,30904000.0,59256000.0,0.564,9.589,22.739,22.674,520244000.0,0.0,39.68,2.804,2.804,18671000.0,,157869000.0,157869000.0,0.0,,,,,1170000.0,13444000.0,1.0,40529295.0,40530000.0,40720000.0,3.895,708989000.0,51514000.0,3157000.0,0.0,17.493,75616000.0
32,PCH,MRQ,2013-06-30,2013-06-30,2013-06-30,2021-08-25,0.0,697105000.0,,120257000.0,576848000.0,,3.821,-5843000.0,6406000.0,6406000.0,91904000.0,19182000.0,2.053,3.503,320131000.0,0.0,320131000.0,320131000.0,0.0,5158000.0,0.0,0.031,0.31,29441000.0,34599000.0,0.26,34599000.0,29441000.0,23774000.0,0.47,0.47,0.47,154801000.0,,154801000.0,1962887086.0,18.0,14.154,7738000.0,0.191,1.0,41308000.0,0.31,0.0,5667000.0,952258000.0,,31707000.0,44045000.0,44045000.0,0.0,542304000.0,58572000.0,483732000.0,1637405086.0,2127000.0,0.0,1131000.0,-5260000.0,-12563000.0,-16723000.0,5269000.0,11393000.0,13581000.0,0.0,19182000.0,19182000.0,19182000.0,0.0,0.0,0.144,11867000.0,29441000.0,58572000.0,0.66,10.577,24.391,24.361,522446000.0,0.0,40.44,2.884,2.886,19471000.0,,133212000.0,133212000.0,0.0,,,,,1029000.0,10117000.0,1.0,40489740.0,40509000.0,40694000.0,3.288,697105000.0,51367000.0,4592000.0,0.0,17.209,61685000.0
33,PCH,MRQ,2013-03-31,2013-03-31,2013-03-31,2021-08-25,0.0,700235000.0,,122926000.0,577309000.0,,3.556,-4632000.0,4279000.0,4279000.0,98299000.0,15487000.0,1.807,3.869,329761000.0,9013000.0,320748000.0,329761000.0,0.0,6867000.0,0.0,0.027,0.31,26608000.0,33475000.0,0.24,33475000.0,26608000.0,20272000.0,0.38,0.38,0.38,143808000.0,,143808000.0,2193225532.0,22.0,17.357,23302000.0,0.576,1.0,40954000.0,0.294,0.0,6336000.0,957697000.0,,28757000.0,55438000.0,55438000.0,0.0,556427000.0,68020000.0,488407000.0,1852634532.0,-12706000.0,0.0,667000.0,-29680000.0,-12552000.0,-43274000.0,2634000.0,7639000.0,27934000.0,0.0,15487000.0,15487000.0,15487000.0,0.0,0.0,0.111,14346000.0,26608000.0,59007000.0,0.816,12.883,34.936,34.742,521078000.0,0.0,45.86,3.356,3.359,16006000.0,,139253000.0,139253000.0,0.0,,,,,1072000.0,13596000.0,1.0,40397613.0,40436000.0,40613000.0,3.444,700235000.0,52209000.0,4785000.0,0.0,17.317,54906000.0
34,PCH,MRQ,2012-12-31,2012-12-31,2012-12-31,2021-08-25,-140898000.0,718897000.0,,138097000.0,580800000.0,,3.434,-17319000.0,16985000.0,16985000.0,103304000.0,13864000.0,2.172,4.185,357576000.0,8413000.0,349163000.0,357576000.0,0.0,6976000.0,0.0,0.032,0.31,26570000.0,33546000.0,0.234,33546000.0,26570000.0,20074000.0,0.35,0.34,0.35,138643000.0,,138643000.0,1917272662.0,23.0,17.243,19629000.0,0.486,1.0,39995000.0,0.279,0.0,6496000.0,995901000.0,,28928000.0,63077000.0,63077000.0,0.0,580254000.0,63587000.0,516667000.0,1580584662.0,7952000.0,0.0,366000.0,12462000.0,-12521000.0,-2124000.0,-26872000.0,-9648000.0,36948000.0,0.0,13864000.0,13864000.0,13864000.0,0.0,0.0,0.097,13425000.0,26570000.0,48286000.0,0.886,11.4,37.108,36.933,522517000.0,0.0,39.149,3.01,3.01,10668000.0,-94196000.0,143299000.0,143299000.0,0.0,,,,,1010000.0,13425000.0,1.0,40373461.0,40373461.0,,3.549,718897000.0,53799000.0,6210000.0,0.0,17.806,74510000.0
35,PCH,MRQ,2012-09-30,2012-09-30,2012-09-30,2021-08-25,0.0,708716000.0,,138769000.0,569947000.0,,3.466,-5149000.0,9033000.0,9033000.0,109806000.0,18599000.0,1.839,4.066,345721000.0,8413000.0,337308000.0,345721000.0,0.0,8302000.0,0.0,0.033,0.31,28763000.0,37065000.0,0.244,37065000.0,28763000.0,22483000.0,0.46,0.46,0.46,139885000.0,,139885000.0,1844298853.0,31.0,21.524,25524000.0,0.632,1.0,42105000.0,0.277,0.0,6280000.0,969945000.0,,29431000.0,53429000.0,53429000.0,0.0,568831000.0,75459000.0,493372000.0,1507486853.0,485000.0,0.0,646000.0,-1048000.0,-12514000.0,-12729000.0,-17459000.0,-11783000.0,30673000.0,0.0,18599000.0,18599000.0,18599000.0,0.0,0.0,0.122,13342000.0,28763000.0,67046000.0,0.674,10.777,55.317,54.956,513508000.0,0.0,37.37,3.065,3.067,24532000.0,,151911000.0,151911000.0,0.0,,,,,1059000.0,13342000.0,1.0,40339493.0,40357000.0,40571000.0,3.764,708716000.0,56450000.0,3884000.0,0.0,17.561,63310000.0
36,PCH,MRQ,2012-06-30,2012-06-30,2012-06-30,2021-08-25,0.0,691605000.0,,114179000.0,577426000.0,,3.237,-3593000.0,8548000.0,8548000.0,88688000.0,5080000.0,1.902,4.297,345360000.0,13000.0,345347000.0,345360000.0,0.0,5181000.0,0.0,0.045,0.31,17090000.0,22271000.0,0.189,22271000.0,17090000.0,10813000.0,0.13,0.13,0.13,130570000.0,,130570000.0,1626278055.0,24.0,17.455,7095000.0,0.176,1.0,28852000.0,0.245,0.0,6277000.0,968382000.0,,22848000.0,41646000.0,41646000.0,0.0,561035000.0,60035000.0,501000000.0,1288213055.0,-3329000.0,0.0,0.0,-2962000.0,-12503000.0,-15489000.0,1472000.0,5509000.0,10688000.0,0.0,5080000.0,5080000.0,5080000.0,0.0,0.0,0.043,11762000.0,17090000.0,60022000.0,2.385,9.866,37.61,37.14,516465000.0,0.0,31.94,2.614,2.614,18207000.0,,117540000.0,117540000.0,0.0,,,,,1051000.0,11762000.0,1.0,40332281.0,40332000.0,40459000.0,2.914,691605000.0,61302000.0,5733000.0,0.0,17.148,54144000.0
37,PCH,MRQ,2012-03-31,2012-03-31,2012-03-31,2021-08-25,0.0,701034000.0,,115897000.0,585137000.0,,3.367,-3127000.0,11877000.0,11877000.0,88975000.0,5051000.0,1.859,4.171,349942000.0,5162000.0,344780000.0,349942000.0,0.0,5788000.0,0.0,0.052,0.31,12519000.0,18307000.0,0.163,18307000.0,12519000.0,6033000.0,0.13,0.13,0.13,135568000.0,,135568000.0,1618520008.0,24.0,17.252,-1455000.0,-0.036,1.0,23409000.0,0.208,0.0,6486000.0,976770000.0,,21915000.0,47155000.0,47155000.0,0.0,565466000.0,62329000.0,503137000.0,1259936008.0,4058000.0,0.0,63000.0,-17652000.0,-12503000.0,-31826000.0,34212000.0,15834000.0,1672000.0,0.0,5051000.0,5051000.0,5051000.0,0.0,0.0,0.045,10890000.0,12519000.0,57167000.0,2.385,9.294,33.49,33.34,518402000.0,0.0,31.34,2.584,2.588,13058000.0,,112384000.0,112384000.0,0.0,,,,,947000.0,10890000.0,1.0,40202170.0,40261000.0,40365000.0,2.791,701034000.0,67905000.0,982000.0,0.0,17.412,53568000.0
38,PCH,MRQ,2011-12-31,2011-12-31,2011-12-31,2021-08-25,-140882000.0,746220000.0,,134851000.0,611369000.0,,3.537,-4993000.0,7819000.0,7819000.0,94779000.0,-1478000.0,1.738,4.25,366403000.0,21661000.0,344742000.0,366403000.0,0.0,6176000.0,0.0,0.059,0.31,1868000.0,8044000.0,0.073,8044000.0,1868000.0,-4838000.0,-0.04,-0.03,-0.04,142138000.0,,142138000.0,1610350232.0,22.0,15.892,326000.0,0.008,1.0,15148000.0,0.138,0.0,6706000.0,1027195000.0,,28603000.0,62989000.0,62989000.0,0.0,604082000.0,77609000.0,526473000.0,1250230232.0,1602000.0,0.0,200000.0,1534000.0,-12463000.0,-11118000.0,7401000.0,11701000.0,5319000.0,0.0,-1478000.0,-1478000.0,-1478000.0,0.0,0.0,-0.013,13280000.0,1868000.0,47776000.0,-7.75,8.796,31.049,31.11,521140000.0,0.0,31.11,2.513,2.513,13533000.0,-86388000.0,109927000.0,109927000.0,0.0,,,,,1260000.0,12080000.0,1.0,40187407.0,40187407.0,,2.735,746220000.0,69833000.0,-3360000.0,0.0,18.569,57242000.0
39,PCH,MRQ,2011-09-30,2011-09-30,2011-09-30,2021-08-25,0.0,752609000.0,,158491000.0,594118000.0,,4.734,-4923000.0,6217000.0,6217000.0,108420000.0,25599000.0,1.846,2.956,366337000.0,21661000.0,344676000.0,366337000.0,0.0,9092000.0,0.0,0.065,0.51,35454000.0,44546000.0,0.291,44546000.0,35454000.0,28822000.0,0.64,0.63,0.64,190248000.0,,190248000.0,1623703069.0,20.0,14.319,29012000.0,0.722,1.0,44471000.0,0.291,0.0,6632000.0,1026874000.0,,26369000.0,74690000.0,74690000.0,0.0,562361000.0,85855000.0,476506000.0,1266707069.0,-1151000.0,0.0,0.0,-2027000.0,-20495000.0,-22519000.0,-12567000.0,-6932000.0,33935000.0,0.0,25599000.0,25599000.0,25599000.0,0.0,0.0,0.167,9017000.0,35454000.0,64194000.0,0.797,6.658,24.779,24.819,525110000.0,0.0,31.52,2.374,2.374,26880000.0,,152891000.0,152891000.0,0.0,,,,,1097000.0,7837000.0,1.0,40187407.0,40187000.0,40380000.0,3.804,752609000.0,39784000.0,3223000.0,0.0,18.728,72636000.0
40,PCH,MRQ,2011-06-30,2011-06-30,2011-06-30,2021-08-25,0.0,741404000.0,,138682000.0,602722000.0,,4.558,-3951000.0,7368000.0,7368000.0,85906000.0,8449000.0,1.718,3.048,364364000.0,21660000.0,342704000.0,364364000.0,0.0,5158000.0,0.0,0.058,0.51,17760000.0,22918000.0,0.204,22918000.0,17760000.0,11148000.0,0.21,0.21,0.21,183131000.0,,183131000.0,1772340693.0,24.0,16.9,13999000.0,0.348,1.0,26464000.0,0.236,0.0,6612000.0,1017665000.0,,21469000.0,67758000.0,67758000.0,0.0,558273000.0,80735000.0,477538000.0,1415791693.0,779000.0,0.0,1045000.0,658000.0,-20495000.0,-18757000.0,1586000.0,6427000.0,17950000.0,0.0,8449000.0,8449000.0,8449000.0,0.0,0.0,0.075,8704000.0,17760000.0,59075000.0,2.429,7.731,32.472,32.657,531983000.0,0.0,35.27,2.624,2.626,19874000.0,,112370000.0,112370000.0,0.0,,,,,1097000.0,8704000.0,1.0,40141528.0,40174000.0,40378000.0,2.797,741404000.0,43595000.0,2699000.0,0.0,18.455,57947000.0
41,PCH,MRQ,2011-03-31,2011-03-31,2011-03-31,2021-08-25,0.0,757414000.0,,144859000.0,612555000.0,,4.796,-3019000.0,6589000.0,6589000.0,93148000.0,7696000.0,1.834,2.941,363138000.0,16511000.0,346627000.0,363138000.0,0.0,8666000.0,0.0,0.051,0.51,17158000.0,25824000.0,0.211,25824000.0,17158000.0,9279000.0,0.19,0.19,0.19,192195000.0,,192195000.0,1972236916.0,25.0,17.709,17202000.0,0.429,1.0,29085000.0,0.238,0.0,7879000.0,1034968000.0,,21841000.0,74185000.0,74185000.0,0.0,565219000.0,78995000.0,486224000.0,1609333916.0,996000.0,0.0,185000.0,-5019000.0,-20468000.0,-27308000.0,8083000.0,11064000.0,20221000.0,0.0,7696000.0,7696000.0,7696000.0,0.0,0.0,0.063,11927000.0,17158000.0,62484000.0,2.684,8.373,34.318,34.655,538708000.0,0.0,40.2,2.893,2.896,20507000.0,,122233000.0,122233000.0,0.0,,,,,950000.0,11927000.0,1.0,40033182.0,40078000.0,40293000.0,3.05,757414000.0,46828000.0,1583000.0,0.0,18.898,65864000.0
42,PCH,MRQ,2010-12-31,2010-12-31,2010-12-31,2021-08-25,-113755000.0,781711000.0,,161794000.0,619917000.0,,5.11,-4378000.0,5593000.0,5593000.0,118359000.0,9376000.0,2.45,2.824,368496000.0,5011000.0,363485000.0,368496000.0,0.0,7347000.0,0.0,0.063,0.51,12757000.0,20104000.0,0.138,20104000.0,12757000.0,6012000.0,0.23,0.23,0.23,204439000.0,,204439000.0,1666945259.0,23.0,16.032,37727000.0,0.943,1.0,27815000.0,0.19,0.0,6745000.0,1078582000.0,,24375000.0,85249000.0,85249000.0,0.0,577272000.0,66032000.0,511240000.0,1302212259.0,211000.0,0.0,492000.0,-1601000.0,-20417000.0,-21665000.0,-24098000.0,-19583000.0,42105000.0,0.0,9376000.0,9376000.0,9376000.0,-477000.0,0.0,0.064,15535000.0,12280000.0,51504000.0,2.217,6.37,32.238,32.228,539523000.0,0.0,32.55,2.414,2.414,21278000.0,-52733000.0,146174000.0,146174000.0,0.0,,,,,1108000.0,11439000.0,1.0,40006521.0,40006521.0,,3.654,781711000.0,62400000.0,-3364000.0,0.0,19.54,95762000.0
43,PCH,MRQ,2010-09-30,2010-09-30,2010-09-30,2021-08-25,0.0,806135000.0,,169945000.0,636190000.0,,5.204,-4767000.0,5382000.0,5382000.0,122205000.0,18080000.0,2.304,2.873,370115000.0,5011000.0,365104000.0,370115000.0,0.0,9499000.0,0.0,0.06,0.51,26526000.0,36025000.0,0.227,36025000.0,26526000.0,19668000.0,0.45,0.45,0.45,208162000.0,,208162000.0,1722281282.0,26.0,17.752,46850000.0,1.171,1.0,36672000.0,0.231,0.0,6858000.0,1097115000.0,,25675000.0,65666000.0,65666000.0,0.0,597973000.0,73753000.0,524220000.0,1359550282.0,-276000.0,0.0,232000.0,5065000.0,-20402000.0,-15210000.0,-36410000.0,-31061000.0,51617000.0,0.0,18080000.0,18080000.0,18080000.0,84000.0,0.0,0.114,10062000.0,26610000.0,68742000.0,1.133,6.531,40.08,40.476,547615000.0,0.0,34.0,2.734,2.734,27820000.0,,158877000.0,158877000.0,0.0,,,,,980000.0,10062000.0,1.0,39986773.0,40000000.0,40234000.0,3.972,806135000.0,58869000.0,1588000.0,0.0,20.153,96192000.0
44,PCH,MRQ,2010-06-30,2010-06-30,2010-06-30,2021-08-25,0.0,796121000.0,,155800000.0,640321000.0,,5.222,-1927000.0,5658000.0,5658000.0,97295000.0,11743000.0,2.512,2.814,368389000.0,5011000.0,363378000.0,368389000.0,0.0,7220000.0,0.0,0.057,0.51,22197000.0,29417000.0,0.228,29417000.0,22197000.0,15108000.0,0.29,0.29,0.29,208724000.0,,208724000.0,1793660338.0,21.0,14.825,18521000.0,0.463,1.0,31683000.0,0.246,0.0,7089000.0,1096832000.0,,20887000.0,34606000.0,34606000.0,0.0,587397000.0,62020000.0,525377000.0,1427533338.0,3281000.0,0.0,594000.0,-552000.0,-20393000.0,-20388000.0,3354000.0,5740000.0,20448000.0,0.0,11743000.0,11743000.0,11743000.0,85000.0,0.0,0.091,9401000.0,22282000.0,57009000.0,1.759,6.839,23.144,23.201,551658000.0,0.0,35.73,2.843,2.844,28044000.0,,128978000.0,128978000.0,0.0,,,,,1864000.0,9401000.0,1.0,39953354.0,39972000.0,40211000.0,3.227,796121000.0,60930000.0,3365000.0,0.0,19.917,93780000.0
45,PCH,MRQ,2010-03-31,2010-03-31,2010-03-31,2021-08-25,0.0,809437000.0,,110435000.0,699002000.0,,5.438,-854000.0,2377000.0,2377000.0,85494000.0,1195000.0,1.697,2.732,368504000.0,5011000.0,363493000.0,368504000.0,0.0,7138000.0,0.0,0.058,0.51,11290000.0,18428000.0,0.175,18428000.0,11290000.0,4202000.0,0.03,0.03,0.03,216901000.0,,216901000.0,1762608426.0,28.0,18.139,11091000.0,0.278,1.0,19924000.0,0.189,0.0,7088000.0,1110490000.0,,29937000.0,40345000.0,40345000.0,0.0,592536000.0,65074000.0,527462000.0,1395709426.0,845000.0,0.0,838000.0,-745000.0,-20366000.0,-22317000.0,11678000.0,13161000.0,11945000.0,0.0,1195000.0,1195000.0,1195000.0,189000.0,0.0,0.011,8445000.0,11479000.0,60063000.0,17.0,6.435,25.989,26.149,604345000.0,0.0,35.04,3.088,3.092,22497000.0,,105418000.0,105418000.0,0.0,,,,,0.0,8445000.0,1.0,39831890.0,39887000.0,40100000.0,2.643,809437000.0,66549000.0,3007000.0,0.0,20.293,45361000.0
46,PCH,MRQ,2009-12-31,2009-12-31,2009-12-31,2021-08-25,-127477000.0,823565000.0,,121698000.0,701867000.0,,5.778,-1978000.0,1532000.0,1532000.0,82338000.0,2903000.0,2.081,2.584,368431000.0,11000.0,368420000.0,368431000.0,0.0,7809000.0,0.0,0.064,0.51,5342000.0,13151000.0,0.126,13151000.0,5342000.0,-1808000.0,0.07,0.06,0.07,229790000.0,,229790000.0,1553749400.0,19.0,13.244,10398000.0,0.261,1.0,21740000.0,0.209,0.0,7150000.0,1131991000.0,,24493000.0,53506000.0,53506000.0,0.0,593775000.0,58473000.0,535302000.0,1267933400.0,144000.0,0.0,1345000.0,74694000.0,-20311000.0,51425000.0,-55788000.0,-53204000.0,12376000.0,0.0,2903000.0,2903000.0,2903000.0,43000.0,0.0,0.028,16355000.0,5385000.0,44501000.0,7.286,5.518,16.397,16.433,609012000.0,0.0,31.88,2.663,2.663,18161000.0,-11549000.0,104078000.0,104078000.0,0.0,,,,,3829000.0,12622000.0,1.0,39772064.0,39772064.0,,2.617,823565000.0,73745000.0,-4711000.0,0.0,20.707,63225000.0
47,PCH,MRQ,2009-09-30,2009-09-30,2009-09-30,2021-08-25,0.0,900812000.0,,176701000.0,724111000.0,,5.195,-5769000.0,107638000.0,107638000.0,104372000.0,45839000.0,0.713,3.361,393454000.0,172511000.0,220943000.0,393454000.0,0.0,15388000.0,0.0,0.072,0.51,44601000.0,59989000.0,0.366,59989000.0,44601000.0,39506000.0,1.15,1.15,1.15,206570000.0,,206570000.0,1464571720.0,22.0,14.309,65094000.0,1.637,1.0,59344000.0,0.362,0.0,5095000.0,938795000.0,,23921000.0,302000.0,302000.0,0.0,694242000.0,247833000.0,446409000.0,1130755720.0,-790000.0,0.0,403000.0,-48028000.0,-20281000.0,-67803000.0,-3850000.0,2162000.0,70863000.0,0.0,45839000.0,45839000.0,45839000.0,183000.0,0.0,0.28,14560000.0,44784000.0,75322000.0,0.443,5.474,16.136,16.351,617235000.0,0.0,28.45,2.428,2.429,27797000.0,,163716000.0,163716000.0,0.0,,,,,0.0,14560000.0,1.0,39745368.0,39765000.0,39920000.0,4.117,900812000.0,79702000.0,-6333000.0,0.0,22.653,-71132000.0
48,PCH,MRQ,2009-06-30,2009-06-30,2009-06-30,2021-08-25,0.0,916305000.0,,184759000.0,731546000.0,,4.475,-3617000.0,108428000.0,108428000.0,67569000.0,3766000.0,0.637,4.152,442244000.0,221307000.0,220937000.0,442244000.0,0.0,4906000.0,0.0,0.084,0.51,698000.0,5604000.0,0.071,5604000.0,698000.0,-4174000.0,0.09,0.09,0.09,177849000.0,,177849000.0,1381188292.0,29.0,18.087,-7808000.0,-0.196,1.0,11213000.0,0.142,0.0,4872000.0,959996000.0,,28244000.0,2112000.0,2112000.0,0.0,738456000.0,290125000.0,448331000.0,965359292.0,1061000.0,0.0,43000.0,25103000.0,-20271000.0,4888000.0,364000.0,3650000.0,-4191000.0,0.0,3766000.0,3766000.0,3766000.0,-74000.0,0.0,0.048,10589000.0,624000.0,68818000.0,5.667,5.428,19.508,19.748,629267000.0,0.0,24.29,2.231,2.231,28665000.0,,78782000.0,78782000.0,0.0,,,,,0.0,10589000.0,1.0,39743075.0,39745000.0,39869000.0,1.982,916305000.0,74905000.0,-7940000.0,0.0,23.055,-105366000.0
49,PCH,MRQ,2009-03-31,2009-03-31,2009-03-31,2021-08-25,0.0,917894000.0,,172110000.0,745784000.0,,5.149,-2462000.0,1117000.0,1117000.0,84071000.0,24820000.0,0.655,3.486,416946000.0,196010000.0,220936000.0,416946000.0,0.0,6612000.0,0.0,0.088,0.51,31960000.0,38572000.0,0.298,38572000.0,31960000.0,27156000.0,0.62,0.62,0.62,204635000.0,,204635000.0,1371143425.0,19.0,13.631,38404000.0,0.966,1.0,45522000.0,0.351,0.0,4804000.0,1070874000.0,,29970000.0,105725000.0,105725000.0,0.0,713259000.0,262849000.0,450410000.0,921591425.0,232000.0,0.0,48000.0,-32915000.0,-20269000.0,-53189000.0,12555000.0,15549000.0,40866000.0,0.0,24820000.0,24820000.0,24820000.0,3951000.0,0.0,0.192,9611000.0,35911000.0,66839000.0,0.823,4.504,13.714,13.804,632641000.0,0.0,23.19,2.017,2.017,18435000.0,,129593000.0,129593000.0,0.0,,,,,0.0,9611000.0,1.0,39740898.0,39742000.0,39848000.0,3.261,917894000.0,85864000.0,2336000.0,0.0,23.096,-90739000.0
50,PCH,MRQ,2008-12-31,2008-12-31,2008-12-31,2021-08-25,-167054000.0,938321000.0,,195778000.0,742543000.0,,5.016,-3700000.0,885000.0,885000.0,86289000.0,-4350000.0,0.682,3.733,450437000.0,229510000.0,220927000.0,450437000.0,0.0,8127000.0,0.0,0.078,0.51,-9937000.0,-1810000.0,-0.019,-1810000.0,-9937000.0,-14561000.0,-0.12,-0.11,-0.12,198234000.0,,198234000.0,1459186883.0,31.0,18.768,-52322000.0,-1.324,1.0,7294000.0,0.078,0.0,4624000.0,1100728000.0,,36686000.0,103034000.0,103034000.0,0.0,740087000.0,287145000.0,452942000.0,1027948883.0,-2905000.0,0.0,109000.0,12140000.0,-20269000.0,66055000.0,-20338000.0,-10279000.0,-48622000.0,0.0,-4350000.0,-4350000.0,-4350000.0,10258000.0,0.0,-0.046,6421000.0,873000.0,44377000.0,-4.25,5.186,19.529,19.556,640047000.0,0.0,26.01,2.336,2.336,38750000.0,-7745000.0,93583000.0,93583000.0,0.0,,,,,-2516000.0,6421000.0,1.0,39521295.0,39521295.0,,2.368,938321000.0,86045000.0,-10211000.0,0.0,23.742,-91367000.0
51,PCH,MRQ,2008-09-30,2008-09-30,2008-09-30,2021-08-25,0.0,1528618000.0,,340207000.0,1188411000.0,,14.828,-7281000.0,3790000.0,3790000.0,94203000.0,25250000.0,1.128,1.609,435028000.0,114110000.0,320918000.0,435028000.0,0.0,9489000.0,0.0,0.044,0.51,24507000.0,33996000.0,0.26,33996000.0,24507000.0,19650000.0,0.64,0.63,0.64,585938000.0,,585938000.0,2276606395.0,51.0,64.324,24431000.0,0.618,1.0,36588000.0,0.28,0.0,4857000.0,1658226000.0,,172594000.0,8453000.0,8453000.0,0.0,942680000.0,301630000.0,641050000.0,1832591395.0,-2817000.0,0.0,483000.0,-16815000.0,-20153000.0,-39365000.0,4836000.0,21301000.0,31712000.0,0.0,25250000.0,25250000.0,25250000.0,-380000.0,0.0,0.193,12559000.0,24029000.0,187520000.0,0.797,3.128,26.858,26.971,1047904000.0,0.0,46.39,-4.369,-4.37,132249000.0,,130791000.0,130791000.0,0.0,,,,,1275000.0,12559000.0,1.0,39504018.0,39515000.0,39793000.0,3.31,1528618000.0,0.0,-5600000.0,37371000.0,38.684,38577000.0
52,PCH,MRQ,2008-06-30,2008-06-30,2008-06-30,2021-08-25,0.0,1535074000.0,,345332000.0,1189742000.0,,14.628,-6044000.0,6607000.0,6607000.0,70965000.0,21479000.0,1.122,1.659,450622000.0,129710000.0,320912000.0,450622000.0,0.0,5130000.0,0.0,0.045,0.51,24699000.0,29829000.0,0.29,29829000.0,24699000.0,19307000.0,0.54,0.54,0.54,577219000.0,,577219000.0,2232227027.0,33.0,32.651,16230000.0,0.411,1.0,32059000.0,0.311,0.0,5392000.0,1671237000.0,,151378000.0,26000000.0,26000000.0,0.0,957855000.0,307852000.0,650003000.0,1777283027.0,232000.0,0.0,2994000.0,-9908000.0,-20165000.0,-25444000.0,3402000.0,12837000.0,22274000.0,0.0,21479000.0,21479000.0,21479000.0,-2607000.0,0.0,0.208,10093000.0,21966000.0,178142000.0,0.944,3.079,21.159,21.183,1053332000.0,0.0,45.12,-13.699,-13.723,136953000.0,,103024000.0,103024000.0,0.0,,,,,982000.0,10093000.0,1.0,39390138.0,39459000.0,39696000.0,2.611,1535074000.0,0.0,-2172000.0,46929000.0,38.903,37480000.0
53,PCH,MRQ,2008-03-31,2008-03-31,2008-03-31,2021-08-25,0.0,1530783000.0,,335574000.0,1195209000.0,,14.492,-18523000.0,6375000.0,6375000.0,78875000.0,10259000.0,1.08,1.687,461319000.0,140409000.0,320910000.0,461319000.0,0.0,7407000.0,0.0,0.048,0.51,8328000.0,15735000.0,0.14,15735000.0,8328000.0,3047000.0,0.26,0.26,0.26,569762000.0,,569762000.0,2043042927.0,23.0,19.477,11344000.0,0.289,1.0,33684000.0,0.299,0.0,5281000.0,1675100000.0,,154927000.0,27869000.0,27869000.0,0.0,961021000.0,310627000.0,650394000.0,1620279927.0,-2672000.0,0.0,316000.0,25045000.0,-20087000.0,2796000.0,-35335000.0,13462000.0,29867000.0,0.0,10259000.0,10259000.0,10259000.0,13028000.0,0.0,0.091,12656000.0,21028000.0,170218000.0,1.962,2.844,16.796,16.776,1061783000.0,0.0,41.27,9.777,9.791,124165000.0,,112559000.0,112559000.0,0.0,,,,,893000.0,12656000.0,1.0,39260478.0,39316000.0,39536000.0,2.863,1530783000.0,0.0,-7212000.0,47137000.0,38.935,24947000.0
54,PCH,MRQ,2007-12-31,2007-12-31,2007-12-31,2021-08-25,-115653000.0,1517204000.0,,333959000.0,1183245000.0,,14.758,9989000.0,9047000.0,9047000.0,-719715000.0,11245000.0,1.173,1.623,431810000.0,110509000.0,321301000.0,431810000.0,0.0,-31236000.0,0.0,0.045,0.51,-12931000.0,-44167000.0,0.058,-44167000.0,-12931000.0,-6092000.0,0.28,0.28,0.28,578336000.0,,578336000.0,2167993786.0,40.0,26.882,30854000.0,0.787,1.0,-46151000.0,0.06,0.0,-6839000.0,1655260000.0,,169396000.0,22289000.0,22289000.0,0.0,938868000.0,284707000.0,654161000.0,1741525786.0,1015000.0,0.0,1995000.0,-4701000.0,-20021000.0,-22020000.0,2170000.0,14125000.0,20865000.0,0.0,11245000.0,11245000.0,11245000.0,-20485000.0,0.0,-0.015,-14678000.0,-31473000.0,152361000.0,1.821,3.011,30.861,30.861,1053838000.0,0.0,44.44,4.112,4.112,114260000.0,123783000.0,-765866000.0,-765866000.0,0.0,,,,,2442000.0,-14640000.0,1.0,39188249.0,39188249.0,,-19.543,1517204000.0,14783000.0,-17337000.0,51981000.0,38.716,49252000.0
55,PCH,MRQ,2007-09-30,2007-09-30,2007-09-30,2021-08-25,0.0,1552360000.0,,334485000.0,1217875000.0,,14.855,-46383000.0,8032000.0,8032000.0,350394000.0,41013000.0,1.132,1.668,434500000.0,113209000.0,321291000.0,434500000.0,0.0,20284000.0,0.0,0.044,0.49,46685000.0,66969000.0,0.159,66969000.0,46685000.0,39305000.0,1.05,1.04,1.05,581893000.0,,581893000.0,2075420216.0,18.0,15.452,5331000.0,0.136,1.0,70152000.0,0.167,0.0,7380000.0,1683417000.0,,167483000.0,28384000.0,28384000.0,0.0,970467000.0,295411000.0,675056000.0,1757680216.0,1278000.0,0.0,4301000.0,115953000.0,-19195000.0,101547000.0,-151983000.0,3010000.0,51714000.0,0.0,41013000.0,41013000.0,41013000.0,1520000.0,0.0,0.098,22994000.0,47158000.0,182202000.0,0.467,3.021,19.428,19.244,1065194000.0,0.0,45.03,4.446,4.462,113142000.0,,420546000.0,420546000.0,0.0,,,,,3187000.0,23134000.0,1.0,39033538.0,39172000.0,39415000.0,10.736,1552360000.0,0.0,-1708000.0,48585000.0,39.629,39074000.0
56,PCH,MRQ,2007-06-30,2007-06-30,2007-06-30,2021-08-25,0.0,1408868000.0,,331345000.0,1077523000.0,,14.144,-11491000.0,6754000.0,6754000.0,328953000.0,33950000.0,1.812,1.552,324494000.0,3209000.0,321285000.0,324494000.0,0.0,18734000.0,0.0,0.046,0.49,47626000.0,66360000.0,0.167,66360000.0,47626000.0,40286000.0,0.87,0.87,0.87,552014000.0,,552014000.0,2036112750.0,23.0,18.835,17522000.0,0.449,1.0,69536000.0,0.174,0.0,7340000.0,1543700000.0,,165906000.0,31394000.0,31394000.0,0.0,856854000.0,182908000.0,673946000.0,1679914750.0,463000.0,0.0,287000.0,-37264000.0,-19124000.0,-54448000.0,25898000.0,-15718000.0,29013000.0,0.0,33950000.0,33950000.0,33950000.0,1579000.0,0.0,0.085,20927000.0,48609000.0,179699000.0,0.563,3.043,22.353,22.077,914887000.0,0.0,43.05,4.522,4.522,108638000.0,,398489000.0,398489000.0,0.0,,,,,53000.0,20892000.0,1.0,39022410.0,39027000.0,39242000.0,10.211,1408868000.0,0.0,6336000.0,48627000.0,36.1,148437000.0
57,PCH,MRQ,2007-03-31,2007-03-31,2007-03-31,2021-08-25,0.0,1434039000.0,,378413000.0,1055626000.0,,13.721,-21364000.0,6293000.0,6293000.0,338649000.0,-29776000.0,1.702,1.683,362491000.0,41208000.0,321283000.0,362491000.0,0.0,18734000.0,0.0,0.043,0.49,-27247000.0,-8513000.0,-0.023,-8513000.0,-27247000.0,-34798000.0,-0.76,-0.76,-0.76,534407000.0,,534407000.0,2093540945.0,44.0,30.339,22882000.0,0.588,1.0,31654000.0,0.085,0.0,7551000.0,1567959000.0,,162968000.0,15676000.0,15676000.0,0.0,899632000.0,222278000.0,677354000.0,1780341945.0,-1468000.0,0.0,3367000.0,30808000.0,-19120000.0,13940000.0,-59654000.0,5888000.0,44246000.0,0.0,-29776000.0,-29776000.0,-29776000.0,35596000.0,0.0,-0.08,23606000.0,8048000.0,181070000.0,-0.645,3.331,40.824,40.158,912356000.0,0.0,45.78,4.608,4.615,111962000.0,,370303000.0,370303000.0,0.0,,,,,1552000.0,20809000.0,1.0,38889077.0,38948000.0,39166000.0,9.508,1434039000.0,0.0,-5022000.0,50061000.0,36.819,156135000.0
58,PCH,MRQ,2006-12-31,2006-12-31,2006-12-31,2021-08-25,-119052000.0,1457607000.0,,356519000.0,1101088000.0,,14.913,12690000.0,14432000.0,14432000.0,-778205000.0,45283000.0,1.817,1.522,327631000.0,6157000.0,321474000.0,327631000.0,0.0,-36642000.0,0.0,0.394,0.49,46143000.0,9501000.0,-0.012,9501000.0,46143000.0,51934000.0,1.18,1.17,1.18,577859000.0,,577859000.0,2018219566.0,21.0,16.859,56203000.0,1.45,1.0,-15821000.0,0.02,0.0,-5791000.0,1574542000.0,,168816000.0,21564000.0,21564000.0,0.0,879748000.0,196264000.0,683484000.0,1697913566.0,444000.0,0.0,1729000.0,-635000.0,-19004000.0,-13716000.0,-29353000.0,-12127000.0,43513000.0,0.0,45283000.0,45283000.0,45283000.0,-16098000.0,0.0,-0.057,-14601000.0,-1220000.0,168987000.0,0.415,2.938,12.206,11.501,962518000.0,0.0,43.82,4.069,4.069,135105000.0,144811000.0,-794026000.0,-794026000.0,0.0,,,,,79000.0,-14601000.0,1.0,38747457.0,38747457.0,,-20.492,1457607000.0,0.0,6651000.0,53160000.0,37.618,160255000.0
59,PCH,MRQ,2006-09-30,2006-09-30,2006-09-30,2021-08-25,0.0,1533474000.0,,311212000.0,1222262000.0,,17.173,-9460000.0,7315000.0,7315000.0,348531000.0,25697000.0,1.863,1.306,327621000.0,3157000.0,324464000.0,327621000.0,0.0,20494000.0,0.0,0.456,0.49,20261000.0,40755000.0,0.103,40755000.0,20261000.0,13032000.0,0.66,0.66,0.66,664995000.0,,664995000.0,1763432432.0,25.0,11.911,23790000.0,0.614,1.0,48221000.0,0.122,0.0,7229000.0,1686767000.0,,160192000.0,9437000.0,9437000.0,0.0,868479000.0,167013000.0,701466000.0,1436286432.0,1343000.0,0.0,782000.0,-7833000.0,-18979000.0,-26244000.0,-5663000.0,5023000.0,33250000.0,0.0,25697000.0,25697000.0,25697000.0,5378000.0,0.0,0.065,22990000.0,25231000.0,163856000.0,0.742,2.16,13.844,11.311,968598000.0,0.0,37.1,0.9,0.9,117191000.0,,396752000.0,396752000.0,0.0,,,,,1052000.0,22990000.0,1.0,38713920.0,38724000.0,38858000.0,10.246,1533474000.0,0.0,-12665000.0,124610000.0,39.6,144199000.0
60,PCH,MRQ,2006-06-30,2006-06-30,2006-06-30,2021-08-25,0.0,1534688000.0,,320014000.0,1214674000.0,,17.005,-13364000.0,5972000.0,5972000.0,378142000.0,2406000.0,2.004,1.333,333118000.0,8658000.0,324460000.0,333118000.0,0.0,19327000.0,0.0,0.439,0.49,7934000.0,27261000.0,0.066,27261000.0,7934000.0,611000.0,0.06,0.06,0.06,657785000.0,,657785000.0,1785716011.0,24.0,11.596,33159000.0,0.857,1.0,35151000.0,0.085,0.0,7323000.0,1702126000.0,,161836000.0,14460000.0,14460000.0,0.0,876903000.0,159708000.0,717195000.0,1458337011.0,-1963000.0,0.0,2284000.0,-2047000.0,-18969000.0,-18230000.0,-30256000.0,-14460000.0,46523000.0,0.0,2406000.0,2406000.0,2406000.0,5839000.0,0.0,0.006,21673000.0,13478000.0,151050000.0,8.167,2.217,16.36,12.583,981964000.0,0.0,37.75,0.909,0.91,118756000.0,,413293000.0,413293000.0,0.0,,,,,1373000.0,21673000.0,1.0,38631444.0,38681000.0,38819000.0,10.685,1534688000.0,0.0,-1795000.0,128071000.0,39.675,160306000.0
61,PCH,MRQ,2006-03-31,2006-03-31,2006-03-31,2021-08-25,0.0,1542312000.0,,321933000.0,1220379000.0,,22.491,-12442000.0,7935000.0,7935000.0,352568000.0,65724000.0,2.107,1.32,335314000.0,2358000.0,332956000.0,335314000.0,0.0,19652000.0,0.0,0.379,15.8,22546000.0,42198000.0,0.105,42198000.0,22546000.0,15187000.0,2.22,2.21,2.22,664906000.0,,664906000.0,1588035813.0,18.0,9.511,46343000.0,1.568,1.0,48656000.0,0.121,0.0,7359000.0,1716901000.0,,189164000.0,0.0,0.0,0.0,877406000.0,152790000.0,724616000.0,1258714813.0,1802000.0,0.0,3708000.0,5275000.0,-108164000.0,-99351000.0,42368000.0,57700000.0,58785000.0,0.0,65724000.0,65724000.0,65724000.0,3590000.0,0.0,0.164,23322000.0,25334000.0,150432000.0,7.117,1.893,13.263,13.304,990266000.0,0.0,42.84,0.807,0.812,109603000.0,,401224000.0,401224000.0,0.0,,,,,1127000.0,23322000.0,1.0,29381765.0,29563000.0,29740000.0,13.572,1542312000.0,0.0,-50537000.0,128241000.0,52.17,169143000.0
62,PCH,MRQ,2005-12-31,2005-12-31,2005-12-31,2021-08-25,-2122000.0,1628177000.0,,402556000.0,1225621000.0,,24.152,-3921000.0,6133000.0,6133000.0,338771000.0,9918000.0,2.733,1.309,335454000.0,2357000.0,333097000.0,335454000.0,0.0,17938000.0,0.0,0.012,0.15,19900000.0,37838000.0,0.098,37838000.0,19900000.0,12577000.0,0.34,0.34,0.34,705148000.0,,705148000.0,1811865158.0,23.0,11.531,18952000.0,0.649,1.0,46236000.0,0.12,0.0,7323000.0,1810198000.0,,209696000.0,57700000.0,57700000.0,0.0,923029000.0,147300000.0,775729000.0,1488429158.0,-5875000.0,0.0,5257000.0,-7361000.0,-4400000.0,-7355000.0,-21393000.0,-6642000.0,22873000.0,0.0,9918000.0,9918000.0,9918000.0,3296000.0,0.0,0.026,23719000.0,22517000.0,143608000.0,0.441,2.111,45.153,45.115,998263000.0,0.0,50.98,0.995,0.995,114641000.0,637486000.0,385007000.0,385007000.0,0.0,,,,,3120000.0,23719000.0,1.0,29196335.0,29196335.0,,13.187,1628177000.0,0.0,2659000.0,196765000.0,55.766,255256000.0
63,PCH,MRQ,2005-09-30,2005-09-30,2005-09-30,2021-08-25,0.0,1628919000.0,,396514000.0,1232405000.0,,23.715,-22581000.0,12008000.0,12008000.0,362088000.0,11090000.0,2.49,1.354,335444000.0,2357000.0,333087000.0,335444000.0,0.0,21729000.0,0.0,0.059,0.15,24967000.0,46696000.0,0.115,46696000.0,24967000.0,17731000.0,0.38,0.38,0.38,691971000.0,,691971000.0,1841695659.0,36.0,14.635,9196000.0,0.315,1.0,43452000.0,0.107,0.0,7236000.0,1793090000.0,,201231000.0,51058000.0,51058000.0,0.0,936948000.0,159265000.0,777683000.0,1514903659.0,3364000.0,0.0,3520000.0,-7859000.0,-4378000.0,-8495000.0,-19918000.0,3892000.0,31777000.0,0.0,11090000.0,11090000.0,11090000.0,0.0,0.0,0.027,18999000.0,24453000.0,156908000.0,0.395,2.189,115.978,110.894,1009246000.0,0.0,52.12,1.054,1.058,115024000.0,,405540000.0,405540000.0,0.0,,,,,501000.0,18999000.0,1.0,29065688.0,29179000.0,29401000.0,13.898,1628919000.0,0.0,6641000.0,201252000.0,55.825,237249000.0
64,PCH,MRQ,2005-06-30,2005-06-30,2005-06-30,2021-08-25,0.0,1612408000.0,,384354000.0,1228054000.0,,23.475,-43077000.0,8644000.0,8644000.0,327256000.0,8174000.0,2.433,1.367,335436000.0,2356000.0,333080000.0,335436000.0,0.0,19704000.0,0.0,0.059,0.15,20526000.0,40230000.0,0.109,40230000.0,20526000.0,13291000.0,0.28,0.28,0.28,681239000.0,,681239000.0,1848121461.0,7.0,5.44,-45628000.0,-1.572,1.0,41217000.0,0.112,0.0,7235000.0,1781253000.0,,195188000.0,54950000.0,54950000.0,0.0,931169000.0,157947000.0,773222000.0,1516211461.0,4122000.0,0.0,3659000.0,1626000.0,-4380000.0,1067000.0,5606000.0,50450000.0,-2551000.0,0.0,8174000.0,8174000.0,8174000.0,0.0,0.0,0.022,21289000.0,19928000.0,155591000.0,0.536,2.226,7.158,7.298,1009271000.0,0.0,52.33,1.081,1.083,106618000.0,,368473000.0,368473000.0,0.0,,,,,706000.0,21289000.0,1.0,28974039.0,29020000.0,29209000.0,12.697,1612408000.0,0.0,5117000.0,198252000.0,55.562,226407000.0
65,PCH,MRQ,2005-03-31,2005-03-31,2005-03-31,2021-08-25,0.0,1604324000.0,,404285000.0,1200039000.0,,23.237,-25504000.0,4522000.0,4522000.0,303229000.0,3782000.0,2.565,1.384,336432000.0,1157000.0,335275000.0,336432000.0,0.0,18971000.0,0.0,0.066,0.15,13400000.0,32371000.0,0.096,32371000.0,13400000.0,6149000.0,0.13,0.13,0.13,673080000.0,,673080000.0,1690811150.0,5.0,4.366,-10852000.0,-0.375,1.0,33681000.0,0.1,0.0,7251000.0,1778643000.0,,177360000.0,105400000.0,105400000.0,0.0,931244000.0,157591000.0,773653000.0,1362935150.0,-4124000.0,0.0,1833000.0,5992000.0,-4345000.0,3587000.0,-22363000.0,6575000.0,14652000.0,0.0,3782000.0,3782000.0,3782000.0,0.0,0.0,0.011,20996000.0,12685000.0,156434000.0,1.154,2.025,5.383,5.492,985432000.0,0.0,47.07,0.99,0.99,101496000.0,,336910000.0,336910000.0,0.0,,,,,421000.0,20996000.0,1.0,28955495.0,28966000.0,29134000.0,11.631,1604324000.0,0.0,2367000.0,199752000.0,55.386,246694000.0
66,PCH,MRQ,2004-12-31,2004-12-31,2004-12-31,2021-08-25,-1403000.0,1594672000.0,,407370000.0,1187302000.0,,22.59,-11920000.0,8646000.0,8646000.0,357014000.0,-9984000.0,2.675,1.375,336522000.0,1107000.0,335415000.0,336522000.0,0.0,13863000.0,0.0,0.061,2.65,-7316000.0,6547000.0,0.02,6547000.0,-7316000.0,-16357000.0,-0.32,-0.32,-0.32,671389000.0,,671389000.0,2110241143.0,6.0,5.175,288842000.0,9.719,1.0,-30517000.0,-0.093,0.0,9041000.0,1770243000.0,,167015000.0,111975000.0,111975000.0,0.0,923283000.0,152305000.0,770978000.0,1503263143.0,-651000.0,0.0,-46816000.0,-291190000.0,-79214000.0,-458752000.0,613693000.0,625725000.0,300762000.0,0.0,-9984000.0,-9984000.0,-9984000.0,286000.0,0.0,-0.031,-46753000.0,16236000.0,151198000.0,-8.281,2.239,5.542,5.48,976900000.0,0.0,50.58,1.108,1.108,103474000.0,622025000.0,326497000.0,326497000.0,0.0,,,,,7410000.0,20043000.0,1.0,29720505.0,29720505.0,,10.986,1594672000.0,0.0,-6373000.0,201252000.0,53.656,255065000.0
67,PCH,MRQ,2004-09-30,2004-09-30,2004-09-30,2021-08-25,0.0,2114468000.0,,1014807000.0,1099661000.0,,25.935,-13101000.0,11330000.0,11330000.0,275564000.0,209847000.0,1.75,1.751,618308000.0,255903000.0,362405000.0,618308000.0,0.0,22465000.0,0.0,0.013,0.15,238129000.0,260594000.0,0.704,260594000.0,238129000.0,225645000.0,7.08,7.05,7.08,768673000.0,,768673000.0,1990028728.0,5.0,4.288,50577000.0,1.706,1.0,94536000.0,0.255,0.0,12484000.0,2141587000.0,,136135000.0,737700000.0,737700000.0,0.0,1345795000.0,579859000.0,765936000.0,1381709728.0,-684000.0,0.0,7274000.0,13849000.0,-4435000.0,20274000.0,-559434000.0,-543075000.0,63678000.0,0.0,209847000.0,209847000.0,209847000.0,-185648000.0,0.0,0.567,43133000.0,51403000.0,323956000.0,0.021,1.798,4.418,4.412,984749000.0,0.0,46.81,1.041,1.046,106070000.0,,370100000.0,370100000.0,0.0,,,,,0.0,20668000.0,1.0,29517405.0,29638000.0,29769000.0,12.487,2114468000.0,0.0,15798000.0,150365000.0,71.343,434948000.0
68,PCH,MRQ,2004-06-30,2004-06-30,2004-06-30,2021-08-25,0.0,1735315000.0,,486363000.0,1248952000.0,,18.834,-11648000.0,9981000.0,9981000.0,276718000.0,49568000.0,2.824,2.124,618300000.0,1106000.0,617194000.0,618300000.0,0.0,21158000.0,0.0,0.014,0.15,66614000.0,87772000.0,0.256,87772000.0,66614000.0,54136000.0,1.68,1.68,1.68,555558000.0,,555558000.0,1838064924.0,11.0,7.394,39031000.0,1.323,1.0,66527000.0,0.194,0.0,12478000.0,2171401000.0,,138219000.0,194625000.0,194625000.0,0.0,1179757000.0,172233000.0,1007524000.0,1226871924.0,2379000.0,0.0,1939000.0,-1398000.0,-4425000.0,-5127000.0,-128290000.0,-114742000.0,50679000.0,0.0,49568000.0,49568000.0,49568000.0,-42442000.0,0.0,0.144,42846000.0,23681000.0,171127000.0,0.089,2.208,9.813,9.684,1129473000.0,0.0,41.64,0.971,0.972,123027000.0,,343245000.0,343245000.0,0.0,,,,,0.0,21775000.0,1.0,29463783.0,29498000.0,29611000.0,11.636,1735315000.0,0.0,4568000.0,118331000.0,58.828,314130000.0
69,PCH,MRQ,2004-03-31,2004-03-31,2004-03-31,2021-08-25,0.0,1650927000.0,,395646000.0,1255281000.0,,17.38,-11289000.0,7602000.0,7602000.0,269456000.0,21818000.0,2.352,2.248,618795000.0,507000.0,618288000.0,618795000.0,0.0,23173000.0,0.0,0.015,0.15,29652000.0,52825000.0,0.167,52825000.0,29652000.0,17792000.0,0.75,0.74,0.75,508265000.0,,508265000.0,1791574576.0,14.0,8.565,5586000.0,0.191,1.0,47073000.0,0.149,0.0,11860000.0,2093929000.0,,166002000.0,79883000.0,79883000.0,0.0,1142662000.0,168191000.0,974471000.0,1179979576.0,412000.0,0.0,19798000.0,-9106000.0,-4352000.0,11003000.0,-54054000.0,-39792000.0,16875000.0,0.0,21818000.0,21818000.0,21818000.0,-28115000.0,0.0,0.069,45664000.0,1409000.0,167684000.0,0.2,2.322,14.371,14.298,1137572000.0,0.0,40.75,0.916,0.925,125155000.0,,316529000.0,316529000.0,0.0,,,,,0.0,21211000.0,1.0,28956554.0,29245000.0,29365000.0,10.823,1650927000.0,0.0,-4026000.0,85672000.0,56.452,227455000.0
70,PCH,MRQ,2003-12-31,2003-12-31,2003-12-31,2021-08-25,-33513000.0,1597377000.0,,473593000.0,1123784000.0,,16.378,-15684000.0,7190000.0,7190000.0,243215000.0,31487000.0,2.789,2.393,618785000.0,507000.0,618278000.0,618785000.0,0.0,23066000.0,0.0,0.017,0.15,39855000.0,62921000.0,0.212,62921000.0,39855000.0,28807000.0,1.1,1.1,1.1,470851000.0,,470851000.0,1605412261.0,18.0,8.982,47772000.0,1.662,1.0,53795000.0,0.181,0.0,11048000.0,2039155000.0,,140351000.0,40091000.0,40091000.0,0.0,1126526000.0,169817000.0,956709000.0,999625261.0,-8898000.0,0.0,2708000.0,4831000.0,-4316000.0,2784000.0,-45920000.0,-27646000.0,63456000.0,0.0,31487000.0,31487000.0,31487000.0,-28949000.0,0.0,0.106,43576000.0,10219000.0,158185000.0,0.136,2.123,19.706,19.644,1005296000.0,0.0,34.77,0.838,0.838,91050000.0,443202000.0,297010000.0,297010000.0,0.0,,,,,0.0,21213000.0,1.0,28749648.0,28749648.0,,10.331,1597377000.0,0.0,-2680000.0,71917000.0,55.562,303776000.0
71,PCH,MRQ,2003-09-30,2003-09-30,2003-09-30,2021-08-25,0.0,1580458000.0,,310261000.0,1270197000.0,,15.341,-30242000.0,16088000.0,16088000.0,258748000.0,22156000.0,1.788,2.585,621875000.0,507000.0,621368000.0,621875000.0,0.0,13860000.0,0.0,0.02,0.15,31225000.0,45085000.0,0.147,45085000.0,31225000.0,18991000.0,0.77,0.77,0.77,440794000.0,,440794000.0,1493667284.0,65.0,14.917,-920000.0,-0.032,1.0,48426000.0,0.158,0.0,12234000.0,2012752000.0,,131629000.0,12445000.0,12445000.0,0.0,1139664000.0,173493000.0,966171000.0,852872284.0,16000.0,0.0,1344000.0,-39060000.0,-4309000.0,-38019000.0,-18222000.0,14479000.0,29322000.0,0.0,22156000.0,22156000.0,22156000.0,-23370000.0,0.0,0.072,41086000.0,7340000.0,172986000.0,0.195,1.935,-55.97,-56.075,1155503000.0,0.0,29.72,0.752,0.752,118927000.0,,307174000.0,307174000.0,0.0,,,,,0.0,19264000.0,1.0,28696914.0,28734000.0,28760000.0,10.69,1580458000.0,0.0,-3165000.0,66345000.0,55.003,136768000.0
72,PCH,MRQ,2003-06-30,2003-06-30,2003-06-30,2021-08-25,0.0,1577839000.0,,320054000.0,1257785000.0,,14.716,-15919000.0,16072000.0,16072000.0,311915000.0,6649000.0,1.549,2.739,656867000.0,35507000.0,621360000.0,656867000.0,0.0,25202000.0,0.0,0.023,0.15,23138000.0,48340000.0,0.131,48340000.0,23138000.0,11010000.0,0.23,0.23,0.23,422030000.0,,422030000.0,1407565524.0,-106.0,17.812,52487000.0,1.83,1.0,56179000.0,0.153,0.0,12128000.0,2012010000.0,,124948000.0,26924000.0,26924000.0,0.0,1155809000.0,206624000.0,949185000.0,737482524.0,3907000.0,0.0,1307000.0,-44572000.0,-4301000.0,-36749000.0,-27577000.0,-25324000.0,68406000.0,0.0,6649000.0,6649000.0,6649000.0,173000.0,0.0,0.018,45441000.0,10738000.0,171117000.0,0.652,1.747,-14.801,-14.884,1145730000.0,0.0,25.75,0.639,0.64,109300000.0,,368094000.0,368094000.0,0.0,,,,,0.0,20239000.0,1.0,28640098.0,28679000.0,28679000.0,12.835,1577839000.0,0.0,4361000.0,54789000.0,55.017,113430000.0
73,PCH,MRQ,2003-03-31,2003-03-31,2003-03-31,2021-08-25,0.0,1618738000.0,,356345000.0,1262393000.0,,14.62,-13531000.0,27279000.0,27279000.0,292344000.0,-9565000.0,1.329,2.869,697362000.0,75507000.0,621855000.0,697362000.0,0.0,26859000.0,0.0,0.03,0.15,-2487000.0,24372000.0,0.073,24372000.0,-2487000.0,-15249000.0,-0.33,-0.33,-0.33,418375000.0,,418375000.0,1209796394.0,-27.0,24.527,-12705000.0,-0.444,1.0,42458000.0,0.127,0.0,12762000.0,2020733000.0,,163086000.0,1600000.0,1600000.0,0.0,1200363000.0,268088000.0,932275000.0,555586394.0,3192000.0,0.0,1440000.0,23944000.0,-4291000.0,15117000.0,-16532000.0,400000.0,826000.0,0.0,-9565000.0,-9565000.0,-9565000.0,674000.0,0.0,-0.029,44338000.0,-1880000.0,192581000.0,-0.455,1.328,-7.256,-7.305,1153498000.0,0.0,19.43,0.495,0.495,126396000.0,,334802000.0,334802000.0,0.0,,,,,0.0,17252000.0,1.0,28594256.0,28617000.0,28617000.0,11.699,1618738000.0,0.0,-5684000.0,50538000.0,56.566,88257000.0
74,PCH,MRQ,2002-12-31,2002-12-31,2002-12-31,2021-08-25,-33207000.0,1624817000.0,,349809000.0,1275008000.0,,15.108,-9045000.0,24042000.0,24042000.0,99910000.0,-34478000.0,1.416,2.772,678252000.0,55607000.0,622645000.0,678252000.0,0.0,11191000.0,0.0,0.024,0.15,-28858000.0,-17667000.0,-0.142,-17667000.0,-28858000.0,-40451000.0,-1.2,-1.2,-1.2,430791000.0,,430791000.0,1313065481.0,-7.0,-12.765,15621000.0,0.548,1.0,24904000.0,0.2,0.0,11593000.0,2031911000.0,,159798000.0,2000000.0,2000000.0,0.0,1194026000.0,247116000.0,946910000.0,680912481.0,204000.0,0.0,1538000.0,14943000.0,-4282000.0,17985000.0,13365000.0,25624000.0,24666000.0,0.0,-34478000.0,-34478000.0,-34478000.0,25134000.0,0.0,-0.276,28555000.0,-3651000.0,191497000.0,-0.125,1.581,-2.905,-2.902,1163344000.0,0.0,23.88,0.615,0.615,119964000.0,409692000.0,124814000.0,124814000.0,0.0,,,,,0.0,8401000.0,1.0,28513923.0,28513923.0,,4.377,1624817000.0,0.0,-5973000.0,56654000.0,56.983,102693000.0
75,PCH,MRQ,2002-09-30,2002-09-30,2002-09-30,2021-08-25,0.0,1673642000.0,,378666000.0,1294976000.0,,17.588,-23738000.0,23782000.0,23782000.0,271252000.0,-12433000.0,1.7,2.339,655935000.0,15607000.0,640328000.0,655935000.0,0.0,29067000.0,0.0,0.02,0.15,-5088000.0,23979000.0,0.073,23979000.0,-5088000.0,-19072000.0,-0.43,-0.43,-0.43,501220000.0,,501220000.0,1583811726.0,-8.0,-19.88,-9712000.0,-0.341,1.0,55292000.0,0.169,0.0,13984000.0,2082986000.0,,141038000.0,27624000.0,27624000.0,0.0,1172422000.0,222809000.0,949613000.0,816371726.0,2444000.0,0.0,1533000.0,-112836000.0,-4274000.0,-118181000.0,106149000.0,149033000.0,14026000.0,0.0,-12433000.0,-12433000.0,-12433000.0,2051000.0,0.0,-0.038,49845000.0,5447000.0,206994000.0,-0.349,1.629,-3.525,-3.519,1176411000.0,0.0,28.68,0.641,0.642,127594000.0,,326544000.0,326544000.0,0.0,,,,,0.0,20778000.0,1.0,28464844.0,28498000.0,28498000.0,11.458,1673642000.0,0.0,-6639000.0,98656000.0,58.728,155857000.0
76,PCH,MRQ,2002-06-30,2002-06-30,2002-06-30,2021-08-25,0.0,1798285000.0,,506763000.0,1291522000.0,,18.157,-8535000.0,6325000.0,6325000.0,277863000.0,-20089000.0,2.329,2.482,773765000.0,15607000.0,758158000.0,773765000.0,0.0,27244000.0,0.0,0.017,0.133,-8602000.0,18642000.0,0.055,18642000.0,-8602000.0,-24281000.0,-0.7,-0.7,-0.7,516394000.0,,516394000.0,2020807415.0,-11.0,-34.029,-13296000.0,-0.467,1.0,58410000.0,0.174,0.0,15679000.0,2348103000.0,,104480000.0,176657000.0,176657000.0,0.0,1281891000.0,217622000.0,1064269000.0,965369415.0,-2879000.0,0.0,2936000.0,-292613000.0,-4263000.0,-297745000.0,-185514000.0,-176657000.0,-4761000.0,0.0,-20089000.0,-20089000.0,-20089000.0,13532000.0,0.0,-0.06,48126000.0,10284000.0,198343000.0,-0.19,1.869,-4.277,-4.279,1177438000.0,0.0,34.02,0.751,0.753,154751000.0,,336273000.0,336273000.0,0.0,,,,,0.0,20882000.0,1.0,28376526.0,28441000.0,28441000.0,11.824,1798285000.0,0.0,-4192000.0,106605000.0,63.229,289141000.0
77,PCH,MRQ,2002-03-31,2002-03-31,2002-03-31,2021-08-25,0.0,2184123000.0,,866220000.0,1317903000.0,,18.968,-4985000.0,9204000.0,9204000.0,272065000.0,-167381000.0,1.693,3.061,1064642000.0,246106000.0,818536000.0,1064642000.0,0.0,30484000.0,0.0,0.026,0.15,-158305000.0,-127821000.0,-0.402,-127821000.0,-158305000.0,-176931000.0,-5.9,-5.9,-5.9,537810000.0,,537810000.0,1998571780.0,-12.0,-45.192,-18140000.0,-0.64,1.0,46124000.0,0.145,0.0,18626000.0,2727970000.0,,117860000.0,9000.0,9000.0,0.0,1646313000.0,511591000.0,1134722000.0,954413780.0,1729000.0,0.0,2139000.0,-91319000.0,-4252000.0,-97339000.0,115686000.0,30500000.0,-13155000.0,0.0,-167381000.0,-167381000.0,-167381000.0,152443000.0,0.0,-0.526,52476000.0,-6352000.0,227135000.0,-0.025,1.775,-4.431,-4.433,1204402000.0,0.0,33.69,0.743,0.744,160598000.0,,318189000.0,318189000.0,0.0,,,,,0.0,21992000.0,1.0,28329290.0,28353000.0,28353000.0,11.222,2184123000.0,0.0,-9550000.0,119447000.0,77.033,354629000.0
78,PCH,MRQ,2001-12-31,2001-12-31,2001-12-31,2021-08-25,0.0,2487146000.0,,1165836000.0,1321310000.0,,25.009,9626000.0,105675000.0,105675000.0,255874000.0,-31697000.0,2.106,2.516,1150125000.0,329603000.0,820522000.0,1150125000.0,0.0,29891000.0,0.0,0.04,0.15,-24361000.0,5530000.0,0.019,5530000.0,-24361000.0,-44837000.0,-1.12,-1.12,-1.12,707304000.0,,707304000.0,1875598978.0,-50.0,24.271,-10632000.0,-0.376,1.0,37189000.0,0.127,0.0,20476000.0,2978144000.0,,107713000.0,30509000.0,30509000.0,0.0,1779842000.0,553452000.0,1226390000.0,829217978.0,572000.0,0.0,992000.0,-1316000.0,-4240000.0,1654000.0,6988000.0,18257000.0,-20258000.0,0.0,-31697000.0,-31697000.0,-31697000.0,11143000.0,0.0,-0.108,47834000.0,-10645000.0,189916000.0,-0.134,1.172,-10.438,-10.434,1213099000.0,0.0,29.32,0.648,0.648,118632000.0,661144000.0,293063000.0,293063000.0,0.0,,,,,0.0,19763000.0,1.0,28281650.0,28281650.0,,10.362,2487146000.0,0.0,-13140000.0,210610000.0,87.942,612384000.0
79,PCH,MRQ,2001-09-30,2001-09-30,2001-09-30,2021-08-25,0.0,2646589000.0,,638676000.0,2007913000.0,,26.226,-12438000.0,104725000.0,104725000.0,269599000.0,-6551000.0,1.639,2.571,1151106000.0,133097000.0,1018009000.0,1151106000.0,0.0,30270000.0,0.0,0.054,0.15,13994000.0,44264000.0,0.131,44264000.0,13994000.0,-8015000.0,-0.23,-0.23,-0.23,741072000.0,,741072000.0,1806689863.0,-76.0,36.846,36830000.0,1.303,1.0,68304000.0,0.202,0.0,22009000.0,3303191000.0,,196580000.0,46909000.0,46909000.0,0.0,1905517000.0,389779000.0,1515738000.0,761414863.0,-2495000.0,0.0,1855000.0,2623000.0,-4239000.0,-4133000.0,-59001000.0,-45614000.0,49268000.0,0.0,-6551000.0,-6551000.0,-6551000.0,4262000.0,0.0,-0.019,52660000.0,15644000.0,256682000.0,-0.652,1.027,-12.0,-12.049,1902130000.0,0.0,26.99,0.852,0.854,187674000.0,,337903000.0,337903000.0,0.0,,,,,0.0,22037000.0,1.0,28210999.0,28257000.0,28257000.0,11.958,2646589000.0,0.0,-1464000.0,305661000.0,93.661,248897000.0
80,PCH,MRQ,2001-06-30,2001-06-30,2001-06-30,2021-08-25,0.0,2614687000.0,,587293000.0,2027394000.0,,26.531,-12118000.0,106314000.0,106314000.0,276392000.0,-9789000.0,1.651,2.488,1151589000.0,132592000.0,1018997000.0,1151589000.0,0.0,27455000.0,0.0,0.051,0.435,6348000.0,33803000.0,0.101,33803000.0,6348000.0,-12286000.0,-0.35,-0.35,-0.35,749618000.0,,749618000.0,2013554294.0,-50.0,45.707,14103000.0,0.499,1.0,58634000.0,0.175,0.0,18634000.0,3304224000.0,,178163000.0,1925000.0,1925000.0,0.0,1865069000.0,355738000.0,1509331000.0,973680294.0,7770000.0,0.0,-4560000.0,108449000.0,-12297000.0,73642000.0,-111178000.0,-2460000.0,26221000.0,0.0,-9789000.0,-9789000.0,-9789000.0,5884000.0,0.0,-0.029,48478000.0,10156000.0,223146000.0,-1.243,1.299,-14.446,-14.458,1927875000.0,0.0,34.41,0.967,0.965,208575000.0,,335026000.0,335026000.0,0.0,,,,,0.0,20848000.0,1.0,28296434.0,28254000.0,28254000.0,11.858,2614687000.0,0.0,-2497000.0,301761000.0,92.542,231555000.0
81,PCH,MRQ,2001-03-31,2001-03-31,2001-03-31,2021-08-25,0.0,2550674000.0,,518490000.0,2032184000.0,,27.162,-12054000.0,1970000.0,1970000.0,297339000.0,-31408000.0,0.881,2.315,1041844000.0,340276000.0,701568000.0,1041844000.0,0.0,27417000.0,0.0,0.054,0.435,-33907000.0,-6490000.0,-0.021,-6490000.0,-33907000.0,-50641000.0,-1.11,-1.11,-1.11,769496000.0,,769496000.0,1884833566.0,-40.0,39.084,-41755000.0,-1.474,1.0,18912000.0,0.06,0.0,16734000.0,3002192000.0,,219935000.0,9000.0,9000.0,0.0,1781178000.0,588356000.0,1192822000.0,905668566.0,-9029000.0,0.0,-2120000.0,47186000.0,-12332000.0,33173000.0,-12737000.0,-683000.0,-29701000.0,0.0,-31408000.0,-31408000.0,-31408000.0,1325000.0,0.0,-0.099,51948000.0,-33036000.0,248080000.0,-0.392,1.177,-13.506,-13.596,1950330000.0,0.0,31.95,0.798,0.798,213377000.0,,316251000.0,316251000.0,0.0,,,,,0.0,20314000.0,1.0,28346434.0,28330000.0,28330000.0,11.163,2550674000.0,0.0,-19233000.0,297861000.0,90.034,-69866000.0
82,PCH,MRQ,2000-12-31,2000-12-31,2000-12-31,2021-08-25,0.0,2542445000.0,,483839000.0,2058606000.0,,28.604,-20621000.0,11652000.0,11652000.0,-66921000.0,-15703000.0,1.102,2.126,990817000.0,189268000.0,801549000.0,990817000.0,0.0,-12487000.0,0.0,0.052,0.435,-10056000.0,-22543000.0,0.235,-22543000.0,-10056000.0,-25857000.0,-0.55,-0.55,-0.55,813236000.0,,813236000.0,1855196789.0,381.0,16.331,-57749000.0,-2.031,1.0,-28982000.0,0.302,0.0,15801000.0,3082511000.0,,223206000.0,9000.0,9000.0,0.0,1729209000.0,439099000.0,1290110000.0,954138789.0,-408000.0,0.0,-3590000.0,77728000.0,-12370000.0,62062000.0,-21163000.0,2607000.0,-37128000.0,0.0,-15703000.0,-15703000.0,-15703000.0,-179000.0,0.0,0.164,-18751000.0,-10231000.0,249831000.0,-0.791,1.173,-28.727,-28.931,1979667000.0,0.0,33.56,0.738,0.738,187819000.0,773697000.0,-95903000.0,-95903000.0,0.0,,,,,0.0,-8173000.0,1.0,28430834.0,28430834.0,,-3.373,2542445000.0,0.0,-10154000.0,293961000.0,89.426,44740000.0
83,PCH,MRQ,2000-09-30,2000-09-30,2000-09-30,2021-08-25,0.0,2483269000.0,,436570000.0,2046699000.0,,29.576,-46291000.0,11237000.0,11237000.0,363630000.0,-10503000.0,1.011,1.953,912295000.0,160765000.0,751530000.0,912295000.0,0.0,41543000.0,0.0,0.055,0.435,-2259000.0,39284000.0,0.087,39284000.0,-2259000.0,-17218000.0,-0.37,-0.37,-0.37,840849000.0,,840849000.0,1780257623.0,46.0,8.917,-10766000.0,-0.379,1.0,88387000.0,0.196,0.0,14959000.0,2952513000.0,,219290000.0,9000.0,9000.0,0.0,1642420000.0,431814000.0,1210606000.0,899186623.0,2206000.0,0.0,64000.0,27493000.0,-12366000.0,14246000.0,-47565000.0,-1274000.0,35525000.0,0.0,-10503000.0,-10503000.0,-10503000.0,0.0,0.0,-0.023,87415000.0,972000.0,271049000.0,-1.176,1.069,-98.336,-95.848,1967219000.0,0.0,31.63,0.468,0.468,185698000.0,,452017000.0,452017000.0,0.0,,,,,0.0,27370000.0,1.0,28428284.0,28430000.0,28430000.0,15.899,2483269000.0,0.0,-6715000.0,266688000.0,87.347,4756000.0
84,PCH,MRQ,2000-06-30,2000-06-30,2000-06-30,2021-08-25,0.0,2472690000.0,,436326000.0,2036364000.0,,30.33,-38687000.0,9031000.0,9031000.0,365826000.0,-9444000.0,1.104,1.863,890102000.0,138589000.0,751513000.0,890102000.0,0.0,38829000.0,0.0,0.053,0.435,-855000.0,37974000.0,0.082,37974000.0,-855000.0,-15482000.0,-0.32,-0.32,-0.32,863641000.0,,863641000.0,1797379992.0,20.0,7.319,-1872000.0,-0.066,1.0,96697000.0,0.209,0.0,14627000.0,2958583000.0,,199581000.0,39000.0,39000.0,0.0,1609049000.0,395178000.0,1213871000.0,949370992.0,-249000.0,0.0,-8807000.0,26566000.0,-12395000.0,2166000.0,-39230000.0,-543000.0,36815000.0,0.0,-9444000.0,-9444000.0,-9444000.0,0.0,0.0,-0.02,97961000.0,-1264000.0,256589000.0,-1.359,1.099,39.643,40.415,1960933000.0,0.0,33.14,0.495,0.493,205844000.0,,462523000.0,462523000.0,0.0,,,,,0.0,33132000.0,1.0,28647284.0,28475000.0,28475000.0,16.243,2472690000.0,0.0,-6038000.0,272508000.0,86.837,41148000.0
85,PCH,MRQ,2000-03-31,2000-03-31,2000-03-31,2021-08-25,0.0,2461518000.0,,430974000.0,2030544000.0,,31.074,-34062000.0,9280000.0,9280000.0,382359000.0,2436000.0,1.076,1.752,857289000.0,155491000.0,701798000.0,857289000.0,0.0,40837000.0,0.0,0.04,0.435,18045000.0,58882000.0,0.124,58882000.0,18045000.0,3994000.0,0.08,0.08,0.08,894287000.0,,894287000.0,2065150976.0,18.0,7.653,3110000.0,0.108,1.0,92197000.0,0.194,0.0,14051000.0,2909053000.0,,200924000.0,159000.0,159000.0,0.0,1567231000.0,400474000.0,1166757000.0,1243096976.0,-2251000.0,0.0,-12607000.0,25860000.0,-12567000.0,-4721000.0,-34702000.0,-640000.0,37172000.0,0.0,2436000.0,2436000.0,2436000.0,0.0,0.0,0.005,73977000.0,18220000.0,244983000.0,5.438,1.39,29.073,29.252,1958251000.0,0.0,43.0,0.666,0.663,197155000.0,,474556000.0,474556000.0,0.0,,,,,0.0,33140000.0,1.0,28909232.0,28779000.0,28814000.0,16.49,2461518000.0,0.0,1558000.0,276734000.0,85.532,30500000.0
86,PCH,MRQ,1999-12-31,1999-12-31,1999-12-31,2021-08-25,0.0,2446500000.0,,416502000.0,2029998000.0,,31.812,-39489000.0,11531000.0,11531000.0,436775000.0,8367000.0,1.142,1.656,833585000.0,131787000.0,701798000.0,833585000.0,0.0,39410000.0,0.0,0.039,0.435,24092000.0,63502000.0,0.119,63502000.0,24092000.0,13496000.0,0.28,0.29,0.28,921039000.0,,921039000.0,2062827114.0,19.0,7.881,-36814000.0,-1.272,1.0,95561000.0,0.18,0.0,10596000.0,2903808000.0,,196733000.0,159000.0,159000.0,0.0,1525461000.0,364746000.0,1160715000.0,1292138114.0,341000.0,0.0,465000.0,51310000.0,-12599000.0,37401000.0,-39735000.0,-236000.0,2675000.0,0.0,8367000.0,8367000.0,8367000.0,0.0,0.0,0.016,80565000.0,14996000.0,232959000.0,1.554,1.403,31.556,31.652,1960322000.0,0.0,44.63,0.715,0.715,184312000.0,856609000.0,532336000.0,532336000.0,0.0,,,,,0.0,40648000.0,1.0,28952232.0,28952232.0,,18.387,2446500000.0,0.0,5129000.0,275644000.0,84.501,51756000.0
87,PCH,MRQ,1999-09-30,1999-09-30,1999-09-30,2021-08-25,0.0,2411563000.0,,392456000.0,2019107000.0,,31.951,-71491000.0,11190000.0,11190000.0,327075000.0,22589000.0,1.162,1.607,781879000.0,80100000.0,701779000.0,781879000.0,0.0,38270000.0,0.0,0.042,0.435,46941000.0,85211000.0,0.191,85211000.0,46941000.0,36434000.0,0.78,0.77,0.78,924992000.0,,924992000.0,1976864450.0,19.0,7.784,18227000.0,0.63,1.0,119516000.0,0.268,0.0,10507000.0,2844560000.0,,170291000.0,352000.0,352000.0,0.0,1486571000.0,337692000.0,1148879000.0,1192404450.0,282000.0,0.0,78000.0,-8370000.0,-12593000.0,-17550000.0,-71886000.0,-395000.0,89718000.0,0.0,22589000.0,22589000.0,22589000.0,0.0,0.0,0.051,72406000.0,47110000.0,257592000.0,0.558,1.289,32.687,32.69,1952520000.0,0.0,41.19,0.679,0.679,190838000.0,,446591000.0,446591000.0,0.0,,,,,0.0,34136000.0,1.0,28948882.0,28950000.0,28991000.0,15.426,2411563000.0,0.0,13845000.0,269665000.0,83.301,54764000.0
88,PCH,MRQ,1999-06-30,1999-06-30,1999-06-30,2021-08-25,0.0,2392171000.0,,406754000.0,1985417000.0,,31.794,-73966000.0,10908000.0,10908000.0,314663000.0,9366000.0,1.187,1.599,795368000.0,93606000.0,701762000.0,795368000.0,0.0,35146000.0,0.0,0.04,0.435,27100000.0,62246000.0,0.151,62246000.0,27100000.0,15105000.0,0.33,0.33,0.33,920268000.0,,920268000.0,2100190550.0,23.0,8.726,5463000.0,0.189,1.0,98380000.0,0.238,0.0,11995000.0,2833875000.0,,171955000.0,352000.0,352000.0,0.0,1471903000.0,342756000.0,1129147000.0,1271519550.0,713000.0,0.0,264000.0,-39671000.0,-12590000.0,-54761000.0,-23955000.0,50011000.0,79429000.0,0.0,9366000.0,9366000.0,9366000.0,0.0,0.0,0.023,70063000.0,28317000.0,249150000.0,1.318,1.382,48.094,48.286,1920171000.0,0.0,43.94,0.741,0.742,199538000.0,,413043000.0,413043000.0,0.0,,,,,0.0,34917000.0,1.0,28937632.0,28945000.0,28982000.0,14.27,2392171000.0,0.0,5739000.0,258589000.0,82.645,63998000.0
89,PCH,MRQ,1999-03-31,1999-03-31,1999-03-31,2021-08-25,0.0,2412908000.0,,470461000.0,1942447000.0,,31.793,-59659000.0,10195000.0,10195000.0,326049000.0,625000.0,1.284,1.624,838866000.0,136819000.0,702047000.0,838866000.0,0.0,37427000.0,0.0,0.051,0.435,13353000.0,50780000.0,0.122,50780000.0,13353000.0,1009000.0,0.02,0.02,0.02,919614000.0,,919614000.0,1766923237.0,19.0,7.27,-26852000.0,-0.928,1.0,90369000.0,0.217,0.0,12344000.0,2875314000.0,,180574000.0,351000.0,351000.0,0.0,1493294000.0,366265000.0,1127029000.0,981500237.0,-1455000.0,0.0,443000.0,31168000.0,-12580000.0,19005000.0,-53267000.0,6392000.0,32807000.0,0.0,625000.0,625000.0,625000.0,0.0,0.0,0.002,69306000.0,21063000.0,229446000.0,21.75,1.067,36.19,36.495,1880891000.0,0.0,33.94,0.576,0.577,251525000.0,,416418000.0,416418000.0,0.0,,,,,0.0,31879000.0,1.0,28918687.0,28925000.0,28932000.0,14.396,2412908000.0,0.0,384000.0,253883000.0,83.419,104196000.0
90,PCH,MRQ,1998-12-31,1998-12-31,1998-12-31,2021-08-25,0.0,2377306000.0,,407855000.0,1969451000.0,,32.09,-44333000.0,11650000.0,11650000.0,389066000.0,3900000.0,1.314,1.554,797073000.0,84960000.0,712113000.0,797073000.0,0.0,37867000.0,0.0,0.047,0.435,17863000.0,55730000.0,0.116,55730000.0,17863000.0,5267000.0,0.13,0.13,0.13,930906000.0,,930906000.0,1822479987.0,17.0,7.058,-28225000.0,-0.973,1.0,91998000.0,0.191,0.0,12596000.0,2852430000.0,,200257000.0,6422000.0,6422000.0,0.0,1446400000.0,310299000.0,1136101000.0,1069844987.0,-1535000.0,0.0,-3034000.0,45646000.0,-12620000.0,28589000.0,-46232000.0,2357000.0,16108000.0,0.0,3900000.0,3900000.0,3900000.0,0.0,0.0,0.008,79639000.0,12359000.0,225339000.0,3.346,1.149,28.735,28.812,1852212000.0,0.0,36.88,0.634,0.634,162268000.0,866024000.0,481064000.0,481064000.0,0.0,,,,,0.0,41772000.0,1.0,29008812.0,29008812.0,,16.583,2377306000.0,0.0,1367000.0,253691000.0,81.951,97556000.0
91,PCH,MRQ,1998-09-30,1998-09-30,1998-09-30,2021-08-25,0.0,2360196000.0,,406722000.0,1953474000.0,,32.374,-31410000.0,13185000.0,13185000.0,301987000.0,12547000.0,1.391,1.513,765820000.0,53720000.0,712100000.0,765820000.0,0.0,39203000.0,0.0,0.051,0.435,32717000.0,71920000.0,0.178,71920000.0,32717000.0,19916000.0,0.43,0.43,0.43,939131000.0,,939131000.0,1757485137.0,16.0,6.799,31912000.0,1.1,1.0,102638000.0,0.254,0.0,12801000.0,2820419000.0,,172710000.0,8803000.0,8803000.0,0.0,1421065000.0,292412000.0,1128653000.0,988040137.0,1211000.0,0.0,-1000.0,-19768000.0,-12619000.0,-32388000.0,-29723000.0,1298000.0,63322000.0,0.0,12547000.0,12547000.0,12547000.0,0.0,0.0,0.031,70653000.0,31985000.0,238692000.0,1.012,1.052,25.31,25.23,1838531000.0,0.0,34.06,0.622,0.622,186254000.0,,404625000.0,404625000.0,0.0,,,,,0.0,31450000.0,1.0,29008812.0,29009000.0,29026000.0,13.948,2360196000.0,0.0,7369000.0,244765000.0,81.361,114310000.0
92,PCH,MRQ,1998-06-30,1998-06-30,1998-06-30,2021-08-25,0.0,2351014000.0,,394181000.0,1956833000.0,,32.594,-37457000.0,11974000.0,11974000.0,306986000.0,10049000.0,1.357,1.487,781419000.0,69331000.0,712088000.0,781419000.0,0.0,36535000.0,0.0,0.041,0.435,28086000.0,64621000.0,0.161,64621000.0,28086000.0,15951000.0,0.35,0.35,0.35,945493000.0,,945493000.0,1999485554.0,18.0,7.737,15072000.0,0.52,1.0,93496000.0,0.233,0.0,12135000.0,2830018000.0,,151460000.0,10080000.0,10080000.0,0.0,1405521000.0,290441000.0,1115080000.0,1218232554.0,2828000.0,0.0,76000.0,-3880000.0,-12619000.0,-16423000.0,-33278000.0,-1785000.0,52529000.0,0.0,10049000.0,10049000.0,10049000.0,0.0,0.0,0.025,66282000.0,27214000.0,221110000.0,1.243,1.288,30.008,29.787,1845389000.0,0.0,42.0,0.772,0.772,193191000.0,,400482000.0,400482000.0,0.0,,,,,0.0,29747000.0,1.0,29005537.0,29008000.0,29054000.0,13.806,2351014000.0,0.0,5902000.0,241817000.0,81.047,103740000.0
93,PCH,MRQ,1998-03-31,1998-03-31,1998-03-31,2021-08-25,0.0,2366902000.0,,407127000.0,1959775000.0,,32.76,-30712000.0,9146000.0,9146000.0,307884000.0,10736000.0,1.323,1.491,790399000.0,78321000.0,712078000.0,790399000.0,0.0,36673000.0,0.0,0.04,0.435,29253000.0,65926000.0,0.164,65926000.0,29253000.0,17041000.0,0.37,0.37,0.37,950114000.0,,950114000.0,2057196430.0,19.0,8.011,54873000.0,1.892,1.0,94650000.0,0.235,0.0,12212000.0,2840329000.0,,170631000.0,8349000.0,8349000.0,0.0,1416788000.0,307826000.0,1108962000.0,1248570430.0,120000.0,0.0,248000.0,-37152000.0,-12614000.0,-49518000.0,-35947000.0,-1322000.0,85585000.0,0.0,10736000.0,10736000.0,10736000.0,0.0,0.0,0.027,67001000.0,27649000.0,229505000.0,1.176,1.314,30.882,30.757,1843331000.0,0.0,43.06,0.794,0.794,192432000.0,,402534000.0,402534000.0,0.0,,,,,0.0,30328000.0,1.0,28996062.0,29002000.0,29043000.0,13.88,2366902000.0,0.0,6305000.0,239456000.0,81.612,99301000.0
94,PCH,MRQ,1997-12-31,1997-12-31,1997-12-31,2021-08-25,0.0,2365136000.0,,403777000.0,1961359000.0,,32.818,-33828000.0,9026000.0,9026000.0,296266000.0,5705000.0,1.357,1.485,817652000.0,95572000.0,722080000.0,817652000.0,0.0,35919000.0,0.0,0.04,0.435,20117000.0,56036000.0,0.148,56036000.0,20117000.0,7937000.0,0.2,0.2,0.2,951592000.0,,951592000.0,,,,-50593000.0,-1.745,1.0,83489000.0,0.22,0.0,12180000.0,2876206000.0,,182303000.0,6516000.0,6516000.0,0.0,1413544000.0,297556000.0,1115988000.0,1246830666.0,2924000.0,0.0,1029000.0,111981000.0,-12612000.0,100506000.0,-80817000.0,-50036000.0,-16765000.0,0.0,5705000.0,5705000.0,5705000.0,0.0,0.0,0.015,63739000.0,19750000.0,201984000.0,2.175,1.31,34.578,34.4,1845013000.0,0.0,43.0,0.795,0.795,179159000.0,879264000.0,379755000.0,379755000.0,0.0,,,,,0.0,27820000.0,1.0,28996062.0,28996062.0,,13.097,2365136000.0,0.0,2232000.0,236934000.0,81.567,106221000.0
95,PCH,MRQ,1997-09-30,1997-09-30,1997-09-30,2021-08-25,,,,,,,,-51126000.0,,,299184000.0,14107000.0,,,,,,,,38991000.0,,0.034,0.425,32857000.0,71848000.0,0.182,71848000.0,32857000.0,21703000.0,0.49,0.48,0.49,,,,,,,6941000.0,0.24,1.0,96263000.0,0.243,,11154000.0,,,,,,,,,,,-5313000.0,0.0,866000.0,988000.0,-12295000.0,-10441000.0,-52939000.0,-4939000.0,58067000.0,0.0,14107000.0,14107000.0,14107000.0,0.0,0.0,0.036,66220000.0,30043000.0,,0.867,,,,,0.0,50.38,,,,,395447000.0,395447000.0,0.0,,,,,0.0,27229000.0,1.0,,28935000.0,29028000.0,13.667,,,7596000.0,,,
96,PCH,MRQ,1997-06-30,1997-06-30,1997-06-30,2021-08-25,,,,,,,,-36211000.0,,,306245000.0,9882000.0,,,,,,,,36741000.0,,0.037,0.425,26253000.0,62994000.0,0.16,62994000.0,26253000.0,15202000.0,0.34,0.34,0.34,,,,,,,30207000.0,1.045,1.0,87978000.0,0.223,,11051000.0,,,,,,,,,,,-386000.0,0.0,303000.0,-11434000.0,-12281000.0,-23412000.0,-43392000.0,3733000.0,66418000.0,0.0,9882000.0,9882000.0,9882000.0,0.0,0.0,0.025,62852000.0,25126000.0,,1.25,,,,,0.0,45.25,,,,,394223000.0,394223000.0,0.0,,,,,0.0,26111000.0,1.0,,28905000.0,28933000.0,13.639,,,5320000.0,,,
97,PCH,MRQ,1997-03-31,1997-03-31,1997-03-31,2021-08-25,,,,,,,,-34458000.0,,,317970000.0,6365000.0,,,,,,,,38134000.0,,0.041,0.425,21532000.0,59666000.0,0.149,59666000.0,21532000.0,9793000.0,0.22,0.22,0.22,,,,,,,12713000.0,0.44,1.0,81475000.0,0.204,,11739000.0,,,,,,,,,,,4061000.0,0.0,787000.0,2023000.0,-12274000.0,-9464000.0,-33646000.0,1108000.0,47171000.0,0.0,6365000.0,6365000.0,6365000.0,0.0,0.0,0.016,63424000.0,18051000.0,,1.932,,,,,0.0,41.13,,,,,399445000.0,399445000.0,0.0,,,,,0.0,25290000.0,1.0,,28886000.0,28921000.0,13.828,,,3428000.0,,,
98,PCH,MRQ,1996-12-31,1996-12-31,1996-12-31,2021-08-25,0.0,2265679000.0,,378111000.0,1887568000.0,,,,7740000.0,7740000.0,,,1.453,1.374,717708000.0,45660000.0,672048000.0,717708000.0,0.0,,0.0,0.039,0.425,,,,,,,,,,954195000.0,,954195000.0,,,,,,1.0,,,0.0,,2715502000.0,,176899000.0,4576000.0,4576000.0,0.0,1311484000.0,260145000.0,1051339000.0,,,,,,,,,,,,,,,,,,,,214485000.0,,,,21.393,1824236000.0,,43.0,,,163075000.0,892667000.0,,,,,,,,,,1.0,,,,,2265679000.0,0.0,,223441000.0,,117966000.0
0,PCH,MRT,2021-06-30,2021-06-30,2021-06-30,2021-08-25,-82247000.0,2682798000.0,2481351250.0,666273000.0,2016525000.0,0.585,23.944,-48703000.0,512030000.0,512030000.0,712980000.0,500035000.0,4.532,0.664,757861000.0,42991000.0,714870000.0,757861000.0,0.0,76501000.0,0.0,0.031,1.63,647645000.0,724146000.0,0.499,724146000.0,647645000.0,618446000.0,7.44,7.39,7.44,1611789000.0,1397592000.0,1611789000.0,3938868066.0,6.0,5.439,539957000.0,8.021,1.0,739214000.0,0.509,15880000.0,29199000.0,2765722000.0,2745766250.0,73074000.0,66553000.0,0.0,66553000.0,1071009000.0,147027000.0,923982000.0,3563296066.0,429096000.0,0.0,0.0,0.0,-109141000.0,-111606000.0,-47958000.0,0.0,588660000.0,0.0,500035000.0,500035000.0,500035000.0,0.0,0.0,0.344,77771000.0,661443000.0,97462000.0,0.219,2.211,7.126,7.144,1872377000.0,0.0,53.15,2.454,2.464,56694000.0,-51670000.0,1452194000.0,1452194000.0,0.0,0.202,0.358,0.236,0.446,8268000.0,77771000.0,1.0,67042259.0,67316000.0,67732000.0,21.573,2666918000.0,0.0,118411000.0,22191000.0,39.618,519246000.0
1,PCH,MRT,2021-03-31,2021-03-31,2021-03-31,2021-08-25,-53929000.0,2563629000.0,2361944250.0,507574000.0,2056055000.0,0.502,21.985,-43594000.0,382032000.0,382032000.0,685037000.0,314768000.0,3.087,0.735,757604000.0,42985000.0,714619000.0,757604000.0,0.0,77240000.0,0.0,0.031,1.62,412131000.0,489371000.0,0.413,489371000.0,412131000.0,382792000.0,4.69,4.66,4.69,1477549000.0,1276013750.0,1477549000.0,4046370429.0,10.0,8.269,413496000.0,6.153,1.0,501206000.0,0.423,16075000.0,29339000.0,2758718000.0,2738307250.0,62663000.0,69057000.0,0.0,69057000.0,1086080000.0,164408000.0,921672000.0,3541363429.0,300881000.0,0.0,-3009000.0,0.0,-108396000.0,-113522000.0,-42687000.0,0.0,457090000.0,0.0,314768000.0,314768000.0,314768000.0,0.0,0.0,0.265,75070000.0,426136000.0,114849000.0,0.345,2.397,11.251,11.284,1879076000.0,0.0,52.92,2.985,2.998,41920000.0,-211985000.0,1186243000.0,1186243000.0,0.0,0.133,0.247,0.151,0.347,8108000.0,75070000.0,1.0,66919188.0,67207000.0,67607000.0,17.651,2547554000.0,0.0,68024000.0,24298000.0,37.906,343166000.0
2,PCH,MRT,2020-12-31,2020-12-31,2020-12-31,2021-08-25,-120989000.0,2381065000.0,2274257500.0,357118000.0,2023947000.0,0.458,19.408,-44415000.0,252340000.0,252340000.0,687781000.0,166830000.0,2.554,0.825,757347000.0,39981000.0,717366000.0,757347000.0,0.0,77885000.0,0.0,0.032,1.61,223416000.0,301301000.0,0.289,301301000.0,223416000.0,193953000.0,2.48,2.47,2.48,1304953000.0,1194030000.0,1304953000.0,3953320011.0,18.0,13.121,290848000.0,4.326,1.0,353149000.0,0.339,16270000.0,29463000.0,2729968000.0,2738426750.0,62036000.0,72355000.0,0.0,72355000.0,1076112000.0,139834000.0,936278000.0,3344990011.0,168086000.0,0.0,-15364000.0,0.0,-107853000.0,-124985000.0,-42192000.0,0.0,335263000.0,0.0,166830000.0,166830000.0,166830000.0,0.0,0.0,0.16,115507000.0,237642000.0,93279000.0,0.649,2.563,20.05,20.169,1888605000.0,0.0,50.02,3.213,3.231,26606000.0,-315510000.0,1040930000.0,1040930000.0,0.0,0.073,0.14,0.082,0.215,8063000.0,72519000.0,1.0,66873051.0,67237000.0,67568000.0,15.482,2364795000.0,0.0,27123000.0,17740000.0,35.171,217284000.0
3,PCH,MRT,2020-09-30,2020-09-30,2020-09-30,2021-08-25,-155146000.0,2297913000.0,2237756000.0,278665000.0,2019248000.0,0.405,17.812,-48373000.0,148919000.0,148919000.0,673465000.0,78212000.0,1.73,0.921,757249000.0,45995000.0,711254000.0,757249000.0,0.0,77325000.0,0.0,0.038,1.6,112927000.0,190252000.0,0.21,190252000.0,112927000.0,83793000.0,1.17,1.16,1.17,1196077000.0,1174499500.0,1196077000.0,3491282930.0,31.0,18.351,176113000.0,2.623,1.0,233515000.0,0.257,16465000.0,29134000.0,2728657000.0,2750414000.0,58572000.0,74216000.0,0.0,74216000.0,1101836000.0,161121000.0,940715000.0,2815280930.0,54214000.0,0.0,-15364000.0,0.0,-107322000.0,-124337000.0,-45935000.0,0.0,224486000.0,0.0,78212000.0,78212000.0,78212000.0,0.0,0.0,0.086,108983000.0,124532000.0,108425000.0,1.368,2.354,35.996,35.983,1897331000.0,0.0,42.1,3.104,3.117,50084000.0,-388000000.0,906980000.0,906980000.0,0.0,0.035,0.067,0.041,0.125,7838000.0,65995000.0,1.0,66871281.0,67149000.0,67528000.0,13.507,2281448000.0,0.0,5581000.0,12202000.0,33.976,117544000.0
4,PCH,MRT,2020-06-30,2020-06-30,2020-06-30,2021-08-25,-169426000.0,2205170000.0,2227541250.0,179897000.0,2025273000.0,0.368,16.754,-52916000.0,80987000.0,80987000.0,674060000.0,17770000.0,1.399,0.959,756989000.0,45988000.0,711001000.0,756989000.0,0.0,75909000.0,0.0,0.042,1.6,36784000.0,112693000.0,0.137,112693000.0,36784000.0,7732000.0,0.26,0.26,0.26,1125476000.0,1184412500.0,1125476000.0,3223415413.0,88.0,28.604,106574000.0,1.586,1.0,146176000.0,0.178,16660000.0,29052000.0,2735886000.0,2762535250.0,52215000.0,73541000.0,0.0,73541000.0,1079694000.0,128626000.0,951068000.0,2546170413.0,-15036000.0,0.0,-15364000.0,0.0,-107461000.0,-124099000.0,-50427000.0,0.0,159490000.0,0.0,17770000.0,17770000.0,17770000.0,0.0,0.0,0.022,100409000.0,45767000.0,75937000.0,6.154,2.262,143.285,146.269,1905144000.0,0.0,38.03,3.104,3.115,24588000.0,-442153000.0,820236000.0,820236000.0,0.0,0.008,0.015,0.013,0.045,7688000.0,57421000.0,1.0,66951628.0,67176000.0,67359000.0,12.21,2188510000.0,0.0,-10038000.0,10942000.0,32.579,51271000.0
5,PCH,MRT,2020-03-31,2020-03-31,2020-03-31,2021-08-25,-170306000.0,2212882000.0,2240984000.0,174173000.0,2038709000.0,0.381,17.037,-60874000.0,79484000.0,79484000.0,699897000.0,32269000.0,1.527,0.925,756729000.0,45981000.0,710748000.0,756729000.0,0.0,74875000.0,0.0,0.051,1.6,49421000.0,124296000.0,0.146,124296000.0,49421000.0,20826000.0,0.47,0.47,0.47,1149614000.0,1214556000.0,1149614000.0,2787332033.0,56.0,22.425,107265000.0,1.59,1.0,154365000.0,0.181,16854000.0,28595000.0,2759196000.0,2772348000.0,55707000.0,72582000.0,0.0,72582000.0,1063268000.0,114077000.0,949191000.0,2114173033.0,-26560000.0,0.0,-27370000.0,0.0,-107598000.0,-136009000.0,-58690000.0,0.0,168139000.0,0.0,32269000.0,32269000.0,32269000.0,0.0,0.0,0.038,98550000.0,55815000.0,61395000.0,3.404,1.839,65.517,66.787,1917377000.0,0.0,31.39,2.475,2.479,23356000.0,-415153000.0,854262000.0,854262000.0,0.0,0.014,0.027,0.018,0.058,7540000.0,55562000.0,1.0,67351801.0,67478000.0,67478000.0,12.66,2196028000.0,0.0,-11443000.0,11445000.0,32.544,60096000.0
6,PCH,MRT,2019-12-31,2019-12-31,2019-12-31,2021-08-25,-147359000.0,2235059000.0,2256067000.0,183441000.0,2051618000.0,0.367,18.146,3708000.0,83310000.0,83310000.0,682066000.0,55661000.0,1.62,0.822,756469000.0,45974000.0,710495000.0,756469000.0,0.0,72105000.0,0.0,0.037,1.6,87032000.0,159137000.0,0.192,159137000.0,87032000.0,56671000.0,0.82,0.82,0.82,1226831000.0,1246749000.0,1226831000.0,3570254391.0,41.0,22.435,142776000.0,2.112,1.0,145032000.0,0.175,17049000.0,30361000.0,2777917000.0,2779566000.0,65781000.0,74233000.0,0.0,74233000.0,1008228000.0,113252000.0,894976000.0,2908656391.0,4813000.0,0.0,-25173000.0,0.0,-107722000.0,-138772000.0,4517000.0,0.0,139068000.0,0.0,55661000.0,55661000.0,55661000.0,0.0,0.0,0.067,48749000.0,96283000.0,60577000.0,1.951,2.371,52.257,52.768,1925046000.0,0.0,43.27,3.517,3.537,14167000.0,-359330000.0,827098000.0,827098000.0,0.0,0.025,0.045,0.031,0.105,7272000.0,57925000.0,1.0,67221086.0,67608000.0,67743000.0,12.234,2218010000.0,0.0,1010000.0,20165000.0,32.807,70189000.0
7,PCH,MRT,2019-09-30,2019-09-30,2019-09-30,2021-08-25,-152078000.0,2257054000.0,2278765250.0,199655000.0,2057399000.0,0.369,18.322,692000.0,94747000.0,94747000.0,704522000.0,46061000.0,1.607,0.826,756345000.0,39995000.0,716350000.0,756345000.0,0.0,72065000.0,0.0,0.039,1.6,75966000.0,148031000.0,0.176,148031000.0,75966000.0,44043000.0,0.62,0.61,0.62,1235729000.0,1268736000.0,1235729000.0,3418498359.0,45.0,23.093,136645000.0,2.026,1.0,136327000.0,0.162,17244000.0,31923000.0,2777142000.0,2797703000.0,54202000.0,76924000.0,0.0,76924000.0,1021325000.0,124266000.0,897059000.0,2760386359.0,-45453000.0,0.0,-25173000.0,0.0,-152297000.0,-182736000.0,1330000.0,0.0,135953000.0,0.0,46061000.0,46061000.0,46061000.0,0.0,0.0,0.055,50104000.0,86223000.0,78274000.0,2.581,2.234,59.929,66.266,1927783000.0,0.0,41.085,3.283,3.296,27214000.0,-343747000.0,840849000.0,840849000.0,0.0,0.02,0.036,0.027,0.09,7050000.0,58406000.0,1.0,67187206.0,67446000.0,67545000.0,12.467,2239810000.0,0.0,-2018000.0,14913000.0,33.209,75389000.0
8,PCH,MRT,2019-06-30,2019-06-30,2019-06-30,2021-08-25,-146187000.0,2258941000.0,2317769500.0,196460000.0,2062481000.0,0.39,18.415,1388000.0,97970000.0,97970000.0,717472000.0,85832000.0,1.578,0.813,756082000.0,39988000.0,716094000.0,756082000.0,0.0,72332000.0,0.0,0.132,5.14,121505000.0,193837000.0,0.214,193837000.0,121505000.0,87948000.0,1.28,1.24,1.28,1246050000.0,1254571000.0,1246050000.0,3285609759.0,27.0,16.95,152448000.0,2.253,1.0,186274000.0,0.206,17439000.0,33557000.0,2775137000.0,2786379500.0,54121000.0,79238000.0,0.0,79238000.0,1012891000.0,124477000.0,888414000.0,2634578759.0,-27749000.0,0.0,-25173000.0,0.0,-150511000.0,-180861000.0,2052000.0,0.0,151060000.0,0.0,85832000.0,85832000.0,85832000.0,0.0,0.0,0.095,53505000.0,132769000.0,78492000.0,4.016,2.114,30.695,30.453,1932445000.0,0.0,38.98,2.915,2.918,24479000.0,-337330000.0,903746000.0,903746000.0,0.0,0.037,0.068,0.044,0.134,6766000.0,60835000.0,1.0,67587962.0,67664000.0,67713000.0,13.356,2241502000.0,0.0,2116000.0,14623000.0,33.127,71983000.0
9,PCH,MRT,2019-03-31,2019-03-31,2019-03-31,2021-08-25,-136778000.0,2273214000.0,2352321500.0,203829000.0,2069385000.0,0.407,18.839,6445000.0,104787000.0,104787000.0,722705000.0,114843000.0,1.719,0.778,755818000.0,39981000.0,715837000.0,755818000.0,0.0,76800000.0,0.0,0.136,5.14,164947000.0,241747000.0,0.253,241747000.0,164947000.0,129916000.0,1.76,1.72,1.76,1278386000.0,1283290000.0,1278386000.0,3243372297.0,20.0,13.416,169492000.0,2.498,1.0,233693000.0,0.244,17634000.0,35031000.0,2788068000.0,2831990750.0,62408000.0,80675000.0,0.0,80675000.0,994828000.0,118543000.0,876285000.0,2564647297.0,6040000.0,0.0,-10158000.0,0.0,-148731000.0,-164112000.0,7105000.0,0.0,163047000.0,0.0,114843000.0,114843000.0,114843000.0,0.0,0.0,0.12,56463000.0,177230000.0,72565000.0,2.92,2.006,22.332,21.472,1939286000.0,0.0,37.79,2.682,2.681,18009000.0,-312874000.0,956398000.0,956398000.0,0.0,0.049,0.089,0.058,0.172,6544000.0,62775000.0,1.0,67865766.0,67860000.0,67916000.0,14.094,2255580000.0,0.0,15073000.0,15956000.0,33.239,85286000.0
10,PCH,MRT,2018-12-31,2018-12-31,2018-12-31,2021-08-25,-129431000.0,2325852000.0,2377106250.0,262198000.0,2063654000.0,0.41,21.72,-52090000.0,76639000.0,76639000.0,707645000.0,122880000.0,1.924,0.769,755364000.0,39973000.0,715391000.0,755364000.0,0.0,73161000.0,0.0,0.162,5.14,177306000.0,250467000.0,0.257,250467000.0,177306000.0,142079000.0,2.03,1.99,2.03,1314779000.0,1297554000.0,1314779000.0,2631918974.0,15.0,10.508,126804000.0,2.095,1.0,266934000.0,0.274,17828000.0,35227000.0,2850465000.0,2873146000.0,60805000.0,79537000.0,0.0,79537000.0,1011073000.0,136284000.0,874789000.0,1985554974.0,-41016000.0,3419000.0,0.0,-20250000.0,-146768000.0,-172001000.0,-47909000.0,0.0,178894000.0,0.0,122880000.0,122880000.0,122880000.0,0.0,0.0,0.126,81980000.0,184954000.0,60993000.0,2.532,1.51,16.158,15.586,1945008000.0,0.0,31.64,2.037,1.965,21405000.0,-282391000.0,974579000.0,974579000.0,0.0,0.052,0.095,0.062,0.182,8206000.0,59861000.0,1.0,62754582.0,60534000.0,61814000.0,16.1,2308024000.0,0.0,19199000.0,32009000.0,38.128,125914000.0
11,PCH,MRT,2018-09-30,2018-09-30,2018-09-30,2021-08-25,-111156000.0,2413071000.0,2033913000.0,269416000.0,2143655000.0,0.459,18.72,-38071000.0,137535000.0,137535000.0,636457000.0,132669000.0,0.874,1.047,783899000.0,0.0,783899000.0,783899000.0,0.0,61689000.0,0.0,0.126,5.14,206331000.0,268020000.0,0.287,268020000.0,206331000.0,173811000.0,2.27,2.23,2.27,1179069000.0,1018994750.0,1179069000.0,3227536789.0,16.0,12.042,143611000.0,2.28,1.0,296116000.0,0.318,19241000.0,32520000.0,2731848000.0,2493315500.0,73864000.0,76523000.0,0.0,76523000.0,1234002000.0,308346000.0,925656000.0,2569819789.0,24440000.0,3419000.0,0.0,-26250000.0,-91550000.0,-123331000.0,-33911000.0,0.0,181682000.0,0.0,132669000.0,132669000.0,132669000.0,0.0,0.0,0.142,82482000.0,213634000.0,302258000.0,2.264,2.18,19.37,18.04,2024195000.0,0.0,40.95,2.756,2.766,39029000.0,-256280000.0,932573000.0,932573000.0,0.0,0.065,0.13,0.083,0.221,8361000.0,57758000.0,1.0,62755062.0,62986000.0,64722000.0,14.806,2393830000.0,0.0,41142000.0,38575000.0,38.006,-38930000.0
12,PCH,MRT,2018-06-30,2018-06-30,2018-06-30,2021-08-25,-114450000.0,2397149000.0,1673393500.0,250450000.0,2146699000.0,0.498,21.609,-53803000.0,125719000.0,125719000.0,565600000.0,106033000.0,3.213,0.761,783436000.0,0.0,783436000.0,783436000.0,0.0,50809000.0,0.0,0.031,1.575,174324000.0,225133000.0,0.27,225133000.0,174324000.0,144577000.0,2.14,2.12,2.14,1360926000.0,772025000.0,1360926000.0,3871727326.0,22.0,17.198,124828000.0,1.982,1.0,268215000.0,0.322,19344000.0,29747000.0,2957582000.0,2147010750.0,63384000.0,75578000.0,0.0,75578000.0,1036223000.0,77940000.0,958283000.0,3191093326.0,15395000.0,3419000.0,0.0,-26250000.0,-81677000.0,-113448000.0,-49788000.0,0.0,178631000.0,0.0,106033000.0,106033000.0,106033000.0,0.0,0.0,0.127,86934000.0,181281000.0,71852000.0,0.736,2.345,30.095,23.762,2031489000.0,0.0,50.85,3.827,3.841,43322000.0,-69426000.0,833815000.0,833815000.0,0.0,0.063,0.137,0.081,0.209,7920000.0,56097000.0,1.0,62755031.0,62980000.0,63316000.0,13.239,2377805000.0,0.0,38544000.0,27040000.0,37.755,172510000.0
13,PCH,MRT,2018-03-31,2018-03-31,2018-03-31,2021-08-25,-117381000.0,2372353000.0,1310799750.0,214529000.0,2157824000.0,0.556,26.484,-50222000.0,102340000.0,102340000.0,496050000.0,84129000.0,2.639,0.776,782974000.0,0.0,782974000.0,782974000.0,0.0,35845000.0,0.0,0.03,1.55,147588000.0,183433000.0,0.252,183433000.0,147588000.0,119849000.0,2.0,1.98,2.0,1335442000.0,474375750.0,1335442000.0,2566716132.0,17.0,13.993,105402000.0,2.09,1.0,232761000.0,0.319,19000000.0,27739000.0,2952689000.0,1741698750.0,62153000.0,78454000.0,0.0,78454000.0,1036911000.0,81298000.0,955613000.0,2113854132.0,676000.0,3419000.0,0.0,-31250000.0,-71805000.0,-108470000.0,-46478000.0,0.0,155624000.0,0.0,84129000.0,84129000.0,84129000.0,0.0,0.0,0.115,78838000.0,153923000.0,75241000.0,0.775,1.583,25.126,26.025,2047517000.0,0.0,52.05,2.9,3.601,28212000.0,-90334000.0,728811000.0,728811000.0,0.0,0.064,0.177,0.085,0.203,7501000.0,52284000.0,1.0,40611991.0,50425000.0,50786000.0,14.453,2353353000.0,0.0,35720000.0,22927000.0,46.67,133231000.0
14,PCH,MRT,2017-12-31,2017-12-31,2017-12-31,2021-08-25,-94851000.0,953079000.0,950879250.0,193307000.0,759772000.0,0.714,4.912,-50011000.0,120457000.0,120457000.0,469393000.0,86453000.0,2.584,3.753,573319000.0,14263000.0,559056000.0,573319000.0,0.0,29912000.0,0.0,0.031,1.525,145523000.0,175435000.0,0.259,175435000.0,145523000.0,118474000.0,2.12,2.1,2.12,200542000.0,180330750.0,200542000.0,2489002164.0,17.0,14.188,112648000.0,2.759,1.0,209202000.0,0.308,0.0,27049000.0,1331143000.0,1338393750.0,50132000.0,0.0,0.0,0.0,752537000.0,74798000.0,677739000.0,2026482164.0,37873000.0,0.0,0.0,-11000000.0,-61931000.0,-74766000.0,-50020000.0,0.0,162659000.0,0.0,86453000.0,86453000.0,86453000.0,0.0,0.0,0.127,57295000.0,151907000.0,55201000.0,0.719,10.105,23.44,23.538,731705000.0,0.0,49.9,2.986,3.002,11240000.0,-104363000.0,678595000.0,678595000.0,0.0,0.091,0.479,0.109,0.214,5379000.0,49996000.0,1.0,40610865.0,40824000.0,41227000.0,16.622,953079000.0,19796000.0,32021000.0,0.0,23.346,118509000.0
15,PCH,MRT,2017-09-30,2017-09-30,2017-09-30,2021-08-25,-107480000.0,970993000.0,944529750.0,188345000.0,782648000.0,0.698,4.683,-47724000.0,116803000.0,116803000.0,463857000.0,89238000.0,2.168,4.079,579323000.0,20304000.0,559019000.0,579323000.0,0.0,30375000.0,0.0,0.029,1.5,134191000.0,164566000.0,0.25,164566000.0,134191000.0,107613000.0,2.18,2.17,2.18,191190000.0,169263750.0,191190000.0,2540032115.0,19.0,15.435,109348000.0,2.678,1.0,195175000.0,0.296,0.0,26578000.0,1346629000.0,1347734000.0,39261000.0,0.0,0.0,0.0,779803000.0,86884000.0,692919000.0,2071154115.0,43948000.0,0.0,0.0,-5000000.0,-60881000.0,-67192000.0,-45932000.0,0.0,157072000.0,0.0,89238000.0,89238000.0,89238000.0,0.0,0.0,0.135,47057000.0,148118000.0,60741000.0,0.688,10.833,23.209,23.394,733684000.0,0.0,51.0,3.143,3.16,23461000.0,-99677000.0,659032000.0,659032000.0,0.0,0.094,0.527,0.1,0.204,4636000.0,43237000.0,1.0,40610865.0,40829000.0,41250000.0,16.141,970993000.0,40889000.0,18375000.0,0.0,23.782,101461000.0
16,PCH,MRT,2017-06-30,2017-06-30,2017-06-30,2021-08-25,-108614000.0,946774000.0,935062750.0,186380000.0,760394000.0,0.687,4.172,-25202000.0,110324000.0,110324000.0,461262000.0,83184000.0,2.35,4.559,579202000.0,20349000.0,558853000.0,579202000.0,0.0,31059000.0,0.0,0.033,1.5,129392000.0,160451000.0,0.25,160451000.0,129392000.0,102364000.0,2.03,2.03,2.03,170329000.0,160407000.0,170329000.0,2338088956.0,18.0,14.572,110637000.0,2.71,1.0,181356000.0,0.282,0.0,27028000.0,1336334000.0,1366551000.0,40124000.0,0.0,0.0,0.0,776445000.0,79318000.0,697127000.0,1855834956.0,44946000.0,0.0,0.0,-5000000.0,-60846000.0,-67931000.0,-22962000.0,0.0,135839000.0,0.0,83184000.0,83184000.0,83184000.0,0.0,0.0,0.129,39633000.0,141723000.0,53130000.0,0.739,10.896,22.31,22.512,713849000.0,0.0,45.7,2.888,2.903,23536000.0,-118120000.0,642618000.0,642618000.0,0.0,0.089,0.519,0.095,0.201,4562000.0,42898000.0,1.0,40609080.0,40823000.0,41219000.0,15.742,946774000.0,39445000.0,19180000.0,0.0,23.192,107062000.0
17,PCH,MRT,2017-03-31,2017-03-31,2017-03-31,2021-08-25,-109411000.0,932671000.0,926905500.0,172014000.0,760657000.0,0.67,3.906,-23639000.0,101664000.0,101664000.0,463283000.0,27702000.0,2.28,4.856,583918000.0,25408000.0,558510000.0,583918000.0,0.0,32287000.0,0.0,0.033,1.5,54391000.0,86678000.0,0.14,86678000.0,54391000.0,26505000.0,0.67,0.67,0.67,159262000.0,152960500.0,159262000.0,2354412182.0,43.0,27.163,91534000.0,2.245,1.0,157601000.0,0.254,0.0,27886000.0,1339469000.0,1386414000.0,45347000.0,0.0,0.0,0.0,773409000.0,75456000.0,697953000.0,1853008182.0,93840000.0,111460000.0,-5956000.0,-39764000.0,-60812000.0,-111359000.0,90026000.0,0.0,115173000.0,0.0,27702000.0,27702000.0,27702000.0,0.0,0.0,0.045,43643000.0,113958000.0,44209000.0,2.239,11.635,66.891,68.209,711785000.0,0.0,45.7,2.984,3.001,16328000.0,-127109000.0,620884000.0,620884000.0,0.0,0.03,0.181,0.039,0.088,4593000.0,43643000.0,1.0,40547225.0,40778000.0,41071000.0,15.226,932671000.0,41550000.0,-1197000.0,0.0,22.872,96558000.0
18,PCH,MRT,2016-12-31,2016-12-31,2016-12-31,2021-08-25,-110744000.0,927681000.0,944076500.0,163645000.0,764036000.0,0.635,3.83,-20532000.0,82584000.0,82584000.0,460600000.0,10938000.0,2.701,4.936,583988000.0,11032000.0,572956000.0,583988000.0,0.0,34190000.0,0.0,0.036,1.5,35554000.0,69744000.0,0.116,69744000.0,35554000.0,6613000.0,0.27,0.27,0.27,156274000.0,160764000.0,156274000.0,2240232899.0,63.0,32.121,81585000.0,2.0,1.0,138499000.0,0.231,0.0,28941000.0,1368504000.0,1444227250.0,52622000.0,0.0,0.0,0.0,771407000.0,60581000.0,710826000.0,1687596899.0,74659000.0,111460000.0,-5956000.0,-50100000.0,-60842000.0,-120809000.0,93351000.0,0.0,102117000.0,0.0,10938000.0,10938000.0,10938000.0,0.0,0.0,0.018,45284000.0,93215000.0,43710000.0,5.556,10.799,154.288,154.259,714676000.0,0.0,41.65,2.817,2.836,14842000.0,-128775000.0,599099000.0,599099000.0,0.0,0.012,0.068,0.025,0.059,4390000.0,44262000.0,1.0,40518533.0,40798000.0,41033000.0,14.685,927681000.0,42051000.0,-4325000.0,0.0,22.738,103064000.0
19,PCH,MRT,2016-09-30,2016-09-30,2016-09-30,2021-08-25,-110532000.0,933125000.0,966309250.0,160976000.0,772149000.0,0.602,3.823,-22110000.0,32734000.0,32734000.0,462076000.0,114000.0,2.521,4.991,585370000.0,5053000.0,580317000.0,585370000.0,0.0,35674000.0,0.0,0.039,1.5,19693000.0,55367000.0,0.095,55367000.0,19693000.0,-10665000.0,0.0,-0.01,0.0,155763000.0,172629500.0,155763000.0,2136751748.0,109.0,38.593,71146000.0,1.746,1.0,119331000.0,0.205,0.0,30358000.0,1421897000.0,1492563250.0,41006000.0,40121000.0,40121000.0,0.0,777362000.0,63864000.0,713498000.0,1575765748.0,52176000.0,111460000.0,-5956000.0,-41160000.0,-60903000.0,-113356000.0,72276000.0,-19333000.0,93256000.0,0.0,114000.0,114000.0,114000.0,0.0,0.0,0.0,51116000.0,68215000.0,52838000.0,,10.116,13822.507,,721134000.0,0.0,38.89,2.71,2.725,37175000.0,-127926000.0,581407000.0,581407000.0,0.0,0.0,0.001,0.013,0.034,4459000.0,51116000.0,1.0,40518533.0,40740000.0,40933000.0,14.271,933125000.0,42393000.0,-10779000.0,0.0,22.904,97112000.0
20,PCH,MRT,2016-06-30,2016-06-30,2016-06-30,2021-08-25,-112122000.0,914145000.0,992921750.0,135116000.0,779029000.0,0.586,3.446,-34903000.0,25301000.0,25301000.0,476016000.0,-5734000.0,2.277,5.504,586287000.0,5082000.0,581205000.0,586287000.0,0.0,38982000.0,0.0,0.044,1.5,8413000.0,47395000.0,0.081,47395000.0,8413000.0,-22494000.0,-0.15,-0.16,-0.15,140543000.0,187448500.0,140543000.0,2007386188.0,239.0,42.354,68116000.0,1.67,1.0,105839000.0,0.182,0.0,30907000.0,1415786000.0,1530766750.0,30045000.0,40077000.0,40077000.0,0.0,773602000.0,59345000.0,714257000.0,1387466188.0,37222000.0,111460000.0,-5956000.0,-55354000.0,-60963000.0,-126866000.0,61069000.0,-17542000.0,103019000.0,0.0,-5734000.0,-5734000.0,-5734000.0,0.0,0.0,-0.01,48904000.0,56935000.0,48290000.0,-10.0,9.872,-241.972,-227.333,718372000.0,0.0,34.1,2.385,2.39,22531000.0,-140351000.0,581855000.0,581855000.0,0.0,-0.006,-0.031,0.005,0.014,4675000.0,48904000.0,1.0,40688158.0,40784000.0,40784000.0,14.267,914145000.0,51569000.0,-16760000.0,0.0,22.414,75771000.0
21,PCH,MRT,2016-03-31,2016-03-31,2016-03-31,2021-08-25,-113292000.0,1001355000.0,1024448500.0,61668000.0,939687000.0,0.556,4.66,-38592000.0,7789000.0,7789000.0,472080000.0,26215000.0,1.22,4.257,627709000.0,0.0,627709000.0,627709000.0,0.0,38206000.0,0.0,0.048,1.5,49952000.0,88158000.0,0.155,88158000.0,49952000.0,19235000.0,0.64,0.63,0.64,190476000.0,203635750.0,190476000.0,1907437460.0,38.0,21.637,39878000.0,0.976,1.0,97027000.0,0.17,0.0,30717000.0,1570722000.0,1569744500.0,25028000.0,35000.0,35000.0,0.0,810879000.0,50553000.0,760326000.0,1281442460.0,-20693000.0,0.0,0.0,715000.0,-61022000.0,-62268000.0,-36895000.0,-488000.0,78470000.0,0.0,26215000.0,26215000.0,26215000.0,0.0,0.0,0.046,47075000.0,49952000.0,44580000.0,2.344,6.728,48.882,49.219,884916000.0,0.0,31.5,2.252,2.262,14710000.0,-88108000.0,569107000.0,569107000.0,0.0,0.026,0.129,0.032,0.088,4576000.0,47075000.0,1.0,40680713.0,40875000.0,40960000.0,13.923,1001355000.0,46645000.0,-6980000.0,0.0,24.498,11115000.0
22,PCH,MRT,2015-12-31,2015-12-31,2015-12-31,2021-08-25,-114503000.0,1016612000.0,1031896250.0,70753000.0,945859000.0,0.558,4.988,-42962000.0,7925000.0,7925000.0,470037000.0,31714000.0,0.877,3.99,633881000.0,35007000.0,598874000.0,633881000.0,0.0,38105000.0,0.0,0.05,1.5,58907000.0,97012000.0,0.169,97012000.0,58907000.0,26146000.0,0.78,0.77,0.78,203736000.0,210264500.0,203736000.0,1858959201.0,32.0,19.162,31052000.0,0.76,1.0,105299000.0,0.183,0.0,32761000.0,1561848000.0,1569594000.0,35162000.0,0.0,0.0,0.0,812876000.0,80720000.0,732156000.0,1230090201.0,-16092000.0,0.0,0.0,7500000.0,-61017000.0,-56517000.0,-33589000.0,6995000.0,74014000.0,0.0,31714000.0,31714000.0,31714000.0,0.0,0.0,0.055,46392000.0,58907000.0,39740000.0,1.923,6.038,38.787,38.769,891884000.0,0.0,30.24,2.138,2.147,13420000.0,-72983000.0,575336000.0,575336000.0,0.0,0.031,0.151,0.038,0.102,4758000.0,46392000.0,1.0,40677586.0,40842000.0,40988000.0,14.087,1016612000.0,46600000.0,-5568000.0,0.0,24.891,-9967000.0
23,PCH,MRT,2015-09-30,2015-09-30,2015-09-30,2021-08-25,-113233000.0,1039575000.0,1035679750.0,94292000.0,945283000.0,0.563,5.265,-429742000.0,1306000.0,1306000.0,461058000.0,48301000.0,1.006,3.834,630175000.0,27500000.0,602675000.0,630175000.0,0.0,35577000.0,0.0,0.052,1.5,75655000.0,111232000.0,0.191,111232000.0,75655000.0,44801000.0,1.19,1.18,1.19,215039000.0,215597000.0,215039000.0,1806176925.0,24.0,16.238,-350886000.0,-8.59,1.0,122526000.0,0.21,0.0,30854000.0,1574711000.0,1574276000.0,40379000.0,40000.0,40000.0,0.0,824536000.0,93733000.0,730803000.0,1170700925.0,-31066000.0,0.0,0.0,311479000.0,-60988000.0,249277000.0,-359199000.0,40931000.0,78856000.0,0.0,48301000.0,48301000.0,48301000.0,0.0,0.0,0.083,46871000.0,75655000.0,66233000.0,1.261,5.444,24.238,24.185,897069000.0,0.0,28.78,2.006,2.014,29645000.0,-61253000.0,583584000.0,583584000.0,0.0,0.047,0.224,0.048,0.13,4668000.0,46871000.0,1.0,40677586.0,40846000.0,40985000.0,14.287,1039575000.0,42883000.0,-3500000.0,0.0,25.451,559000.0
24,PCH,MRT,2015-06-30,2015-06-30,2015-06-30,2021-08-25,-115045000.0,1040252000.0,953580500.0,90296000.0,949956000.0,0.615,5.026,-419041000.0,8783000.0,8783000.0,446560000.0,59657000.0,0.868,4.067,644259000.0,42500000.0,601759000.0,644259000.0,0.0,31344000.0,0.0,0.042,1.475,92810000.0,124154000.0,0.212,124154000.0,92810000.0,64785000.0,1.47,1.46,1.47,205292000.0,223278250.0,205292000.0,2057213062.0,22.0,16.57,-339445000.0,-8.311,1.0,139764000.0,0.238,0.0,28025000.0,1571697000.0,1421261000.0,41124000.0,1831000.0,1831000.0,0.0,834960000.0,104031000.0,730929000.0,1436709062.0,-24542000.0,0.0,0.0,324178000.0,-59942000.0,262174000.0,-366312000.0,48012000.0,79596000.0,0.0,59657000.0,59657000.0,59657000.0,0.0,0.0,0.102,46954000.0,92810000.0,61531000.0,1.003,6.998,24.083,24.027,898353000.0,0.0,35.32,2.45,2.46,18055000.0,-67774000.0,586324000.0,586324000.0,0.0,0.063,0.267,0.065,0.158,4364000.0,46954000.0,1.0,40676927.0,40843000.0,40963000.0,14.356,1040252000.0,42962000.0,5128000.0,0.0,25.47,-13735000.0
25,PCH,MRT,2015-03-31,2015-03-31,2015-03-31,2021-08-25,-116691000.0,1031146000.0,865923750.0,89335000.0,941811000.0,0.695,5.318,-417091000.0,9144000.0,9144000.0,438968000.0,75216000.0,1.096,3.752,629648000.0,27498000.0,602150000.0,629648000.0,0.0,29149000.0,0.0,0.036,1.45,115224000.0,144373000.0,0.24,144373000.0,115224000.0,89706000.0,1.85,1.84,1.85,216991000.0,228039250.0,216991000.0,2250530367.0,20.0,15.588,-301266000.0,-7.384,1.0,162528000.0,0.27,0.0,25518000.0,1570120000.0,1264696500.0,27518000.0,18885000.0,18885000.0,0.0,814155000.0,81530000.0,732625000.0,1625831367.0,-24293000.0,0.0,0.0,309085000.0,-58895000.0,248162000.0,-388280000.0,23992000.0,115825000.0,0.0,75216000.0,75216000.0,75216000.0,0.0,0.0,0.125,47304000.0,115224000.0,54032000.0,0.784,7.493,21.615,21.643,894129000.0,0.0,40.04,2.703,2.716,13065000.0,-53208000.0,601496000.0,601496000.0,0.0,0.087,0.33,0.091,0.192,4365000.0,47304000.0,1.0,40605179.0,40802000.0,40885000.0,14.742,1031146000.0,43244000.0,14490000.0,0.0,25.272,7805000.0
26,PCH,MRT,2014-12-31,2014-12-31,2014-12-31,2021-08-25,-118392000.0,1031746000.0,779107250.0,92492000.0,939254000.0,0.779,5.523,-413184000.0,4644000.0,4644000.0,429789000.0,89910000.0,1.281,3.584,625668000.0,22870000.0,602798000.0,625668000.0,0.0,26749000.0,0.0,0.034,1.425,132506000.0,159255000.0,0.262,159255000.0,132506000.0,109597000.0,2.21,2.2,2.21,225066000.0,226616000.0,225066000.0,2011215741.0,15.0,12.629,-281812000.0,-6.916,1.0,177161000.0,0.292,0.0,22909000.0,1580576000.0,1108433500.0,31490000.0,26368000.0,26368000.0,0.0,806680000.0,72194000.0,734486000.0,1699765741.0,-25015000.0,0.0,0.0,310000000.0,-57848000.0,250369000.0,-406756000.0,1810000.0,131372000.0,0.0,89910000.0,89910000.0,89910000.0,0.0,0.0,0.148,44655000.0,132506000.0,43064000.0,0.645,7.552,18.905,18.946,894169000.0,0.0,41.87,2.801,2.811,9928000.0,-43588000.0,606950000.0,606950000.0,0.0,0.115,0.397,0.12,0.218,4137000.0,44655000.0,1.0,40596268.0,40749000.0,40894000.0,14.895,1031746000.0,43396000.0,19687000.0,0.0,25.32,20298000.0
27,PCH,MRT,2014-09-30,2014-09-30,2014-09-30,2021-08-25,0.0,711178000.0,691303250.0,144127000.0,567051000.0,0.869,6.032,-26875000.0,8299000.0,8299000.0,428086000.0,83495000.0,2.403,1.894,319749000.0,0.0,319749000.0,319749000.0,0.0,26217000.0,0.0,0.035,1.4,126548000.0,152765000.0,0.254,152765000.0,126548000.0,104500000.0,2.05,2.04,2.05,245764000.0,221386500.0,245764000.0,1942931797.0,15.0,12.718,95974000.0,2.355,1.0,172582000.0,0.287,0.0,22048000.0,962651000.0,949469000.0,30728000.0,94438000.0,65044000.0,29394000.0,465414000.0,59977000.0,405437000.0,1632180797.0,2305000.0,0.0,106000.0,-3893000.0,-56809000.0,-62804000.0,-57740000.0,-8239000.0,122849000.0,0.0,83495000.0,83495000.0,83495000.0,0.0,0.0,0.139,46034000.0,126548000.0,59977000.0,0.683,6.641,19.548,19.615,513211000.0,0.0,40.21,2.717,2.728,23563000.0,,600668000.0,600668000.0,0.0,0.121,0.377,0.133,0.211,4164000.0,46034000.0,1.0,40591415.0,40745000.0,,14.742,711178000.0,23107000.0,21005000.0,0.0,17.454,84150000.0
28,PCH,MRT,2014-06-30,2014-06-30,2014-06-30,2021-08-25,0.0,689625000.0,690756000.0,145176000.0,544449000.0,0.842,5.506,-25573000.0,9252000.0,9252000.0,419011000.0,72532000.0,2.643,2.074,320003000.0,0.0,320003000.0,320003000.0,0.0,25939000.0,0.0,0.033,1.36,112583000.0,138522000.0,0.238,138522000.0,112583000.0,90485000.0,1.79,1.77,1.79,224336000.0,201872250.0,224336000.0,1991103117.0,18.0,14.374,91596000.0,2.248,1.0,162311000.0,0.279,0.0,22098000.0,945439000.0,949798500.0,26071000.0,73916000.0,73916000.0,0.0,465289000.0,54937000.0,410352000.0,1680453117.0,2846000.0,0.0,106000.0,-4102000.0,-55166000.0,-60690000.0,-53633000.0,-29871000.0,117169000.0,0.0,72532000.0,72532000.0,72532000.0,0.0,0.0,0.125,49728000.0,112583000.0,54937000.0,0.76,7.491,23.168,23.128,515165000.0,0.0,41.4,2.891,2.901,20629000.0,,581322000.0,581322000.0,0.0,0.105,0.359,0.119,0.194,4308000.0,48706000.0,1.0,40590655.0,40741000.0,,14.269,689625000.0,24452000.0,17953000.0,0.0,16.927,90239000.0
29,PCH,MRT,2014-03-31,2014-03-31,2014-03-31,2021-08-25,0.0,683880000.0,692626000.0,139101000.0,544779000.0,0.824,5.209,-22658000.0,9364000.0,9364000.0,409066000.0,75444000.0,2.812,2.237,320014000.0,0.0,320014000.0,320014000.0,0.0,26199000.0,0.0,0.034,1.32,112299000.0,138498000.0,0.243,138498000.0,112299000.0,90043000.0,1.86,1.84,1.86,211298000.0,184488500.0,211298000.0,1882877849.0,17.0,13.595,79644000.0,1.964,1.0,161549000.0,0.283,0.0,22256000.0,945068000.0,951503250.0,34231000.0,66950000.0,66950000.0,0.0,472582000.0,49462000.0,423120000.0,1568371849.0,5085000.0,0.0,1237000.0,-10574000.0,-53522000.0,-64351000.0,-32866000.0,-11512000.0,102302000.0,0.0,75444000.0,75444000.0,75444000.0,0.0,0.0,0.132,49250000.0,112299000.0,49462000.0,0.71,7.423,20.789,20.801,511180000.0,0.0,38.69,2.749,2.75,12593000.0,,570615000.0,570615000.0,0.0,0.109,0.409,0.118,0.197,4213000.0,46478000.0,1.0,40536879.0,40561000.0,,14.068,683880000.0,28557000.0,14599000.0,0.0,16.861,89639000.0
30,PCH,MRT,2013-12-31,2013-12-31,2013-12-31,2021-08-25,-98720000.0,680530000.0,696714750.0,130369000.0,550161000.0,0.819,5.037,-23653000.0,5586000.0,5586000.0,408772000.0,70581000.0,2.591,2.334,320092000.0,0.0,320092000.0,320092000.0,0.0,26962000.0,0.0,0.031,1.28,107598000.0,134560000.0,0.236,134560000.0,107598000.0,84466000.0,1.74,1.73,1.74,204148000.0,167616000.0,204148000.0,2006015467.0,19.0,14.908,66599000.0,1.643,1.0,161517000.0,0.283,0.0,23132000.0,944718000.0,954660500.0,36275000.0,52251000.0,52251000.0,0.0,476382000.0,50318000.0,426064000.0,1691779467.0,-11399000.0,0.0,1904000.0,-37618000.0,-51868000.0,-89647000.0,-12004000.0,10826000.0,90252000.0,0.0,70581000.0,70581000.0,70581000.0,0.0,0.0,0.124,53919000.0,107598000.0,43617000.0,0.736,8.287,23.969,23.989,515847000.0,0.0,41.74,2.967,2.967,16572000.0,-75556000.0,570289000.0,570289000.0,0.0,0.101,0.421,0.113,0.189,4377000.0,50397000.0,1.0,40531372.0,40531372.0,,14.07,680530000.0,29300000.0,13885000.0,0.0,16.79,80051000.0
31,PCH,MRT,2013-09-30,2013-09-30,2013-09-30,2021-08-25,0.0,708989000.0,706306500.0,134872000.0,574117000.0,0.812,4.138,-34254000.0,5994000.0,5994000.0,406006000.0,70724000.0,2.276,3.228,320230000.0,0.0,320230000.0,320230000.0,0.0,27047000.0,0.0,0.031,1.24,113523000.0,140570000.0,0.245,140570000.0,113523000.0,89468000.0,1.75,1.73,1.75,167707000.0,151239750.0,167707000.0,1921927426.0,17.0,13.672,77761000.0,1.919,1.0,167627000.0,0.292,0.0,24055000.0,963969000.0,967456250.0,35381000.0,56805000.0,56805000.0,0.0,541282000.0,59256000.0,482026000.0,1608202426.0,-3039000.0,0.0,2164000.0,-24182000.0,-50201000.0,-76618000.0,-38436000.0,-3376000.0,112015000.0,0.0,70724000.0,70724000.0,70724000.0,0.0,0.0,0.123,54104000.0,113523000.0,59256000.0,0.709,9.589,22.739,22.674,520244000.0,0.0,39.68,2.804,2.804,18671000.0,,573633000.0,573633000.0,0.0,0.1,0.468,0.117,0.198,4281000.0,50582000.0,1.0,40529295.0,40530000.0,,14.153,708989000.0,51514000.0,18744000.0,0.0,17.493,75616000.0
32,PCH,MRT,2013-06-30,2013-06-30,2013-06-30,2021-08-25,0.0,697105000.0,706238250.0,120257000.0,576848000.0,0.804,3.821,-32943000.0,6406000.0,6406000.0,403313000.0,67132000.0,2.053,3.503,320131000.0,0.0,320131000.0,320131000.0,0.0,27303000.0,0.0,0.031,1.24,111382000.0,138685000.0,0.244,138685000.0,111382000.0,86603000.0,1.66,1.65,1.66,154801000.0,144284250.0,154801000.0,1962887086.0,18.0,14.154,76193000.0,1.881,1.0,164362000.0,0.29,0.0,24779000.0,952258000.0,968950250.0,31707000.0,44045000.0,44045000.0,0.0,542304000.0,58572000.0,483732000.0,1637405086.0,-2142000.0,0.0,2810000.0,-23526000.0,-50150000.0,-74850000.0,-36428000.0,-2399000.0,109136000.0,0.0,67132000.0,67132000.0,67132000.0,0.0,0.0,0.118,52980000.0,111382000.0,58572000.0,0.747,10.577,24.391,24.361,522446000.0,0.0,40.44,2.884,2.886,19471000.0,,567675000.0,567675000.0,0.0,0.095,0.465,0.115,0.196,4170000.0,50480000.0,1.0,40489740.0,40509000.0,,14.014,697105000.0,51367000.0,19471000.0,0.0,17.209,61685000.0
33,PCH,MRT,2013-03-31,2013-03-31,2013-03-31,2021-08-25,0.0,700235000.0,704863250.0,122926000.0,577309000.0,0.783,3.556,-30693000.0,4279000.0,4279000.0,400097000.0,53030000.0,1.807,3.869,329761000.0,9013000.0,320748000.0,329761000.0,0.0,27326000.0,0.0,0.027,1.24,99031000.0,126357000.0,0.229,126357000.0,99031000.0,73642000.0,1.32,1.31,1.32,143808000.0,138226500.0,143808000.0,2193225532.0,22.0,17.357,75550000.0,1.868,1.0,151906000.0,0.275,0.0,25389000.0,957697000.0,972981250.0,28757000.0,55438000.0,55438000.0,0.0,556427000.0,68020000.0,488407000.0,1852634532.0,-7598000.0,0.0,1679000.0,-21228000.0,-50090000.0,-73616000.0,-40225000.0,-8283000.0,106243000.0,0.0,53030000.0,53030000.0,53030000.0,0.0,0.0,0.096,52875000.0,99031000.0,59007000.0,0.939,12.883,34.936,34.742,521078000.0,0.0,45.86,3.356,3.359,16006000.0,,552003000.0,552003000.0,0.0,0.075,0.384,0.102,0.179,4192000.0,52125000.0,1.0,40397613.0,40436000.0,,13.651,700235000.0,52209000.0,20612000.0,0.0,17.317,54906000.0
34,PCH,MRT,2012-12-31,2012-12-31,2012-12-31,2021-08-25,-140898000.0,718897000.0,705063000.0,138097000.0,580800000.0,0.745,3.434,-29188000.0,16985000.0,16985000.0,390773000.0,42594000.0,2.172,4.185,357576000.0,8413000.0,349163000.0,357576000.0,0.0,26247000.0,0.0,0.032,1.24,84942000.0,111189000.0,0.212,111189000.0,84942000.0,59403000.0,1.06,1.05,1.06,138643000.0,136166500.0,138643000.0,1917272662.0,23.0,17.243,50793000.0,1.258,1.0,134361000.0,0.256,0.0,25539000.0,995901000.0,977749500.0,28928000.0,63077000.0,63077000.0,0.0,580254000.0,63587000.0,516667000.0,1580584662.0,9166000.0,0.0,1075000.0,-9200000.0,-50041000.0,-62168000.0,-8647000.0,-88000.0,79981000.0,0.0,42594000.0,42594000.0,42594000.0,0.0,0.0,0.081,49419000.0,84942000.0,48286000.0,1.17,11.4,37.108,36.933,522517000.0,0.0,39.149,3.01,3.01,10668000.0,-94196000.0,525134000.0,525134000.0,0.0,0.06,0.313,0.087,0.162,4067000.0,49419000.0,1.0,40373461.0,40373461.0,,13.007,718897000.0,53799000.0,16809000.0,0.0,17.806,74510000.0
35,PCH,MRT,2012-09-30,2012-09-30,2012-09-30,2021-08-25,0.0,708716000.0,711893750.0,138769000.0,569947000.0,0.691,3.466,-16862000.0,9033000.0,9033000.0,382248000.0,27252000.0,1.839,4.066,345721000.0,8413000.0,337308000.0,345721000.0,0.0,25447000.0,0.0,0.033,1.24,60240000.0,85687000.0,0.174,85687000.0,60240000.0,34491000.0,0.68,0.69,0.68,139885000.0,137040250.0,139885000.0,1844298853.0,31.0,21.524,31490000.0,0.78,1.0,109514000.0,0.223,0.0,25749000.0,969945000.0,985573000.0,29431000.0,53429000.0,53429000.0,0.0,568831000.0,75459000.0,493372000.0,1507486853.0,2816000.0,0.0,909000.0,-20128000.0,-49983000.0,-71162000.0,25626000.0,21261000.0,48352000.0,0.0,27252000.0,27252000.0,27252000.0,0.0,0.0,0.055,49274000.0,60240000.0,67046000.0,1.824,10.777,55.317,54.956,513508000.0,0.0,37.37,3.065,3.067,24532000.0,,491762000.0,491762000.0,0.0,0.038,0.199,0.061,0.122,4317000.0,48074000.0,1.0,40339493.0,40357000.0,,12.185,708716000.0,56450000.0,7239000.0,0.0,17.561,63310000.0
36,PCH,MRT,2012-06-30,2012-06-30,2012-06-30,2021-08-25,0.0,691605000.0,722867000.0,114179000.0,577426000.0,0.682,3.237,-16636000.0,8548000.0,8548000.0,380862000.0,34252000.0,1.902,4.297,345360000.0,13000.0,345347000.0,345360000.0,0.0,26237000.0,0.0,0.045,1.44,66931000.0,93168000.0,0.189,93168000.0,66931000.0,40830000.0,0.86,0.86,0.86,130570000.0,149631000.0,130570000.0,1626278055.0,24.0,17.455,34978000.0,0.867,1.0,111880000.0,0.227,0.0,26101000.0,968382000.0,999805250.0,22848000.0,41646000.0,41646000.0,0.0,561035000.0,60035000.0,501000000.0,1288213055.0,1180000.0,0.0,263000.0,-21107000.0,-57964000.0,-80952000.0,30518000.0,26112000.0,51614000.0,0.0,34252000.0,34252000.0,34252000.0,0.0,0.0,0.07,44949000.0,66931000.0,60022000.0,1.674,9.866,37.61,37.14,516465000.0,0.0,31.94,2.614,2.614,18207000.0,,492742000.0,492742000.0,0.0,0.047,0.229,0.067,0.136,4355000.0,42569000.0,1.0,40332281.0,40332000.0,,12.217,691605000.0,61302000.0,6578000.0,0.0,17.148,54144000.0
37,PCH,MRT,2012-03-31,2012-03-31,2012-03-31,2021-08-25,0.0,701034000.0,735316750.0,115897000.0,585137000.0,0.663,3.367,-16994000.0,11877000.0,11877000.0,378080000.0,37621000.0,1.859,4.171,349942000.0,5162000.0,344780000.0,349942000.0,0.0,26214000.0,0.0,0.052,1.64,67601000.0,93815000.0,0.192,93815000.0,67601000.0,41165000.0,0.94,0.94,0.94,135568000.0,162771250.0,135568000.0,1618520008.0,24.0,17.252,41882000.0,1.04,1.0,109492000.0,0.225,0.0,26436000.0,976770000.0,1012126000.0,21915000.0,47155000.0,47155000.0,0.0,565466000.0,62329000.0,503137000.0,1259936008.0,5288000.0,0.0,1308000.0,-17487000.0,-65956000.0,-84220000.0,30632000.0,27030000.0,58876000.0,0.0,37621000.0,37621000.0,37621000.0,0.0,0.0,0.077,41891000.0,67601000.0,57167000.0,1.745,9.294,33.49,33.34,518402000.0,0.0,31.34,2.584,2.588,13058000.0,,487572000.0,487572000.0,0.0,0.051,0.231,0.067,0.139,4401000.0,39511000.0,1.0,40202170.0,40261000.0,,12.11,701034000.0,67905000.0,3544000.0,0.0,17.412,53568000.0
38,PCH,MRT,2011-12-31,2011-12-31,2011-12-31,2021-08-25,-140882000.0,746220000.0,749411750.0,134851000.0,611369000.0,0.664,3.537,-16886000.0,7819000.0,7819000.0,382252000.0,40266000.0,1.738,4.25,366403000.0,21661000.0,344742000.0,366403000.0,0.0,29092000.0,0.0,0.059,1.84,72240000.0,101332000.0,0.204,101332000.0,72240000.0,44411000.0,1.0,1.0,1.0,142138000.0,176928000.0,142138000.0,1610350232.0,22.0,15.892,60539000.0,1.506,1.0,115169000.0,0.232,0.0,27829000.0,1027195000.0,1026675500.0,28603000.0,62989000.0,62989000.0,0.0,604082000.0,77609000.0,526473000.0,1250230232.0,2226000.0,0.0,1430000.0,-4854000.0,-73921000.0,-79702000.0,4503000.0,22260000.0,77425000.0,0.0,40266000.0,40266000.0,40266000.0,0.0,0.0,0.081,42929000.0,72240000.0,47776000.0,1.84,8.796,31.049,31.11,521140000.0,0.0,31.11,2.513,2.513,13533000.0,-86388000.0,497421000.0,497421000.0,0.0,0.054,0.228,0.07,0.145,4404000.0,40549000.0,1.0,40187407.0,40187407.0,,12.378,746220000.0,69833000.0,4145000.0,0.0,18.569,57242000.0
39,PCH,MRT,2011-09-30,2011-09-30,2011-09-30,2021-08-25,0.0,752609000.0,758284500.0,158491000.0,594118000.0,0.704,4.734,-16271000.0,6217000.0,6217000.0,405833000.0,51120000.0,1.846,2.956,366337000.0,21661000.0,344676000.0,366337000.0,0.0,30263000.0,0.0,0.065,2.04,83129000.0,113392000.0,0.212,113392000.0,83129000.0,55261000.0,1.27,1.26,1.27,190248000.0,192503250.0,190248000.0,1623703069.0,20.0,14.319,97940000.0,2.437,1.0,127835000.0,0.24,0.0,27868000.0,1026874000.0,1039522250.0,26369000.0,74690000.0,74690000.0,0.0,562361000.0,85855000.0,476506000.0,1266707069.0,835000.0,0.0,1722000.0,-7989000.0,-81875000.0,-90249000.0,-26996000.0,-9024000.0,114211000.0,0.0,51120000.0,51120000.0,51120000.0,-477000.0,0.0,0.096,45183000.0,82652000.0,64194000.0,1.606,6.658,24.779,24.819,525110000.0,0.0,31.52,2.374,2.374,26880000.0,,533668000.0,533668000.0,0.0,0.067,0.266,0.08,0.156,4252000.0,39907000.0,1.0,40187407.0,40187000.0,,13.28,752609000.0,39784000.0,4141000.0,0.0,18.728,72636000.0
40,PCH,MRT,2011-06-30,2011-06-30,2011-06-30,2021-08-25,0.0,741404000.0,771666000.0,138682000.0,602722000.0,0.699,4.558,-16115000.0,7368000.0,7368000.0,419618000.0,43601000.0,1.718,3.048,364364000.0,21660000.0,342704000.0,364364000.0,0.0,30670000.0,0.0,0.058,2.04,74201000.0,104871000.0,0.194,104871000.0,74201000.0,46107000.0,1.08,1.08,1.08,183131000.0,196981750.0,183131000.0,1772340693.0,24.0,16.9,115778000.0,2.882,1.0,120036000.0,0.222,0.0,28094000.0,1017665000.0,1057082500.0,21469000.0,67758000.0,67758000.0,0.0,558273000.0,80735000.0,477538000.0,1415791693.0,1710000.0,0.0,1954000.0,-897000.0,-81782000.0,-82940000.0,-50839000.0,-33153000.0,131893000.0,0.0,43601000.0,43601000.0,43601000.0,-393000.0,0.0,0.081,46228000.0,73808000.0,59075000.0,1.889,7.731,32.472,32.657,531983000.0,0.0,35.27,2.624,2.626,19874000.0,,539654000.0,539654000.0,0.0,0.057,0.221,0.07,0.137,4135000.0,42132000.0,1.0,40141528.0,40174000.0,,13.433,741404000.0,43595000.0,2506000.0,0.0,18.455,57947000.0
41,PCH,MRT,2011-03-31,2011-03-31,2011-03-31,2021-08-25,0.0,757414000.0,785345250.0,144859000.0,612555000.0,0.708,4.796,-14091000.0,6589000.0,6589000.0,431007000.0,46895000.0,1.834,2.941,363138000.0,16511000.0,346627000.0,363138000.0,0.0,32732000.0,0.0,0.051,2.04,78638000.0,111370000.0,0.2,111370000.0,78638000.0,50067000.0,1.16,1.16,1.16,192195000.0,203380000.0,192195000.0,1972236916.0,25.0,17.709,120300000.0,3.002,1.0,125255000.0,0.225,0.0,28571000.0,1034968000.0,1076874250.0,21841000.0,74185000.0,74185000.0,0.0,565219000.0,78995000.0,486224000.0,1609333916.0,4212000.0,0.0,1503000.0,-2107000.0,-81680000.0,-84571000.0,-49071000.0,-33840000.0,134391000.0,0.0,46895000.0,46895000.0,46895000.0,-308000.0,0.0,0.084,46925000.0,78330000.0,62484000.0,1.759,8.373,34.318,34.655,538708000.0,0.0,40.2,2.893,2.896,20507000.0,,556262000.0,556262000.0,0.0,0.06,0.231,0.073,0.141,4902000.0,42829000.0,1.0,40033182.0,40078000.0,,13.879,757414000.0,46828000.0,3172000.0,0.0,18.898,65864000.0
42,PCH,MRT,2010-12-31,2010-12-31,2010-12-31,2021-08-25,-113755000.0,781711000.0,798351000.0,161794000.0,619917000.0,0.676,5.11,-11926000.0,5593000.0,5593000.0,423353000.0,40394000.0,2.45,2.824,368496000.0,5011000.0,363485000.0,368496000.0,0.0,31204000.0,0.0,0.063,2.04,72770000.0,103974000.0,0.193,103974000.0,72770000.0,44990000.0,1.01,1.0,1.01,204439000.0,209556500.0,204439000.0,1666945259.0,23.0,16.032,114189000.0,2.854,1.0,116094000.0,0.215,0.0,27780000.0,1078582000.0,1095754750.0,24375000.0,85249000.0,85249000.0,0.0,577272000.0,66032000.0,511240000.0,1302212259.0,4061000.0,0.0,2156000.0,2167000.0,-81578000.0,-79580000.0,-45476000.0,-31743000.0,126115000.0,0.0,40394000.0,40394000.0,40394000.0,-119000.0,0.0,0.075,43443000.0,72651000.0,51504000.0,2.02,6.37,32.238,32.228,539523000.0,0.0,32.55,2.414,2.414,21278000.0,-52733000.0,539447000.0,539447000.0,0.0,0.051,0.193,0.066,0.135,3952000.0,39347000.0,1.0,40006521.0,40006521.0,,13.484,781711000.0,62400000.0,4596000.0,0.0,19.54,95762000.0
43,PCH,MRT,2010-09-30,2010-09-30,2010-09-30,2021-08-25,0.0,806135000.0,808814500.0,169945000.0,636190000.0,0.615,5.204,-9526000.0,5382000.0,5382000.0,387332000.0,33921000.0,2.304,2.873,370115000.0,5011000.0,365104000.0,370115000.0,0.0,31666000.0,0.0,0.06,2.04,65355000.0,97021000.0,0.195,97021000.0,65355000.0,37170000.0,0.84,0.83,0.84,208162000.0,215894250.0,208162000.0,1722281282.0,26.0,17.752,86860000.0,2.171,1.0,110019000.0,0.221,0.0,28185000.0,1097115000.0,1109107000.0,25675000.0,65666000.0,65666000.0,0.0,597973000.0,73753000.0,524220000.0,1359550282.0,3994000.0,0.0,3009000.0,78462000.0,-81472000.0,-6490000.0,-77166000.0,-65364000.0,96386000.0,0.0,33921000.0,33921000.0,33921000.0,401000.0,0.0,0.068,44263000.0,65756000.0,68742000.0,2.429,6.531,40.08,40.476,547615000.0,0.0,34.0,2.734,2.734,27820000.0,,497351000.0,497351000.0,0.0,0.042,0.157,0.059,0.131,6673000.0,40530000.0,1.0,39986773.0,40000000.0,,12.434,806135000.0,58869000.0,3249000.0,0.0,20.153,96192000.0
44,PCH,MRT,2010-06-30,2010-06-30,2010-06-30,2021-08-25,0.0,796121000.0,832483750.0,155800000.0,640321000.0,0.603,5.222,-10528000.0,5658000.0,5658000.0,369499000.0,61680000.0,2.512,2.814,368389000.0,5011000.0,363378000.0,368389000.0,0.0,37555000.0,0.0,0.057,2.04,83430000.0,120985000.0,0.241,120985000.0,83430000.0,57008000.0,1.54,1.53,1.54,208724000.0,215496250.0,208724000.0,1793660338.0,21.0,14.825,105104000.0,2.629,1.0,132691000.0,0.264,0.0,26422000.0,1096832000.0,1069527000.0,20887000.0,34606000.0,34606000.0,0.0,587397000.0,62020000.0,525377000.0,1427533338.0,3480000.0,0.0,3180000.0,25369000.0,-81351000.0,-59083000.0,-44606000.0,-32141000.0,115632000.0,0.0,61680000.0,61680000.0,61680000.0,500000.0,0.0,0.123,48761000.0,83930000.0,57009000.0,1.325,6.839,23.144,23.201,551658000.0,0.0,35.73,2.843,2.844,28044000.0,,502190000.0,502190000.0,0.0,0.074,0.286,0.078,0.166,5693000.0,45028000.0,1.0,39953354.0,39972000.0,,12.564,796121000.0,60930000.0,-4672000.0,0.0,19.917,93780000.0
45,PCH,MRT,2010-03-31,2010-03-31,2010-03-31,2021-08-25,0.0,809437000.0,862529750.0,110435000.0,699002000.0,0.524,5.438,-12218000.0,2377000.0,2377000.0,339773000.0,53703000.0,1.697,2.732,368504000.0,5011000.0,363493000.0,368504000.0,0.0,35241000.0,0.0,0.058,2.04,61931000.0,97172000.0,0.215,97172000.0,61931000.0,37726000.0,1.34,1.33,1.34,216901000.0,207777500.0,216901000.0,1762608426.0,28.0,18.139,78775000.0,1.975,1.0,112221000.0,0.248,0.0,24205000.0,1110490000.0,1035318000.0,29937000.0,40345000.0,40345000.0,0.0,592536000.0,65074000.0,527462000.0,1395709426.0,1260000.0,0.0,2629000.0,51024000.0,-81229000.0,-33807000.0,-47596000.0,-34231000.0,90993000.0,0.0,53703000.0,53703000.0,53703000.0,341000.0,0.0,0.119,49949000.0,62272000.0,60063000.0,1.522,6.435,25.989,26.149,604345000.0,0.0,35.04,3.088,3.092,22497000.0,,451994000.0,451994000.0,0.0,0.062,0.258,0.06,0.137,3829000.0,46216000.0,1.0,39831890.0,39887000.0,,11.332,809437000.0,66549000.0,-15977000.0,0.0,20.293,45361000.0
46,PCH,MRT,2009-12-31,2009-12-31,2009-12-31,2021-08-25,-127477000.0,823565000.0,889644000.0,121698000.0,701867000.0,0.535,5.778,-13826000.0,1532000.0,1532000.0,338350000.0,77328000.0,2.081,2.584,368431000.0,11000.0,368420000.0,368431000.0,0.0,34715000.0,0.0,0.064,2.04,82601000.0,117316000.0,0.246,117316000.0,82601000.0,60680000.0,1.94,1.93,1.94,229790000.0,204711000.0,229790000.0,1553749400.0,19.0,13.244,106088000.0,2.667,1.0,137819000.0,0.289,0.0,21921000.0,1131991000.0,1025414000.0,24493000.0,53506000.0,53506000.0,0.0,593775000.0,58473000.0,535302000.0,1267933400.0,647000.0,0.0,1839000.0,18854000.0,-81132000.0,-64679000.0,-46719000.0,-31843000.0,119914000.0,0.0,77328000.0,77328000.0,77328000.0,4103000.0,0.0,0.162,51115000.0,86704000.0,44501000.0,1.052,5.518,16.397,16.433,609012000.0,0.0,31.88,2.663,2.663,18161000.0,-11549000.0,476169000.0,476169000.0,0.0,0.087,0.378,0.081,0.173,3829000.0,47382000.0,1.0,39772064.0,39772064.0,,11.972,823565000.0,73745000.0,-16648000.0,0.0,20.707,63225000.0
47,PCH,MRT,2009-09-30,2009-09-30,2009-09-30,2021-08-25,0.0,900812000.0,918333000.0,176701000.0,724111000.0,0.507,5.195,-15548000.0,107638000.0,107638000.0,342301000.0,70075000.0,0.713,3.361,393454000.0,172511000.0,220943000.0,393454000.0,0.0,35033000.0,0.0,0.072,2.04,67322000.0,102355000.0,0.22,102355000.0,67322000.0,47927000.0,1.74,1.75,1.74,206570000.0,196822000.0,206570000.0,1464571720.0,22.0,14.309,43368000.0,1.091,1.0,123373000.0,0.265,0.0,19395000.0,938795000.0,1017598250.0,23921000.0,302000.0,302000.0,0.0,694242000.0,247833000.0,446409000.0,1130755720.0,-2402000.0,0.0,603000.0,-43700000.0,-81090000.0,-50049000.0,-11269000.0,11082000.0,58916000.0,0.0,70075000.0,70075000.0,70075000.0,14318000.0,0.0,0.15,41181000.0,82192000.0,75322000.0,1.172,5.474,16.136,16.351,617235000.0,0.0,28.45,2.428,2.429,27797000.0,,465674000.0,465674000.0,0.0,0.076,0.356,0.066,0.145,-2516000.0,41181000.0,1.0,39745368.0,39765000.0,,11.711,900812000.0,79702000.0,-22148000.0,0.0,22.653,-71132000.0
48,PCH,MRT,2009-06-30,2009-06-30,2009-06-30,2021-08-25,0.0,916305000.0,1075284500.0,184759000.0,731546000.0,0.402,4.475,-17060000.0,108428000.0,108428000.0,332132000.0,49486000.0,0.637,4.152,442244000.0,221307000.0,220937000.0,442244000.0,0.0,29134000.0,0.0,0.084,2.04,47228000.0,76362000.0,0.176,76362000.0,47228000.0,28071000.0,1.23,1.23,1.23,177849000.0,291664000.0,177849000.0,1381188292.0,29.0,18.087,2705000.0,0.068,1.0,100617000.0,0.233,0.0,19157000.0,959996000.0,1197456000.0,28244000.0,2112000.0,2112000.0,0.0,738456000.0,290125000.0,448331000.0,965359292.0,-4429000.0,0.0,683000.0,-12487000.0,-80962000.0,-21611000.0,-2583000.0,30221000.0,19765000.0,0.0,49486000.0,49486000.0,49486000.0,13755000.0,0.0,0.114,39180000.0,61437000.0,68818000.0,1.659,5.428,19.508,19.748,629267000.0,0.0,24.29,2.231,2.231,28665000.0,,432749000.0,432749000.0,0.0,0.046,0.17,0.039,0.109,-1241000.0,39180000.0,1.0,39743075.0,39745000.0,,10.888,916305000.0,74905000.0,-21415000.0,0.0,23.055,-105366000.0
49,PCH,MRT,2009-03-31,2009-03-31,2009-03-31,2021-08-25,0.0,917894000.0,1229976750.0,172110000.0,745784000.0,0.372,5.149,-19487000.0,1117000.0,1117000.0,335528000.0,67199000.0,0.655,3.486,416946000.0,196010000.0,220936000.0,416946000.0,0.0,29358000.0,0.0,0.088,2.04,71229000.0,100587000.0,0.22,100587000.0,71229000.0,51552000.0,1.68,1.68,1.68,204635000.0,391506500.0,204635000.0,1371143425.0,19.0,13.631,26743000.0,0.673,1.0,121463000.0,0.266,0.0,19677000.0,1070874000.0,1375266250.0,29970000.0,105725000.0,105725000.0,0.0,713259000.0,262849000.0,450410000.0,921591425.0,-5258000.0,0.0,3634000.0,-47498000.0,-80856000.0,-51943000.0,455000.0,39408000.0,46230000.0,0.0,67199000.0,67199000.0,67199000.0,11222000.0,0.0,0.147,38684000.0,82779000.0,66839000.0,1.214,4.504,13.714,13.804,632641000.0,0.0,23.19,2.017,2.017,18435000.0,,456991000.0,456991000.0,0.0,0.055,0.172,0.052,0.156,-259000.0,38684000.0,1.0,39740898.0,39742000.0,,11.499,917894000.0,85864000.0,-15647000.0,0.0,23.096,-90739000.0
50,PCH,MRT,2008-12-31,2008-12-31,2008-12-31,2021-08-25,-167054000.0,938321000.0,1383199000.0,195778000.0,742543000.0,0.318,5.016,-35548000.0,885000.0,885000.0,330332000.0,52637000.0,0.682,3.733,450437000.0,229510000.0,220927000.0,450437000.0,0.0,30153000.0,0.0,0.078,2.04,47596000.0,77749000.0,0.177,77749000.0,47596000.0,27442000.0,1.33,1.32,1.33,198234000.0,482788250.0,198234000.0,1459186883.0,31.0,18.768,-317000.0,-0.008,1.0,109625000.0,0.249,0.0,20154000.0,1100728000.0,1526322750.0,36686000.0,103034000.0,103034000.0,0.0,740087000.0,287145000.0,452942000.0,1027948883.0,-8162000.0,0.0,3902000.0,10462000.0,-80674000.0,4042000.0,-47435000.0,37321000.0,35231000.0,0.0,52637000.0,52637000.0,52637000.0,20300000.0,0.0,0.12,41729000.0,67896000.0,44377000.0,1.534,5.186,19.529,19.556,640047000.0,0.0,26.01,2.336,2.336,38750000.0,-7745000.0,439957000.0,439957000.0,0.0,0.038,0.109,0.031,0.108,634000.0,41729000.0,1.0,39521295.0,39521295.0,,11.132,938321000.0,86045000.0,-25195000.0,0.0,23.742,-91367000.0
51,PCH,MRT,2008-09-30,2008-09-30,2008-09-30,2021-08-25,0.0,1528618000.0,1527919750.0,340207000.0,1188411000.0,-0.275,14.828,-21859000.0,3790000.0,3790000.0,-475672000.0,68233000.0,1.128,1.609,435028000.0,114110000.0,320918000.0,435028000.0,0.0,-9210000.0,0.0,0.044,2.04,44603000.0,35393000.0,-0.084,35393000.0,44603000.0,35912000.0,1.72,1.71,1.72,585938000.0,577813750.0,585938000.0,2276606395.0,51.0,64.324,82859000.0,2.097,1.0,56180000.0,-0.134,0.0,8691000.0,1658226000.0,1664955750.0,172594000.0,8453000.0,8453000.0,0.0,942680000.0,301630000.0,641050000.0,1832591395.0,-4242000.0,0.0,5788000.0,-6379000.0,-80426000.0,-84033000.0,-24927000.0,61725000.0,104718000.0,0.0,68233000.0,68233000.0,68233000.0,-10444000.0,0.0,-0.163,20630000.0,35550000.0,187520000.0,1.186,3.128,26.858,26.971,1047904000.0,0.0,46.39,-4.369,-4.37,132249000.0,,-419492000.0,-419492000.0,0.0,0.045,0.118,0.027,-0.106,5592000.0,20668000.0,1.0,39504018.0,39515000.0,,-10.616,1528618000.0,0.0,-32321000.0,37371000.0,38.684,38577000.0
52,PCH,MRT,2008-06-30,2008-06-30,2008-06-30,2021-08-25,0.0,1535074000.0,1533855250.0,345332000.0,1189742000.0,-0.085,14.628,-60961000.0,6607000.0,6607000.0,-219481000.0,83996000.0,1.122,1.659,450622000.0,129710000.0,320912000.0,450622000.0,0.0,1585000.0,0.0,0.045,2.02,66781000.0,68366000.0,-0.527,68366000.0,66781000.0,55567000.0,2.13,2.12,2.13,577219000.0,576802500.0,577219000.0,2232227027.0,33.0,32.651,63759000.0,1.616,1.0,89744000.0,-0.692,0.0,11214000.0,1671237000.0,1671253500.0,151378000.0,26000000.0,26000000.0,0.0,957855000.0,307852000.0,650003000.0,1777283027.0,-147000.0,0.0,9606000.0,126389000.0,-79468000.0,56879000.0,-181746000.0,43434000.0,124720000.0,0.0,83996000.0,83996000.0,83996000.0,-8544000.0,0.0,-0.647,31065000.0,58679000.0,178142000.0,0.948,3.079,21.159,21.183,1053332000.0,0.0,45.12,-13.699,-13.723,136953000.0,,-129737000.0,-129737000.0,0.0,0.055,0.146,0.04,-0.515,7504000.0,31243000.0,1.0,39390138.0,39459000.0,,-3.288,1535074000.0,0.0,-28429000.0,46929000.0,38.903,37480000.0
53,PCH,MRT,2008-03-31,2008-03-31,2008-03-31,2021-08-25,0.0,1530783000.0,1502303750.0,335574000.0,1195209000.0,0.11,14.492,-66408000.0,6375000.0,6375000.0,38507000.0,96467000.0,1.08,1.687,461319000.0,140409000.0,320910000.0,461319000.0,0.0,15189000.0,0.0,0.048,2.0,89708000.0,104897000.0,0.633,104897000.0,89708000.0,76546000.0,2.46,2.45,2.46,569762000.0,570501250.0,569762000.0,2043042927.0,23.0,19.477,65051000.0,1.655,1.0,127221000.0,0.768,0.0,13162000.0,1675100000.0,1639369250.0,154927000.0,27869000.0,27869000.0,0.0,961021000.0,310627000.0,650394000.0,1620279927.0,84000.0,0.0,6899000.0,99033000.0,-78427000.0,27875000.0,-159250000.0,14879000.0,131459000.0,0.0,96467000.0,96467000.0,96467000.0,-4358000.0,0.0,0.582,41899000.0,85322000.0,170218000.0,0.813,2.844,16.796,16.776,1061783000.0,0.0,41.27,9.777,9.791,124165000.0,,165728000.0,165728000.0,0.0,0.064,0.169,0.055,0.541,6575000.0,42042000.0,1.0,39260478.0,39316000.0,,4.215,1530783000.0,0.0,-19921000.0,47137000.0,38.935,24947000.0
54,PCH,MRT,2007-12-31,2007-12-31,2007-12-31,2021-08-25,-115653000.0,1517204000.0,1478117750.0,333959000.0,1183245000.0,0.286,14.758,-69249000.0,9047000.0,9047000.0,298281000.0,56432000.0,1.173,1.623,431810000.0,110509000.0,321301000.0,431810000.0,0.0,26516000.0,0.0,0.045,1.98,54133000.0,80649000.0,0.19,80649000.0,54133000.0,38701000.0,1.44,1.43,1.44,578336000.0,561662500.0,578336000.0,2167993786.0,40.0,26.882,76589000.0,1.954,1.0,125191000.0,0.296,0.0,15432000.0,1655260000.0,1612584000.0,169396000.0,22289000.0,22289000.0,0.0,938868000.0,284707000.0,654161000.0,1741525786.0,1288000.0,0.0,9950000.0,104796000.0,-77460000.0,39019000.0,-183569000.0,7305000.0,145838000.0,0.0,56432000.0,56432000.0,56432000.0,18210000.0,0.0,0.133,52848000.0,72343000.0,152361000.0,1.375,3.011,30.861,30.861,1053838000.0,0.0,44.44,4.112,4.112,114260000.0,123783000.0,423472000.0,423472000.0,0.0,0.038,0.1,0.034,0.128,7234000.0,50195000.0,1.0,39188249.0,39188249.0,,10.806,1517204000.0,14783000.0,-17731000.0,51981000.0,38.716,49252000.0
55,PCH,MRT,2007-09-30,2007-09-30,2007-09-30,2021-08-25,0.0,1552360000.0,1463218500.0,334485000.0,1217875000.0,0.27,14.855,-66548000.0,8032000.0,8032000.0,239791000.0,90470000.0,1.132,1.668,434500000.0,113209000.0,321291000.0,434500000.0,0.0,21110000.0,0.0,0.044,1.96,113207000.0,134317000.0,0.34,134317000.0,113207000.0,96727000.0,2.34,2.32,2.34,581893000.0,561543250.0,581893000.0,2075420216.0,18.0,15.452,101938000.0,2.602,1.0,155521000.0,0.393,0.0,16480000.0,1683417000.0,1592404500.0,167483000.0,28384000.0,28384000.0,0.0,970467000.0,295411000.0,675056000.0,1757680216.0,717000.0,0.0,9684000.0,108862000.0,-76443000.0,47323000.0,-215092000.0,-18947000.0,168486000.0,0.0,90470000.0,90470000.0,90470000.0,22597000.0,0.0,0.229,52926000.0,102595000.0,182202000.0,0.838,3.021,19.428,19.244,1065194000.0,0.0,45.03,4.446,4.462,113142000.0,,395312000.0,395312000.0,0.0,0.062,0.161,0.071,0.286,4871000.0,50234000.0,1.0,39033538.0,39172000.0,,10.092,1552360000.0,0.0,6257000.0,48585000.0,39.629,39074000.0
56,PCH,MRT,2007-06-30,2007-06-30,2007-06-30,2021-08-25,0.0,1408868000.0,1458497000.0,331345000.0,1077523000.0,0.255,14.144,-29625000.0,6754000.0,6754000.0,237928000.0,75154000.0,1.812,1.552,324494000.0,3209000.0,321285000.0,324494000.0,0.0,21320000.0,0.0,0.046,1.96,86783000.0,108103000.0,0.291,108103000.0,86783000.0,70454000.0,1.95,1.94,1.95,552014000.0,582318750.0,552014000.0,2036112750.0,23.0,18.835,120397000.0,3.085,1.0,133590000.0,0.36,0.0,16329000.0,1543700000.0,1593242000.0,165906000.0,31394000.0,31394000.0,0.0,856854000.0,182908000.0,673946000.0,1679914750.0,782000.0,0.0,6165000.0,-14924000.0,-76227000.0,-80468000.0,-68772000.0,-16934000.0,150022000.0,0.0,75154000.0,75154000.0,75154000.0,26455000.0,0.0,0.202,52922000.0,80668000.0,179699000.0,1.005,3.043,22.353,22.077,914887000.0,0.0,43.05,4.522,4.522,108638000.0,,371518000.0,371518000.0,0.0,0.052,0.129,0.054,0.234,2736000.0,50090000.0,1.0,39022410.0,39027000.0,,9.52,1408868000.0,0.0,-4700000.0,48627000.0,36.1,148437000.0
57,PCH,MRT,2007-03-31,2007-03-31,2007-03-31,2021-08-25,0.0,1434039000.0,1489952000.0,378413000.0,1055626000.0,0.259,13.721,-31498000.0,6293000.0,6293000.0,287117000.0,43610000.0,1.702,1.683,362491000.0,41208000.0,321283000.0,362491000.0,0.0,21913000.0,0.0,0.043,1.96,47091000.0,69004000.0,0.179,69004000.0,47091000.0,30779000.0,1.14,1.13,1.14,534407000.0,608761500.0,534407000.0,2093540945.0,44.0,30.339,136034000.0,3.493,1.0,99205000.0,0.257,0.0,16312000.0,1567959000.0,1632848500.0,162968000.0,15676000.0,15676000.0,0.0,899632000.0,222278000.0,677354000.0,1780341945.0,-1644000.0,0.0,8162000.0,20293000.0,-76072000.0,-44250000.0,-124926000.0,-15676000.0,167532000.0,0.0,43610000.0,43610000.0,43610000.0,30715000.0,0.0,0.113,53668000.0,45537000.0,181070000.0,1.719,3.331,40.824,40.158,912356000.0,0.0,45.78,4.608,4.615,111962000.0,,386322000.0,386322000.0,0.0,0.029,0.072,0.029,0.122,4056000.0,50871000.0,1.0,38889077.0,38948000.0,,9.919,1434039000.0,0.0,-12831000.0,50061000.0,36.819,156135000.0
58,PCH,MRT,2006-12-31,2006-12-31,2006-12-31,2021-08-25,-119052000.0,1457607000.0,1517020250.0,356519000.0,1101088000.0,0.275,14.913,-22576000.0,14432000.0,14432000.0,301036000.0,139110000.0,1.817,1.522,327631000.0,6157000.0,321474000.0,327631000.0,0.0,22831000.0,0.0,0.394,17.27,96884000.0,119715000.0,0.287,119715000.0,96884000.0,80764000.0,3.81,3.79,3.81,577859000.0,641386250.0,577859000.0,2018219566.0,21.0,16.859,159495000.0,4.116,1.0,116207000.0,0.279,0.0,16120000.0,1574542000.0,1670084000.0,168816000.0,21564000.0,21564000.0,0.0,879748000.0,196264000.0,683484000.0,1697913566.0,1626000.0,0.0,8503000.0,-5240000.0,-165116000.0,-157541000.0,-22904000.0,36136000.0,182071000.0,0.0,139110000.0,139110000.0,139110000.0,-1291000.0,0.0,0.333,53384000.0,62823000.0,168987000.0,4.533,2.938,12.206,11.501,962518000.0,0.0,43.82,4.069,4.069,135105000.0,144811000.0,417243000.0,417243000.0,0.0,0.092,0.217,0.058,0.232,3631000.0,53384000.0,1.0,38747457.0,38747457.0,,10.768,1457607000.0,0.0,-58346000.0,53160000.0,37.618,160255000.0
59,PCH,MRT,2006-09-30,2006-09-30,2006-09-30,2021-08-25,0.0,1533474000.0,1559662750.0,311212000.0,1222262000.0,1.023,17.173,-39187000.0,7315000.0,7315000.0,1418012000.0,103745000.0,1.863,1.306,327621000.0,3157000.0,324464000.0,327621000.0,0.0,77411000.0,0.0,0.456,16.93,70641000.0,148052000.0,0.093,148052000.0,70641000.0,41407000.0,3.28,3.27,3.28,664995000.0,673208500.0,664995000.0,1763432432.0,25.0,11.911,122244000.0,3.157,1.0,178264000.0,0.112,0.0,29234000.0,1686767000.0,1728998000.0,160192000.0,9437000.0,9437000.0,0.0,868479000.0,167013000.0,701466000.0,1436286432.0,-4693000.0,0.0,12031000.0,-11966000.0,-150512000.0,-151180000.0,-14944000.0,41621000.0,161431000.0,0.0,103745000.0,103745000.0,103745000.0,18103000.0,0.0,0.065,91704000.0,86560000.0,163856000.0,5.162,2.16,13.844,11.311,968598000.0,0.0,37.1,0.9,0.9,117191000.0,,1596276000.0,1596276000.0,0.0,0.067,0.154,0.041,0.044,6672000.0,91704000.0,1.0,38713920.0,38724000.0,,41.222,1533474000.0,0.0,-62338000.0,124610000.0,39.6,144199000.0
60,PCH,MRT,2006-06-30,2006-06-30,2006-06-30,2021-08-25,0.0,1534688000.0,1583524000.0,320014000.0,1214674000.0,1.014,17.005,-52308000.0,5972000.0,5972000.0,1431569000.0,89138000.0,2.004,1.333,333118000.0,8658000.0,324460000.0,333118000.0,0.0,78646000.0,0.0,0.439,16.59,75347000.0,153993000.0,0.096,153993000.0,75347000.0,46106000.0,3.0,2.99,3.0,657785000.0,679952500.0,657785000.0,1785716011.0,24.0,11.596,107650000.0,2.783,1.0,173495000.0,0.108,0.0,29241000.0,1702126000.0,1755578750.0,161836000.0,14460000.0,14460000.0,0.0,876903000.0,159708000.0,717195000.0,1458337011.0,-2672000.0,0.0,14769000.0,-11992000.0,-135911000.0,-133431000.0,-29199000.0,40490000.0,159958000.0,0.0,89138000.0,89138000.0,89138000.0,12725000.0,0.0,0.056,87713000.0,85782000.0,151050000.0,5.53,2.217,16.36,12.583,981964000.0,0.0,37.75,0.909,0.91,118756000.0,,1605064000.0,1605064000.0,0.0,0.056,0.131,0.043,0.047,6121000.0,87713000.0,1.0,38631444.0,38681000.0,,41.495,1534688000.0,0.0,-43032000.0,128071000.0,39.675,160306000.0
61,PCH,MRT,2006-03-31,2006-03-31,2006-03-31,2021-08-25,0.0,1542312000.0,1602954000.0,321933000.0,1220379000.0,0.973,22.491,-82021000.0,7935000.0,7935000.0,1380683000.0,94906000.0,2.107,1.32,335314000.0,2358000.0,332956000.0,335314000.0,0.0,79023000.0,0.0,0.379,16.25,87939000.0,166962000.0,0.107,166962000.0,87939000.0,58786000.0,3.22,3.21,3.22,664906000.0,685816000.0,664906000.0,1588035813.0,18.0,9.511,28863000.0,0.976,1.0,179561000.0,0.115,0.0,29153000.0,1716901000.0,1775360500.0,189164000.0,0.0,0.0,0.0,877406000.0,152790000.0,724616000.0,1258714813.0,3413000.0,0.0,16144000.0,-8319000.0,-121322000.0,-114134000.0,6663000.0,105400000.0,110884000.0,0.0,94906000.0,94906000.0,94906000.0,6886000.0,0.0,0.061,87329000.0,92232000.0,150432000.0,5.047,1.893,13.263,13.304,990266000.0,0.0,42.84,0.807,0.812,109603000.0,,1560244000.0,1560244000.0,0.0,0.059,0.138,0.05,0.056,5454000.0,87329000.0,1.0,29381765.0,29563000.0,,52.777,1542312000.0,0.0,-36120000.0,128241000.0,52.17,169143000.0
62,PCH,MRT,2005-12-31,2005-12-31,2005-12-31,2021-08-25,-2122000.0,1628177000.0,1618457000.0,402556000.0,1225621000.0,0.924,24.152,-95083000.0,6133000.0,6133000.0,1331344000.0,32964000.0,2.733,1.309,335454000.0,2357000.0,333097000.0,335454000.0,0.0,78342000.0,0.0,0.012,0.6,78793000.0,157135000.0,0.105,157135000.0,78793000.0,49748000.0,1.13,1.13,1.13,705148000.0,687859500.0,705148000.0,1811865158.0,23.0,11.531,-28332000.0,-0.97,1.0,164586000.0,0.11,0.0,29045000.0,1810198000.0,1790796000.0,209696000.0,57700000.0,57700000.0,0.0,923029000.0,147300000.0,775729000.0,1488429158.0,-2513000.0,0.0,14269000.0,-7602000.0,-17503000.0,-11196000.0,-58068000.0,54275000.0,66751000.0,0.0,32964000.0,32964000.0,32964000.0,3296000.0,0.0,0.022,85003000.0,79583000.0,143608000.0,0.531,2.111,45.153,45.115,998263000.0,0.0,50.98,0.995,0.995,114641000.0,637486000.0,1495930000.0,1495930000.0,0.0,0.02,0.048,0.044,0.053,4748000.0,85003000.0,1.0,29196335.0,29196335.0,,51.237,1628177000.0,0.0,16784000.0,196765000.0,55.766,255256000.0
63,PCH,MRT,2005-09-30,2005-09-30,2005-09-30,2021-08-25,0.0,1628919000.0,1610080750.0,396514000.0,1232405000.0,0.893,23.715,-103082000.0,12008000.0,12008000.0,1349587000.0,13062000.0,2.49,1.354,335444000.0,2357000.0,333087000.0,335444000.0,0.0,74267000.0,0.0,0.059,3.1,51577000.0,125844000.0,0.088,125844000.0,51577000.0,20814000.0,0.47,0.47,0.47,691971000.0,679419750.0,691971000.0,1841695659.0,36.0,14.635,241558000.0,8.278,1.0,87833000.0,0.061,0.0,30763000.0,1793090000.0,1780807250.0,201231000.0,51058000.0,51058000.0,0.0,936948000.0,159265000.0,777683000.0,1514903659.0,2711000.0,0.0,-37804000.0,-291431000.0,-92317000.0,-462593000.0,577018000.0,686642000.0,344640000.0,0.0,13062000.0,13062000.0,13062000.0,286000.0,0.0,0.009,14531000.0,73302000.0,156908000.0,6.596,2.189,115.978,110.894,1009246000.0,0.0,52.12,1.054,1.058,115024000.0,,1437420000.0,1437420000.0,0.0,0.008,0.019,0.029,0.036,9038000.0,81327000.0,1.0,29065688.0,29179000.0,,49.262,1628919000.0,0.0,7752000.0,201252000.0,55.825,237249000.0
64,PCH,MRT,2005-06-30,2005-06-30,2005-06-30,2021-08-25,0.0,1612408000.0,1731468000.0,384354000.0,1228054000.0,0.81,23.475,-93602000.0,8644000.0,8644000.0,1263063000.0,211819000.0,2.433,1.367,335436000.0,2356000.0,333080000.0,335436000.0,0.0,75003000.0,0.0,0.059,3.1,264739000.0,339742000.0,0.242,339742000.0,264739000.0,228728000.0,7.17,7.14,7.17,681239000.0,698595250.0,681239000.0,1848121461.0,7.0,5.44,282939000.0,9.75,1.0,138917000.0,0.099,0.0,36011000.0,1781253000.0,1867931500.0,195188000.0,54950000.0,54950000.0,0.0,931169000.0,157947000.0,773222000.0,1516211461.0,-1337000.0,0.0,-34050000.0,-269723000.0,-92374000.0,-433824000.0,37502000.0,139675000.0,376541000.0,0.0,211819000.0,211819000.0,211819000.0,-185362000.0,0.0,0.151,38665000.0,100252000.0,155591000.0,0.432,2.226,7.158,7.298,1009271000.0,0.0,52.33,1.081,1.083,106618000.0,,1401980000.0,1401980000.0,0.0,0.122,0.303,0.142,0.189,8537000.0,82996000.0,1.0,28974039.0,29020000.0,,48.311,1612408000.0,0.0,16909000.0,198252000.0,55.562,226407000.0
65,PCH,MRT,2005-03-31,2005-03-31,2005-03-31,2021-08-25,0.0,1604324000.0,1762194750.0,404285000.0,1200039000.0,0.781,23.237,-62173000.0,4522000.0,4522000.0,1212525000.0,253213000.0,2.565,1.384,336432000.0,1157000.0,335275000.0,336432000.0,0.0,76457000.0,0.0,0.066,3.1,310827000.0,387284000.0,0.281,387284000.0,310827000.0,269573000.0,8.57,8.54,8.57,673080000.0,667175000.0,673080000.0,1690811150.0,5.0,4.366,367598000.0,12.691,1.0,164227000.0,0.119,0.0,41254000.0,1778643000.0,1965468500.0,177360000.0,105400000.0,105400000.0,0.0,931244000.0,157591000.0,773653000.0,1362935150.0,-3080000.0,0.0,-35770000.0,-272747000.0,-92419000.0,-440018000.0,-96394000.0,-25517000.0,429771000.0,0.0,253213000.0,253213000.0,253213000.0,-227804000.0,0.0,0.184,60222000.0,104005000.0,156434000.0,0.362,2.025,5.383,5.492,985432000.0,0.0,47.07,0.99,0.99,101496000.0,,1376752000.0,1376752000.0,0.0,0.144,0.38,0.158,0.226,7831000.0,83482000.0,1.0,28955495.0,28966000.0,,47.53,1604324000.0,0.0,16360000.0,199752000.0,55.386,246694000.0
66,PCH,MRT,2004-12-31,2004-12-31,2004-12-31,2021-08-25,-1403000.0,1594672000.0,1773845500.0,407370000.0,1187302000.0,0.765,22.59,-47958000.0,8646000.0,8646000.0,1178752000.0,271249000.0,2.675,1.375,336522000.0,1107000.0,335415000.0,336522000.0,0.0,80659000.0,0.0,0.061,3.1,327079000.0,407738000.0,0.301,407738000.0,327079000.0,281216000.0,9.23,9.19,9.23,671389000.0,625971250.0,671389000.0,2110241143.0,6.0,5.175,384036000.0,12.922,1.0,177619000.0,0.131,0.0,45863000.0,1770243000.0,2044290000.0,167015000.0,111975000.0,111975000.0,0.0,923283000.0,152305000.0,770978000.0,1503263143.0,1456000.0,0.0,-17805000.0,-287845000.0,-92426000.0,-432602000.0,-128085000.0,-71884000.0,431994000.0,0.0,271249000.0,271249000.0,271249000.0,-255919000.0,0.0,0.2,84890000.0,92729000.0,151198000.0,0.336,2.239,5.542,5.48,976900000.0,0.0,50.58,1.108,1.108,103474000.0,622025000.0,1356371000.0,1356371000.0,0.0,0.153,0.433,0.16,0.241,7410000.0,83697000.0,1.0,29720505.0,29720505.0,,45.638,1594672000.0,0.0,9967000.0,201252000.0,53.656,255065000.0
67,PCH,MRT,2004-09-30,2004-09-30,2004-09-30,2021-08-25,0.0,2114468000.0,1774521750.0,1014807000.0,1099661000.0,0.748,25.935,-51722000.0,11330000.0,11330000.0,1064953000.0,312720000.0,1.75,1.751,618308000.0,255903000.0,362405000.0,618308000.0,0.0,89862000.0,0.0,0.013,0.6,374250000.0,464112000.0,0.35,464112000.0,374250000.0,326380000.0,10.61,10.57,10.61,768673000.0,575836750.0,768673000.0,1990028728.0,5.0,4.288,142966000.0,4.824,1.0,261931000.0,0.197,0.0,47870000.0,2141587000.0,2111518000.0,136135000.0,737700000.0,737700000.0,0.0,1345795000.0,579859000.0,765936000.0,1381709728.0,-6791000.0,0.0,31719000.0,8176000.0,-17528000.0,28934000.0,-787698000.0,-725255000.0,194688000.0,0.0,312720000.0,312720000.0,312720000.0,-285154000.0,0.0,0.236,175219000.0,86712000.0,323956000.0,0.057,1.798,4.418,4.412,984749000.0,0.0,46.81,1.041,1.046,106070000.0,,1326884000.0,1326884000.0,0.0,0.176,0.543,0.177,0.282,0.0,84867000.0,1.0,29517405.0,29638000.0,,44.77,2114468000.0,0.0,13660000.0,150365000.0,71.343,434948000.0
68,PCH,MRT,2004-06-30,2004-06-30,2004-06-30,2021-08-25,0.0,1735315000.0,1641019250.0,486363000.0,1248952000.0,0.77,18.834,-68863000.0,9981000.0,9981000.0,1048137000.0,125029000.0,2.824,2.124,618300000.0,1106000.0,617194000.0,618300000.0,0.0,81257000.0,0.0,0.014,0.6,167346000.0,248603000.0,0.197,248603000.0,167346000.0,119726000.0,4.3,4.29,4.3,555558000.0,493867000.0,555558000.0,1838064924.0,11.0,7.394,91469000.0,3.101,1.0,215821000.0,0.171,0.0,47620000.0,2171401000.0,2079309250.0,138219000.0,194625000.0,194625000.0,0.0,1179757000.0,172233000.0,1007524000.0,1226871924.0,-6091000.0,0.0,25789000.0,-44733000.0,-17402000.0,-29359000.0,-246486000.0,-167701000.0,160332000.0,0.0,125029000.0,125029000.0,125029000.0,-122876000.0,0.0,0.099,173172000.0,42649000.0,171127000.0,0.14,2.208,9.813,9.684,1129473000.0,0.0,41.64,0.971,0.972,123027000.0,,1263958000.0,1263958000.0,0.0,0.076,0.253,0.08,0.132,0.0,83463000.0,1.0,29463783.0,29498000.0,,42.849,1735315000.0,0.0,-5303000.0,118331000.0,58.828,314130000.0
69,PCH,MRT,2004-03-31,2004-03-31,2004-03-31,2021-08-25,0.0,1650927000.0,1601650250.0,395646000.0,1255281000.0,0.805,17.38,-73134000.0,7602000.0,7602000.0,1083334000.0,82110000.0,2.352,2.248,618795000.0,507000.0,618288000.0,618795000.0,0.0,85301000.0,0.0,0.015,0.6,123870000.0,209171000.0,0.162,209171000.0,123870000.0,76600000.0,2.85,2.84,2.85,508265000.0,460485000.0,508265000.0,1791574576.0,14.0,8.565,104925000.0,3.588,1.0,205473000.0,0.159,0.0,47270000.0,2093929000.0,2039461500.0,166002000.0,79883000.0,79883000.0,0.0,1142662000.0,168191000.0,974471000.0,1179979576.0,-4563000.0,0.0,25157000.0,-87907000.0,-17278000.0,-60981000.0,-145773000.0,-78283000.0,178059000.0,0.0,82110000.0,82110000.0,82110000.0,-80261000.0,0.0,0.064,175767000.0,29706000.0,167684000.0,0.211,2.322,14.371,14.298,1137572000.0,0.0,40.75,0.916,0.925,125155000.0,,1288807000.0,1288807000.0,0.0,0.051,0.178,0.061,0.096,0.0,81927000.0,1.0,28956554.0,29245000.0,,44.069,1650927000.0,0.0,-5510000.0,85672000.0,56.452,227455000.0
70,PCH,MRT,2003-12-31,2003-12-31,2003-12-31,2021-08-25,-33513000.0,1597377000.0,1593603000.0,473593000.0,1123784000.0,0.748,16.378,-75376000.0,7190000.0,7190000.0,1006786000.0,50727000.0,2.789,2.393,618785000.0,507000.0,618278000.0,618785000.0,0.0,88987000.0,0.0,0.017,0.6,89751000.0,178738000.0,0.15,178738000.0,89751000.0,41579000.0,1.77,1.77,1.77,470851000.0,438012500.0,470851000.0,1605412261.0,18.0,8.982,86634000.0,3.013,1.0,185651000.0,0.156,0.0,48172000.0,2039155000.0,2021162500.0,140351000.0,40091000.0,40091000.0,0.0,1126526000.0,169817000.0,956709000.0,999625261.0,-1783000.0,0.0,6799000.0,-54857000.0,-17217000.0,-56867000.0,-108251000.0,-38091000.0,162010000.0,0.0,50727000.0,50727000.0,50727000.0,-54569000.0,0.0,0.043,164311000.0,21340000.0,158185000.0,0.339,2.123,19.706,19.644,1005296000.0,0.0,34.77,0.838,0.838,91050000.0,443202000.0,1192437000.0,1192437000.0,0.0,0.032,0.116,0.044,0.075,0.0,75800000.0,1.0,28749648.0,28749648.0,,41.477,1597377000.0,0.0,-9148000.0,71917000.0,55.562,303776000.0
71,PCH,MRT,2003-09-30,2003-09-30,2003-09-30,2021-08-25,0.0,1580458000.0,1600463000.0,310261000.0,1270197000.0,0.709,15.341,-68737000.0,16088000.0,16088000.0,962917000.0,-15238000.0,1.788,2.585,621875000.0,507000.0,621368000.0,621875000.0,0.0,77112000.0,0.0,0.02,0.6,23018000.0,100130000.0,0.088,100130000.0,23018000.0,-25699000.0,-0.53,-0.53,-0.53,440794000.0,427997500.0,440794000.0,1493667284.0,65.0,14.917,54483000.0,1.896,1.0,171967000.0,0.152,0.0,48717000.0,2012752000.0,2019351500.0,131629000.0,12445000.0,12445000.0,0.0,1139664000.0,173493000.0,966171000.0,852872284.0,7319000.0,0.0,5629000.0,-44745000.0,-17183000.0,-41666000.0,-48966000.0,15179000.0,123220000.0,0.0,-15238000.0,-15238000.0,-15238000.0,2611000.0,0.0,-0.013,159420000.0,12547000.0,172986000.0,-1.132,1.935,-55.97,-56.075,1155503000.0,0.0,29.72,0.752,0.752,118927000.0,,1134884000.0,1134884000.0,0.0,-0.01,-0.036,0.011,0.02,0.0,65156000.0,1.0,28696914.0,28734000.0,,39.496,1580458000.0,0.0,-10461000.0,66345000.0,55.003,136768000.0
72,PCH,MRT,2003-06-30,2003-06-30,2003-06-30,2021-08-25,0.0,1577839000.0,1623759000.0,320054000.0,1257785000.0,0.711,14.716,-62233000.0,16072000.0,16072000.0,975421000.0,-49827000.0,1.549,2.739,656867000.0,35507000.0,621360000.0,656867000.0,0.0,92319000.0,0.0,0.023,0.6,-13295000.0,79024000.0,0.068,79024000.0,-13295000.0,-63762000.0,-1.73,-1.73,-1.73,422030000.0,443104000.0,422030000.0,1407565524.0,-106.0,17.812,45691000.0,1.593,1.0,178833000.0,0.155,0.0,50467000.0,2012010000.0,2036910000.0,124948000.0,26924000.0,26924000.0,0.0,1155809000.0,206624000.0,949185000.0,737482524.0,9747000.0,0.0,5818000.0,-118521000.0,-17148000.0,-121828000.0,75405000.0,149733000.0,107924000.0,0.0,-49827000.0,-49827000.0,-49827000.0,28032000.0,0.0,-0.043,168179000.0,10654000.0,171117000.0,-0.347,1.747,-14.801,-14.884,1145730000.0,0.0,25.75,0.639,0.64,109300000.0,,1154254000.0,1154254000.0,0.0,-0.031,-0.112,-0.007,-0.012,0.0,66670000.0,1.0,28640098.0,28679000.0,,40.247,1577839000.0,0.0,-13935000.0,54789000.0,55.017,113430000.0
73,PCH,MRT,2003-03-31,2003-03-31,2003-03-31,2021-08-25,0.0,1618738000.0,1678870500.0,356345000.0,1262393000.0,0.669,14.62,-54849000.0,27279000.0,27279000.0,941369000.0,-76565000.0,1.329,2.869,697362000.0,75507000.0,621855000.0,697362000.0,0.0,94361000.0,0.0,0.03,0.583,-45035000.0,49326000.0,0.044,49326000.0,-45035000.0,-99053000.0,-2.66,-2.66,-2.66,418375000.0,466695000.0,418375000.0,1209796394.0,-27.0,24.527,-20092000.0,-0.702,1.0,181064000.0,0.161,0.0,54018000.0,2020733000.0,2120933250.0,163086000.0,1600000.0,1600000.0,0.0,1200363000.0,268088000.0,932275000.0,555586394.0,2961000.0,0.0,7447000.0,-366562000.0,-17110000.0,-382824000.0,-82532000.0,-1600000.0,34757000.0,0.0,-76565000.0,-76565000.0,-76565000.0,41391000.0,0.0,-0.068,170864000.0,10200000.0,192581000.0,-0.219,1.328,-7.256,-7.305,1153498000.0,0.0,19.43,0.495,0.495,126396000.0,,1122433000.0,1122433000.0,0.0,-0.046,-0.164,-0.021,-0.04,0.0,67313000.0,1.0,28594256.0,28617000.0,,39.223,1618738000.0,0.0,-22488000.0,50538000.0,56.566,88257000.0
74,PCH,MRT,2002-12-31,2002-12-31,2002-12-31,2021-08-25,-33207000.0,1624817000.0,1820216750.0,349809000.0,1275008000.0,0.608,15.108,-46303000.0,24042000.0,24042000.0,921576000.0,-234381000.0,1.416,2.772,678252000.0,55607000.0,622645000.0,678252000.0,0.0,97986000.0,0.0,0.024,0.583,-200853000.0,-102867000.0,-0.093,-102867000.0,-200853000.0,-260735000.0,-8.23,-8.23,-8.23,430791000.0,496553750.0,430791000.0,1313065481.0,-7.0,-12.765,-25527000.0,-0.895,1.0,184730000.0,0.167,0.0,59882000.0,2031911000.0,2297742500.0,159798000.0,2000000.0,2000000.0,0.0,1194026000.0,247116000.0,946910000.0,680912481.0,1498000.0,0.0,8146000.0,-481825000.0,-17071000.0,-495280000.0,49686000.0,28500000.0,20776000.0,0.0,-234381000.0,-234381000.0,-234381000.0,193160000.0,0.0,-0.212,179002000.0,5728000.0,191497000.0,-0.071,1.581,-2.905,-2.902,1163344000.0,0.0,23.88,0.615,0.615,119964000.0,409692000.0,1106306000.0,1106306000.0,0.0,-0.129,-0.472,-0.087,-0.182,0.0,72053000.0,1.0,28513923.0,28513923.0,,38.799,1624817000.0,0.0,-26354000.0,56654000.0,56.983,102693000.0
75,PCH,MRT,2002-09-30,2002-09-30,2002-09-30,2021-08-25,0.0,1673642000.0,2035799000.0,378666000.0,1294976000.0,0.626,17.588,-27632000.0,23782000.0,23782000.0,1077054000.0,-231600000.0,1.7,2.339,655935000.0,15607000.0,640328000.0,655935000.0,0.0,116686000.0,0.0,0.02,0.583,-196356000.0,-79670000.0,-0.063,-79670000.0,-196356000.0,-265121000.0,-8.15,-8.15,-8.15,501220000.0,565682000.0,501220000.0,1583811726.0,-8.0,-19.88,-51780000.0,-1.817,1.0,197015000.0,0.155,0.0,68765000.0,2082986000.0,2534300750.0,141038000.0,27624000.0,27624000.0,0.0,1172422000.0,222809000.0,949613000.0,816371726.0,1866000.0,0.0,7600000.0,-498084000.0,-17029000.0,-511611000.0,43309000.0,21133000.0,-24148000.0,0.0,-231600000.0,-231600000.0,-231600000.0,179169000.0,0.0,-0.182,198281000.0,-1266000.0,206994000.0,-0.072,1.629,-3.525,-3.519,1176411000.0,0.0,28.68,0.641,0.642,127594000.0,,1274069000.0,1274069000.0,0.0,-0.114,-0.409,-0.077,-0.154,0.0,83415000.0,1.0,28464844.0,28498000.0,,44.707,1673642000.0,0.0,-33521000.0,98656000.0,58.728,155857000.0
76,PCH,MRT,2002-06-30,2002-06-30,2002-06-30,2021-08-25,0.0,1798285000.0,2279035750.0,506763000.0,1291522000.0,0.564,18.157,-16332000.0,6325000.0,6325000.0,1075401000.0,-225718000.0,2.329,2.482,773765000.0,15607000.0,758158000.0,773765000.0,0.0,117889000.0,0.0,0.017,0.583,-177274000.0,-59385000.0,-0.046,-59385000.0,-177274000.0,-254064000.0,-7.95,-7.95,-7.95,516394000.0,625645000.0,516394000.0,2020807415.0,-11.0,-34.029,-5238000.0,-0.184,1.0,210027000.0,0.163,0.0,76790000.0,2348103000.0,2839352000.0,104480000.0,176657000.0,176657000.0,0.0,1281891000.0,217622000.0,1064269000.0,965369415.0,-3073000.0,0.0,7922000.0,-382625000.0,-16994000.0,-397563000.0,-121841000.0,-173514000.0,11094000.0,0.0,-225718000.0,-225718000.0,-225718000.0,181380000.0,0.0,-0.176,201096000.0,8931000.0,198343000.0,-0.073,1.869,-4.277,-4.279,1177438000.0,0.0,34.02,0.751,0.753,154751000.0,,1285428000.0,1285428000.0,0.0,-0.099,-0.361,-0.062,-0.138,0.0,84674000.0,1.0,28376526.0,28441000.0,,45.196,1798285000.0,0.0,-28346000.0,106605000.0,63.229,289141000.0
77,PCH,MRT,2002-03-31,2002-03-31,2002-03-31,2021-08-25,0.0,2184123000.0,2483136250.0,866220000.0,1317903000.0,0.517,18.968,-19915000.0,9204000.0,9204000.0,1073930000.0,-215418000.0,1.693,3.061,1064642000.0,246106000.0,818536000.0,1064642000.0,0.0,118100000.0,0.0,0.026,0.885,-162324000.0,-44224000.0,-0.034,-44224000.0,-162324000.0,-242069000.0,-7.6,-7.6,-7.6,537810000.0,683951000.0,537810000.0,1998571780.0,-12.0,-45.192,22161000.0,0.782,1.0,210251000.0,0.164,0.0,79745000.0,2727970000.0,3078382250.0,117860000.0,9000.0,9000.0,0.0,1646313000.0,511591000.0,1134722000.0,954413780.0,7576000.0,0.0,426000.0,18437000.0,-25028000.0,-26176000.0,-47505000.0,683000.0,42076000.0,0.0,-215418000.0,-215418000.0,-215418000.0,173732000.0,0.0,-0.168,201448000.0,8803000.0,227135000.0,-0.116,1.775,-4.431,-4.433,1204402000.0,0.0,33.69,0.743,0.744,160598000.0,,1284181000.0,1284181000.0,0.0,-0.087,-0.315,-0.053,-0.126,0.0,84640000.0,1.0,28329290.0,28353000.0,,45.293,2184123000.0,0.0,-26651000.0,119447000.0,77.033,354629000.0
78,PCH,MRT,2001-12-31,2001-12-31,2001-12-31,2021-08-25,0.0,2487146000.0,2574774000.0,1165836000.0,1321310000.0,0.497,25.009,-26984000.0,105675000.0,105675000.0,1095686000.0,-79445000.0,2.106,2.516,1150125000.0,329603000.0,820522000.0,1150125000.0,0.0,115033000.0,0.0,0.04,1.17,-37757000.0,77276000.0,0.06,77276000.0,-37757000.0,-115610000.0,-2.81,-2.81,-2.81,707304000.0,741872500.0,707304000.0,1875598978.0,-50.0,24.271,-1454000.0,-0.051,1.0,183178000.0,0.143,0.0,77853000.0,2978144000.0,3146937750.0,107713000.0,30509000.0,30509000.0,0.0,1779842000.0,553452000.0,1226390000.0,829217978.0,-3182000.0,0.0,-3833000.0,156942000.0,-33108000.0,104336000.0,-175928000.0,-30500000.0,25530000.0,0.0,-79445000.0,-79445000.0,-79445000.0,22879000.0,0.0,-0.062,200625000.0,-17447000.0,189916000.0,-0.416,1.172,-10.438,-10.434,1213099000.0,0.0,29.32,0.648,0.648,118632000.0,661144000.0,1278864000.0,1278864000.0,0.0,-0.031,-0.107,-0.012,-0.03,0.0,82842000.0,1.0,28281650.0,28281650.0,,45.219,2487146000.0,0.0,-36165000.0,210610000.0,87.942,612384000.0
79,PCH,MRT,2001-09-30,2001-09-30,2001-09-30,2021-08-25,0.0,2646589000.0,2588598750.0,638676000.0,2007913000.0,0.345,26.226,-57231000.0,104725000.0,104725000.0,776409000.0,-63451000.0,1.639,2.571,1151106000.0,133097000.0,1018009000.0,1151106000.0,0.0,72655000.0,0.0,0.054,1.455,-23621000.0,49034000.0,0.055,49034000.0,-23621000.0,-96799000.0,-2.24,-2.24,-2.24,741072000.0,768355500.0,741072000.0,1806689863.0,-76.0,36.846,-48571000.0,-1.719,1.0,116868000.0,0.131,0.0,73178000.0,3303191000.0,3173029500.0,196580000.0,46909000.0,46909000.0,0.0,1905517000.0,389779000.0,1515738000.0,761414863.0,-4162000.0,0.0,-8415000.0,235986000.0,-41238000.0,164744000.0,-204079000.0,-46150000.0,8660000.0,0.0,-63451000.0,-63451000.0,-63451000.0,11292000.0,0.0,-0.071,134335000.0,-17467000.0,256682000.0,-0.65,1.027,-12.0,-12.049,1902130000.0,0.0,26.99,0.852,0.854,187674000.0,,893277000.0,893277000.0,0.0,-0.025,-0.083,-0.007,-0.026,0.0,55026000.0,1.0,28210999.0,28257000.0,,31.613,2646589000.0,0.0,-33348000.0,305661000.0,93.661,248897000.0
80,PCH,MRT,2001-06-30,2001-06-30,2001-06-30,2021-08-25,0.0,2614687000.0,2547768750.0,587293000.0,2027394000.0,0.395,26.531,-91084000.0,106314000.0,106314000.0,870440000.0,-67403000.0,1.651,2.488,1151589000.0,132592000.0,1018997000.0,1151589000.0,0.0,83928000.0,0.0,0.051,1.74,-39874000.0,44054000.0,0.044,44054000.0,-39874000.0,-106002000.0,-2.38,-2.38,-2.38,749618000.0,793299750.0,749618000.0,2013554294.0,-50.0,45.707,-96167000.0,-3.404,1.0,136951000.0,0.136,0.0,66128000.0,3304224000.0,3085360000.0,178163000.0,1925000.0,1925000.0,0.0,1865069000.0,355738000.0,1509331000.0,973680294.0,539000.0,0.0,-10206000.0,260856000.0,-49365000.0,183123000.0,-192643000.0,-1810000.0,-5083000.0,0.0,-67403000.0,-67403000.0,-67403000.0,7030000.0,0.0,-0.067,169090000.0,-32139000.0,223146000.0,-0.731,1.299,-14.446,-14.458,1927875000.0,0.0,34.41,0.967,0.965,208575000.0,,1007391000.0,1007391000.0,0.0,-0.026,-0.085,-0.013,-0.04,0.0,60359000.0,1.0,28296434.0,28254000.0,,35.655,2614687000.0,0.0,-38599000.0,301761000.0,92.542,231555000.0
81,PCH,MRT,2001-03-31,2001-03-31,2001-03-31,2021-08-25,0.0,2550674000.0,2512269500.0,518490000.0,2032184000.0,0.452,27.162,-117653000.0,1970000.0,1970000.0,959874000.0,-67058000.0,0.881,2.315,1041844000.0,340276000.0,701568000.0,1041844000.0,0.0,95302000.0,0.0,0.054,1.74,-47077000.0,48225000.0,0.042,48225000.0,-47077000.0,-109198000.0,-2.35,-2.35,-2.35,769496000.0,821805500.0,769496000.0,1884833566.0,-40.0,39.084,-112142000.0,-3.958,1.0,175014000.0,0.154,0.0,62121000.0,3002192000.0,2998949750.0,219935000.0,9000.0,9000.0,0.0,1781178000.0,588356000.0,1192822000.0,905668566.0,-7480000.0,0.0,-14453000.0,178973000.0,-49463000.0,111647000.0,-120695000.0,107000.0,5511000.0,0.0,-67058000.0,-67058000.0,-67058000.0,1146000.0,0.0,-0.059,218573000.0,-43559000.0,248080000.0,-0.74,1.177,-13.506,-13.596,1950330000.0,0.0,31.95,0.798,0.798,213377000.0,,1134888000.0,1134888000.0,0.0,-0.027,-0.082,-0.016,-0.041,0.0,72643000.0,1.0,28346434.0,28330000.0,,40.06,2550674000.0,0.0,-42140000.0,297861000.0,90.034,-69866000.0
82,PCH,MRT,2000-12-31,2000-12-31,2000-12-31,2021-08-25,0.0,2542445000.0,2489980500.0,483839000.0,2058606000.0,0.519,28.604,-139661000.0,11652000.0,11652000.0,1044894000.0,-33214000.0,1.102,2.126,990817000.0,189268000.0,801549000.0,990817000.0,0.0,108722000.0,0.0,0.052,1.74,4875000.0,113597000.0,0.088,113597000.0,4875000.0,-54563000.0,-1.16,-1.16,-1.16,813236000.0,853003250.0,813236000.0,1855196789.0,381.0,16.331,-67277000.0,-2.366,1.0,248299000.0,0.192,0.0,59438000.0,3082511000.0,2975665000.0,223206000.0,9000.0,9000.0,0.0,1729209000.0,439099000.0,1290110000.0,954138789.0,-702000.0,0.0,-24940000.0,157647000.0,-49698000.0,73753000.0,-142660000.0,150000.0,72384000.0,0.0,-33214000.0,-33214000.0,-33214000.0,-179000.0,0.0,-0.026,240602000.0,7697000.0,249831000.0,-1.5,1.173,-28.727,-28.931,1979667000.0,0.0,33.56,0.738,0.738,187819000.0,773697000.0,1293193000.0,1293193000.0,0.0,-0.013,-0.039,0.002,0.004,0.0,85469000.0,1.0,28430834.0,28430834.0,,45.486,2542445000.0,0.0,-21349000.0,293961000.0,89.426,44740000.0
83,PCH,MRT,2000-09-30,2000-09-30,2000-09-30,2021-08-25,0.0,2483269000.0,2465994250.0,436570000.0,2046699000.0,0.779,29.576,-158529000.0,11237000.0,11237000.0,1548590000.0,-9144000.0,1.011,1.953,912295000.0,160765000.0,751530000.0,912295000.0,0.0,160619000.0,0.0,0.055,1.74,39023000.0,199642000.0,0.104,199642000.0,39023000.0,-15210000.0,-0.33,-0.32,-0.33,840849000.0,879954000.0,840849000.0,1780257623.0,46.0,8.917,-46342000.0,-1.63,1.0,372842000.0,0.194,0.0,54233000.0,2952513000.0,2930989250.0,219290000.0,9000.0,9000.0,0.0,1642420000.0,431814000.0,1210606000.0,899186623.0,47000.0,0.0,-20885000.0,131229000.0,-49927000.0,49092000.0,-161232000.0,-2693000.0,112187000.0,0.0,-9144000.0,-9144000.0,-9144000.0,0.0,0.0,-0.005,339918000.0,32924000.0,271049000.0,-5.273,1.069,-98.336,-95.848,1967219000.0,0.0,31.63,0.468,0.468,185698000.0,,1921432000.0,1921432000.0,0.0,-0.004,-0.01,0.013,0.02,0.0,134290000.0,1.0,28428284.0,28430000.0,,67.585,2483269000.0,0.0,-6066000.0,266688000.0,87.347,4756000.0
84,PCH,MRT,2000-06-30,2000-06-30,2000-06-30,2021-08-25,0.0,2472690000.0,2448067750.0,436326000.0,2036364000.0,0.783,30.33,-183729000.0,9031000.0,9031000.0,1512035000.0,23948000.0,1.104,1.863,890102000.0,138589000.0,751513000.0,890102000.0,0.0,157346000.0,0.0,0.053,1.74,88223000.0,245569000.0,0.128,245569000.0,88223000.0,38442000.0,0.82,0.82,0.82,863641000.0,900989750.0,863641000.0,1797379992.0,20.0,7.319,-17349000.0,-0.609,1.0,403971000.0,0.211,0.0,49781000.0,2958583000.0,2904001000.0,199581000.0,39000.0,39000.0,0.0,1609049000.0,395178000.0,1213871000.0,949370992.0,-1877000.0,0.0,-20871000.0,95366000.0,-50154000.0,17296000.0,-185553000.0,-1814000.0,166380000.0,0.0,23948000.0,23948000.0,23948000.0,0.0,0.0,0.012,324909000.0,79062000.0,256589000.0,2.122,1.099,39.643,40.415,1960933000.0,0.0,33.14,0.495,0.493,205844000.0,,1916006000.0,1916006000.0,0.0,0.01,0.027,0.03,0.046,0.0,141056000.0,1.0,28647284.0,28475000.0,,67.287,2472690000.0,0.0,14494000.0,272508000.0,86.837,41148000.0
85,PCH,MRT,2000-03-31,2000-03-31,2000-03-31,2021-08-25,0.0,2461518000.0,2427938000.0,430974000.0,2030544000.0,0.769,31.074,-219008000.0,9280000.0,9280000.0,1460872000.0,42758000.0,1.076,1.752,857289000.0,155491000.0,701798000.0,857289000.0,0.0,153663000.0,0.0,0.04,1.74,116178000.0,269841000.0,0.145,269841000.0,116178000.0,69029000.0,1.47,1.47,1.47,894287000.0,915146500.0,894287000.0,2065150976.0,18.0,7.653,-10014000.0,-0.348,1.0,405654000.0,0.217,0.0,47149000.0,2909053000.0,2872824000.0,200924000.0,159000.0,159000.0,0.0,1567231000.0,400474000.0,1166757000.0,1243096976.0,-915000.0,0.0,-11800000.0,29129000.0,-50349000.0,-39631000.0,-170278000.0,48740000.0,208994000.0,0.0,42758000.0,42758000.0,42758000.0,0.0,0.0,0.023,297011000.0,108643000.0,244983000.0,1.184,1.39,29.073,29.252,1958251000.0,0.0,43.0,0.666,0.663,197155000.0,,1866526000.0,1866526000.0,0.0,0.018,0.047,0.04,0.062,0.0,142841000.0,1.0,28909232.0,28779000.0,,64.857,2461518000.0,0.0,26271000.0,276734000.0,85.532,30500000.0
86,PCH,MRT,1999-12-31,1999-12-31,1999-12-31,2021-08-25,0.0,2446500000.0,2415785500.0,416502000.0,2029998000.0,0.749,31.812,-244605000.0,11531000.0,11531000.0,1404562000.0,40947000.0,1.142,1.656,833585000.0,131787000.0,701798000.0,833585000.0,0.0,150253000.0,0.0,0.039,1.74,111486000.0,261739000.0,0.145,261739000.0,111486000.0,66044000.0,1.41,1.41,1.41,921039000.0,921478250.0,921039000.0,2062827114.0,19.0,7.881,-39976000.0,-1.381,1.0,403826000.0,0.223,0.0,45442000.0,2903808000.0,2864389250.0,196733000.0,159000.0,159000.0,0.0,1525461000.0,364746000.0,1160715000.0,1292138114.0,-119000.0,0.0,1250000.0,34437000.0,-50362000.0,-15905000.0,-188843000.0,55772000.0,204629000.0,0.0,40947000.0,40947000.0,40947000.0,0.0,0.0,0.023,292340000.0,111486000.0,232959000.0,1.234,1.403,31.556,31.652,1960322000.0,0.0,44.63,0.715,0.715,184312000.0,856609000.0,1808388000.0,1808388000.0,0.0,0.017,0.044,0.039,0.062,0.0,141580000.0,1.0,28952232.0,28952232.0,,62.461,2446500000.0,0.0,25097000.0,275644000.0,84.501,51756000.0
87,PCH,MRT,1999-09-30,1999-09-30,1999-09-30,2021-08-25,0.0,2411563000.0,2398487000.0,392456000.0,2019107000.0,0.733,31.951,-249449000.0,11190000.0,11190000.0,1356853000.0,36480000.0,1.162,1.607,781879000.0,80100000.0,701779000.0,781879000.0,0.0,148710000.0,0.0,0.042,1.74,105257000.0,253967000.0,0.145,253967000.0,105257000.0,57815000.0,1.26,1.25,1.26,924992000.0,923945000.0,924992000.0,1976864450.0,19.0,7.784,-31387000.0,-1.084,1.0,400263000.0,0.228,0.0,47442000.0,2844560000.0,2851544750.0,170291000.0,352000.0,352000.0,0.0,1486571000.0,337692000.0,1148879000.0,1192404450.0,-1995000.0,0.0,-2249000.0,28773000.0,-50383000.0,-24717000.0,-195340000.0,58365000.0,218062000.0,0.0,36480000.0,36480000.0,36480000.0,0.0,0.0,0.021,291414000.0,108849000.0,257592000.0,1.381,1.289,32.687,32.69,1952520000.0,0.0,41.19,0.679,0.679,190838000.0,,1757116000.0,1757116000.0,0.0,0.015,0.039,0.037,0.06,0.0,142704000.0,1.0,28948882.0,28950000.0,,60.695,2411563000.0,0.0,21335000.0,269665000.0,83.301,54764000.0
88,PCH,MRT,1999-06-30,1999-06-30,1999-06-30,2021-08-25,0.0,2392171000.0,2385645250.0,406754000.0,1985417000.0,0.719,31.794,-209368000.0,10908000.0,10908000.0,1331765000.0,26438000.0,1.187,1.599,795368000.0,93606000.0,701762000.0,795368000.0,0.0,149643000.0,0.0,0.04,1.74,91033000.0,240676000.0,0.14,240676000.0,91033000.0,41297000.0,0.91,0.91,0.91,920268000.0,927479750.0,920268000.0,2100190550.0,23.0,8.726,-17702000.0,-0.612,1.0,383385000.0,0.224,0.0,49736000.0,2833875000.0,2845509500.0,171955000.0,352000.0,352000.0,0.0,1471903000.0,342756000.0,1129147000.0,1271519550.0,-1066000.0,0.0,-2328000.0,17375000.0,-50409000.0,-39555000.0,-153177000.0,60058000.0,191666000.0,0.0,26438000.0,26438000.0,26438000.0,0.0,0.0,0.015,289661000.0,93724000.0,249150000.0,1.912,1.382,48.094,48.286,1920171000.0,0.0,43.94,0.741,0.742,199538000.0,,1715150000.0,1715150000.0,0.0,0.011,0.029,0.032,0.053,0.0,140018000.0,1.0,28937632.0,28945000.0,,59.255,2392171000.0,0.0,14859000.0,258589000.0,82.645,63998000.0
89,PCH,MRT,1999-03-31,1999-03-31,1999-03-31,2021-08-25,0.0,2412908000.0,2375356000.0,470461000.0,1942447000.0,0.717,31.793,-172859000.0,10195000.0,10195000.0,1324088000.0,27121000.0,1.284,1.624,838866000.0,136819000.0,702047000.0,838866000.0,0.0,151032000.0,0.0,0.051,1.74,92019000.0,243051000.0,0.143,243051000.0,92019000.0,42143000.0,0.93,0.93,0.93,919614000.0,933786000.0,919614000.0,1766923237.0,19.0,7.27,-8093000.0,-0.28,1.0,378501000.0,0.222,0.0,49876000.0,2875314000.0,2844545250.0,180574000.0,351000.0,351000.0,0.0,1493294000.0,366265000.0,1127029000.0,981500237.0,1049000.0,0.0,-2516000.0,53166000.0,-50438000.0,-1217000.0,-162500000.0,8262000.0,164766000.0,0.0,27121000.0,27121000.0,27121000.0,0.0,0.0,0.016,285880000.0,92621000.0,229446000.0,1.871,1.067,36.19,36.495,1880891000.0,0.0,33.94,0.576,0.577,251525000.0,,1702589000.0,1702589000.0,0.0,0.011,0.029,0.032,0.054,0.0,134848000.0,1.0,28918687.0,28925000.0,,58.862,2412908000.0,0.0,15022000.0,253883000.0,83.419,104196000.0
90,PCH,MRT,1998-12-31,1998-12-31,1998-12-31,2021-08-25,0.0,2377306000.0,2363854500.0,407855000.0,1969451000.0,0.714,32.09,-143912000.0,11650000.0,11650000.0,1305923000.0,37232000.0,1.314,1.554,797073000.0,84960000.0,712113000.0,797073000.0,0.0,150278000.0,0.0,0.047,1.74,107919000.0,258197000.0,0.153,258197000.0,107919000.0,58175000.0,1.28,1.28,1.28,930906000.0,941411000.0,930906000.0,1822479987.0,17.0,7.058,73632000.0,2.538,1.0,382782000.0,0.227,0.0,49744000.0,2852430000.0,2835799000.0,200257000.0,6422000.0,6422000.0,0.0,1446400000.0,310299000.0,1136101000.0,1069844987.0,2624000.0,0.0,-2711000.0,-15154000.0,-50472000.0,-69740000.0,-145180000.0,548000.0,217544000.0,0.0,37232000.0,37232000.0,37232000.0,0.0,0.0,0.022,283575000.0,99207000.0,225339000.0,1.359,1.149,28.735,28.812,1852212000.0,0.0,36.88,0.634,0.634,162268000.0,866024000.0,1688705000.0,1688705000.0,0.0,0.016,0.04,0.038,0.064,0.0,133297000.0,1.0,29008812.0,29008812.0,,58.214,2377306000.0,0.0,20943000.0,253691000.0,81.951,97556000.0
91,PCH,MRT,1998-09-30,1998-09-30,1998-09-30,2021-08-25,0.0,2360196000.0,2360812000.0,406722000.0,1953474000.0,0.672,32.374,-133407000.0,13185000.0,13185000.0,1213123000.0,39037000.0,1.391,1.513,765820000.0,53720000.0,712100000.0,765820000.0,0.0,148330000.0,0.0,0.051,1.74,110173000.0,258503000.0,0.163,258503000.0,110173000.0,60845000.0,1.35,1.35,1.35,939131000.0,946582500.0,939131000.0,1757485137.0,16.0,6.799,51264000.0,1.767,1.0,374273000.0,0.236,0.0,49328000.0,2820419000.0,2841743000.0,172710000.0,8803000.0,8803000.0,0.0,1421065000.0,292412000.0,1128653000.0,988040137.0,7083000.0,0.0,1352000.0,51181000.0,-50464000.0,2177000.0,-179765000.0,-51845000.0,184671000.0,0.0,39037000.0,39037000.0,39037000.0,0.0,0.0,0.025,267675000.0,106598000.0,238692000.0,1.289,1.052,25.31,25.23,1838531000.0,0.0,34.06,0.622,0.622,186254000.0,,1587396000.0,1587396000.0,0.0,0.017,0.041,0.039,0.069,0.0,119345000.0,1.0,29008812.0,29009000.0,,54.721,2360196000.0,0.0,21808000.0,244765000.0,81.361,114310000.0
92,PCH,MRT,1998-06-30,1998-06-30,1998-06-30,2021-08-25,0.0,2351014000.0,,394181000.0,1956833000.0,,32.594,-153123000.0,11974000.0,11974000.0,1210320000.0,40597000.0,1.357,1.487,781419000.0,69331000.0,712088000.0,781419000.0,0.0,148118000.0,0.0,0.041,1.73,110313000.0,258431000.0,0.164,258431000.0,110313000.0,62632000.0,1.41,1.4,1.41,945493000.0,,945493000.0,1999485554.0,18.0,7.737,26293000.0,0.906,1.0,367898000.0,0.233,0.0,47681000.0,2830018000.0,,151460000.0,10080000.0,10080000.0,0.0,1405521000.0,290441000.0,1115080000.0,1218232554.0,559000.0,0.0,2219000.0,71937000.0,-50140000.0,24124000.0,-202981000.0,-58082000.0,179416000.0,0.0,40597000.0,40597000.0,40597000.0,0.0,0.0,0.026,263242000.0,104656000.0,221110000.0,1.227,1.288,30.008,29.787,1845389000.0,0.0,42.0,0.772,0.772,193191000.0,,1578218000.0,1578218000.0,0.0,,,,0.07,0.0,115124000.0,1.0,29005537.0,29008000.0,,54.406,2351014000.0,0.0,22035000.0,241817000.0,81.047,103740000.0
93,PCH,MRT,1998-03-31,1998-03-31,1998-03-31,2021-08-25,0.0,2366902000.0,,407127000.0,1959775000.0,,32.76,-151877000.0,9146000.0,9146000.0,1209579000.0,40430000.0,1.323,1.491,790399000.0,78321000.0,712078000.0,790399000.0,0.0,148324000.0,0.0,0.04,1.72,108480000.0,256804000.0,0.163,256804000.0,108480000.0,61883000.0,1.4,1.39,1.4,950114000.0,,950114000.0,2057196430.0,19.0,8.011,41428000.0,1.428,1.0,362380000.0,0.231,0.0,46597000.0,2840329000.0,,170631000.0,8349000.0,8349000.0,0.0,1416788000.0,307826000.0,1108962000.0,1248570430.0,-2655000.0,0.0,2446000.0,64383000.0,-49802000.0,17135000.0,-213095000.0,-52564000.0,193305000.0,0.0,40430000.0,40430000.0,40430000.0,0.0,0.0,0.026,259812000.0,102568000.0,229505000.0,1.229,1.314,30.882,30.757,1843331000.0,0.0,43.06,0.794,0.794,192432000.0,,1571959000.0,1571959000.0,0.0,,,,0.069,0.0,111488000.0,1.0,28996062.0,29002000.0,,54.202,2366902000.0,0.0,21453000.0,239456000.0,81.612,99301000.0
94,PCH,MRT,1997-12-31,1997-12-31,1997-12-31,2021-08-25,0.0,2365136000.0,2315407500.0,403777000.0,1961359000.0,0.678,32.818,-155623000.0,9026000.0,9026000.0,1219665000.0,36059000.0,1.357,1.485,817652000.0,95572000.0,722080000.0,817652000.0,0.0,149785000.0,0.0,0.04,1.71,100759000.0,250544000.0,0.16,250544000.0,100759000.0,54635000.0,1.25,1.24,1.25,951592000.0,952893500.0,951592000.0,,,,-732000.0,-0.025,1.0,349205000.0,0.223,0.0,46124000.0,2876206000.0,2795854000.0,182303000.0,6516000.0,6516000.0,0.0,1413544000.0,297556000.0,1115988000.0,1246830666.0,1286000.0,0.0,2985000.0,103558000.0,-49462000.0,57189000.0,-210794000.0,-50134000.0,154891000.0,0.0,36059000.0,36059000.0,36059000.0,0.0,0.0,0.023,256235000.0,92970000.0,201984000.0,1.368,1.31,34.578,34.4,1845013000.0,0.0,43.0,0.795,0.795,179159000.0,879264000.0,1568870000.0,1568870000.0,0.0,0.016,0.038,0.036,0.064,0.0,106450000.0,1.0,28996062.0,28996062.0,,54.106,2365136000.0,0.0,18576000.0,236934000.0,81.567,106221000.0
95,PCH,MRT,1997-09-30,1997-09-30,1997-09-30,2021-08-25,,,,,,,,,,,,,,,,,,,,,,0.034,1.7,,,,,,,,,,,,,,,,,,1.0,,,,,,,,,,,,,,,,,,,,,,,,,,,,,,,,,,,,,,,,50.38,,,,,,,,,,,,,,1.0,,28935000.0,,,,,,,,
96,PCH,MRT,1997-06-30,1997-06-30,1997-06-30,2021-08-25,,,,,,,,,,,,,,,,,,,,,,0.037,1.69,,,,,,,,,,,,,,,,,,1.0,,,,,,,,,,,,,,,,,,,,,,,,,,,,,,,,,,,,,,,,45.25,,,,,,,,,,,,,,1.0,,28905000.0,,,,,,,,
97,PCH,MRT,1997-03-31,1997-03-31,1997-03-31,2021-08-25,,,,,,,,,,,,,,,,,,,,,,0.041,1.68,,,,,,,,,,,,,,,,,,1.0,,,,,,,,,,,,,,,,,,,,,,,,,,,,,,,,,,,,,,,,41.13,,,,,,,,,,,,,,1.0,,28886000.0,,,,,,,,
98,PCH,MRT,1996-12-31,1996-12-31,1996-12-31,2021-08-25,0.0,2265679000.0,,378111000.0,1887568000.0,,,-234762000.0,7740000.0,7740000.0,1186127000.0,58089000.0,1.453,1.374,717708000.0,45660000.0,672048000.0,717708000.0,0.0,141521000.0,0.0,0.039,1.67,126750000.0,268271000.0,0.173,268271000.0,126750000.0,82881000.0,2.01,2.01,2.01,954195000.0,,954195000.0,,,,-9986000.0,,1.0,368322000.0,0.237,0.0,43869000.0,2715502000.0,,176899000.0,4576000.0,4576000.0,0.0,1311484000.0,260145000.0,1051339000.0,,169000.0,0.0,-4320000.0,-32322000.0,-48254000.0,-84896000.0,-139711000.0,118976000.0,224776000.0,0.0,58089000.0,58089000.0,58089000.0,0.0,0.0,0.037,245635000.0,122687000.0,214485000.0,0.831,,,21.393,1824236000.0,0.0,43.0,,,163075000.0,892667000.0,1554449000.0,1554449000.0,0.0,,,,0.082,0.0,104114000.0,1.0,,,,,2265679000.0,0.0,24792000.0,223441000.0,,117966000.0
99,PCH,MRT,1995-12-31,1995-12-31,1995-12-31,2021-08-25,,,,,,,,-167361000.0,,,1158002000.0,108546000.0,,,,,,,,137031000.0,,0.04,1.615,218915000.0,355946000.0,0.222,355946000.0,218915000.0,170939000.0,3.72,3.72,3.72,,,,,,,80194000.0,,1.0,447204000.0,0.279,,47976000.0,,,,,,,,,,,-1447000.0,0.0,-11092000.0,77531000.0,-47096000.0,19343000.0,-268345000.0,-80112000.0,247555000.0,0.0,108546000.0,108546000.0,108546000.0,0.0,0.0,0.068,227600000.0,219604000.0,,0.434,,,10.753,,0.0,40.0,,,,,1605206000.0,1605206000.0,0.0,,,,0.136,0.0,90569000.0,1.0,,,,,,,62393000.0,,,
