None,ticker,dimension,calendardate,datekey,reportperiod,lastupdated,accoci,assets,assetsavg,assetsc,assetsnc,assetturnover,bvps,capex,cashneq,cashnequsd,cor,consolinc,currentratio,de,debt,debtc,debtnc,debtusd,deferredrev,depamor,deposits,divyield,dps,ebit,ebitda,ebitdamargin,ebitdausd,ebitusd,ebt,eps,epsdil,epsusd,equity,equityavg,equityusd,ev,evebit,evebitda,fcf,fcfps,fxusd,gp,grossmargin,intangibles,intexp,invcap,invcapavg,inventory,investments,investmentsc,investmentsnc,liabilities,liabilitiesc,liabilitiesnc,marketcap,ncf,ncfbus,ncfcommon,ncfdebt,ncfdiv,ncff,ncfi,ncfinv,ncfo,ncfx,netinc,netinccmn,netinccmnusd,netincdis,netincnci,netmargin,opex,opinc,payables,payoutratio,pb,pe,pe1,ppnenet,prefdivis,price,ps,ps1,receivables,retearn,revenue,revenueusd,rnd,roa,roe,roic,ros,sbcomp,sgna,sharefactor,sharesbas,shareswa,shareswadil,sps,tangibles,taxassets,taxexp,taxliabilities,tbvps,workingcapital
0,KLAC,MRY,2021-12-31,2021-06-30,2021-06-30,2021-08-07,-75557000.0,10271124000.0,9836276000.0,5696248000.0,4574876000.0,0.703,21.92,-229773000.0,1434610000.0,1434610000.0,2772165000.0,2077353000.0,2.708,2.042,3442767000.0,20000000.0,3422767000.0,3442767000.0,667703000.0,333335000.0,0.0,0.011,3.6,2518721000.0,2852056000.0,0.412,2852056000.0,2518721000.0,2361393000.0,13.49,13.37,13.49,3377554000.0,3043694000.0,3377554000.0,51685433866.0,21.0,18.122,1955253000.0,12.689,1.0,4146569000.0,0.599,3196483000.0,157328000.0,6979571000.0,6627316250.0,1575380000.0,1059912000.0,1059912000.0,0.0,6895482000.0,2103227000.0,4792255000.0,49695486866.0,200201000.0,16833000.0,-852509000.0,-29657000.0,-559353000.0,-1497881000.0,-500404000.0,-287464000.0,2185026000.0,13460000.0,2078292000.0,2078292000.0,2078292000.0,0.0,-939000.0,0.3,1628787000.0,2517782000.0,342083000.0,0.267,14.713,23.912,24.033,663027000.0,0.0,324.21,7.183,7.22,1305479000.0,1277123000.0,6918734000.0,6918734000.0,928487000.0,0.211,0.683,0.38,0.364,111836000.0,729602000.0,1.0,153281783.0,154086000,155437000.0,44.902,7074641000.0,270461000.0,283101000.0,650623000.0,45.914,3593021000.0
1,KLAC,MRY,2020-12-31,2020-06-30,2020-06-30,2021-08-07,-79774000.0,9279960000.0,9151506250.0,4723545000.0,4556415000.0,0.634,16.999,-152675000.0,1234409000.0,1234409000.0,2449561000.0,1215025000.0,2.779,2.476,3469670000.0,0.0,3469670000.0,3469670000.0,666055000.0,348049000.0,0.0,0.017,3.3,1478745000.0,1826794000.0,0.315,1826794000.0,1478745000.0,1318471000.0,7.76,7.7,7.76,2665424000.0,2575946000.0,2665424000.0,32651670905.0,22.0,17.874,1626175000.0,10.371,1.0,3356863000.0,0.578,3436815000.0,160274000.0,6378620000.0,6174296000.0,1310985000.0,746063000.0,746063000.0,0.0,6598950000.0,1699786000.0,4899164000.0,30153908905.0,218415000.0,-90143000.0,-753450000.0,20799000.0,-522421000.0,-1299635000.0,-258874000.0,-16056000.0,1778850000.0,-1926000.0,1216785000.0,1216785000.0,1216785000.0,0.0,-1760000.0,0.21,1857340000.0,1499523000.0,264280000.0,0.425,11.313,24.782,25.062,519824000.0,0.0,194.48,5.193,5.252,1107413000.0,654930000.0,5806424000.0,5806424000.0,863864000.0,0.133,0.472,0.24,0.255,111381000.0,734149000.0,1.0,155048894.0,156797000,158005000.0,37.031,5843145000.0,236797000.0,101686000.0,660885000.0,37.266,3023759000.0
2,KLAC,MRY,2019-12-31,2019-06-30,2019-06-30,2021-08-07,-73029000.0,9008516000.0,7361629250.0,4315075000.0,4693441000.0,0.621,17.04,-130498000.0,1015994000.0,1015994000.0,1869377000.0,1175017000.0,2.44,2.381,3423382000.0,249999000.0,3173383000.0,3423382000.0,587789000.0,233224000.0,0.0,0.025,3.0,1421435000.0,1654659000.0,0.362,1654659000.0,1421435000.0,1296831000.0,7.53,7.49,7.53,2659108000.0,2168298000.0,2659108000.0,21433997968.0,15.0,12.954,1022134000.0,6.55,1.0,2699527000.0,0.591,3772528000.0,124604000.0,5874890000.0,5136188000.0,1262500000.0,723391000.0,723391000.0,0.0,6330823000.0,1768486000.0,4562337000.0,19103514968.0,-388388000.0,-1818283000.0,-1030374000.0,1181311000.0,-472263000.0,-360005000.0,-1180982000.0,767799000.0,1152632000.0,-33000.0,1175617000.0,1175617000.0,1175617000.0,0.0,-600000.0,0.257,1278692000.0,1420835000.0,202416000.0,0.398,7.184,16.25,15.697,448799000.0,0.0,118.2,4.181,4.037,990113000.0,714825000.0,4568904000.0,4568904000.0,711030000.0,0.16,0.542,0.277,0.311,94194000.0,599124000.0,1.0,161620262.0,156053000,156949000.0,29.278,5235988000.0,206141000.0,121214000.0,702285000.0,33.553,2546589000.0
3,KLAC,MRY,2018-12-31,2018-06-30,2018-06-30,2021-08-07,-53933000.0,5638619000.0,5583617250.0,4549000000.0,1089619000.0,0.723,10.365,-66947000.0,1404382000.0,1404382000.0,1446041000.0,802265000.0,3.746,2.48,2237402000.0,0.0,2237402000.0,2237402000.0,420833000.0,62684000.0,0.0,0.025,2.52,1570307000.0,1632991000.0,0.405,1632991000.0,1570307000.0,1455931000.0,5.13,5.1,5.13,1620511000.0,1420058750.0,1620511000.0,17187796670.0,11.0,10.525,1162173000.0,7.433,1.0,2590660000.0,0.642,374031000.0,114376000.0,4883338000.0,5180042250.0,931845000.0,1475936000.0,1475936000.0,0.0,4018108000.0,1214270000.0,2803838000.0,15981564670.0,251331000.0,-17403000.0,-141725000.0,-697557000.0,-402065000.0,-1270103000.0,291618000.0,375968000.0,1229120000.0,696000.0,802265000.0,802265000.0,802265000.0,0.0,0.0,0.199,1020353000.0,1570307000.0,169354000.0,0.491,9.862,19.921,19.986,286306000.0,0.0,102.53,3.959,3.971,651678000.0,1056445000.0,4036701000.0,4036701000.0,608531000.0,0.144,0.565,0.303,0.389,62784000.0,442304000.0,1.0,155872083.0,156346000,157378000.0,25.819,5264588000.0,193200000.0,653666000.0,1197000.0,33.673,3334730000.0
4,KLAC,MRY,2017-12-31,2017-06-30,2017-06-30,2021-08-07,-51323000.0,5532173000.0,5236793000.0,4392066000.0,1140107000.0,0.665,8.477,-35647000.0,1153051000.0,1153051000.0,1286215000.0,926076000.0,3.396,3.171,2930457000.0,249983000.0,2680474000.0,2930457000.0,306081000.0,57836000.0,0.0,0.023,2.14,1295722000.0,1353558000.0,0.389,1353558000.0,1295722000.0,1173246000.0,5.92,5.88,5.92,1326417000.0,1055083500.0,1326417000.0,16344367631.0,13.0,12.075,1044018000.0,6.672,1.0,2193799000.0,0.63,368489000.0,122476000.0,5647928000.0,5682858000.0,732988000.0,1863689000.0,1863689000.0,0.0,4205756000.0,1293162000.0,2912594000.0,14345347631.0,44563000.0,-28560000.0,20357000.0,-130000000.0,-343993000.0,-472805000.0,-560886000.0,-496679000.0,1079665000.0,-1411000.0,926076000.0,926076000.0,926076000.0,0.0,0.0,0.266,898077000.0,1295722000.0,147380000.0,0.361,10.815,15.49,15.458,283975000.0,0.0,91.51,4.122,4.114,571117000.0,848457000.0,3480014000.0,3480014000.0,526688000.0,0.177,0.878,0.228,0.372,50943000.0,388211000.0,1.0,156762623.0,156468000,157481000.0,22.241,5163684000.0,291967000.0,247170000.0,0.0,33.002,3098904000.0
5,KLAC,MRY,2016-12-31,2016-06-30,2016-06-30,2021-08-07,-48685000.0,4962432000.0,4722093250.0,3868032000.0,1094400000.0,0.632,4.421,-24665000.0,1108488000.0,1108488000.0,1163391000.0,704422000.0,3.859,6.201,3057936000.0,0.0,3057936000.0,3057936000.0,290034000.0,66932000.0,0.0,0.028,2.08,981079000.0,1048011000.0,0.351,1048011000.0,981079000.0,858192000.0,4.52,4.49,4.52,689114000.0,456438000.0,689114000.0,13576971494.0,14.0,12.955,735031000.0,4.716,1.0,1821102000.0,0.61,339508000.0,122887000.0,5569949000.0,5625491000.0,698635000.0,1382806000.0,1382806000.0,0.0,4273318000.0,1002423000.0,3270895000.0,11405639494.0,270463000.0,0.0,-143413000.0,-135000000.0,-346283000.0,-636702000.0,144687000.0,169352000.0,759696000.0,2782000.0,704422000.0,704422000.0,704422000.0,0.0,0.0,0.236,840023000.0,981079000.0,106517000.0,0.46,16.551,16.191,16.206,278014000.0,0.0,73.25,3.822,3.826,613233000.0,284825000.0,2984493000.0,2984493000.0,481258000.0,0.149,1.543,0.174,0.329,33114000.0,379399000.0,1.0,155708389.0,155869000,156779000.0,19.147,4622924000.0,302219000.0,153770000.0,0.0,29.659,2865609000.0
6,KLAC,MRY,2015-12-31,2015-06-30,2015-06-30,2021-08-07,-40573000.0,4826012000.0,5004292500.0,3904576000.0,921436000.0,0.562,2.597,-45791000.0,838025000.0,838025000.0,1215229000.0,366158000.0,3.898,10.451,3190416000.0,16981000.0,3173435000.0,3190416000.0,267171000.0,80536000.0,0.0,0.329,18.5,540140000.0,620676000.0,0.221,620676000.0,540140000.0,434131000.0,2.26,2.24,2.26,421439000.0,1261809750.0,421439000.0,11604069502.0,21.0,18.696,560115000.0,3.451,1.0,1598820000.0,0.568,347158000.0,106009000.0,5829482000.0,5646682500.0,617904000.0,1549086000.0,1549086000.0,0.0,4404573000.0,1001763000.0,3402810000.0,8989162502.0,207164000.0,0.0,-555880000.0,2308789000.0,-3041055000.0,-1302972000.0,918221000.0,964012000.0,605906000.0,-13991000.0,366158000.0,366158000.0,366158000.0,0.0,0.0,0.13,927011000.0,671809000.0,103342000.0,8.186,21.33,24.55,24.872,314591000.0,0.0,56.21,3.194,3.242,585494000.0,-12362000.0,2814049000.0,2814049000.0,530616000.0,0.073,0.29,0.096,0.192,39899000.0,406864000.0,1.0,159921055.0,162282000,163701000.0,17.34,4478854000.0,314901000.0,67973000.0,0.0,27.599,2902813000.0
7,KLAC,MRY,2014-12-31,2014-06-30,2014-06-30,2021-08-07,-30271000.0,5535846000.0,5436745750.0,4586095000.0,949751000.0,0.539,22.102,-63666000.0,630861000.0,630861000.0,1232962000.0,582755000.0,5.121,0.509,745101000.0,0.0,745101000.0,745101000.0,264599000.0,83072000.0,0.0,0.025,1.8,788273000.0,871345000.0,0.297,871345000.0,788273000.0,734461000.0,3.51,3.47,3.51,3669346000.0,3587661000.0,3669346000.0,12017224926.0,15.0,13.792,715220000.0,4.308,1.0,1696446000.0,0.579,363052000.0,53812000.0,4391423000.0,4160925750.0,656457000.0,2521776000.0,2521776000.0,0.0,1866500000.0,895611000.0,970889000.0,12045664926.0,-354529000.0,-18000000.0,-128622000.0,0.0,-298871000.0,-458887000.0,-676109000.0,-594443000.0,778886000.0,1581000.0,582755000.0,582755000.0,582755000.0,0.0,0.0,0.199,908173000.0,788273000.0,103422000.0,0.513,3.283,20.67,20.695,330263000.0,0.0,72.64,4.112,4.117,492863000.0,2479113000.0,2929408000.0,2929408000.0,539469000.0,0.107,0.162,0.189,0.269,40386000.0,384907000.0,1.0,165826885.0,166016000,168118000.0,17.645,5172794000.0,215676000.0,151706000.0,0.0,31.158,3690484000.0
8,KLAC,MRY,2013-12-31,2013-06-30,2013-06-30,2021-08-07,-36646000.0,5287357000.0,5154017250.0,4351503000.0,935854000.0,0.552,20.966,-72735000.0,985390000.0,985390000.0,1237452000.0,543149000.0,5.051,0.518,747376000.0,0.0,747376000.0,747376000.0,261031000.0,87534000.0,0.0,0.029,1.6,744797000.0,832331000.0,0.293,832331000.0,744797000.0,690621000.0,3.27,3.21,3.27,3482152000.0,3410495750.0,3482152000.0,9057848002.0,12.0,10.883,840453000.0,5.06,1.0,1605329000.0,0.565,361150000.0,54176000.0,3826661000.0,3871340250.0,634448000.0,1933491000.0,1933491000.0,0.0,1805205000.0,861532000.0,943673000.0,9244809002.0,234096000.0,0.0,-147133000.0,0.0,-265893000.0,-428510000.0,-241447000.0,-168712000.0,913188000.0,-9135000.0,543149000.0,543149000.0,543149000.0,0.0,0.0,0.191,860532000.0,744797000.0,115680000.0,0.489,2.655,17.021,17.043,305281000.0,0.0,55.73,3.252,3.256,524610000.0,2359233000.0,2842781000.0,2842781000.0,487832000.0,0.105,0.159,0.192,0.262,55886000.0,387812000.0,1.0,165885681.0,166089000,169260000.0,17.116,4926207000.0,198525000.0,147472000.0,59494000.0,29.66,3489971000.0
9,KLAC,MRY,2012-12-31,2012-06-30,2012-06-30,2021-08-07,-21143000.0,5100308000.0,4824954250.0,4164043000.0,936265000.0,0.657,19.878,-55368000.0,751294000.0,751294000.0,1330016000.0,756015000.0,4.826,0.538,746833000.0,0.0,746833000.0,746833000.0,245212000.0,92133000.0,0.0,0.028,1.4,1028291000.0,1120424000.0,0.353,1120424000.0,1028291000.0,974094000.0,4.53,4.44,4.53,3315595000.0,3094356750.0,3315595000.0,8223679775.0,8.0,7.34,886249000.0,5.313,1.0,1841928000.0,0.581,383352000.0,54197000.0,3849588000.0,3580661250.0,650802000.0,1783150000.0,1783150000.0,0.0,1784713000.0,862907000.0,921806000.0,8240895775.0,39965000.0,0.0,-100295000.0,0.0,-233561000.0,-364103000.0,-528891000.0,-473523000.0,941617000.0,-8658000.0,756015000.0,756015000.0,756015000.0,0.0,0.0,0.238,825603000.0,1016325000.0,139183000.0,0.309,2.485,10.9,10.872,277686000.0,0.0,49.25,2.598,2.59,701280000.0,2247258000.0,3171944000.0,3171944000.0,452937000.0,0.157,0.244,0.287,0.324,78835000.0,372666000.0,1.0,167327833.0,166795000,170147000.0,19.017,4716956000.0,184670000.0,218079000.0,50839000.0,28.28,3301136000.0
10,KLAC,MRY,2011-12-31,2011-06-30,2011-06-30,2021-08-07,-2399000.0,4675521000.0,4324047500.0,3676010000.0,999511000.0,0.734,17.104,-32966000.0,711329000.0,711329000.0,1259243000.0,794488000.0,4.183,0.634,746290000.0,0.0,746290000.0,746290000.0,271507000.0,86044000.0,0.0,0.025,1.0,1164394000.0,1250438000.0,0.394,1250438000.0,1164394000.0,1110066000.0,4.75,4.66,4.75,2860893000.0,2585350250.0,2860893000.0,6904110412.0,6.0,5.521,790200000.0,4.724,1.0,1915924000.0,0.603,414058000.0,54328000.0,3417563000.0,3199913250.0,575730000.0,1327206000.0,1327206000.0,0.0,1814628000.0,878861000.0,935767000.0,6796714412.0,181411000.0,0.0,-110271000.0,0.0,-167398000.0,-300155000.0,-359510000.0,-326544000.0,823166000.0,17910000.0,794488000.0,794488000.0,794488000.0,0.0,0.0,0.25,755594000.0,1160330000.0,142945000.0,0.211,2.376,8.555,8.522,257358000.0,0.0,40.48,2.141,2.132,583270000.0,1852633000.0,3175167000.0,3175167000.0,386163000.0,0.184,0.307,0.364,0.367,81359000.0,369431000.0,1.0,167903024.0,167261000,170352000.0,18.983,4261463000.0,331397000.0,315578000.0,78337000.0,25.478,2797149000.0
11,KLAC,MRY,2010-12-31,2010-06-30,2010-06-30,2021-08-07,-31303000.0,3907056000.0,3774728000.0,2835465000.0,1071591000.0,0.482,13.165,-24324000.0,529918000.0,529918000.0,815662000.0,212300000.0,3.674,0.739,745747000.0,0.0,745747000.0,745747000.0,262144000.0,87348000.0,0.0,0.022,0.6,345698000.0,433046000.0,0.238,433046000.0,345698000.0,291181000.0,1.24,1.23,1.24,2246611000.0,2224741250.0,2246611000.0,4941530412.0,14.0,11.411,423476000.0,2.482,1.0,1005098000.0,0.552,445342000.0,54517000.0,2905756000.0,2853413500.0,401730000.0,1004126000.0,1004126000.0,0.0,1660445000.0,771787000.0,888658000.0,4739424412.0,4951000.0,-1500000.0,-100408000.0,0.0,-102409000.0,-216331000.0,-227964000.0,-202140000.0,447800000.0,1446000.0,212300000.0,212300000.0,212300000.0,0.0,0.0,0.117,690932000.0,314166000.0,107938000.0,0.484,2.11,22.324,22.484,236752000.0,0.0,27.88,2.603,2.613,440125000.0,1356454000.0,1820760000.0,1820760000.0,329560000.0,0.056,0.095,0.121,0.19,80849000.0,361372000.0,1.0,169993702.0,170652000,173034000.0,10.669,3461714000.0,328522000.0,78881000.0,53492000.0,20.285,2063678000.0
12,KLAC,MRY,2009-12-31,2009-06-30,2009-06-30,2021-08-07,-21217000.0,3609538000.0,3896061000.0,2398617000.0,1210921000.0,0.39,12.83,-412000.0,524967000.0,524967000.0,864824000.0,-523368000.0,4.385,0.652,745204000.0,0.0,745204000.0,745204000.0,165115000.0,135848000.0,0.0,0.024,0.6,-547192000.0,-411344000.0,-0.271,-411344000.0,-547192000.0,-602531000.0,-3.07,-3.07,-3.07,2184392000.0,2350489000.0,2184392000.0,4369757622.0,-8.0,-10.623,195272000.0,1.147,1.0,655392000.0,0.431,478459000.0,55339000.0,2804334000.0,2738934250.0,370206000.0,804917000.0,804917000.0,0.0,1425146000.0,546982000.0,878164000.0,4289618622.0,-603139000.0,-141399000.0,-186407000.0,0.0,-102149000.0,-299117000.0,-484900000.0,-343089000.0,195684000.0,-14806000.0,-523368000.0,-523368000.0,-523368000.0,0.0,0.0,-0.344,1233333000.0,-577941000.0,63485000.0,-0.195,1.964,-8.196,-8.225,291878000.0,0.0,25.25,2.822,2.828,210143000.0,1370132000.0,1520216000.0,1520216000.0,371463000.0,-0.134,-0.223,-0.2,-0.36,85964000.0,415126000.0,1.0,169885886.0,170253000,170253000.0,8.929,3131079000.0,261121000.0,-79163000.0,49738000.0,18.391,1851635000.0
13,KLAC,MRY,2008-12-31,2008-06-30,2008-06-30,2021-08-07,47684000.0,4848390000.0,4326330000.0,3035764000.0,1812626000.0,0.583,16.511,11464000.0,1128106000.0,1128106000.0,1134856000.0,359083000.0,3.194,0.626,744661000.0,0.0,744661000.0,744661000.0,239234000.0,126376000.0,0.0,0.015,0.6,571001000.0,697377000.0,0.277,697377000.0,571001000.0,560234000.0,1.99,1.95,1.99,2981730000.0,3018026750.0,2981730000.0,5739817790.0,10.0,8.231,674075000.0,3.733,1.0,1386860000.0,0.55,899660000.0,10767000.0,2614953000.0,2134864000.0,459449000.0,451277000.0,409130000.0,42147000.0,1866660000.0,950332000.0,916328000.0,6923194790.0,405595000.0,-494036000.0,-955535000.0,737219000.0,-108521000.0,-318938000.0,58063000.0,540635000.0,662611000.0,3859000.0,359083000.0,359083000.0,359083000.0,0.0,0.0,0.142,887484000.0,499376000.0,104315000.0,0.302,2.322,19.28,20.457,355474000.0,0.0,40.71,2.745,2.915,492488000.0,2204417000.0,2521716000.0,2521716000.0,409973000.0,0.083,0.119,0.267,0.226,109218000.0,464890000.0,1.0,170061282.0,180594000,184259000.0,13.963,3948730000.0,328588000.0,201151000.0,63634000.0,21.865,2085432000.0
14,KLAC,MRY,2007-12-31,2007-06-30,2007-06-30,2021-08-07,11405000.0,4623249000.0,4624488250.0,3252771000.0,1370478000.0,0.591,18.009,-83782000.0,722511000.0,722511000.0,1189601000.0,528098000.0,3.235,0.302,0.0,0.0,0.0,0.0,301001000.0,109290000.0,0.0,0.009,0.48,681388000.0,790678000.0,0.289,790678000.0,681388000.0,678607000.0,2.68,2.61,2.68,3550042000.0,3607223000.0,3550042000.0,9925288511.0,15.0,12.553,514268000.0,2.609,1.0,1541628000.0,0.564,487288000.0,2781000.0,2407888000.0,2431720000.0,535370000.0,988118000.0,988118000.0,0.0,1073207000.0,1005562000.0,67645000.0,10529704511.0,-406680000.0,-521693000.0,-545216000.0,0.0,-95057000.0,-633227000.0,-386632000.0,218843000.0,598050000.0,15129000.0,528098000.0,528098000.0,528098000.0,0.0,0.0,0.193,951760000.0,589868000.0,92165000.0,0.179,2.966,19.939,20.504,382240000.0,0.0,54.95,3.855,3.966,581500000.0,2570751000.0,2731229000.0,2731229000.0,427515000.0,0.114,0.146,0.28,0.249,96457000.0,513525000.0,1.0,191623376.0,197126000,202204000.0,13.855,4135961000.0,339133000.0,150509000.0,0.0,20.981,2247209000.0
15,KLAC,MRY,2006-12-31,2006-06-30,2006-06-30,2021-08-07,8908000.0,4575911000.0,4283090750.0,3596993000.0,978918000.0,0.483,17.936,-73810000.0,1129191000.0,1129191000.0,942091000.0,380452000.0,3.588,0.283,0.0,0.0,0.0,0.0,306685000.0,69436000.0,0.0,0.012,0.48,384134000.0,453570000.0,0.219,453570000.0,384134000.0,381959000.0,1.92,1.86,1.92,3562552000.0,3351454750.0,3562552000.0,7314005738.0,19.0,16.125,241359000.0,1.215,1.0,1128536000.0,0.545,70341000.0,2175000.0,2373898000.0,2371793000.0,449156000.0,1196605000.0,1196605000.0,0.0,1007920000.0,1002481000.0,5439000.0,8276000738.0,466028000.0,-7664000.0,-8764000.0,0.0,-95348000.0,-84959000.0,225070000.0,306544000.0,315169000.0,10748000.0,380452000.0,380452000.0,380452000.0,0.0,0.0,0.184,818745000.0,309791000.0,95192000.0,0.25,2.323,21.753,21.651,395412000.0,0.0,41.57,3.997,3.988,439899000.0,2137710000.0,2070627000.0,2070627000.0,393823000.0,0.089,0.114,0.162,0.186,182197000.0,424922000.0,1.0,199085897.0,198625000,204097000.0,10.425,4505570000.0,307561000.0,1507000.0,0.0,22.684,2594512000.0
16,KLAC,MRY,2005-12-31,2005-06-30,2005-06-30,2021-08-07,16273000.0,4040603000.0,3838978250.0,3201891000.0,838712000.0,0.542,15.735,-59675000.0,663163000.0,663163000.0,871000000.0,445049000.0,3.418,0.306,0.0,0.0,0.0,0.0,292909000.0,70153000.0,0.0,0.003,0.12,586454000.0,656607000.0,0.315,656607000.0,586454000.0,586454000.0,2.27,2.21,2.27,3089426000.0,2892738000.0,3089426000.0,7793389014.0,13.0,11.869,447060000.0,2.277,1.0,1210878000.0,0.582,0.0,0.0,2440751000.0,2052047750.0,359840000.0,1532023000.0,1532023000.0,0.0,943933000.0,936689000.0,7244000.0,8599550014.0,309281000.0,-44628000.0,-70056000.0,0.0,-23644000.0,-81069000.0,-124598000.0,-20295000.0,506735000.0,8213000.0,445049000.0,445049000.0,445049000.0,0.0,0.0,0.214,665758000.0,545120000.0,67717000.0,0.053,2.784,19.323,19.242,385921000.0,0.0,43.68,4.131,4.12,333218000.0,1852606000.0,2081878000.0,2081878000.0,351984000.0,0.116,0.154,0.286,0.282,52136000.0,313774000.0,1.0,196876145.0,196346000,201126000.0,10.603,4040603000.0,263212000.0,141405000.0,0.0,20.579,2265202000.0
17,KLAC,MRY,2004-12-31,2004-06-30,2004-06-30,2021-08-07,2159000.0,3539179000.0,3221665000.0,2191502000.0,1347677000.0,0.465,13.476,-55528000.0,598698000.0,598698000.0,684483000.0,212476000.0,2.404,0.347,0.0,0.0,0.0,0.0,342131000.0,82226000.0,0.0,0.0,0.0,270388000.0,352614000.0,0.236,352614000.0,270388000.0,270388000.0,1.09,1.05,1.09,2627550000.0,2455762000.0,2627550000.0,8930703718.0,33.0,25.327,294149000.0,1.509,1.0,812735000.0,0.543,0.0,0.0,2028852000.0,1785774750.0,337414000.0,1277658000.0,534456000.0,743202000.0,911629000.0,911629000.0,0.0,9706951718.0,29134000.0,0.0,113006000.0,0.0,0.0,113006000.0,-440517000.0,-384989000.0,349677000.0,6968000.0,212476000.0,212476000.0,212476000.0,0.0,0.0,0.142,569105000.0,243630000.0,63991000.0,0.0,3.694,45.685,45.303,376052000.0,0.0,49.38,6.483,6.431,372773000.0,1640587000.0,1497218000.0,1497218000.0,298507000.0,0.066,0.087,0.151,0.181,93213000.0,270598000.0,1.0,196576584.0,194976000,202302000.0,7.679,3539179000.0,310150000.0,57912000.0,0.0,18.152,1279873000.0
18,KLAC,MRY,2003-12-31,2003-06-30,2003-06-30,2021-08-07,3687000.0,2866597000.0,2777104500.0,1806383000.0,1060214000.0,0.476,11.672,-130569000.0,606903000.0,606903000.0,671505000.0,137191000.0,2.775,0.294,0.0,0.0,0.0,0.0,225689000.0,71448000.0,0.0,0.0,0.0,180518000.0,251966000.0,0.19,251966000.0,180518000.0,180518000.0,0.72,0.7,0.72,2215541000.0,2120717000.0,2215541000.0,8273870089.0,46.0,32.837,115688000.0,0.609,1.0,651544000.0,0.492,0.0,0.0,1608638000.0,1585427000.0,258799000.0,880980000.0,350061000.0,530919000.0,651056000.0,651056000.0,0.0,8841886089.0,77483000.0,0.0,26587000.0,0.0,0.0,26587000.0,-198114000.0,-67545000.0,246257000.0,2753000.0,137191000.0,137191000.0,137191000.0,0.0,0.0,0.104,512822000.0,138722000.0,33893000.0,0.0,3.991,64.449,64.528,382729000.0,0.0,46.46,6.683,6.666,223535000.0,1396886000.0,1323049000.0,1323049000.0,268291000.0,0.049,0.065,0.114,0.136,22435000.0,253933000.0,1.0,190311797.0,189817000,194785000.0,6.97,2866597000.0,324098000.0,43327000.0,0.0,15.102,1155327000.0
19,KLAC,MRY,2002-12-31,2002-06-30,2002-06-30,2021-08-07,4587000.0,2717718000.0,2650157000.0,1619288000.0,1098430000.0,0.618,10.818,-68658000.0,429820000.0,429820000.0,814393000.0,216166000.0,2.355,0.339,0.0,0.0,0.0,0.0,248738000.0,69590000.0,0.0,0.0,0.0,287456000.0,357046000.0,0.218,357046000.0,287456000.0,287456000.0,1.15,1.1,1.15,2030228000.0,1885737000.0,2030228000.0,8012816077.0,28.0,22.442,201526000.0,1.074,1.0,822889000.0,0.503,0.0,0.0,1600408000.0,1541119750.0,323016000.0,903763000.0,243526000.0,660237000.0,687490000.0,687490000.0,0.0,8319278077.0,-99854000.0,-4035000.0,-8084000.0,-448000.0,0.0,-8532000.0,-362336000.0,-289643000.0,270184000.0,830000.0,216166000.0,216166000.0,216166000.0,0.0,0.0,0.132,577996000.0,244893000.0,52988000.0,0.0,4.098,38.486,38.252,300560000.0,0.0,43.99,5.081,5.042,277006000.0,1259695000.0,1637282000.0,1637282000.0,287408000.0,0.082,0.115,0.187,0.176,59697000.0,290588000.0,1.0,189117483.0,187667000,196594000.0,8.724,2717718000.0,315049000.0,71290000.0,0.0,14.482,931798000.0
20,KLAC,MRY,2001-12-31,2001-06-30,2001-06-30,2021-08-07,2604000.0,2744551000.0,2464908000.0,1896946000.0,847605000.0,0.853,9.472,-162195000.0,529674000.0,529674000.0,937152000.0,66683000.0,1.928,0.559,0.0,0.0,0.0,0.0,493028000.0,55649000.0,0.0,0.0,0.0,206209000.0,261858000.0,0.124,261858000.0,206209000.0,206209000.0,0.36,0.34,0.36,1760466000.0,1809141250.0,1760466000.0,10402130416.0,50.0,39.724,245723000.0,1.322,1.0,1166605000.0,0.555,0.0,0.0,1230792000.0,1397931250.0,394406000.0,614186000.0,167421000.0,446765000.0,984085000.0,984085000.0,0.0,10839510416.0,51462000.0,-20818000.0,-59876000.0,1670000.0,0.0,-58206000.0,-295108000.0,-112095000.0,407918000.0,-3142000.0,66683000.0,66683000.0,66683000.0,0.0,0.0,0.032,708137000.0,458468000.0,60740000.0,0.0,6.157,162.553,162.417,290254000.0,0.0,58.47,5.152,5.166,402013000.0,1043529000.0,2103757000.0,2103757000.0,355772000.0,0.027,0.037,0.148,0.098,56044000.0,354368000.0,1.0,185385846.0,185860000,193435000.0,11.319,2744551000.0,360079000.0,139526000.0,0.0,14.767,912861000.0
21,KLAC,MRY,2000-12-31,2000-06-30,2000-06-30,2021-08-07,13665000.0,2203503000.0,1900040500.0,1551754000.0,651749000.0,0.789,9.379,-78694000.0,478212000.0,478212000.0,677805000.0,253798000.0,3.136,0.29,0.0,0.0,0.0,0.0,0.0,63338000.0,0.0,0.0,0.0,353077000.0,416415000.0,0.278,416415000.0,353077000.0,353077000.0,1.39,1.32,1.39,1708676000.0,1457187000.0,1708676000.0,10525543274.0,30.0,25.277,173823000.0,0.954,1.0,821007000.0,0.548,0.0,0.0,1230464000.0,1086215750.0,282489000.0,486171000.0,119932000.0,366239000.0,494827000.0,494827000.0,0.0,10891014274.0,206724000.0,-19925000.0,79021000.0,-18316000.0,0.0,60705000.0,-96454000.0,2165000.0,252517000.0,-10044000.0,253798000.0,253798000.0,253798000.0,0.0,0.0,0.169,509466000.0,311541000.0,55016000.0,0.0,6.374,42.912,42.129,199719000.0,0.0,58.56,7.266,7.118,481950000.0,976846000.0,1498812000.0,1498812000.0,246227000.0,0.134,0.174,0.325,0.236,0.0,267877000.0,1.0,185980435.0,182177000,192564000.0,8.227,2203503000.0,164294000.0,99279000.0,0.0,12.095,1056927000.0
22,KLAC,MRY,1999-12-31,1999-06-30,1999-06-30,2021-08-07,5183000.0,1584900000.0,1547874750.0,942341000.0,642559000.0,0.545,7.024,-60736000.0,271488000.0,271488000.0,447059000.0,39212000.0,2.675,0.286,14567000.0,14567000.0,0.0,14567000.0,0.0,48217000.0,0.0,0.0,0.0,50309000.0,98526000.0,0.117,98526000.0,50309000.0,50309000.0,0.22,0.21,0.22,1232583000.0,1207004000.0,1232583000.0,5490966830.0,109.0,55.731,61610000.0,0.351,1.0,396122000.0,0.47,0.0,0.0,975662000.0,993414500.0,195679000.0,483695000.0,59574000.0,424121000.0,352317000.0,352317000.0,0.0,5719739830.0,55518000.0,-10047000.0,-7443000.0,-8714000.0,0.0,-16157000.0,-37765000.0,33018000.0,122346000.0,-12906000.0,39212000.0,39212000.0,39212000.0,0.0,0.0,0.047,406456000.0,-10334000.0,35249000.0,0.0,4.64,145.867,147.455,168335000.0,0.0,32.44,6.784,6.751,280070000.0,723048000.0,843181000.0,843181000.0,164699000.0,0.025,0.032,0.051,0.06,0.0,199057000.0,1.0,176317504.0,175474000,183344000.0,4.805,1584900000.0,113037000.0,11097000.0,0.0,9.032,590024000.0
23,KLAC,MRY,1998-12-31,1998-06-30,1998-06-30,2021-08-07,16295000.0,1548397000.0,1445852000.0,956371000.0,592026000.0,0.807,7.037,-64389000.0,215970000.0,215970000.0,554917000.0,134096000.0,2.727,0.293,21482000.0,21482000.0,0.0,21482000.0,0.0,38917000.0,0.0,0.0,0.0,206311000.0,245228000.0,0.21,245228000.0,206311000.0,206311000.0,0.79,0.76,0.79,1197714000.0,1106163500.0,1197714000.0,2232833813.0,11.0,9.105,9771000.0,0.057,1.0,611408000.0,0.524,0.0,0.0,1003226000.0,881863500.0,234565000.0,507511000.0,92343000.0,415168000.0,350683000.0,350683000.0,0.0,2405513813.0,-63255000.0,0.0,18499000.0,-2636000.0,0.0,15863000.0,-172702000.0,-89542000.0,74160000.0,19424000.0,134096000.0,134096000.0,134096000.0,0.0,0.0,0.115,446777000.0,164631000.0,46353000.0,0.0,2.008,17.939,17.525,140937000.0,0.0,13.845,2.062,2.02,304140000.0,683836000.0,1166325000.0,1166325000.0,181903000.0,0.093,0.121,0.234,0.177,0.0,242400000.0,1.0,173746032.0,170194000,177044000.0,6.853,1548397000.0,90729000.0,72215000.0,0.0,9.098,605688000.0
24,KLAC,MRY,1997-12-31,1997-06-30,1997-06-30,2021-08-07,13599000.0,1343307000.0,,860007000.0,483300000.0,,6.191,-56793000.0,279225000.0,279225000.0,471910000.0,105396000.0,2.616,0.324,25113000.0,25113000.0,0.0,25113000.0,0.0,52340000.0,0.0,0.0,0.0,173979000.0,226319000.0,0.219,226319000.0,173979000.0,173979000.0,0.645,0.62,0.645,1014613000.0,,1014613000.0,,,,189182000.0,1.154,1.0,559914000.0,0.543,0.0,0.0,760501000.0,,174634000.0,408024000.0,69606000.0,338418000.0,328694000.0,328694000.0,0.0,,77521000.0,0.0,22235000.0,-6752000.0,0.0,15483000.0,-183685000.0,-126892000.0,245975000.0,-252000.0,105396000.0,105396000.0,105396000.0,0.0,0.0,0.102,414082000.0,145832000.0,41155000.0,0.0,,,37.791,117595000.0,0.0,24.375,,3.872,269291000.0,542706000.0,1031824000.0,1031824000.0,134105000.0,,,,0.169,0.0,219425000.0,1.0,,163886000,170406000.0,6.296,1343307000.0,54799000.0,68583000.0,0.0,8.197,531313000.0
25,KLAC,MRY,1996-12-31,1996-06-30,1996-06-30,2021-08-07,,,,,,,,-64589000.0,,,469681000.0,196634000.0,,,,,,,,24967000.0,,0.0,0.0,314100000.0,339067000.0,0.31,339067000.0,314100000.0,314100000.0,1.21,1.17,1.21,,,,,,,46680000.0,0.288,1.0,624811000.0,0.571,,0.0,,,,,,,,,,,49584000.0,0.0,19620000.0,5900000.0,0.0,25520000.0,-89791000.0,-25202000.0,111269000.0,2586000.0,196634000.0,196634000.0,196634000.0,0.0,0.0,0.18,328545000.0,296266000.0,,0.0,,,9.091,,0.0,11.0,,1.631,,,1094492000.0,1094492000.0,115920000.0,,,,0.287,0.0,212625000.0,1.0,,162296000,168390000.0,6.744,,,117466000.0,,,
0,KLAC,MRQ,2021-06-30,2021-06-30,2021-06-30,2021-08-07,-75557000.0,10271124000.0,,5696248000.0,4574876000.0,,22.079,-55376000.0,1434610000.0,1434610000.0,772241000.0,633058000.0,2.708,2.042,3442767000.0,20000000.0,3422767000.0,3442767000.0,667703000.0,84647000.0,0.0,0.011,0.9,748733000.0,833380000.0,0.433,833380000.0,748733000.0,708763000.0,4.13,4.09,4.13,3377554000.0,,3377554000.0,51685433866.0,21.0,18.122,410248000.0,2.682,1.0,1153230000.0,0.599,3196483000.0,39970000.0,6979571000.0,,1575380000.0,1059912000.0,1059912000.0,0.0,6895482000.0,2103227000.0,4792255000.0,49695486866.0,-17540000.0,0.0,-240035000.0,0.0,-139267000.0,-392845000.0,-93604000.0,-38228000.0,465624000.0,3285000.0,632978000.0,632978000.0,632978000.0,0.0,80000.0,0.329,404417000.0,748813000.0,342083000.0,0.218,14.713,23.912,24.033,663027000.0,0.0,324.21,7.183,7.22,1305479000.0,1277123000.0,1925471000.0,1925471000.0,241428000.0,,,,,27690000.0,192022000.0,1.0,153281783.0,152973000,154381000.0,12.587,7074641000.0,270461000.0,75785000.0,650623000.0,46.248,3593021000.0
1,KLAC,MRQ,2021-03-31,2021-03-31,2021-03-31,2021-08-07,-70473000.0,9939240000.0,,5405165000.0,4534075000.0,,20.253,-61183000.0,1452150000.0,1452150000.0,709629000.0,567170000.0,2.663,2.192,3442097000.0,20000000.0,3422097000.0,3442097000.0,672190000.0,84365000.0,0.0,0.011,0.9,679821000.0,764186000.0,0.424,764186000.0,679821000.0,640729000.0,3.69,3.66,3.69,3114856000.0,,3114856000.0,52936263690.0,24.0,20.81,584967000.0,3.803,1.0,1094144000.0,0.607,3248776000.0,39092000.0,6650945000.0,,1450588000.0,990575000.0,990575000.0,0.0,6826376000.0,2029466000.0,4796910000.0,50906264690.0,20684000.0,16833000.0,-273441000.0,-20000000.0,-139338000.0,-439453000.0,-176588000.0,-132238000.0,646150000.0,-9425000.0,567496000.0,567496000.0,567496000.0,0.0,-326000.0,0.315,414649000.0,679495000.0,295111000.0,0.244,16.343,27.42,27.533,628438000.0,0.0,330.4,7.889,7.875,1201991000.0,1070124000.0,1803773000.0,1803773000.0,238957000.0,,,,,30327000.0,183040000.0,1.0,154074651.0,153801000,155159000.0,11.728,6690464000.0,240822000.0,73233000.0,629896000.0,43.501,3375699000.0
2,KLAC,MRQ,2020-12-31,2020-12-31,2020-12-31,2021-08-07,-72704000.0,9814644000.0,,5222954000.0,4591690000.0,,19.026,-58403000.0,1431466000.0,1431466000.0,669733000.0,456983000.0,2.585,2.339,3461465000.0,20000000.0,3441465000.0,3461465000.0,603029000.0,84257000.0,0.0,0.014,0.9,566550000.0,650807000.0,0.394,650807000.0,566550000.0,527670000.0,2.96,2.94,2.96,2935182000.0,,2935182000.0,42195774219.0,25.0,20.925,502678000.0,3.258,1.0,981137000.0,0.594,3335288000.0,38880000.0,6489243000.0,,1420618000.0,865064000.0,865064000.0,0.0,6864338000.0,2020112000.0,4844226000.0,39991191219.0,215646000.0,0.0,-151136000.0,40343000.0,-139584000.0,-261377000.0,-95892000.0,-37489000.0,561081000.0,11834000.0,457251000.0,457251000.0,457251000.0,0.0,-268000.0,0.277,414855000.0,566282000.0,262496000.0,0.304,13.625,29.244,29.388,594185000.0,0.0,258.91,6.585,6.577,1219189000.0,903696000.0,1650870000.0,1650870000.0,229064000.0,,,,,26827000.0,181909000.0,1.0,154459817.0,154273000,155560000.0,10.701,6479356000.0,258734000.0,70419000.0,646028000.0,41.999,3202842000.0
3,KLAC,MRQ,2020-09-30,2020-09-30,2020-09-30,2021-08-07,-79446000.0,9320096000.0,,4754699000.0,4565397000.0,,17.692,-54811000.0,1215820000.0,1215820000.0,620562000.0,420142000.0,2.719,2.387,3420403000.0,0.0,3420403000.0,3420403000.0,579776000.0,80066000.0,0.0,0.018,0.9,523617000.0,603683000.0,0.392,603683000.0,523617000.0,484231000.0,2.71,2.69,2.71,2747184000.0,,2747184000.0,32354361161.0,20.0,16.852,457360000.0,2.945,1.0,918058000.0,0.597,3386345000.0,39386000.0,6389506000.0,,1394225000.0,827633000.0,827633000.0,0.0,6557751000.0,1748828000.0,4808923000.0,30119100161.0,-18589000.0,0.0,-187897000.0,-50000000.0,-141164000.0,-404206000.0,-134320000.0,-79509000.0,512171000.0,7766000.0,420567000.0,420567000.0,420567000.0,0.0,-425000.0,0.273,394866000.0,523192000.0,254458000.0,0.332,10.964,23.333,23.427,561852000.0,0.0,193.74,5.078,5.072,1028883000.0,753915000.0,1538620000.0,1538620000.0,219038000.0,,,,,26992000.0,172631000.0,1.0,155461444.0,155281000,156442000.0,9.909,5933751000.0,245614000.0,63664000.0,656876000.0,38.213,3005871000.0
4,KLAC,MRQ,2020-06-30,2020-06-30,2020-06-30,2021-08-07,-79774000.0,9279960000.0,,4723545000.0,4556415000.0,,17.183,-41790000.0,1234409000.0,1234409000.0,621544000.0,410315000.0,2.779,2.476,3469670000.0,0.0,3469670000.0,3469670000.0,666055000.0,78937000.0,0.0,0.017,0.85,446228000.0,525165000.0,0.36,525165000.0,446228000.0,406007000.0,2.64,2.62,2.64,2665424000.0,,2665424000.0,32651670905.0,22.0,17.874,411056000.0,2.65,1.0,838049000.0,0.574,3436815000.0,40221000.0,6378620000.0,,1310985000.0,746063000.0,746063000.0,0.0,6598950000.0,1699786000.0,4899164000.0,30153908905.0,288234000.0,-11543000.0,50349000.0,24828000.0,-132762000.0,-61355000.0,-105821000.0,-52488000.0,452846000.0,2564000.0,411253000.0,411253000.0,411253000.0,0.0,-938000.0,0.282,392759000.0,445290000.0,264280000.0,0.322,11.313,24.782,25.062,519824000.0,0.0,194.48,5.193,5.252,1107413000.0,654930000.0,1459593000.0,1459593000.0,217100000.0,,,,,26378000.0,167791000.0,1.0,155048894.0,155120000,156262000.0,9.409,5843145000.0,236797000.0,-5246000.0,660885000.0,37.669,3023759000.0
5,KLAC,MRQ,2020-03-31,2020-03-31,2020-03-31,2021-08-07,-88294000.0,8845946000.0,,4318465000.0,4527481000.0,,14.785,-43445000.0,946175000.0,946175000.0,590158000.0,78009000.0,2.612,2.826,3443937000.0,0.0,3443937000.0,3443937000.0,650996000.0,81990000.0,0.0,0.022,0.85,154873000.0,236863000.0,0.166,236863000.0,154873000.0,115642000.0,0.5,0.5,0.5,2307433000.0,,2307433000.0,24994448741.0,19.0,14.687,398583000.0,2.554,1.0,833806000.0,0.586,3480973000.0,39231000.0,6209461000.0,,1264130000.0,688356000.0,688356000.0,0.0,6520750000.0,1653274000.0,4867476000.0,22534435741.0,6311000.0,-70000.0,-315323000.0,20971000.0,-133327000.0,-432637000.0,1788000.0,45303000.0,442028000.0,-4868000.0,78452000.0,78452000.0,78452000.0,0.0,-443000.0,0.055,656838000.0,176968000.0,243234000.0,1.7,9.766,22.02,22.355,497743000.0,0.0,143.74,4.02,4.002,1119263000.0,376656000.0,1423964000.0,1423964000.0,215433000.0,,,,,31270000.0,185760000.0,1.0,156772198.0,156067000,157172000.0,9.124,5364973000.0,207958000.0,37190000.0,647220000.0,34.376,2665191000.0
6,KLAC,MRQ,2019-12-31,2019-12-31,2019-12-31,2021-08-07,-66758000.0,9250720000.0,,4377443000.0,4873277000.0,,16.974,-34874000.0,939864000.0,939864000.0,633618000.0,380305000.0,2.548,2.458,3399877000.0,0.0,3399877000.0,3399877000.0,551356000.0,88534000.0,0.0,0.017,0.85,465649000.0,554183000.0,0.367,554183000.0,465649000.0,425177000.0,2.42,2.4,2.42,2669764000.0,,2669764000.0,30550027174.0,22.0,17.057,352857000.0,2.243,1.0,875835000.0,0.58,3792231000.0,40472000.0,6200259000.0,,1251400000.0,737658000.0,737658000.0,0.0,6562750000.0,1718243000.0,4844507000.0,28114245174.0,-48484000.0,0.0,-260094000.0,-25000000.0,-134696000.0,-432030000.0,-8148000.0,26726000.0,387731000.0,3963000.0,380555000.0,380555000.0,380555000.0,0.0,-250000.0,0.252,410436000.0,465399000.0,256646000.0,0.351,10.531,24.712,24.884,489980000.0,0.0,178.17,5.326,5.309,1191035000.0,719001000.0,1509453000.0,1509453000.0,220751000.0,,,,,26789000.0,192253000.0,1.0,157794495.0,157290000,158620000.0,9.597,5458489000.0,213255000.0,44622000.0,680929000.0,34.703,2659200000.0
7,KLAC,MRQ,2019-09-30,2019-09-30,2019-09-30,2021-08-07,-71855000.0,9229399000.0,,4355749000.0,4873650000.0,,16.769,-32566000.0,988348000.0,988348000.0,604241000.0,346396000.0,2.241,2.461,3424130000.0,250000000.0,3174130000.0,3424130000.0,579761000.0,98588000.0,0.0,0.019,0.75,411995000.0,510583000.0,0.361,510583000.0,411995000.0,371645000.0,2.18,2.16,2.18,2661163000.0,,2661163000.0,27800749228.0,20.0,16.399,463679000.0,2.922,1.0,809173000.0,0.572,3812890000.0,40350000.0,5908844000.0,,1254240000.0,763174000.0,763174000.0,0.0,6549780000.0,1943447000.0,4606333000.0,25393361228.0,-27646000.0,-78530000.0,-228382000.0,0.0,-121636000.0,-373613000.0,-146693000.0,-35597000.0,496245000.0,-3585000.0,346525000.0,346525000.0,346525000.0,0.0,-129000.0,0.245,397307000.0,411866000.0,221388000.0,0.344,9.542,22.548,22.238,475210000.0,0.0,159.45,5.194,5.176,1066188000.0,733173000.0,1413414000.0,1413414000.0,210580000.0,,,,,26944000.0,188345000.0,1.0,159255950.0,158697000,160131000.0,8.906,5416509000.0,216629000.0,25120000.0,688170000.0,34.131,2412302000.0
8,KLAC,MRQ,2019-06-30,2019-06-30,2019-06-30,2021-08-07,-73029000.0,9008516000.0,,4315075000.0,4693441000.0,,16.565,-55846000.0,1015994000.0,1015994000.0,592785000.0,217328000.0,2.44,2.381,3423382000.0,249999000.0,3173383000.0,3423382000.0,587789000.0,127886000.0,0.0,0.025,0.75,272344000.0,400230000.0,0.318,400230000.0,272344000.0,231827000.0,1.33,1.32,1.33,2659108000.0,,2659108000.0,21433997968.0,15.0,12.954,269615000.0,1.68,1.0,665650000.0,0.529,3772528000.0,40517000.0,5874890000.0,,1262500000.0,723391000.0,723391000.0,0.0,6330823000.0,1768486000.0,4562337000.0,19103514968.0,-76169000.0,0.0,-300714000.0,-2478000.0,-121363000.0,-432146000.0,30439000.0,86285000.0,325461000.0,77000.0,217845000.0,217845000.0,217845000.0,0.0,-517000.0,0.173,393823000.0,271827000.0,202416000.0,0.564,7.184,16.25,15.697,448799000.0,0.0,118.2,4.181,4.037,990113000.0,714825000.0,1258435000.0,1258435000.0,206710000.0,,,,,28168000.0,190040000.0,1.0,161620262.0,160529000,161866000.0,7.839,5235988000.0,206141000.0,13982000.0,702285000.0,32.617,2546589000.0
9,KLAC,MRQ,2019-03-31,2019-03-31,2019-03-31,2021-08-07,-68907000.0,9187605000.0,,4442628000.0,4744977000.0,,18.223,-25956000.0,1092163000.0,1092163000.0,486945000.0,192645000.0,2.612,2.212,3422646000.0,249997000.0,3172649000.0,3422646000.0,501474000.0,73445000.0,0.0,0.025,0.75,252660000.0,326105000.0,0.297,326105000.0,252660000.0,221473000.0,1.23,1.23,1.23,2849093000.0,,2849093000.0,18518769807.0,12.0,10.866,137638000.0,0.88,1.0,610366000.0,0.556,3867215000.0,31187000.0,5950017000.0,,1317260000.0,805105000.0,805105000.0,0.0,6302017000.0,1700856000.0,4601161000.0,18074373807.0,-701819000.0,-1806496000.0,-200029000.0,1183789000.0,-113581000.0,869285000.0,-1734903000.0,97549000.0,163594000.0,205000.0,192728000.0,192728000.0,192728000.0,0.0,-83000.0,0.176,357789000.0,252577000.0,206248000.0,0.61,6.344,13.834,14.148,411852000.0,0.0,119.41,4.126,4.262,958021000.0,928086000.0,1097311000.0,1097311000.0,184887000.0,,,,,34193000.0,182184000.0,1.0,151363988.0,156349000,157182000.0,7.018,5320390000.0,205820000.0,28745000.0,0.0,34.029,2741772000.0
10,KLAC,MRQ,2018-12-31,2018-12-31,2018-12-31,2021-08-07,-70447000.0,5605287000.0,,4485514000.0,1119773000.0,,10.5,-26366000.0,1793982000.0,1793982000.0,408260000.0,369100000.0,3.026,2.509,2238378000.0,249996000.0,1988382000.0,2238378000.0,455644000.0,15806000.0,0.0,0.032,0.75,442501000.0,458307000.0,0.409,458307000.0,442501000.0,415963000.0,2.43,2.42,2.43,1597622000.0,,1597622000.0,14287085492.0,8.0,7.988,255806000.0,1.681,1.0,711638000.0,0.635,384298000.0,26538000.0,4182847000.0,,1005990000.0,900112000.0,900112000.0,0.0,4007665000.0,1482538000.0,2525127000.0,13698709492.0,144468000.0,0.0,-229657000.0,0.0,-114562000.0,-347452000.0,208611000.0,234977000.0,282172000.0,1137000.0,369100000.0,369100000.0,369100000.0,0.0,0.0,0.33,269137000.0,442501000.0,152491000.0,0.309,8.574,9.642,9.759,306351000.0,0.0,89.49,3.182,3.163,658080000.0,1048804000.0,1119898000.0,1119898000.0,165903000.0,,,,,15695000.0,112462000.0,1.0,153075310.0,152148000,152648000.0,7.361,5220989000.0,225124000.0,46863000.0,0.0,34.315,3002976000.0
11,KLAC,MRQ,2018-09-30,2018-09-30,2018-09-30,2021-08-07,-56167000.0,5645109000.0,,4521044000.0,1124065000.0,,10.098,-22330000.0,1649514000.0,1649514000.0,381387000.0,395944000.0,3.449,2.602,2237890000.0,0.0,2237890000.0,2237890000.0,463617000.0,16087000.0,0.0,0.026,0.75,453930000.0,470017000.0,0.43,470017000.0,453930000.0,427568000.0,2.55,2.54,2.55,1567369000.0,,1567369000.0,16712647129.0,10.0,9.711,359075000.0,2.313,1.0,711873000.0,0.651,385557000.0,26362000.0,4536998000.0,,993527000.0,1130794000.0,1130794000.0,0.0,4077740000.0,1310930000.0,2766810000.0,15879627129.0,245132000.0,-11787000.0,-299974000.0,0.0,-122757000.0,-449692000.0,314871000.0,348988000.0,381405000.0,-1452000.0,395944000.0,395944000.0,395944000.0,0.0,0.0,0.362,257943000.0,453930000.0,154930000.0,0.294,10.131,17.312,17.298,291232000.0,0.0,101.71,3.817,3.795,602210000.0,1027370000.0,1093260000.0,1093260000.0,153530000.0,,,,,16138000.0,114438000.0,1.0,156126508.0,155221000,156083000.0,7.043,5259552000.0,222107000.0,31624000.0,0.0,33.884,3210114000.0
12,KLAC,MRQ,2018-06-30,2018-06-30,2018-06-30,2021-08-07,-53933000.0,5638619000.0,,4549000000.0,1089619000.0,,10.405,-22828000.0,1404382000.0,1404382000.0,377566000.0,348767000.0,3.746,2.48,2237402000.0,0.0,2237402000.0,2237402000.0,420833000.0,14989000.0,0.0,0.025,0.75,434798000.0,449787000.0,0.42,449787000.0,434798000.0,406489000.0,2.23,2.22,2.23,1620511000.0,,1620511000.0,17187796670.0,11.0,10.525,350685000.0,2.252,1.0,692438000.0,0.647,374031000.0,28309000.0,4883338000.0,,931845000.0,1475936000.0,1475936000.0,0.0,4018108000.0,1214270000.0,2803838000.0,15981564670.0,148700000.0,-11913000.0,2782000.0,-225000000.0,-117035000.0,-341386000.0,126775000.0,161516000.0,373513000.0,-10202000.0,348767000.0,348767000.0,348767000.0,0.0,0.0,0.326,257640000.0,434798000.0,169354000.0,0.336,9.862,19.921,19.986,286306000.0,0.0,102.53,3.959,3.971,651678000.0,1056445000.0,1070004000.0,1070004000.0,151905000.0,,,,,18804000.0,116370000.0,1.0,155872083.0,155743000,156895000.0,6.87,5264588000.0,193200000.0,57722000.0,1197000.0,33.803,3334730000.0
13,KLAC,MRQ,2018-03-31,2018-03-31,2018-03-31,2021-08-07,-54277000.0,5598184000.0,,4540514000.0,1057670000.0,,8.771,-14994000.0,1255682000.0,1255682000.0,368356000.0,306881000.0,3.782,3.086,2461914000.0,0.0,2461914000.0,2461914000.0,385217000.0,16283000.0,0.0,0.021,0.59,394102000.0,410385000.0,0.402,410385000.0,394102000.0,365983000.0,1.96,1.95,1.96,1370143000.0,,1370143000.0,18486191826.0,12.0,11.902,337613000.0,2.161,1.0,652938000.0,0.639,365374000.0,28119000.0,5238607000.0,,858924000.0,1634300000.0,1634300000.0,0.0,4228041000.0,1200435000.0,3027606000.0,17073159826.0,182288000.0,0.0,-84732000.0,-25000000.0,-92128000.0,-202288000.0,25894000.0,40888000.0,352607000.0,6075000.0,306881000.0,306881000.0,306881000.0,0.0,0.0,0.3,258836000.0,394102000.0,169459000.0,0.301,12.461,24.058,24.064,284496000.0,0.0,109.01,4.372,4.361,660455000.0,862743000.0,1021294000.0,1021294000.0,153239000.0,,,,,16210000.0,113237000.0,1.0,156620125.0,156221000,157201000.0,6.537,5232810000.0,193953000.0,59102000.0,0.0,33.496,3340079000.0
14,KLAC,MRQ,2017-12-31,2017-12-31,2017-12-31,2021-08-07,-52522000.0,5407268000.0,,4353993000.0,1053275000.0,,7.827,-13369000.0,1073394000.0,1073394000.0,347002000.0,-134319000.0,3.732,3.412,2486426000.0,0.0,2486426000.0,2486426000.0,381012000.0,16130000.0,0.0,0.022,0.59,374679000.0,390809000.0,0.4,390809000.0,374679000.0,347307000.0,-0.86,-0.86,-0.86,1225625000.0,,1225625000.0,17919440368.0,12.0,11.894,116002000.0,0.741,1.0,628820000.0,0.644,366586000.0,27372000.0,5287166000.0,,787971000.0,1684796000.0,1684796000.0,0.0,4181643000.0,1166548000.0,3015095000.0,16465299368.0,-247303000.0,-4780000.0,-19848000.0,-291307000.0,-92575000.0,-406297000.0,25955000.0,44104000.0,129371000.0,3668000.0,-134319000.0,-134319000.0,-134319000.0,0.0,0.0,-0.138,254141000.0,374679000.0,149844000.0,-0.686,13.434,25.087,25.076,281634000.0,0.0,105.07,4.335,4.332,740903000.0,729456000.0,975822000.0,975822000.0,156700000.0,,,,,13739000.0,105265000.0,1.0,156707903.0,156587000,156587000.0,6.232,5040682000.0,193740000.0,481626000.0,0.0,32.191,3187445000.0
15,KLAC,MRQ,2017-09-30,2017-09-30,2017-09-30,2021-08-07,-50781000.0,5690398000.0,,4559496000.0,1130902000.0,,9.335,-15756000.0,1320697000.0,1320697000.0,353117000.0,280936000.0,3.11,2.887,2774838000.0,249996000.0,2524842000.0,2774838000.0,331207000.0,15282000.0,0.0,0.021,0.59,366728000.0,382010000.0,0.394,382010000.0,366728000.0,336152000.0,1.79,1.78,1.79,1463956000.0,,1463956000.0,18402490520.0,13.0,12.534,357873000.0,2.282,1.0,616464000.0,0.636,367441000.0,30576000.0,5311058000.0,,762401000.0,1735787000.0,1735787000.0,0.0,4226442000.0,1466040000.0,2760402000.0,16625084520.0,167646000.0,-710000.0,-39927000.0,-156250000.0,-100327000.0,-320132000.0,112994000.0,129460000.0,373629000.0,1155000.0,280936000.0,280936000.0,280936000.0,0.0,0.0,0.29,249736000.0,366728000.0,138657000.0,0.33,11.356,16.158,16.134,279872000.0,0.0,106.0,4.495,4.494,666738000.0,996514000.0,969581000.0,969581000.0,146687000.0,,,,,14031000.0,107432000.0,1.0,156840420.0,156826000,157846000.0,6.183,5322957000.0,282302000.0,55216000.0,0.0,33.942,3093456000.0
16,KLAC,MRQ,2017-06-30,2017-06-30,2017-06-30,2021-08-07,-51323000.0,5532173000.0,,4392066000.0,1140107000.0,,8.467,-10303000.0,1153051000.0,1153051000.0,346598000.0,256162000.0,3.396,3.171,2930457000.0,249983000.0,2680474000.0,2930457000.0,306081000.0,14324000.0,0.0,0.023,0.54,355680000.0,370004000.0,0.394,370004000.0,355680000.0,325032000.0,1.64,1.62,1.64,1326417000.0,,1326417000.0,16344367631.0,13.0,12.075,452334000.0,2.887,1.0,592049000.0,0.631,368489000.0,30648000.0,5647928000.0,,732988000.0,1863689000.0,1863689000.0,0.0,4205756000.0,1293162000.0,2912594000.0,14345347631.0,197244000.0,-28560000.0,-3337000.0,-25000000.0,-84637000.0,-112974000.0,-154359000.0,-115496000.0,462637000.0,1940000.0,256162000.0,256162000.0,256162000.0,0.0,0.0,0.273,236369000.0,355680000.0,147380000.0,0.329,10.815,15.49,15.458,283975000.0,0.0,91.51,4.122,4.114,571117000.0,848457000.0,938647000.0,938647000.0,136373000.0,,,,,14485000.0,104039000.0,1.0,156762623.0,156666000,158033000.0,5.991,5163684000.0,291967000.0,68870000.0,0.0,32.96,3098904000.0
17,KLAC,MRQ,2017-03-31,2017-03-31,2017-03-31,2021-08-07,-48884000.0,5324445000.0,,4253330000.0,1071115000.0,,7.319,-9414000.0,955807000.0,955807000.0,343274000.0,253562000.0,3.405,3.641,2954827000.0,249971000.0,2704856000.0,2954827000.0,303731000.0,14198000.0,0.0,0.022,0.54,349621000.0,363819000.0,0.398,363819000.0,349621000.0,319149000.0,1.62,1.61,1.62,1147312000.0,,1147312000.0,16942420452.0,13.0,12.478,215424000.0,1.374,1.0,570535000.0,0.624,337274000.0,30472000.0,5737005000.0,,696784000.0,1747707000.0,1747707000.0,0.0,4177133000.0,1249186000.0,2927947000.0,14900256452.0,18774000.0,0.0,0.0,-25000000.0,-85514000.0,-112228000.0,-98371000.0,-88957000.0,224838000.0,4535000.0,253562000.0,253562000.0,253562000.0,0.0,0.0,0.277,220914000.0,349621000.0,139452000.0,0.333,12.987,15.827,15.792,285740000.0,0.0,95.07,4.306,4.306,734717000.0,702297000.0,913809000.0,913809000.0,130170000.0,,,,,12536000.0,96252000.0,1.0,156729320.0,156749000,157746000.0,5.83,4987171000.0,258005000.0,65587000.0,0.0,31.816,3004144000.0
18,KLAC,MRQ,2016-12-31,2016-12-31,2016-12-31,2021-08-07,-52156000.0,5094456000.0,,4031639000.0,1062817000.0,,6.173,-6047000.0,937033000.0,937033000.0,318507000.0,238251000.0,3.394,4.279,2979197000.0,249958000.0,2729239000.0,2979197000.0,313311000.0,14892000.0,0.0,0.027,0.54,337469000.0,352361000.0,0.402,352361000.0,337469000.0,306845000.0,1.52,1.52,1.52,965096000.0,,965096000.0,14351399834.0,12.0,11.476,216366000.0,1.384,1.0,558378000.0,0.637,337721000.0,30624000.0,5611163000.0,,671172000.0,1655944000.0,1655944000.0,0.0,4129360000.0,1187736000.0,2941624000.0,12299157834.0,-29292000.0,0.0,23694000.0,-40000000.0,-84529000.0,-100914000.0,-140333000.0,-134286000.0,222413000.0,-10458000.0,238251000.0,238251000.0,238251000.0,0.0,0.0,0.272,220909000.0,337469000.0,116163000.0,0.355,12.744,14.241,14.228,279966000.0,0.0,78.68,3.774,3.774,663852000.0,534175000.0,876885000.0,876885000.0,130912000.0,,,,,12444000.0,93532000.0,1.0,156318732.0,156335000,157123000.0,5.609,4756735000.0,259507000.0,68594000.0,0.0,30.427,2843903000.0
19,KLAC,MRQ,2016-09-30,2016-09-30,2016-09-30,2021-08-07,-46633000.0,4996098000.0,,3929162000.0,1066936000.0,,5.006,-9883000.0,966325000.0,966325000.0,277836000.0,178101000.0,4.031,5.393,3018567000.0,0.0,3018567000.0,3018567000.0,300760000.0,14422000.0,0.0,0.03,0.52,252952000.0,267374000.0,0.356,267374000.0,252952000.0,222220000.0,1.14,1.13,1.14,781509000.0,,781509000.0,12823859659.0,12.0,11.341,159894000.0,1.024,1.0,472837000.0,0.63,338263000.0,30732000.0,5735336000.0,,703262000.0,1528296000.0,1528296000.0,0.0,4214589000.0,974741000.0,3239848000.0,10874411659.0,-142163000.0,0.0,0.0,-40000000.0,-89313000.0,-146689000.0,-167823000.0,-157940000.0,169777000.0,2572000.0,178101000.0,178101000.0,178101000.0,0.0,0.0,0.237,219885000.0,252952000.0,105066000.0,0.456,13.915,13.984,13.97,272351000.0,0.0,69.71,3.516,3.519,654699000.0,381124000.0,750673000.0,750673000.0,129233000.0,,,,,11478000.0,94388000.0,1.0,155995003.0,156129000,157021000.0,4.808,4657835000.0,267793000.0,44119000.0,0.0,29.833,2954421000.0
20,KLAC,MRQ,2016-06-30,2016-06-30,2016-06-30,2021-08-07,-48685000.0,4962432000.0,,3868032000.0,1094400000.0,,4.426,-4458000.0,1108488000.0,1108488000.0,337568000.0,271541000.0,3.859,6.201,3057936000.0,0.0,3057936000.0,3057936000.0,290034000.0,14888000.0,0.0,0.028,0.52,359376000.0,374264000.0,0.407,374264000.0,359376000.0,328487000.0,1.74,1.73,1.74,689114000.0,,689114000.0,13576971494.0,14.0,12.955,349635000.0,2.245,1.0,581603000.0,0.633,339508000.0,30889000.0,5569949000.0,,698635000.0,1382806000.0,1382806000.0,0.0,4273318000.0,1002423000.0,3270895000.0,11405639494.0,182514000.0,0.0,16388000.0,-40000000.0,-81120000.0,-105191000.0,-69253000.0,-64795000.0,354093000.0,2865000.0,271541000.0,271541000.0,271541000.0,0.0,0.0,0.295,222227000.0,359376000.0,106517000.0,0.299,16.551,16.191,16.206,278014000.0,0.0,73.25,3.822,3.826,613233000.0,284825000.0,919171000.0,919171000.0,127454000.0,,,,,12532000.0,103797000.0,1.0,155708389.0,155713000,156725000.0,5.903,4622924000.0,302219000.0,56946000.0,0.0,29.689,2865609000.0
21,KLAC,MRQ,2016-03-31,2016-03-31,2016-03-31,2021-08-07,-43023000.0,4782102000.0,,3906473000.0,875629000.0,,3.061,-6143000.0,925974000.0,925974000.0,274599000.0,175777000.0,3.916,9.034,3097306000.0,0.0,3097306000.0,3097306000.0,296104000.0,15780000.0,0.0,0.028,0.52,240826000.0,256606000.0,0.36,256606000.0,240826000.0,209931000.0,1.13,1.12,1.13,476572000.0,,476572000.0,13579027438.0,16.0,15.099,105354000.0,0.677,1.0,437834000.0,0.615,340830000.0,30895000.0,5614912000.0,,721493000.0,1315336000.0,1315336000.0,0.0,4305530000.0,997692000.0,3307838000.0,11333942438.0,39383000.0,0.0,2000.0,-35000000.0,-82109000.0,-118174000.0,40872000.0,47015000.0,111497000.0,5188000.0,175777000.0,175777000.0,175777000.0,0.0,0.0,0.247,197008000.0,240826000.0,126322000.0,0.46,23.782,19.715,19.839,287874000.0,0.0,72.81,4.017,4.017,624818000.0,95121000.0,712433000.0,712433000.0,115589000.0,,,,,8550000.0,87407000.0,1.0,155664640.0,155690000,156429000.0,4.576,4441272000.0,216438000.0,34154000.0,0.0,28.526,2908781000.0
22,KLAC,MRQ,2015-12-31,2015-12-31,2015-12-31,2021-08-07,-50519000.0,4572516000.0,,3684705000.0,887811000.0,,2.355,-6723000.0,886591000.0,886591000.0,280980000.0,152207000.0,4.293,11.506,3131676000.0,0.0,3131676000.0,3131676000.0,244795000.0,16529000.0,0.0,0.029,0.52,216014000.0,232543000.0,0.327,232543000.0,216014000.0,185475000.0,0.98,0.98,0.98,365625000.0,,365625000.0,13202182879.0,17.0,15.348,93601000.0,0.603,1.0,429265000.0,0.604,342139000.0,30539000.0,5617132000.0,,691786000.0,1354834000.0,1354834000.0,0.0,4206891000.0,858330000.0,3348561000.0,10814833879.0,122894000.0,0.0,-17211000.0,-20000000.0,-81380000.0,-117704000.0,141168000.0,147891000.0,100324000.0,-894000.0,152207000.0,152207000.0,152207000.0,0.0,0.0,0.214,213251000.0,216014000.0,122314000.0,0.531,29.579,20.376,20.701,292393000.0,0.0,69.35,3.798,3.781,427115000.0,0.0,710245000.0,710245000.0,118272000.0,,,,,9943000.0,96532000.0,1.0,155945694.0,155252000,155996000.0,4.575,4230377000.0,217473000.0,33268000.0,0.0,27.248,2826375000.0
23,KLAC,MRQ,2015-09-30,2015-09-30,2015-09-30,2021-08-07,-46137000.0,4571323000.0,,3675418000.0,895905000.0,,1.878,-7341000.0,763697000.0,763697000.0,270244000.0,104897000.0,4.016,14.525,3151046000.0,0.0,3151046000.0,3151046000.0,242858000.0,19735000.0,0.0,0.37,0.52,164863000.0,184598000.0,0.287,184598000.0,164863000.0,134299000.0,0.67,0.66,0.67,294441000.0,,294441000.0,10227359591.0,17.0,15.229,186441000.0,1.189,1.0,372400000.0,0.579,343460000.0,30564000.0,5699971000.0,,650496000.0,1505750000.0,1505750000.0,0.0,4276882000.0,915241000.0,3361641000.0,7874968591.0,-74328000.0,0.0,-142592000.0,-40000000.0,-101674000.0,-295633000.0,31900000.0,39241000.0,193782000.0,-4377000.0,104897000.0,104897000.0,104897000.0,0.0,0.0,0.163,207537000.0,164863000.0,107363000.0,0.776,26.745,19.746,20.076,302868000.0,0.0,49.99,2.799,2.786,460813000.0,-45055000.0,642644000.0,642644000.0,119943000.0,,,,,2089000.0,91663000.0,1.0,157530878.0,156820000,157984000.0,4.098,4227863000.0,231982000.0,29402000.0,0.0,26.96,2760177000.0
24,KLAC,MRQ,2015-06-30,2015-06-30,2015-06-30,2021-08-07,-40573000.0,4826012000.0,,3904576000.0,921436000.0,,2.656,-9237000.0,838025000.0,838025000.0,323267000.0,142019000.0,3.898,10.451,3190416000.0,16981000.0,3173435000.0,3190416000.0,267171000.0,19966000.0,0.0,0.329,0.5,205617000.0,225583000.0,0.298,225583000.0,205617000.0,174938000.0,0.89,0.88,0.89,421439000.0,,421439000.0,11604069502.0,21.0,18.696,308242000.0,1.943,1.0,433065000.0,0.573,347158000.0,30679000.0,5829482000.0,,617904000.0,1549086000.0,1549086000.0,0.0,4404573000.0,1001763000.0,3402810000.0,8989162502.0,216133000.0,0.0,-150428000.0,-29375000.0,-79653000.0,-259678000.0,157841000.0,167078000.0,317479000.0,491000.0,142019000.0,142019000.0,142019000.0,0.0,0.0,0.188,227448000.0,205617000.0,103342000.0,0.562,21.33,24.55,24.872,314591000.0,0.0,56.21,3.194,3.242,585494000.0,-12362000.0,756332000.0,756332000.0,128839000.0,,,,,11987000.0,101739000.0,1.0,159921055.0,158646000,160014000.0,4.767,4478854000.0,314901000.0,32919000.0,0.0,28.232,2902813000.0
25,KLAC,MRQ,2015-03-31,2015-03-31,2015-03-31,2021-08-07,-37807000.0,4902220000.0,,3967111000.0,935109000.0,,3.057,-10326000.0,621892000.0,621892000.0,320282000.0,131638000.0,4.062,8.925,3236799000.0,37500000.0,3199299000.0,3236799000.0,257150000.0,20510000.0,0.0,0.317,0.5,196962000.0,217472000.0,0.294,217472000.0,196962000.0,166454000.0,0.81,0.81,0.81,493941000.0,,493941000.0,12142944770.0,24.0,20.335,232091000.0,1.437,1.0,418177000.0,0.566,350839000.0,30508000.0,6189673000.0,,632353000.0,1717893000.0,1717893000.0,0.0,4408279000.0,976615000.0,3431664000.0,9481738770.0,37027000.0,0.0,-168495000.0,-9375000.0,-82250000.0,-261712000.0,59065000.0,69391000.0,242417000.0,-2743000.0,131638000.0,131638000.0,131638000.0,0.0,0.0,0.178,221215000.0,196962000.0,103189000.0,0.617,19.196,26.87,27.112,321081000.0,0.0,58.29,3.396,3.373,631608000.0,-2582000.0,738459000.0,738459000.0,124583000.0,,,,,12369000.0,98608000.0,1.0,162664930.0,161559000,162794000.0,4.571,4551381000.0,236563000.0,34816000.0,0.0,28.172,2990496000.0
26,KLAC,MRQ,2014-12-31,2014-12-31,2014-12-31,2021-08-07,-35753000.0,4987366000.0,,4046248000.0,941118000.0,,3.671,-12783000.0,584865000.0,584865000.0,283213000.0,20268000.0,4.294,7.283,3246071000.0,37500000.0,3208571000.0,3246071000.0,287243000.0,18901000.0,0.0,0.262,17.0,25033000.0,43934000.0,0.065,43934000.0,25033000.0,-6268000.0,0.12,0.12,0.12,602139000.0,,602139000.0,11644392234.0,20.0,17.512,-1699000.0,-0.01,1.0,393144000.0,0.581,354824000.0,31301000.0,6351408000.0,,662799000.0,1781968000.0,1781968000.0,0.0,4385227000.0,942340000.0,3442887000.0,11566021234.0,-84818000.0,0.0,-116795000.0,2347539000.0,-2796739000.0,-566062000.0,475767000.0,488550000.0,11084000.0,-5607000.0,20268000.0,20268000.0,20268000.0,0.0,0.0,0.03,236442000.0,156702000.0,108307000.0,141.667,19.208,27.226,27.469,323353000.0,0.0,70.32,4.009,3.998,632089000.0,24770000.0,676357000.0,676357000.0,133557000.0,,,,,14283000.0,104873000.0,1.0,164476980.0,164036000,165317000.0,4.123,4632542000.0,258392000.0,-26536000.0,0.0,28.241,3103908000.0
27,KLAC,MRQ,2014-09-30,2014-09-30,2014-09-30,2021-08-07,-36202000.0,5301572000.0,,4368537000.0,933035000.0,,21.412,-13445000.0,669683000.0,669683000.0,288467000.0,72233000.0,5.428,0.502,748054000.0,0.0,748054000.0,748054000.0,198838000.0,21159000.0,0.0,0.023,0.5,112528000.0,133687000.0,0.208,133687000.0,112528000.0,99007000.0,0.44,0.43,0.44,3529720000.0,,3529720000.0,13144761015.0,18.0,15.82,21481000.0,0.13,1.0,354434000.0,0.551,358939000.0,13521000.0,4216167000.0,,676241000.0,2272809000.0,2272809000.0,0.0,1771852000.0,804837000.0,967015000.0,13027703015.0,38822000.0,0.0,-120162000.0,0.0,-82413000.0,-215520000.0,225548000.0,238993000.0,34926000.0,-6132000.0,72233000.0,72233000.0,72233000.0,0.0,0.0,0.112,241906000.0,112528000.0,108287000.0,1.136,3.691,23.957,24.018,329959000.0,0.0,78.78,4.471,4.457,444048000.0,2329936000.0,642901000.0,642901000.0,143637000.0,,,,,1260000.0,101644000.0,1.0,165368152.0,164845000,166580000.0,3.9,4942633000.0,232706000.0,26774000.0,0.0,29.984,3563700000.0
28,KLAC,MRQ,2014-06-30,2014-06-30,2014-06-30,2021-08-07,-30271000.0,5535846000.0,,4586095000.0,949751000.0,,22.17,-9230000.0,630861000.0,630861000.0,326665000.0,128731000.0,5.121,0.509,745101000.0,0.0,745101000.0,745101000.0,264599000.0,22010000.0,0.0,0.025,0.45,180049000.0,202059000.0,0.275,202059000.0,180049000.0,166606000.0,0.78,0.77,0.78,3669346000.0,,3669346000.0,12017224926.0,15.0,13.792,239410000.0,1.446,1.0,407678000.0,0.555,363052000.0,13443000.0,4391423000.0,,656457000.0,2521776000.0,2521776000.0,0.0,1866500000.0,895611000.0,970889000.0,12045664926.0,-145362000.0,0.0,-40036000.0,0.0,-74466000.0,-114527000.0,-280724000.0,-271494000.0,248640000.0,1249000.0,128731000.0,128731000.0,128731000.0,0.0,0.0,0.175,218461000.0,189217000.0,103422000.0,0.577,3.283,20.67,20.695,330263000.0,0.0,72.64,4.112,4.117,492863000.0,2479113000.0,734343000.0,734343000.0,138448000.0,,,,,13761000.0,96216000.0,1.0,165826885.0,165512000,167407000.0,4.437,5172794000.0,215676000.0,37875000.0,0.0,31.253,3690484000.0
29,KLAC,MRQ,2014-03-31,2014-03-31,2014-03-31,2021-08-07,-31350000.0,5486851000.0,,4542329000.0,944522000.0,,21.894,-18220000.0,776223000.0,776223000.0,342826000.0,203581000.0,5.117,0.507,747783000.0,0.0,747783000.0,747783000.0,277592000.0,20614000.0,0.0,0.025,0.45,264642000.0,285256000.0,0.343,285256000.0,264642000.0,251246000.0,1.22,1.21,1.22,3639928000.0,,3639928000.0,11471414198.0,14.0,13.027,219507000.0,1.32,1.0,488773000.0,0.588,367234000.0,13396000.0,4203530000.0,,680919000.0,2250601000.0,2250601000.0,0.0,1846923000.0,887647000.0,959276000.0,11517149198.0,-17159000.0,-18000000.0,-46546000.0,0.0,-74805000.0,-123041000.0,-132597000.0,-96377000.0,237727000.0,752000.0,203581000.0,203581000.0,203581000.0,0.0,0.0,0.245,227610000.0,261163000.0,120771000.0,0.369,3.164,19.561,19.531,326049000.0,0.0,69.14,3.951,3.943,557661000.0,2464901000.0,831599000.0,831599000.0,134161000.0,,,,,12066000.0,93449000.0,1.0,166577223.0,166253000,167989000.0,5.002,5119617000.0,182899000.0,47665000.0,59765000.0,30.794,3654682000.0
30,KLAC,MRQ,2013-12-31,2013-12-31,2013-12-31,2021-08-07,-30248000.0,5440734000.0,,4507534000.0,933200000.0,,21.334,-14465000.0,793382000.0,793382000.0,285814000.0,139246000.0,4.857,0.533,747647000.0,0.0,747647000.0,747647000.0,349885000.0,19811000.0,0.0,0.026,0.45,190056000.0,209867000.0,0.298,209867000.0,190056000.0,176745000.0,0.84,0.83,0.84,3550207000.0,,3550207000.0,10584783484.0,14.0,12.876,100806000.0,0.606,1.0,419315000.0,0.595,352676000.0,13311000.0,4114324000.0,,663040000.0,2157279000.0,2157279000.0,0.0,1890527000.0,927999000.0,962528000.0,10742221484.0,-111567000.0,0.0,-22583000.0,0.0,-74983000.0,-97586000.0,-126120000.0,-111655000.0,115271000.0,-3132000.0,139246000.0,139246000.0,139246000.0,0.0,0.0,0.197,231333000.0,187982000.0,141545000.0,0.536,3.026,19.475,19.416,325856000.0,0.0,64.46,3.819,3.814,573077000.0,2386801000.0,705129000.0,705129000.0,134587000.0,,,,,13945000.0,96746000.0,1.0,166649418.0,166414000,168206000.0,4.237,5088058000.0,200614000.0,37499000.0,62777000.0,30.575,3579535000.0
31,KLAC,MRQ,2013-09-30,2013-09-30,2013-09-30,2021-08-07,-31891000.0,5283552000.0,,4354738000.0,928814000.0,,21.046,-21751000.0,904949000.0,904949000.0,277657000.0,111197000.0,5.215,0.513,747511000.0,0.0,747511000.0,747511000.0,275212000.0,20637000.0,0.0,0.027,0.45,153526000.0,174163000.0,0.265,174163000.0,153526000.0,139864000.0,0.67,0.66,0.67,3491163000.0,,3491163000.0,9846772784.0,14.0,12.426,155497000.0,0.937,1.0,380680000.0,0.578,356578000.0,13662000.0,3934426000.0,,660276000.0,2046926000.0,2046926000.0,0.0,1792389000.0,835110000.0,957279000.0,10084786784.0,-80441000.0,0.0,-19457000.0,0.0,-74617000.0,-123733000.0,-136668000.0,-114917000.0,177248000.0,2712000.0,111197000.0,111197000.0,111197000.0,0.0,0.0,0.169,230769000.0,149911000.0,114716000.0,0.672,2.889,19.432,19.503,319837000.0,0.0,60.85,3.627,3.63,440674000.0,2344270000.0,658337000.0,658337000.0,132273000.0,,,,,614000.0,98496000.0,1.0,165731911.0,165886000,168734000.0,3.969,4926974000.0,191449000.0,28667000.0,58995000.0,29.701,3519628000.0
32,KLAC,MRQ,2013-06-30,2013-06-30,2013-06-30,2021-08-07,-36646000.0,5287357000.0,,4351503000.0,935854000.0,,21.045,-18910000.0,985390000.0,985390000.0,306804000.0,134770000.0,5.051,0.518,747376000.0,0.0,747376000.0,747376000.0,261031000.0,20425000.0,0.0,0.029,0.4,190863000.0,211288000.0,0.293,211288000.0,190863000.0,177090000.0,0.81,0.8,0.81,3482152000.0,,3482152000.0,9057848002.0,12.0,10.883,156659000.0,0.947,1.0,413228000.0,0.574,361150000.0,13773000.0,3826661000.0,,634448000.0,1933491000.0,1933491000.0,0.0,1805205000.0,861532000.0,943673000.0,9244809002.0,51189000.0,0.0,-37732000.0,0.0,-66181000.0,-104202000.0,-16408000.0,2502000.0,175569000.0,-3770000.0,134770000.0,134770000.0,134770000.0,0.0,0.0,0.187,210481000.0,202747000.0,115680000.0,0.494,2.655,17.021,17.043,305281000.0,0.0,55.73,3.252,3.256,524610000.0,2359233000.0,720032000.0,720032000.0,127694000.0,,,,,17373000.0,97899000.0,1.0,165885681.0,165465000,168765000.0,4.352,4926207000.0,198525000.0,42320000.0,59494000.0,29.772,3489971000.0
33,KLAC,MRQ,2013-03-31,2013-03-31,2013-03-31,2021-08-07,-24827000.0,5194473000.0,,4263656000.0,930817000.0,,20.732,-18300000.0,934201000.0,934201000.0,309508000.0,166382000.0,5.2,0.507,747240000.0,0.0,747240000.0,747240000.0,232888000.0,21168000.0,0.0,0.029,0.4,205584000.0,226752000.0,0.311,226752000.0,205584000.0,192115000.0,1.0,0.98,1.0,3446383000.0,,3446383000.0,8742265642.0,10.0,9.071,396483000.0,2.385,1.0,419521000.0,0.575,365800000.0,13469000.0,3821704000.0,,649822000.0,1945302000.0,1945302000.0,0.0,1748090000.0,820008000.0,928082000.0,8762474642.0,166888000.0,0.0,-19658000.0,0.0,-66561000.0,-86075000.0,-155637000.0,-137337000.0,414783000.0,-6183000.0,166382000.0,166382000.0,166382000.0,0.0,0.0,0.228,217275000.0,202246000.0,107753000.0,0.4,2.543,13.352,13.42,298617000.0,0.0,52.74,2.906,2.908,454224000.0,2329251000.0,729029000.0,729029000.0,118788000.0,,,,,17664000.0,98487000.0,1.0,166144760.0,166234000,169180000.0,4.386,4828673000.0,178928000.0,25733000.0,59104000.0,29.047,3443648000.0
34,KLAC,MRQ,2012-12-31,2012-12-31,2012-12-31,2021-08-07,-15058000.0,5068763000.0,,4136300000.0,932463000.0,,20.215,-15253000.0,767313000.0,767313000.0,303915000.0,106630000.0,5.291,0.508,747104000.0,0.0,747104000.0,747104000.0,241774000.0,21925000.0,0.0,0.031,0.4,158305000.0,180230000.0,0.268,180230000.0,158305000.0,144874000.0,0.64,0.63,0.64,3361136000.0,,3361136000.0,7989809337.0,8.0,7.632,62190000.0,0.374,1.0,369096000.0,0.548,370293000.0,13431000.0,3896524000.0,,662735000.0,1810940000.0,1810940000.0,0.0,1707627000.0,781737000.0,925890000.0,7952783337.0,57371000.0,0.0,-44676000.0,0.0,-66522000.0,-114602000.0,97719000.0,112972000.0,77443000.0,-3189000.0,106630000.0,106630000.0,106630000.0,0.0,0.0,0.158,215849000.0,153247000.0,103575000.0,0.625,2.366,11.439,11.481,292394000.0,0.0,47.76,2.544,2.54,606115000.0,2252772000.0,673011000.0,673011000.0,121608000.0,,,,,8891000.0,94241000.0,1.0,166515564.0,166268000,169076000.0,4.048,4698470000.0,168369000.0,38244000.0,54910000.0,28.258,3354563000.0
35,KLAC,MRQ,2012-09-30,2012-09-30,2012-09-30,2021-08-07,-13111000.0,5065476000.0,,4140957000.0,924519000.0,,20.13,-20272000.0,709942000.0,709942000.0,317225000.0,135367000.0,5.261,0.511,746968000.0,0.0,746968000.0,746968000.0,235234000.0,24016000.0,0.0,0.03,0.4,190045000.0,214061000.0,0.297,214061000.0,190045000.0,176542000.0,0.81,0.8,0.81,3352312000.0,,3352312000.0,7939199855.0,8.0,7.56,225121000.0,1.352,1.0,403484000.0,0.56,374929000.0,13503000.0,3940472000.0,,689713000.0,1928135000.0,1928135000.0,0.0,1713164000.0,787101000.0,926063000.0,7943660855.0,-41352000.0,0.0,-45067000.0,0.0,-66629000.0,-123631000.0,-167121000.0,-146849000.0,245393000.0,4007000.0,135367000.0,135367000.0,135367000.0,0.0,0.0,0.188,216927000.0,186557000.0,116247000.0,0.494,2.37,11.358,11.385,288876000.0,0.0,47.705,2.566,2.566,537460000.0,2256958000.0,720709000.0,720709000.0,119742000.0,,,,,11958000.0,97185000.0,1.0,166516316.0,166531000,169824000.0,4.328,4690547000.0,168241000.0,41175000.0,52855000.0,28.166,3353856000.0
36,KLAC,MRQ,2012-06-30,2012-06-30,2012-06-30,2021-08-07,-21143000.0,5100308000.0,,4164043000.0,936265000.0,,19.861,-16272000.0,751294000.0,751294000.0,361663000.0,247877000.0,4.826,0.538,746833000.0,0.0,746833000.0,746833000.0,245212000.0,23282000.0,0.0,0.028,0.35,319395000.0,342677000.0,0.384,342677000.0,319395000.0,305892000.0,1.48,1.45,1.48,3315595000.0,,3315595000.0,8223679775.0,8.0,7.34,257034000.0,1.54,1.0,530802000.0,0.595,383352000.0,13503000.0,3849588000.0,,650802000.0,1783150000.0,1783150000.0,0.0,1784713000.0,862907000.0,921806000.0,8240895775.0,-12619000.0,0.0,-27127000.0,0.0,-58476000.0,-86012000.0,-199111000.0,-182839000.0,273306000.0,-802000.0,247877000.0,247877000.0,247877000.0,0.0,0.0,0.278,212503000.0,318299000.0,139183000.0,0.236,2.485,10.9,10.872,277686000.0,0.0,49.25,2.598,2.59,701280000.0,2247258000.0,892465000.0,892465000.0,118710000.0,,,,,17779000.0,93793000.0,1.0,167327833.0,166936000,170519000.0,5.346,4716956000.0,184670000.0,58015000.0,50839000.0,28.256,3301136000.0
37,KLAC,MRQ,2012-03-31,2012-03-31,2012-03-31,2021-08-07,-7957000.0,4933204000.0,,3987327000.0,945877000.0,,18.907,-14278000.0,763913000.0,763913000.0,355149000.0,205346000.0,4.571,0.562,746697000.0,0.0,746697000.0,746697000.0,275967000.0,22400000.0,0.0,0.024,0.35,287538000.0,309938000.0,0.369,309938000.0,287538000.0,274033000.0,1.23,1.21,1.23,3158765000.0,,3158765000.0,8995176479.0,9.0,7.834,247816000.0,1.483,1.0,485372000.0,0.577,390784000.0,13505000.0,3652849000.0,,650476000.0,1605825000.0,1605825000.0,0.0,1774439000.0,872355000.0,902084000.0,9073601479.0,-61073000.0,0.0,7706000.0,0.0,-58524000.0,-51182000.0,-269132000.0,-254854000.0,262094000.0,-2853000.0,205346000.0,205346000.0,205346000.0,0.0,0.0,0.244,201098000.0,284274000.0,139371000.0,0.285,2.873,12.047,12.067,270171000.0,0.0,54.42,2.861,2.866,638375000.0,2075218000.0,840521000.0,840521000.0,110102000.0,,,,,20914000.0,90996000.0,1.0,166732846.0,167070000,170146000.0,5.031,4542420000.0,203382000.0,68687000.0,41801000.0,27.189,3114972000.0
38,KLAC,MRQ,2011-12-31,2011-12-31,2011-12-31,2021-08-07,-10712000.0,4700988000.0,,3749059000.0,951929000.0,,17.845,-12690000.0,824986000.0,824986000.0,272855000.0,110797000.0,4.517,0.584,746561000.0,0.0,746561000.0,746561000.0,275764000.0,23267000.0,0.0,0.025,0.35,160203000.0,183470000.0,0.286,183470000.0,160203000.0,146907000.0,0.67,0.66,0.67,2968472000.0,,2968472000.0,8042036603.0,7.0,6.848,174542000.0,1.049,1.0,369627000.0,0.575,398031000.0,13296000.0,3394552000.0,,639641000.0,1351659000.0,1351659000.0,0.0,1732516000.0,829980000.0,902536000.0,8041558603.0,79039000.0,0.0,-24184000.0,0.0,-58101000.0,-93829000.0,-11940000.0,750000.0,187232000.0,-2424000.0,110797000.0,110797000.0,110797000.0,0.0,0.0,0.172,210164000.0,159463000.0,129064000.0,0.522,2.709,10.615,10.651,267629000.0,0.0,48.25,2.54,2.536,544098000.0,1928396000.0,642482000.0,642482000.0,116363000.0,,,,,19646000.0,93801000.0,1.0,166664427.0,166343000,169103000.0,3.862,4302957000.0,296206000.0,36110000.0,38736000.0,25.868,2919079000.0
39,KLAC,MRQ,2011-09-30,2011-09-30,2011-09-30,2021-08-07,-6965000.0,4565317000.0,,3596919000.0,968398000.0,,17.606,-12128000.0,745947000.0,745947000.0,340349000.0,191995000.0,4.899,0.556,746425000.0,0.0,746425000.0,746425000.0,222290000.0,23184000.0,0.0,0.029,0.35,261155000.0,284339000.0,0.357,284339000.0,261155000.0,247262000.0,1.15,1.13,1.15,2934595000.0,,2934595000.0,6427729307.0,5.0,5.033,206857000.0,1.241,1.0,456127000.0,0.573,405920000.0,13893000.0,3425656000.0,,612603000.0,1354204000.0,1354204000.0,0.0,1630722000.0,734219000.0,896503000.0,6392768307.0,34618000.0,0.0,-56690000.0,0.0,-58460000.0,-133080000.0,-48708000.0,-36580000.0,218985000.0,-2579000.0,191995000.0,191995000.0,191995000.0,0.0,0.0,0.241,201838000.0,254289000.0,114575000.0,0.304,2.178,7.681,7.702,264279000.0,0.0,38.28,1.944,1.94,461640000.0,1910403000.0,796476000.0,796476000.0,107762000.0,,,,,20496000.0,94076000.0,1.0,167000217.0,166684000,169835000.0,4.778,4159397000.0,290372000.0,55267000.0,37978000.0,24.954,2862700000.0
40,KLAC,MRQ,2011-06-30,2011-06-30,2011-06-30,2021-08-07,-2399000.0,4675521000.0,,3676010000.0,999511000.0,,17.018,-14607000.0,711329000.0,711329000.0,356180000.0,245017000.0,4.183,0.634,746290000.0,0.0,746290000.0,746290000.0,271507000.0,22533000.0,0.0,0.025,0.25,347940000.0,370473000.0,0.415,370473000.0,347940000.0,334043000.0,1.46,1.43,1.46,2860893000.0,,2860893000.0,6904110412.0,6.0,5.521,275195000.0,1.637,1.0,536259000.0,0.601,414058000.0,13897000.0,3417563000.0,,575730000.0,1327206000.0,1327206000.0,0.0,1814628000.0,878861000.0,935767000.0,6796714412.0,72571000.0,0.0,-40049000.0,0.0,-41862000.0,-82322000.0,-138866000.0,-124259000.0,289802000.0,3957000.0,245017000.0,245017000.0,245017000.0,0.0,0.0,0.275,192190000.0,344069000.0,142945000.0,0.171,2.376,8.555,8.522,257358000.0,0.0,40.48,2.141,2.132,583270000.0,1852633000.0,892439000.0,892439000.0,100929000.0,,,,,18868000.0,91261000.0,1.0,167903024.0,168110000,171486000.0,5.309,4261463000.0,331397000.0,89026000.0,78337000.0,25.349,2797149000.0
41,KLAC,MRQ,2011-03-31,2011-03-31,2011-03-31,2021-08-07,-8521000.0,4449343000.0,,3430891000.0,1018452000.0,,15.946,-13829000.0,638758000.0,638758000.0,327696000.0,209783000.0,4.005,0.665,746154000.0,0.0,746154000.0,746154000.0,311041000.0,21075000.0,0.0,0.019,0.25,314929000.0,336004000.0,0.403,336004000.0,314929000.0,301520000.0,1.25,1.22,1.25,2673017000.0,,2673017000.0,8062821089.0,8.0,7.585,230082000.0,1.373,1.0,506363000.0,0.607,422014000.0,13409000.0,3277988000.0,,556798000.0,1200816000.0,1200816000.0,0.0,1776326000.0,856737000.0,919589000.0,7912907089.0,42654000.0,0.0,17228000.0,0.0,-41942000.0,-26538000.0,-177256000.0,-163427000.0,243911000.0,2537000.0,209783000.0,209783000.0,209783000.0,0.0,0.0,0.252,194584000.0,311779000.0,142126000.0,0.2,2.96,11.943,12.01,250571000.0,0.0,47.32,2.784,2.791,566069000.0,1674589000.0,834059000.0,834059000.0,95617000.0,,,,,18847000.0,98967000.0,1.0,167221198.0,167629000,171313000.0,4.976,4027329000.0,306563000.0,91737000.0,68178000.0,24.025,2574154000.0
42,KLAC,MRQ,2010-12-31,2010-12-31,2010-12-31,2021-08-07,-13383000.0,4168461000.0,,3126311000.0,1042150000.0,,14.778,6633000.0,596104000.0,596104000.0,311398000.0,185492000.0,3.938,0.69,746018000.0,0.0,746018000.0,746018000.0,303070000.0,21653000.0,0.0,0.021,0.25,264684000.0,286337000.0,0.374,286337000.0,264684000.0,251191000.0,1.11,1.09,1.11,2466234000.0,,2466234000.0,6662868696.0,9.0,7.905,200558000.0,1.202,1.0,454929000.0,0.594,430047000.0,13493000.0,3094391000.0,,504697000.0,1040296000.0,1040296000.0,0.0,1702227000.0,793937000.0,908290000.0,6455370696.0,57720000.0,0.0,-28247000.0,0.0,-41809000.0,-80790000.0,-57543000.0,-64176000.0,193925000.0,2128000.0,185492000.0,185492000.0,185492000.0,0.0,0.0,0.242,186063000.0,268866000.0,123166000.0,0.225,2.618,12.663,12.795,249468000.0,0.0,38.64,2.596,2.594,531453000.0,1506747000.0,766327000.0,766327000.0,94897000.0,,,,,19431000.0,91166000.0,1.0,167064459.0,166886000,169513000.0,4.592,3738414000.0,333410000.0,65699000.0,62329000.0,22.401,2332374000.0
43,KLAC,MRQ,2010-09-30,2010-09-30,2010-09-30,2021-08-07,-15111000.0,4002865000.0,,2933361000.0,1069504000.0,,14.004,-11163000.0,538384000.0,538384000.0,263969000.0,154196000.0,3.841,0.71,745882000.0,0.0,745882000.0,745882000.0,256305000.0,20783000.0,0.0,0.02,0.25,236841000.0,257624000.0,0.378,257624000.0,236841000.0,223312000.0,0.92,0.91,0.92,2341257000.0,,2341257000.0,6128531512.0,11.0,9.708,84365000.0,0.505,1.0,418373000.0,0.613,437034000.0,13529000.0,3009711000.0,,464242000.0,980608000.0,980608000.0,0.0,1661608000.0,763618000.0,897990000.0,5912702512.0,8466000.0,0.0,-59203000.0,0.0,-41785000.0,-110505000.0,14155000.0,25318000.0,95528000.0,9288000.0,154196000.0,154196000.0,154196000.0,0.0,0.0,0.226,182757000.0,235616000.0,138226000.0,0.272,2.525,17.084,17.27,247380000.0,0.0,35.23,2.737,2.726,500022000.0,1402931000.0,682342000.0,682342000.0,94720000.0,,,,,24213000.0,88037000.0,1.0,167831465.0,167187000,169839000.0,4.081,3565831000.0,317240000.0,69116000.0,57500000.0,21.328,2169743000.0
44,KLAC,MRQ,2010-06-30,2010-06-30,2010-06-30,2021-08-07,-31303000.0,3907056000.0,,2835465000.0,1071591000.0,,13.293,-5791000.0,529918000.0,529918000.0,227919000.0,113085000.0,3.674,0.739,745747000.0,0.0,745747000.0,745747000.0,262144000.0,19554000.0,0.0,0.022,0.15,163528000.0,183082000.0,0.327,183082000.0,163528000.0,150102000.0,0.66,0.66,0.66,2246611000.0,,2246611000.0,4941530412.0,14.0,11.411,77487000.0,0.458,1.0,331500000.0,0.593,445342000.0,13426000.0,2905756000.0,,401730000.0,1004126000.0,1004126000.0,0.0,1660445000.0,771787000.0,888658000.0,4739424412.0,-13587000.0,0.0,-69591000.0,0.0,-25386000.0,-95578000.0,976000.0,6767000.0,83278000.0,-2263000.0,113085000.0,113085000.0,113085000.0,0.0,0.0,0.202,170658000.0,160842000.0,107938000.0,0.227,2.11,22.324,22.484,236752000.0,0.0,27.88,2.603,2.613,440125000.0,1356454000.0,559419000.0,559419000.0,83309000.0,,,,,23459000.0,87349000.0,1.0,169993702.0,169002000,171840000.0,3.31,3461714000.0,328522000.0,37017000.0,53492000.0,20.483,2063678000.0
45,KLAC,MRQ,2010-03-31,2010-03-31,2010-03-31,2021-08-07,-18141000.0,3789845000.0,,2675567000.0,1114278000.0,,12.938,-10041000.0,543505000.0,543505000.0,208565000.0,57016000.0,3.896,0.708,745611000.0,0.0,745611000.0,745611000.0,221569000.0,21420000.0,0.0,0.019,0.15,94363000.0,115783000.0,0.242,115783000.0,94363000.0,80271000.0,0.33,0.33,0.33,2219024000.0,,2219024000.0,5535395421.0,37.0,22.749,117631000.0,0.686,1.0,269734000.0,0.564,454031000.0,14092000.0,2851158000.0,,374435000.0,1010019000.0,1010019000.0,0.0,1570821000.0,686762000.0,884059000.0,5321364421.0,12061000.0,-1500000.0,-54279000.0,0.0,-25731000.0,-80719000.0,-32211000.0,-20670000.0,127672000.0,-2681000.0,57016000.0,57016000.0,57016000.0,0.0,0.0,0.119,178455000.0,91279000.0,91645000.0,0.455,2.398,72.263,71.919,243758000.0,0.0,30.925,3.449,3.438,322542000.0,1339010000.0,478299000.0,478299000.0,84741000.0,,,,,21469000.0,93714000.0,1.0,172073223.0,171506000,173357000.0,2.789,3335814000.0,270155000.0,23255000.0,46323000.0,19.45,1988805000.0
46,KLAC,MRQ,2009-12-31,2009-12-31,2009-12-31,2021-08-07,-16975000.0,3725741000.0,,2587261000.0,1138480000.0,,12.992,-4857000.0,531444000.0,531444000.0,207286000.0,21794000.0,4.22,0.673,745475000.0,0.0,745475000.0,745475000.0,210978000.0,23240000.0,0.0,0.017,0.15,51558000.0,74798000.0,0.17,74798000.0,51558000.0,38016000.0,0.13,0.13,0.13,2226934000.0,,2226934000.0,6383955949.0,-786.0,66.677,158744000.0,0.926,1.0,233069000.0,0.529,466446000.0,13542000.0,2860221000.0,,352241000.0,990900000.0,990900000.0,0.0,1498807000.0,613105000.0,885702000.0,6179455949.0,-9395000.0,0.0,20545000.0,0.0,-25686000.0,-15512000.0,-156608000.0,-151751000.0,163601000.0,-876000.0,21794000.0,21794000.0,21794000.0,0.0,0.0,0.049,185974000.0,47095000.0,87632000.0,1.154,2.775,-93.34,-92.718,261942000.0,0.0,36.16,4.497,4.51,298071000.0,1357049000.0,440355000.0,440355000.0,83301000.0,,,,,20855000.0,102673000.0,1.0,170892034.0,171408000,173808000.0,2.569,3259295000.0,262484000.0,16222000.0,51787000.0,19.015,1974156000.0
47,KLAC,MRQ,2009-09-30,2009-09-30,2009-09-30,2021-08-07,-10375000.0,3676270000.0,,2481461000.0,1194809000.0,,12.926,-3635000.0,540839000.0,540839000.0,171892000.0,20405000.0,4.101,0.666,745339000.0,0.0,745339000.0,745339000.0,179584000.0,23134000.0,0.0,0.017,0.15,36249000.0,59383000.0,0.173,59383000.0,36249000.0,22792000.0,0.12,0.12,0.12,2206396000.0,,2206396000.0,6340394098.0,-11.0,-14.164,69614000.0,0.408,1.0,170795000.0,0.498,479197000.0,13457000.0,2796519000.0,,347199000.0,846393000.0,846393000.0,0.0,1469874000.0,605054000.0,864820000.0,6120157098.0,15872000.0,0.0,2917000.0,0.0,-25606000.0,-24522000.0,-40121000.0,-36486000.0,73249000.0,7266000.0,20405000.0,20405000.0,20405000.0,0.0,0.0,0.06,155845000.0,14950000.0,75561000.0,1.25,2.774,-11.719,-11.605,283160000.0,0.0,35.86,4.6,4.601,243924000.0,1360941000.0,342687000.0,342687000.0,78209000.0,,,,,15066000.0,77636000.0,1.0,170668073.0,170698000,172718000.0,2.008,3197073000.0,251917000.0,2387000.0,50631000.0,18.729,1876407000.0
48,KLAC,MRQ,2009-06-30,2009-06-30,2009-06-30,2021-08-07,-21217000.0,3609538000.0,,2398617000.0,1210921000.0,,12.852,-1980000.0,524967000.0,524967000.0,164621000.0,-25576000.0,4.385,0.652,745204000.0,0.0,745204000.0,745204000.0,165115000.0,25732000.0,0.0,0.024,0.15,-32372000.0,-6640000.0,-0.024,-6640000.0,-32372000.0,-46376000.0,-0.15,-0.15,-0.15,2184392000.0,,2184392000.0,4369757622.0,-8.0,-10.623,71458000.0,0.42,1.0,116881000.0,0.415,478459000.0,14004000.0,2804334000.0,,370206000.0,804917000.0,804917000.0,0.0,1425146000.0,546982000.0,878164000.0,4289618622.0,-139962000.0,0.0,12971000.0,0.0,-25490000.0,-13068000.0,-207088000.0,-205108000.0,73438000.0,6756000.0,-25576000.0,-25576000.0,-25576000.0,0.0,0.0,-0.091,151848000.0,-34967000.0,63485000.0,-1.0,1.964,-8.196,-8.225,291878000.0,0.0,25.25,2.822,2.828,210143000.0,1370132000.0,281502000.0,281502000.0,79227000.0,,,,,12869000.0,72621000.0,1.0,169885886.0,169965000,169965000.0,1.656,3131079000.0,261121000.0,-20800000.0,49738000.0,18.422,1851635000.0
49,KLAC,MRQ,2009-03-31,2009-03-31,2009-03-31,2021-08-07,-61389000.0,3636366000.0,,2391591000.0,1244775000.0,,12.769,-3147000.0,664929000.0,664929000.0,209223000.0,-82827000.0,3.967,0.676,745068000.0,0.0,745068000.0,745068000.0,142607000.0,31762000.0,0.0,0.03,0.15,-63558000.0,-31796000.0,-0.103,-31796000.0,-63558000.0,-77167000.0,-0.49,-0.49,-0.49,2169832000.0,,2169832000.0,3485659480.0,-9.0,-13.864,73342000.0,0.432,1.0,100389000.0,0.324,473535000.0,13609000.0,2640143000.0,,411894000.0,592617000.0,553714000.0,38903000.0,1466534000.0,602827000.0,863707000.0,3397057480.0,8599000.0,-424000.0,6000.0,0.0,-25484000.0,-26793000.0,-23670000.0,-20099000.0,76489000.0,-17427000.0,-82827000.0,-82827000.0,-82827000.0,0.0,0.0,-0.268,172670000.0,-72281000.0,56354000.0,-0.306,1.566,-8.054,-7.968,303303000.0,0.0,20.0,1.857,1.858,241425000.0,1421999000.0,309612000.0,309612000.0,82609000.0,,,,,22013000.0,90061000.0,1.0,169852874.0,169934000,169934000.0,1.822,3162831000.0,332215000.0,5660000.0,49398000.0,18.612,1788764000.0
50,KLAC,MRQ,2008-12-31,2008-12-31,2008-12-31,2021-08-07,-31750000.0,3856093000.0,,2516650000.0,1339443000.0,,13.532,14847000.0,656330000.0,656330000.0,238167000.0,-434254000.0,3.703,0.686,744932000.0,0.0,744932000.0,744932000.0,163607000.0,35646000.0,0.0,0.028,0.15,-504250000.0,-468604000.0,-1.182,-468604000.0,-504250000.0,-518103000.0,-2.57,-2.57,-2.57,2287131000.0,,2287131000.0,3690778053.0,-20.0,-117.886,-20753000.0,-0.123,1.0,158422000.0,0.399,499647000.0,13853000.0,2765416000.0,,472585000.0,566070000.0,531607000.0,34463000.0,1568962000.0,679632000.0,889330000.0,3679441053.0,-77129000.0,-13952000.0,-27882000.0,0.0,-25335000.0,-53261000.0,2925000.0,4496000.0,-35600000.0,8807000.0,-434254000.0,-434254000.0,-434254000.0,0.0,0.0,-1.095,664053000.0,-505631000.0,103817000.0,-0.058,1.609,-16.14,-15.564,323020000.0,0.0,21.79,1.734,1.736,332353000.0,1532417000.0,396589000.0,396589000.0,95266000.0,,,,,19007000.0,133954000.0,1.0,168859158.0,169022000,169022000.0,2.346,3356446000.0,318684000.0,-83849000.0,55934000.0,19.858,1837018000.0
51,KLAC,MRQ,2008-09-30,2008-09-30,2008-09-30,2021-08-07,-16162000.0,4482247000.0,,2627202000.0,1855045000.0,,16.042,-10132000.0,733459000.0,733459000.0,252813000.0,19289000.0,3.387,0.624,744796000.0,0.0,744796000.0,744796000.0,167974000.0,42708000.0,0.0,0.019,0.15,52988000.0,95696000.0,0.18,95696000.0,52988000.0,39115000.0,0.11,0.11,0.11,2760601000.0,,2760601000.0,5099056620.0,12.0,8.899,71225000.0,0.414,1.0,279700000.0,0.525,972154000.0,13873000.0,2745844000.0,,503673000.0,573052000.0,531633000.0,41419000.0,1721646000.0,775586000.0,946060000.0,5482501620.0,-394647000.0,-127023000.0,-171502000.0,0.0,-25840000.0,-205995000.0,-257067000.0,-122378000.0,81357000.0,-12942000.0,19289000.0,19289000.0,19289000.0,0.0,0.0,0.036,244762000.0,34938000.0,102661000.0,1.364,1.986,18.891,19.417,350700000.0,0.0,31.65,2.322,2.307,370343000.0,2012838000.0,532513000.0,532513000.0,114361000.0,,,,,32075000.0,118490000.0,1.0,173222800.0,172088000,174386000.0,3.094,3510093000.0,315782000.0,19826000.0,63468000.0,20.397,1851616000.0
52,KLAC,MRQ,2008-06-30,2008-06-30,2008-06-30,2021-08-07,47684000.0,4848390000.0,,3035764000.0,1812626000.0,,17.02,59158000.0,1128106000.0,1128106000.0,264146000.0,76010000.0,3.194,0.626,744661000.0,0.0,744661000.0,744661000.0,239234000.0,46469000.0,0.0,0.015,0.15,106818000.0,153287000.0,0.26,153287000.0,106818000.0,97517000.0,0.44,0.43,0.44,2981730000.0,,2981730000.0,5739817790.0,10.0,8.231,245973000.0,1.404,1.0,326548000.0,0.553,899660000.0,9301000.0,2614953000.0,,459449000.0,451277000.0,409130000.0,42147000.0,1866660000.0,950332000.0,916328000.0,6923194790.0,564624000.0,-488545000.0,-96903000.0,737219000.0,-26354000.0,614316000.0,-228780000.0,-317643000.0,186815000.0,-7727000.0,76010000.0,76010000.0,76010000.0,0.0,0.0,0.129,223137000.0,103411000.0,104315000.0,0.341,2.322,19.28,20.457,355474000.0,0.0,40.71,2.745,2.915,492488000.0,2204417000.0,590694000.0,590694000.0,116470000.0,,,,,28001000.0,100209000.0,1.0,170061282.0,175185000,178127000.0,3.372,3948730000.0,328588000.0,21507000.0,63634000.0,22.54,2085432000.0
53,KLAC,MRQ,2008-03-31,2008-03-31,2008-03-31,2021-08-07,32013000.0,4111005000.0,,2776702000.0,1334303000.0,,16.782,-10202000.0,1183377000.0,1183377000.0,285650000.0,110980000.0,2.822,0.375,0.0,0.0,0.0,0.0,282401000.0,26610000.0,0.0,0.015,0.15,161703000.0,188313000.0,0.313,188313000.0,161703000.0,161209000.0,0.62,0.61,0.62,2989090000.0,,2989090000.0,6132232813.0,9.0,7.869,134601000.0,0.756,1.0,316569000.0,0.526,460554000.0,494000.0,1483176000.0,,443710000.0,131195000.0,84392000.0,46803000.0,1121915000.0,983898000.0,138017000.0,6679875813.0,15839000.0,-1525000.0,-177280000.0,0.0,-26557000.0,-199416000.0,52508000.0,617107000.0,144803000.0,17944000.0,110980000.0,110980000.0,110980000.0,0.0,0.0,0.184,191369000.0,125200000.0,101239000.0,0.242,2.235,15.52,15.991,341186000.0,0.0,37.1,2.504,2.477,573284000.0,2257049000.0,602219000.0,602219000.0,96646000.0,,,,,26830000.0,94723000.0,1.0,180050561.0,178112000,180617000.0,3.381,3650451000.0,356323000.0,50229000.0,58921000.0,20.495,1792804000.0
54,KLAC,MRQ,2007-12-31,2007-12-31,2007-12-31,2021-08-07,28519000.0,4153825000.0,,2812310000.0,1341515000.0,,16.794,-22609000.0,547643000.0,547643000.0,279167000.0,83935000.0,2.989,0.365,0.0,0.0,0.0,0.0,295797000.0,28345000.0,0.0,0.011,0.15,107343000.0,135688000.0,0.213,135688000.0,107343000.0,106756000.0,0.46,0.45,0.46,3043779000.0,,3043779000.0,8258154203.0,12.0,10.027,102599000.0,0.566,1.0,356616000.0,0.561,463232000.0,587000.0,2202058000.0,,482948000.0,749561000.0,749561000.0,0.0,1110046000.0,940892000.0,169154000.0,8772205203.0,33592000.0,-3966000.0,-94473000.0,0.0,-27151000.0,-121340000.0,30531000.0,22484000.0,125208000.0,-807000.0,83935000.0,83935000.0,83935000.0,0.0,0.0,0.132,263129000.0,93487000.0,114691000.0,0.326,2.882,18.498,19.419,361725000.0,0.0,48.16,3.154,3.138,578595000.0,2340557000.0,635783000.0,635783000.0,97513000.0,,,,,22628000.0,159453000.0,1.0,182147118.0,181241000,185199000.0,3.508,3690593000.0,343088000.0,22821000.0,84289000.0,20.363,1871418000.0
55,KLAC,MRQ,2007-09-30,2007-09-30,2007-09-30,2021-08-07,19839000.0,4192100000.0,,2817606000.0,1374494000.0,,16.282,-14883000.0,514051000.0,514051000.0,305893000.0,88158000.0,2.936,0.371,0.0,0.0,0.0,0.0,313899000.0,24952000.0,0.0,0.009,0.15,195137000.0,220089000.0,0.318,220089000.0,195137000.0,194752000.0,0.47,0.46,0.47,3057508000.0,,3057508000.0,10051603000.0,14.0,12.278,190902000.0,1.017,1.0,387127000.0,0.559,478956000.0,385000.0,2239269000.0,,500286000.0,768882000.0,768882000.0,0.0,1134592000.0,959824000.0,174768000.0,10774114000.0,-208460000.0,0.0,-586879000.0,0.0,-28459000.0,-612498000.0,203804000.0,218687000.0,205785000.0,-5551000.0,88158000.0,88158000.0,88158000.0,0.0,0.0,0.127,209849000.0,177278000.0,119050000.0,0.319,3.524,22.43,22.583,379189000.0,0.0,55.78,3.855,3.748,618959000.0,2385949000.0,693020000.0,693020000.0,99344000.0,,,,,31759000.0,110505000.0,1.0,193153711.0,187789000,193043000.0,3.69,3713144000.0,345108000.0,106594000.0,87444000.0,19.773,1857782000.0
56,KLAC,MRQ,2007-06-30,2007-06-30,2007-06-30,2021-08-07,11405000.0,4623249000.0,,3252771000.0,1370478000.0,,18.553,-29141000.0,722511000.0,722511000.0,314959000.0,147342000.0,3.235,0.302,0.0,0.0,0.0,0.0,301001000.0,36138000.0,0.0,0.009,0.12,199081000.0,235219000.0,0.319,235219000.0,199081000.0,196300000.0,0.77,0.74,0.77,3550042000.0,,3550042000.0,9925288511.0,15.0,12.553,113693000.0,0.594,1.0,421429000.0,0.572,487288000.0,2781000.0,2407888000.0,,535370000.0,988118000.0,988118000.0,0.0,1073207000.0,1005562000.0,67645000.0,10529704511.0,118095000.0,-82503000.0,95570000.0,0.0,-23037000.0,75757000.0,-108672000.0,2972000.0,142834000.0,8176000.0,147342000.0,147342000.0,147342000.0,0.0,0.0,0.2,246565000.0,174864000.0,92165000.0,0.156,2.966,19.939,20.504,382240000.0,0.0,54.95,3.855,3.966,581500000.0,2570751000.0,736388000.0,736388000.0,113856000.0,,,,,24740000.0,121989000.0,1.0,191623376.0,191345000,196888000.0,3.848,4135961000.0,339133000.0,48958000.0,0.0,21.615,2247209000.0
57,KLAC,MRQ,2007-03-31,2007-03-31,2007-03-31,2021-08-07,19920000.0,4340793000.0,,2947155000.0,1393638000.0,,16.729,-22834000.0,604416000.0,604416000.0,306751000.0,154785000.0,2.863,0.311,0.0,0.0,0.0,0.0,304037000.0,29305000.0,0.0,0.009,0.12,203331000.0,232636000.0,0.325,232636000.0,203331000.0,203331000.0,0.78,0.76,0.78,3311257000.0,,3311257000.0,9786004027.0,17.0,14.584,175774000.0,0.888,1.0,409457000.0,0.572,465330000.0,0.0,2241511000.0,,530141000.0,980818000.0,980818000.0,0.0,1029536000.0,1029536000.0,0.0,10649388027.0,-258968000.0,-49029000.0,-659386000.0,0.0,-23893000.0,-680502000.0,223805000.0,295668000.0,198608000.0,-879000.0,154785000.0,154785000.0,154785000.0,0.0,0.0,0.216,226802000.0,182655000.0,93805000.0,0.154,3.216,20.782,20.667,363767000.0,0.0,53.32,4.137,4.1,499298000.0,2446446000.0,716208000.0,716208000.0,106265000.0,,,,,19182000.0,120537000.0,1.0,199725957.0,197930000,203474000.0,3.618,3875463000.0,261200000.0,48546000.0,0.0,19.58,1917619000.0
58,KLAC,MRQ,2006-12-31,2006-12-31,2006-12-31,2021-08-07,21299000.0,4842728000.0,,3491505000.0,1351223000.0,,19.153,-19494000.0,863384000.0,863384000.0,297772000.0,90049000.0,3.456,0.265,0.0,0.0,0.0,0.0,320745000.0,29049000.0,0.0,0.01,0.12,101686000.0,130735000.0,0.201,130735000.0,101686000.0,101686000.0,0.45,0.44,0.45,3826539000.0,,3826539000.0,8942528376.0,19.0,16.024,130146000.0,0.651,1.0,351498000.0,0.541,440951000.0,0.0,2528224000.0,,564566000.0,1279506000.0,1279506000.0,0.0,1013179000.0,1010169000.0,3010000.0,9904523376.0,-336585000.0,-390161000.0,0.0,0.0,-23967000.0,-23967000.0,-467598000.0,-57943000.0,149640000.0,5340000.0,90049000.0,90049000.0,90049000.0,0.0,0.0,0.139,273139000.0,78359000.0,104204000.0,0.267,2.588,21.8,21.82,355057000.0,0.0,49.75,4.166,4.181,448520000.0,2315554000.0,649270000.0,649270000.0,108101000.0,,,,,16068000.0,165038000.0,1.0,199085897.0,199789000,204955000.0,3.25,4401777000.0,262206000.0,11637000.0,0.0,22.032,2481336000.0
59,KLAC,MRQ,2006-09-30,2006-09-30,2006-09-30,2021-08-07,19185000.0,4691183000.0,,3649031000.0,1042152000.0,,18.76,-12313000.0,1199969000.0,1199969000.0,270119000.0,135922000.0,3.874,0.253,0.0,0.0,0.0,0.0,300037000.0,14798000.0,0.0,0.011,0.12,177290000.0,192088000.0,0.305,192088000.0,177290000.0,177290000.0,0.68,0.67,0.68,3741054000.0,,3741054000.0,7891354840.0,17.0,14.667,94655000.0,0.475,1.0,359244000.0,0.571,0.0,0.0,2549257000.0,,490988000.0,1225814000.0,1225814000.0,0.0,946043000.0,941957000.0,4086000.0,8853349840.0,70778000.0,0.0,18600000.0,0.0,-24160000.0,-4515000.0,-34167000.0,-21854000.0,106968000.0,2492000.0,135922000.0,135922000.0,135922000.0,0.0,0.0,0.216,205254000.0,153990000.0,107247000.0,0.176,2.367,20.081,20.032,394239000.0,0.0,44.47,3.996,4.002,415403000.0,2249472000.0,629363000.0,629363000.0,99293000.0,,,,,36467000.0,105961000.0,1.0,199085897.0,199416000,203323000.0,3.156,4691183000.0,253691000.0,41368000.0,0.0,23.525,2707074000.0
60,KLAC,MRQ,2006-06-30,2006-06-30,2006-06-30,2021-08-07,8908000.0,4575911000.0,,3596993000.0,978918000.0,,17.902,-14686000.0,1129191000.0,1129191000.0,284164000.0,131676000.0,3.588,0.283,0.0,0.0,0.0,0.0,306685000.0,17241000.0,0.0,0.012,0.12,98317000.0,115558000.0,0.2,115558000.0,98317000.0,96142000.0,0.67,0.64,0.67,3562552000.0,,3562552000.0,7314005738.0,19.0,16.125,115668000.0,0.581,1.0,294872000.0,0.509,70341000.0,2175000.0,2373898000.0,,449156000.0,1196605000.0,1196605000.0,0.0,1007920000.0,1002481000.0,5439000.0,8276000738.0,167196000.0,0.0,-45939000.0,0.0,-23887000.0,-68653000.0,105481000.0,120167000.0,130354000.0,14000.0,131676000.0,131676000.0,131676000.0,0.0,0.0,0.227,219992000.0,74880000.0,95192000.0,0.179,2.323,21.753,21.651,395412000.0,0.0,41.57,3.997,3.988,439899000.0,2137710000.0,579036000.0,579036000.0,98613000.0,,,,,37839000.0,121379000.0,1.0,199085897.0,199006000,203506000.0,2.91,4505570000.0,307561000.0,-35534000.0,0.0,22.64,2594512000.0
61,KLAC,MRQ,2006-03-31,2006-03-31,2006-03-31,2021-08-07,7485000.0,4361318000.0,,3528173000.0,833145000.0,,17.021,-20339000.0,961995000.0,961995000.0,226575000.0,96684000.0,3.765,0.279,0.0,0.0,0.0,0.0,293792000.0,16629000.0,0.0,0.01,0.12,103072000.0,119701000.0,0.23,119701000.0,103072000.0,103072000.0,0.48,0.47,0.48,3402078000.0,,3402078000.0,8684976505.0,23.0,19.321,91332000.0,0.457,1.0,293073000.0,0.564,0.0,0.0,2462221000.0,,438443000.0,1323300000.0,1323300000.0,0.0,948171000.0,937102000.0,11069000.0,9649164505.0,24802000.0,0.0,-14803000.0,0.0,-24011000.0,-31066000.0,-59260000.0,-38921000.0,111671000.0,3457000.0,96684000.0,96684000.0,96684000.0,0.0,0.0,0.186,208146000.0,84927000.0,97709000.0,0.25,2.836,29.048,28.786,395123000.0,0.0,48.36,4.873,4.881,456288000.0,2263647000.0,519648000.0,519648000.0,97633000.0,,,,,53636000.0,110513000.0,1.0,199527802.0,199876000,205361000.0,2.6,4361318000.0,291133000.0,6388000.0,0.0,21.82,2591071000.0
62,KLAC,MRQ,2005-12-31,2005-12-31,2005-12-31,2021-08-07,8206000.0,4164536000.0,,3348474000.0,816062000.0,,16.582,-20736000.0,964188000.0,964188000.0,216215000.0,76605000.0,3.895,0.264,0.0,0.0,0.0,0.0,238668000.0,17752000.0,0.0,0.007,0.12,92934000.0,110686000.0,0.227,110686000.0,92934000.0,92934000.0,0.39,0.38,0.39,3287153000.0,,3287153000.0,8874527542.0,20.0,17.408,39919000.0,0.201,1.0,271467000.0,0.557,0.0,0.0,2340627000.0,,411796000.0,1263042000.0,1263042000.0,0.0,868552000.0,859721000.0,8831000.0,9738309542.0,188671000.0,-7664000.0,31324000.0,0.0,-23741000.0,11745000.0,109238000.0,137638000.0,60655000.0,7033000.0,76605000.0,76605000.0,76605000.0,0.0,0.0,0.157,196473000.0,74994000.0,79142000.0,0.308,2.963,27.152,26.956,387839000.0,0.0,49.33,4.864,4.884,371873000.0,2189515000.0,487682000.0,487682000.0,98807000.0,,,,,48132000.0,97666000.0,1.0,197411505.0,198236000,203926000.0,2.46,4164536000.0,288456000.0,16329000.0,0.0,21.008,2488753000.0
63,KLAC,MRQ,2005-09-30,2005-09-30,2005-09-30,2021-08-07,11855000.0,4030598000.0,,3222231000.0,808367000.0,,15.977,-18049000.0,863782000.0,863782000.0,215137000.0,75487000.0,3.763,0.275,0.0,0.0,0.0,0.0,255350000.0,17814000.0,0.0,0.005,0.12,89811000.0,107625000.0,0.222,107625000.0,89811000.0,89811000.0,0.38,0.37,0.38,3154036000.0,,3154036000.0,8759775729.0,17.0,15.059,-5560000.0,-0.028,1.0,269124000.0,0.556,0.0,0.0,2310426000.0,,396006000.0,1318964000.0,1318964000.0,0.0,866476000.0,856390000.0,10086000.0,9634284729.0,85359000.0,0.0,20654000.0,0.0,-23709000.0,3015000.0,69611000.0,87660000.0,12489000.0,244000.0,75487000.0,75487000.0,75487000.0,0.0,0.0,0.156,194134000.0,74990000.0,58001000.0,0.316,3.055,23.84,23.67,382713000.0,0.0,48.76,4.706,4.701,307194000.0,2136607000.0,484261000.0,484261000.0,98770000.0,,,,,42590000.0,95364000.0,1.0,197585823.0,197408000,203292000.0,2.453,4030598000.0,280253000.0,14324000.0,0.0,20.418,2365841000.0
64,KLAC,MRQ,2005-06-30,2005-06-30,2005-06-30,2021-08-07,16273000.0,4040603000.0,,3201891000.0,838712000.0,,15.71,-5344000.0,663163000.0,663163000.0,215958000.0,83404000.0,3.418,0.306,0.0,0.0,0.0,0.0,292909000.0,16755000.0,0.0,0.003,0.12,94754000.0,111509000.0,0.228,111509000.0,94754000.0,94754000.0,0.43,0.41,0.43,3089426000.0,,3089426000.0,7793389014.0,13.0,11.869,148332000.0,0.754,1.0,272683000.0,0.558,0.0,0.0,2440751000.0,,359840000.0,1532023000.0,1532023000.0,0.0,943933000.0,936689000.0,7244000.0,8599550014.0,312266000.0,0.0,-37917000.0,0.0,-23644000.0,-58930000.0,218467000.0,223811000.0,153676000.0,-947000.0,83404000.0,83404000.0,83404000.0,0.0,0.0,0.171,194885000.0,77798000.0,67717000.0,0.279,2.784,19.323,19.242,385921000.0,0.0,43.68,4.131,4.12,333218000.0,1852606000.0,488641000.0,488641000.0,98864000.0,,,,,50219000.0,96021000.0,1.0,196876145.0,196652000,201330000.0,2.485,4040603000.0,263212000.0,11350000.0,0.0,20.547,2265202000.0
65,KLAC,MRQ,2005-03-31,2005-03-31,2005-03-31,2021-08-07,18252000.0,3959637000.0,,3267644000.0,691993000.0,,15.071,-7245000.0,806161000.0,806161000.0,221838000.0,123163000.0,3.344,0.332,0.0,0.0,0.0,0.0,337770000.0,16739000.0,0.0,0.0,0.0,163228000.0,179967000.0,0.332,179967000.0,163228000.0,163228000.0,0.63,0.61,0.63,2967202000.0,,2967202000.0,8051076854.0,14.0,12.587,174331000.0,0.885,1.0,319773000.0,0.59,0.0,0.0,2176393000.0,,353546000.0,1302183000.0,1302183000.0,0.0,984759000.0,977083000.0,7676000.0,9043117854.0,42097000.0,0.0,8107000.0,0.0,0.0,8107000.0,-151544000.0,-144299000.0,181576000.0,3958000.0,123163000.0,123163000.0,123163000.0,0.0,0.0,0.227,164926000.0,154847000.0,65389000.0,0.0,3.048,21.199,21.203,392773000.0,0.0,46.01,4.424,4.431,445227000.0,2002232000.0,541611000.0,541611000.0,88812000.0,,,,,798000.0,76114000.0,1.0,196546791.0,196883000,202329000.0,2.751,3959637000.0,312042000.0,40065000.0,0.0,20.112,2290561000.0
66,KLAC,MRQ,2004-12-31,2004-12-31,2004-12-31,2021-08-07,13762000.0,3765666000.0,,2464555000.0,1301111000.0,,14.459,-29290000.0,992041000.0,992041000.0,217735000.0,122077000.0,2.683,0.328,0.0,0.0,0.0,0.0,332934000.0,18069000.0,0.0,0.0,0.0,164520000.0,182589000.0,0.343,182589000.0,164520000.0,164520000.0,0.62,0.61,0.62,2829446000.0,,2829446000.0,8155376189.0,16.0,14.243,51404000.0,0.263,1.0,315118000.0,0.591,0.0,0.0,1854935000.0,,350915000.0,933223000.0,332371000.0,600852000.0,927455000.0,918690000.0,8765000.0,9104142189.0,-52351000.0,-40578000.0,21993000.0,0.0,0.0,31993000.0,-168197000.0,-98329000.0,80694000.0,3159000.0,122077000.0,122077000.0,122077000.0,0.0,0.0,0.229,159610000.0,155508000.0,43993000.0,0.0,3.218,24.632,24.777,397720000.0,0.0,46.58,4.811,4.817,446216000.0,1879069000.0,532853000.0,532853000.0,87161000.0,,,,,1119000.0,72449000.0,1.0,195451743.0,195681000,200946000.0,2.723,3765666000.0,309060000.0,42443000.0,0.0,19.244,1545865000.0
67,KLAC,MRQ,2004-09-30,2004-09-30,2004-09-30,2021-08-07,9555000.0,3590007000.0,,2318538000.0,1271469000.0,,13.691,-17796000.0,948766000.0,948766000.0,215469000.0,116405000.0,2.562,0.337,0.0,0.0,0.0,0.0,340426000.0,18590000.0,0.0,0.0,0.0,163952000.0,182542000.0,0.352,182542000.0,163952000.0,163952000.0,0.59,0.58,0.59,2684878000.0,,2684878000.0,7342579822.0,19.0,15.628,72993000.0,0.372,1.0,303304000.0,0.585,0.0,0.0,1736112000.0,,373484000.0,937490000.0,285349000.0,652141000.0,905129000.0,905129000.0,0.0,8145257822.0,7269000.0,-4050000.0,-62239000.0,0.0,0.0,-62239000.0,-23324000.0,-1478000.0,90789000.0,2043000.0,116405000.0,116405000.0,116405000.0,0.0,0.0,0.224,146337000.0,156967000.0,53132000.0,0.0,3.034,27.891,27.839,380239000.0,0.0,41.48,4.797,4.791,365529000.0,1756992000.0,518773000.0,518773000.0,77147000.0,,,,,0.0,69190000.0,1.0,196365907.0,196110000,199969000.0,2.645,3590007000.0,307638000.0,47547000.0,0.0,18.306,1413409000.0
68,KLAC,MRQ,2004-06-30,2004-06-30,2004-06-30,2021-08-07,2159000.0,3539179000.0,,2191502000.0,1347677000.0,,13.382,-17630000.0,598698000.0,598698000.0,201968000.0,64942000.0,2.404,0.347,0.0,0.0,0.0,0.0,342131000.0,20558000.0,0.0,0.0,0.0,73963000.0,94521000.0,0.21,94521000.0,73963000.0,73963000.0,0.33,0.32,0.33,2627550000.0,,2627550000.0,8930703718.0,33.0,25.327,178992000.0,0.912,1.0,248970000.0,0.552,0.0,0.0,2028852000.0,,337414000.0,1277658000.0,534456000.0,743202000.0,911629000.0,911629000.0,0.0,9706951718.0,-141261000.0,0.0,-9095000.0,0.0,0.0,-9095000.0,-326467000.0,-308837000.0,196622000.0,-2321000.0,64942000.0,64942000.0,64942000.0,0.0,0.0,0.144,181123000.0,67847000.0,63991000.0,0.0,3.694,45.685,45.303,376052000.0,0.0,49.38,6.483,6.431,372773000.0,1640587000.0,450938000.0,450938000.0,94976000.0,,,,,93213000.0,86147000.0,1.0,196576584.0,196347000,203352000.0,2.297,3539179000.0,310150000.0,9021000.0,0.0,18.025,1279873000.0
69,KLAC,MRQ,2004-03-31,2004-03-31,2004-03-31,2021-08-07,6745000.0,3321306000.0,,2221822000.0,1099484000.0,,12.684,-14705000.0,776248000.0,776248000.0,170605000.0,66182000.0,2.667,0.335,0.0,0.0,0.0,0.0,267884000.0,20274000.0,0.0,0.0,0.0,92662000.0,112936000.0,0.29,112936000.0,92662000.0,92662000.0,0.34,0.33,0.34,2488133000.0,,2488133000.0,9209436395.0,39.0,29.424,75109000.0,0.383,1.0,219167000.0,0.562,0.0,0.0,1711885000.0,,310328000.0,944590000.0,392884000.0,551706000.0,833173000.0,833173000.0,0.0,9870250395.0,116484000.0,0.0,19017000.0,0.0,0.0,19017000.0,6626000.0,21331000.0,89814000.0,1027000.0,66182000.0,66182000.0,66182000.0,0.0,0.0,0.17,131414000.0,87753000.0,67471000.0,0.0,3.967,55.798,55.253,374251000.0,0.0,50.28,7.287,7.281,362295000.0,1544420000.0,389772000.0,389772000.0,69149000.0,,,,,0.0,62265000.0,1.0,196305696.0,196159000,203150000.0,1.987,3321306000.0,0.0,26480000.0,0.0,16.932,1388649000.0
70,KLAC,MRQ,2003-12-31,2003-12-31,2003-12-31,2021-08-07,2618000.0,3072433000.0,,1965275000.0,1107158000.0,,12.31,-13275000.0,660814000.0,660814000.0,156369000.0,44515000.0,2.917,0.281,0.0,0.0,0.0,0.0,200545000.0,21450000.0,0.0,0.0,0.0,58394000.0,79844000.0,0.236,79844000.0,58394000.0,58394000.0,0.23,0.22,0.23,2398807000.0,,2398807000.0,10754184393.0,60.0,42.045,20232000.0,0.104,1.0,182169000.0,0.538,0.0,0.0,1737993000.0,,288355000.0,968216000.0,401080000.0,567136000.0,673626000.0,673626000.0,0.0,11398373393.0,16625000.0,0.0,44890000.0,0.0,0.0,44890000.0,-66486000.0,-53211000.0,33507000.0,4714000.0,44515000.0,44515000.0,44515000.0,0.0,0.0,0.131,131107000.0,51062000.0,51722000.0,0.0,4.752,82.567,82.451,374692000.0,0.0,58.54,8.981,8.989,245841000.0,1478238000.0,338538000.0,338538000.0,68930000.0,,,,,0.0,62177000.0,1.0,194710854.0,194872000,202450000.0,1.737,3072433000.0,0.0,13879000.0,0.0,15.766,1291649000.0
71,KLAC,MRQ,2003-09-30,2003-09-30,2003-09-30,2021-08-07,1774000.0,2953742000.0,,1857937000.0,1095805000.0,,11.98,-9918000.0,644189000.0,644189000.0,155541000.0,36837000.0,2.88,0.279,0.0,0.0,0.0,0.0,201496000.0,19944000.0,0.0,0.0,0.0,45369000.0,65313000.0,0.205,65313000.0,45369000.0,45369000.0,0.19,0.18,0.19,2308558000.0,,2308558000.0,9398503720.0,59.0,40.478,19816000.0,0.103,1.0,162429000.0,0.511,0.0,0.0,1664369000.0,,273907000.0,922313000.0,358017000.0,564296000.0,645184000.0,645184000.0,0.0,10005406720.0,37286000.0,0.0,58194000.0,0.0,0.0,58194000.0,-54190000.0,-44272000.0,29734000.0,3548000.0,36837000.0,36837000.0,36837000.0,0.0,0.0,0.116,125461000.0,36968000.0,49412000.0,0.0,4.334,81.502,81.905,377178000.0,0.0,51.6,7.906,7.857,208607000.0,1433723000.0,317970000.0,317970000.0,65452000.0,,,,,0.0,60009000.0,1.0,193903231.0,192699000,200334000.0,1.65,2953742000.0,0.0,8532000.0,0.0,15.328,1212753000.0
72,KLAC,MRQ,2003-06-30,2003-06-30,2003-06-30,2021-08-07,3687000.0,2866597000.0,,1806383000.0,1060214000.0,,11.616,-4647000.0,606903000.0,606903000.0,157292000.0,29359000.0,2.775,0.294,0.0,0.0,0.0,0.0,225689000.0,16267000.0,0.0,0.0,0.0,38634000.0,54901000.0,0.178,54901000.0,38634000.0,38634000.0,0.15,0.14,0.15,2215541000.0,,2215541000.0,8273870089.0,46.0,32.837,54469000.0,0.286,1.0,151021000.0,0.49,0.0,0.0,1608638000.0,,258799000.0,880980000.0,350061000.0,530919000.0,651056000.0,651056000.0,0.0,8841886089.0,-60713000.0,0.0,38382000.0,0.0,0.0,38382000.0,-160212000.0,-155565000.0,59116000.0,2001000.0,29359000.0,29359000.0,29359000.0,0.0,0.0,0.095,121939000.0,29082000.0,33893000.0,0.0,3.991,64.449,64.528,382729000.0,0.0,46.46,6.683,6.666,223535000.0,1396886000.0,308313000.0,308313000.0,64084000.0,,,,,22435000.0,57855000.0,1.0,190311797.0,190735000,196777000.0,1.616,2866597000.0,324098000.0,9275000.0,0.0,15.029,1155327000.0
73,KLAC,MRQ,2003-03-31,2003-03-31,2003-03-31,2021-08-07,3376000.0,2784920000.0,,1770331000.0,1014589000.0,,11.181,233000.0,568016000.0,568016000.0,156731000.0,27339000.0,2.683,0.311,0.0,0.0,0.0,0.0,229435000.0,19747000.0,0.0,0.0,0.0,35972000.0,55719000.0,0.183,55719000.0,35972000.0,35972000.0,0.14,0.14,0.14,2125056000.0,,2125056000.0,6305310955.0,32.0,23.071,89665000.0,0.472,1.0,147567000.0,0.485,0.0,0.0,1557040000.0,,268521000.0,829748000.0,337452000.0,492296000.0,659864000.0,659864000.0,0.0,6835905955.0,37421000.0,0.0,2738000.0,0.0,0.0,2738000.0,-54034000.0,-54267000.0,89432000.0,-515000.0,27339000.0,27339000.0,27339000.0,0.0,0.0,0.09,121967000.0,25600000.0,30144000.0,0.0,3.217,44.292,44.37,387249000.0,0.0,35.94,4.925,4.922,231809000.0,1367527000.0,304298000.0,304298000.0,61419000.0,,,,,0.0,60548000.0,1.0,190203282.0,190064000,194393000.0,1.601,2784920000.0,0.0,8633000.0,0.0,14.653,1110467000.0
74,KLAC,MRQ,2002-12-31,2002-12-31,2002-12-31,2021-08-07,8200000.0,2750846000.0,,1708881000.0,1041965000.0,,11.109,-119340000.0,530595000.0,530595000.0,171138000.0,29228000.0,2.625,0.31,0.0,0.0,0.0,0.0,227585000.0,17795000.0,0.0,0.0,0.0,38458000.0,56253000.0,0.168,56253000.0,38458000.0,38458000.0,0.15,0.15,0.15,2099801000.0,,2099801000.0,6238288740.0,30.0,22.128,-86406000.0,-0.457,1.0,163780000.0,0.489,0.0,0.0,1569206000.0,,289956000.0,778626000.0,275052000.0,503574000.0,651045000.0,651045000.0,0.0,6673934740.0,94949000.0,0.0,28813000.0,0.0,0.0,28813000.0,29888000.0,149228000.0,32934000.0,3114000.0,29228000.0,29228000.0,29228000.0,0.0,0.0,0.087,137024000.0,26756000.0,22947000.0,0.0,3.178,41.415,41.612,400367000.0,0.0,35.37,4.632,4.64,257561000.0,1340188000.0,334918000.0,334918000.0,71935000.0,,,,,0.0,65089000.0,1.0,188689136.0,189018000,193519000.0,1.772,2750846000.0,0.0,9230000.0,0.0,14.553,1057836000.0
75,KLAC,MRQ,2002-09-30,2002-09-30,2002-09-30,2021-08-07,8911000.0,2706055000.0,,1680203000.0,1025852000.0,,10.791,-6815000.0,435646000.0,435646000.0,186344000.0,51265000.0,2.532,0.325,0.0,0.0,0.0,0.0,227298000.0,17639000.0,0.0,0.0,0.0,67454000.0,85093000.0,0.227,85093000.0,67454000.0,67454000.0,0.27,0.26,0.27,2042470000.0,,2042470000.0,4854019013.0,20.0,15.79,57960000.0,0.306,1.0,189176000.0,0.504,0.0,0.0,1606824000.0,,318896000.0,915034000.0,316206000.0,598828000.0,663585000.0,663585000.0,0.0,5283839013.0,5826000.0,0.0,-43346000.0,0.0,0.0,-43346000.0,-13756000.0,-6941000.0,64775000.0,-1847000.0,51265000.0,51265000.0,51265000.0,0.0,0.0,0.137,131892000.0,57284000.0,36909000.0,0.0,2.587,29.198,29.104,294025000.0,0.0,27.94,3.499,3.502,256174000.0,1310960000.0,375520000.0,375520000.0,70853000.0,,,,,0.0,70441000.0,1.0,189113780.0,189279000,194090000.0,1.984,2706055000.0,0.0,16189000.0,0.0,14.297,1016618000.0
76,KLAC,MRQ,2002-06-30,2002-06-30,2002-06-30,2021-08-07,4587000.0,2717718000.0,,1619288000.0,1098430000.0,,10.799,-6810000.0,429820000.0,429820000.0,186112000.0,46504000.0,2.355,0.339,0.0,0.0,0.0,0.0,248738000.0,18048000.0,0.0,0.0,0.0,58183000.0,76231000.0,0.204,76231000.0,58183000.0,58183000.0,0.25,0.24,0.25,2030228000.0,,2030228000.0,8012816077.0,28.0,22.442,79560000.0,0.423,1.0,187082000.0,0.501,0.0,0.0,1600408000.0,,323016000.0,903763000.0,243526000.0,660237000.0,687490000.0,687490000.0,0.0,8319278077.0,123358000.0,0.0,22484000.0,51000.0,0.0,22535000.0,9683000.0,16493000.0,86370000.0,4770000.0,46504000.0,46504000.0,46504000.0,0.0,0.0,0.125,139859000.0,47223000.0,52988000.0,0.0,4.098,38.486,38.252,300560000.0,0.0,43.99,5.081,5.042,277006000.0,1259695000.0,373194000.0,373194000.0,68945000.0,,,,,59697000.0,70914000.0,1.0,189117483.0,187997000,197872000.0,1.985,2717718000.0,315049000.0,11679000.0,0.0,14.456,931798000.0
77,KLAC,MRQ,2002-03-31,2002-03-31,2002-03-31,2021-08-07,-5443000.0,2650468000.0,,1575871000.0,1074597000.0,,10.109,-11072000.0,306462000.0,306462000.0,182102000.0,34149000.0,2.086,0.399,0.0,0.0,0.0,0.0,268452000.0,18197000.0,0.0,0.0,0.0,46147000.0,64344000.0,0.18,64344000.0,46147000.0,46147000.0,0.18,0.17,0.18,1894887000.0,,1894887000.0,12136444474.0,30.0,26.02,117398000.0,0.626,1.0,175006000.0,0.49,0.0,0.0,1588425000.0,,319513000.0,909976000.0,273981000.0,635995000.0,755581000.0,755581000.0,0.0,12439460474.0,3446000.0,0.0,46083000.0,0.0,0.0,46083000.0,-170226000.0,-159154000.0,128470000.0,-881000.0,34149000.0,34149000.0,34149000.0,0.0,0.0,0.096,137909000.0,37097000.0,32799000.0,0.0,6.565,41.518,41.562,306264000.0,0.0,66.5,6.664,6.677,274563000.0,1213191000.0,357108000.0,357108000.0,71479000.0,,,,,0.0,66430000.0,1.0,187059556.0,187443000,197669000.0,1.905,2650468000.0,0.0,11998000.0,0.0,14.14,820290000.0
78,KLAC,MRQ,2001-12-31,2001-12-31,2001-12-31,2021-08-07,735000.0,2605560000.0,,1650946000.0,954614000.0,,9.776,-19607000.0,303016000.0,303016000.0,201811000.0,49048000.0,2.102,0.431,0.0,0.0,0.0,0.0,291764000.0,15456000.0,0.0,0.0,0.0,66281000.0,81737000.0,0.202,81737000.0,66281000.0,66281000.0,0.26,0.25,0.26,1820221000.0,,1820221000.0,8845247164.0,16.0,14.568,16343000.0,0.088,1.0,202337000.0,0.501,0.0,0.0,1517205000.0,,335470000.0,762645000.0,248075000.0,514570000.0,785339000.0,785339000.0,0.0,9184418164.0,-36155000.0,-4035000.0,-25329000.0,-908000.0,0.0,-26237000.0,-41227000.0,-17585000.0,35950000.0,-4641000.0,49048000.0,49048000.0,49048000.0,0.0,0.0,0.121,146057000.0,56280000.0,42546000.0,0.0,5.046,22.858,22.944,310326000.0,0.0,49.56,4.318,4.338,365419000.0,1179042000.0,404148000.0,404148000.0,74061000.0,,,,,0.0,71996000.0,1.0,185319172.0,186200000,194637000.0,2.171,2605560000.0,0.0,17233000.0,0.0,13.993,865607000.0
79,KLAC,MRQ,2001-09-30,2001-09-30,2001-09-30,2021-08-07,3470000.0,2626882000.0,,1702228000.0,924654000.0,,9.576,-31169000.0,339171000.0,339171000.0,244368000.0,86465000.0,2.053,0.461,0.0,0.0,0.0,0.0,348564000.0,17889000.0,0.0,0.0,0.0,116845000.0,134734000.0,0.268,134734000.0,116845000.0,116845000.0,0.46,0.44,0.46,1797612000.0,,1797612000.0,5412895121.0,9.0,8.347,-11775000.0,-0.063,1.0,258464000.0,0.514,0.0,0.0,1458441000.0,,361181000.0,747819000.0,245870000.0,501949000.0,829270000.0,829270000.0,0.0,5942569121.0,-190503000.0,0.0,-51322000.0,409000.0,0.0,-50913000.0,-160566000.0,-129397000.0,19394000.0,1582000.0,86465000.0,86465000.0,86465000.0,0.0,0.0,0.172,154171000.0,104293000.0,54811000.0,0.0,3.306,13.8,13.612,306003000.0,0.0,31.58,2.672,2.666,368543000.0,1129994000.0,502832000.0,502832000.0,72923000.0,,,,,0.0,81248000.0,1.0,188175083.0,187717000,195079000.0,2.679,2626882000.0,0.0,30380000.0,0.0,13.994,872958000.0
80,KLAC,MRQ,2001-06-30,2001-06-30,2001-06-30,2021-08-07,2604000.0,2744551000.0,,1896946000.0,847605000.0,,9.442,-56273000.0,529674000.0,529674000.0,269169000.0,129954000.0,1.928,0.559,0.0,0.0,0.0,0.0,493028000.0,10680000.0,0.0,0.0,0.0,174939000.0,185619000.0,0.308,185619000.0,174939000.0,174939000.0,0.7,0.67,0.7,1760466000.0,,1760466000.0,10402130416.0,50.0,39.724,179489000.0,0.963,1.0,333473000.0,0.553,0.0,0.0,1230792000.0,,394406000.0,614186000.0,167421000.0,446765000.0,984085000.0,984085000.0,0.0,10839510416.0,92294000.0,-20818000.0,53488000.0,574000.0,0.0,54062000.0,-174954000.0,-97863000.0,235762000.0,-22576000.0,129954000.0,129954000.0,129954000.0,0.0,0.0,0.216,172111000.0,161362000.0,60740000.0,0.0,6.157,162.553,162.417,290254000.0,0.0,58.47,5.152,5.166,402013000.0,1043529000.0,602642000.0,602642000.0,89067000.0,,,,,56044000.0,85047000.0,1.0,185385846.0,186457000,194878000.0,3.232,2744551000.0,360079000.0,44985000.0,0.0,14.719,912861000.0
81,KLAC,MRQ,2001-03-31,2001-03-31,2001-03-31,2021-08-07,77000.0,2440511000.0,,1665085000.0,775426000.0,,10.234,-30019000.0,437380000.0,437380000.0,269074000.0,136336000.0,3.015,0.292,0.0,0.0,0.0,0.0,0.0,15745000.0,0.0,0.0,0.0,189355000.0,205100000.0,0.332,205100000.0,189355000.0,189355000.0,0.74,0.71,0.74,1888258000.0,,1888258000.0,6961922149.0,44.0,31.43,96910000.0,0.525,1.0,348493000.0,0.564,0.0,0.0,1450878000.0,,416122000.0,498429000.0,73459000.0,424970000.0,552253000.0,552253000.0,0.0,7263921149.0,135381000.0,0.0,5503000.0,26000.0,0.0,5529000.0,-10334000.0,19685000.0,126929000.0,13257000.0,136336000.0,136336000.0,136336000.0,0.0,0.0,0.221,173744000.0,174749000.0,58739000.0,0.0,3.847,255.511,231.647,263556000.0,0.0,39.38,3.663,3.664,538173000.0,1283380000.0,617567000.0,617567000.0,89828000.0,,,,,0.0,83916000.0,1.0,184457114.0,184510000,191717000.0,3.347,2440511000.0,0.0,53019000.0,0.0,13.227,1112832000.0
82,KLAC,MRQ,2000-12-31,2000-12-31,2000-12-31,2021-08-07,2760000.0,2344399000.0,,1585179000.0,759220000.0,,9.668,-34544000.0,301999000.0,301999000.0,215900000.0,77851000.0,2.864,0.309,0.0,0.0,0.0,0.0,0.0,14914000.0,0.0,0.0,0.0,108127000.0,123041000.0,0.246,123041000.0,108127000.0,108127000.0,0.42,0.41,0.42,1790882000.0,,1790882000.0,5890655283.0,83.0,43.575,-12928000.0,-0.07,1.0,284933000.0,0.569,0.0,0.0,1488883000.0,,386834000.0,514614000.0,96720000.0,417894000.0,553517000.0,553517000.0,0.0,6266442283.0,-75354000.0,0.0,-106596000.0,-1545000.0,0.0,-108141000.0,9941000.0,44485000.0,21616000.0,1230000.0,77851000.0,77851000.0,77851000.0,0.0,0.0,0.155,190737000.0,94196000.0,61185000.0,0.0,3.499,-181.321,-198.176,248438000.0,0.0,33.69,3.523,3.509,604921000.0,1191970000.0,500833000.0,500833000.0,96229000.0,,,,,0.0,94508000.0,1.0,186003036.0,185247000,190893000.0,2.704,2344399000.0,0.0,30276000.0,0.0,12.656,1031662000.0
83,KLAC,MRQ,2000-09-30,2000-09-30,2000-09-30,2021-08-07,8302000.0,2330171000.0,,1596704000.0,733467000.0,,9.595,-41359000.0,377353000.0,377353000.0,183009000.0,-277458000.0,2.995,0.297,1566000.0,1566000.0,0.0,1566000.0,0.0,14310000.0,0.0,0.0,0.0,-266212000.0,-251902000.0,-0.658,-251902000.0,-266212000.0,-266212000.0,-1.48,-1.41,-1.48,1796959000.0,,1796959000.0,7242292327.0,231.0,75.326,-17748000.0,-0.095,1.0,199706000.0,0.522,0.0,0.0,1421172000.0,,327764000.0,558038000.0,149435000.0,408603000.0,533212000.0,533212000.0,0.0,7720504327.0,-100859000.0,0.0,-12271000.0,2615000.0,0.0,-9656000.0,-119761000.0,-78402000.0,23611000.0,4947000.0,-277458000.0,-277458000.0,-277458000.0,0.0,0.0,-0.725,171545000.0,28161000.0,59135000.0,0.0,4.296,-122.233,-128.719,228069000.0,0.0,41.19,4.8,4.796,547388000.0,1082664000.0,382715000.0,382715000.0,80648000.0,,,,,0.0,90897000.0,1.0,187436376.0,187282000,195975000.0,2.044,2330171000.0,0.0,11246000.0,0.0,12.442,1063492000.0
84,KLAC,MRQ,2000-06-30,2000-06-30,2000-06-30,2021-08-07,13665000.0,2203503000.0,,1551754000.0,651749000.0,,9.185,-29058000.0,478212000.0,478212000.0,206943000.0,91700000.0,3.136,0.29,0.0,0.0,0.0,0.0,0.0,17907000.0,0.0,0.0,0.0,127362000.0,145269000.0,0.301,145269000.0,127362000.0,127362000.0,0.49,0.47,0.49,1708676000.0,,1708676000.0,10525543274.0,30.0,25.277,122821000.0,0.66,1.0,275106000.0,0.571,0.0,0.0,1230464000.0,,282489000.0,486171000.0,119932000.0,366239000.0,494827000.0,494827000.0,0.0,10891014274.0,98552000.0,-19925000.0,4141000.0,-15099000.0,0.0,-10958000.0,-42163000.0,-13105000.0,151879000.0,-206000.0,91700000.0,91700000.0,91700000.0,0.0,0.0,0.19,159002000.0,116104000.0,55016000.0,0.0,6.374,42.912,42.129,199719000.0,0.0,58.56,7.266,7.118,481950000.0,976846000.0,482049000.0,482049000.0,76387000.0,,,,,0.0,82615000.0,1.0,185980435.0,186038000,195669000.0,2.591,2203503000.0,164294000.0,35662000.0,0.0,11.844,1056927000.0
85,KLAC,MRQ,2000-03-31,2000-03-31,2000-03-31,2021-08-07,3758000.0,1957015000.0,,1287243000.0,669772000.0,,7.961,-23994000.0,379660000.0,379660000.0,181372000.0,73347000.0,2.617,0.336,14189000.0,14189000.0,0.0,14189000.0,0.0,16906000.0,0.0,0.0,0.0,101869000.0,118775000.0,0.288,118775000.0,101869000.0,101869000.0,0.4,0.38,0.4,1465065000.0,,1465065000.0,15128703588.0,58.0,47.256,14079000.0,0.077,1.0,231645000.0,0.561,0.0,0.0,1099594000.0,,255624000.0,508382000.0,99021000.0,409361000.0,491950000.0,491950000.0,0.0,15468476588.0,24742000.0,0.0,27755000.0,-488000.0,0.0,27267000.0,-47016000.0,-9997000.0,38073000.0,6418000.0,73347000.0,73347000.0,73347000.0,0.0,0.0,0.178,140498000.0,91147000.0,47262000.0,0.0,10.558,82.303,81.796,182406000.0,0.0,84.25,12.371,12.399,403382000.0,885146000.0,413017000.0,413017000.0,67498000.0,,,,,0.0,71700000.0,1.0,183602096.0,184026000,195236000.0,2.244,1957015000.0,0.0,28522000.0,0.0,10.634,795293000.0
86,KLAC,MRQ,1999-12-31,1999-12-31,1999-12-31,2021-08-07,3761000.0,1778542000.0,,1135788000.0,642754000.0,,7.569,-13801000.0,354918000.0,354918000.0,153373000.0,49249000.0,2.76,0.301,15145000.0,15145000.0,0.0,15145000.0,0.0,15604000.0,0.0,0.0,0.0,68400000.0,84004000.0,0.254,84004000.0,68400000.0,68400000.0,0.27,0.26,0.27,1366971000.0,,1366971000.0,9719885255.0,52.0,39.896,42739000.0,0.237,1.0,177384000.0,0.536,0.0,0.0,1027198000.0,,222233000.0,499003000.0,91215000.0,407788000.0,411571000.0,411571000.0,0.0,10020314255.0,38049000.0,0.0,29931000.0,-1899000.0,0.0,28032000.0,-42789000.0,-22088000.0,56540000.0,-3734000.0,49249000.0,49249000.0,49249000.0,0.0,0.0,0.149,115834000.0,61550000.0,37898000.0,0.0,7.33,74.016,74.267,170674000.0,0.0,55.7,9.558,9.596,316625000.0,811799000.0,330757000.0,330757000.0,55624000.0,,,,,0.0,60148000.0,1.0,179897922.0,180607000,190780000.0,1.831,1778542000.0,0.0,19151000.0,0.0,9.848,724217000.0
87,KLAC,MRQ,1999-09-30,1999-09-30,1999-09-30,2021-08-07,3837000.0,1661102000.0,,1084347000.0,576755000.0,,7.236,-11841000.0,316869000.0,316869000.0,136117000.0,39502000.0,2.907,0.29,16440000.0,16440000.0,0.0,16440000.0,0.0,12921000.0,0.0,0.0,0.0,55446000.0,68367000.0,0.25,68367000.0,55446000.0,55446000.0,0.22,0.21,0.22,1288036000.0,,1288036000.0,5564241750.0,61.0,39.432,-5816000.0,-0.033,1.0,136872000.0,0.501,0.0,0.0,987607000.0,,206404000.0,436677000.0,83046000.0,353631000.0,373066000.0,373066000.0,0.0,5821162750.0,45381000.0,0.0,17194000.0,-830000.0,0.0,16364000.0,35514000.0,47355000.0,6025000.0,-12522000.0,39502000.0,39502000.0,39502000.0,0.0,0.0,0.145,94132000.0,42740000.0,29101000.0,0.0,4.519,84.938,85.526,168548000.0,0.0,32.5,6.39,6.35,332280000.0,762550000.0,272989000.0,272989000.0,46718000.0,,,,,0.0,53414000.0,1.0,179112700.0,177992000,187934000.0,1.534,1661102000.0,0.0,15944000.0,0.0,9.332,711281000.0
88,KLAC,MRQ,1999-06-30,1999-06-30,1999-06-30,2021-08-07,5183000.0,1584900000.0,,942341000.0,642559000.0,,6.985,-35498000.0,271488000.0,271488000.0,118815000.0,25847000.0,2.675,0.286,14567000.0,14567000.0,0.0,14567000.0,0.0,13096000.0,0.0,0.0,0.0,35899000.0,48995000.0,0.21,48995000.0,35899000.0,35899000.0,0.14,0.14,0.14,1232583000.0,,1232583000.0,5490966830.0,109.0,55.731,1068000.0,0.006,1.0,114826000.0,0.491,0.0,0.0,975662000.0,,195679000.0,483695000.0,59574000.0,424121000.0,352317000.0,352317000.0,0.0,5719739830.0,26303000.0,-10047000.0,-652000.0,-941000.0,0.0,-1593000.0,-9545000.0,23478000.0,36566000.0,875000.0,25847000.0,25847000.0,25847000.0,0.0,0.0,0.111,92526000.0,22300000.0,35249000.0,0.0,4.64,145.867,147.455,168335000.0,0.0,32.44,6.784,6.751,280070000.0,723048000.0,233641000.0,233641000.0,43803000.0,,,,,0.0,48723000.0,1.0,176317504.0,176452000,186044000.0,1.324,1584900000.0,113037000.0,10052000.0,0.0,8.982,590024000.0
89,KLAC,MRQ,1999-03-31,1999-03-31,1999-03-31,2021-08-07,12325000.0,1541292000.0,,892342000.0,648950000.0,,6.829,-15065000.0,245185000.0,245185000.0,110680000.0,20782000.0,2.617,0.284,16412000.0,16412000.0,0.0,16412000.0,0.0,13400000.0,0.0,0.0,0.0,28862000.0,42262000.0,0.2,42262000.0,28862000.0,28862000.0,0.12,0.11,0.12,1200327000.0,,1200327000.0,4106910999.0,144.0,55.095,18497000.0,0.105,1.0,100259000.0,0.475,0.0,0.0,971554000.0,,199877000.0,502494000.0,36382000.0,466112000.0,340965000.0,340965000.0,0.0,4264201999.0,67559000.0,0.0,-4853000.0,-3290000.0,0.0,-8143000.0,37740000.0,52805000.0,33562000.0,4400000.0,20782000.0,20782000.0,20782000.0,0.0,0.0,0.099,87295000.0,12964000.0,29999000.0,0.0,3.553,255.189,255.579,146127000.0,0.0,24.28,4.942,4.945,297185000.0,697201000.0,210939000.0,210939000.0,39500000.0,,,,,0.0,47795000.0,1.0,175626112.0,175760000,185928000.0,1.2,1541292000.0,95263000.0,8080000.0,0.0,8.769,551377000.0
90,KLAC,MRQ,1998-12-31,1998-12-31,1998-12-31,2021-08-07,15526000.0,1524572000.0,,852558000.0,672014000.0,,6.789,-498000.0,177626000.0,177626000.0,104909000.0,-17597000.0,2.53,0.284,20335000.0,20335000.0,0.0,20335000.0,0.0,10078000.0,0.0,0.0,0.0,-28591000.0,-18513000.0,-0.096,-18513000.0,-28591000.0,-28591000.0,-0.1,-0.1,-0.1,1187589000.0,,1187589000.0,3580462129.0,85.0,42.328,2567000.0,0.015,1.0,88462000.0,0.457,0.0,0.0,1030298000.0,,209669000.0,556130000.0,70015000.0,486115000.0,336983000.0,336983000.0,0.0,3791835129.0,-54201000.0,0.0,-1361000.0,-2565000.0,0.0,-3926000.0,-40031000.0,-27011000.0,3065000.0,-13309000.0,-17597000.0,-17597000.0,-17597000.0,0.0,0.0,-0.091,131136000.0,-42674000.0,23916000.0,0.0,3.193,152.289,149.586,145295000.0,0.0,21.69,4.094,4.097,286010000.0,676419000.0,193371000.0,193371000.0,38470000.0,,,,,0.0,49966000.0,1.0,174819508.0,174926000,174926000.0,1.105,1524572000.0,94252000.0,-10994000.0,0.0,8.716,515575000.0
91,KLAC,MRQ,1998-09-30,1998-09-30,1998-09-30,2021-08-07,16495000.0,1540735000.0,,900592000.0,640143000.0,,6.913,-9675000.0,231827000.0,231827000.0,112655000.0,10180000.0,2.703,0.276,20454000.0,20454000.0,0.0,20454000.0,0.0,11643000.0,0.0,0.0,0.0,14139000.0,25782000.0,0.126,25782000.0,14139000.0,14139000.0,0.06,0.055,0.06,1207517000.0,,1207517000.0,1978072313.0,13.0,10.634,39478000.0,0.226,1.0,92575000.0,0.451,0.0,0.0,996144000.0,,234774000.0,527878000.0,61402000.0,466476000.0,333218000.0,333218000.0,0.0,2172560313.0,15857000.0,0.0,-577000.0,-1918000.0,0.0,-2495000.0,-25929000.0,-16254000.0,49153000.0,-4872000.0,10180000.0,10180000.0,10180000.0,0.0,0.0,0.05,95499000.0,-2924000.0,31348000.0,0.0,1.799,22.977,22.618,139849000.0,0.0,12.44,2.051,2.052,260306000.0,694016000.0,205230000.0,205230000.0,42926000.0,,,,,0.0,52573000.0,1.0,174643112.0,174684000,178514000.0,1.175,1540735000.0,91244000.0,3959000.0,0.0,8.82,567374000.0
92,KLAC,MRQ,1998-06-30,1998-06-30,1998-06-30,2021-08-07,16295000.0,1548397000.0,,956371000.0,592026000.0,,6.893,-13509000.0,215970000.0,215970000.0,129694000.0,3345000.0,2.727,0.293,21482000.0,21482000.0,0.0,21482000.0,0.0,10988000.0,0.0,0.0,0.0,14023000.0,25011000.0,0.099,25011000.0,14023000.0,14023000.0,0.015,0.02,0.015,1197714000.0,,1197714000.0,2232833813.0,11.0,9.105,24185000.0,0.139,1.0,123686000.0,0.488,0.0,0.0,1003226000.0,,234565000.0,507511000.0,92343000.0,415168000.0,350683000.0,350683000.0,0.0,2405513813.0,24278000.0,0.0,-6867000.0,1888000.0,0.0,-4979000.0,-15513000.0,16767000.0,37694000.0,7076000.0,3345000.0,3345000.0,3345000.0,0.0,0.0,0.013,121328000.0,2358000.0,46353000.0,0.0,2.008,17.939,17.525,140937000.0,0.0,13.845,2.062,2.02,304140000.0,683836000.0,253380000.0,253380000.0,43395000.0,,,,,0.0,58586000.0,1.0,173746032.0,173746000,178700000.0,1.458,1548397000.0,90729000.0,10678000.0,0.0,8.912,605688000.0
93,KLAC,MRQ,1998-03-31,1998-03-31,1998-03-31,2021-08-07,17503000.0,1504839000.0,,881928000.0,622911000.0,,6.911,-17179000.0,191692000.0,191692000.0,134224000.0,28971000.0,2.671,0.281,19012000.0,19012000.0,0.0,19012000.0,0.0,9701000.0,0.0,0.0,0.0,42607000.0,52308000.0,0.191,52308000.0,42607000.0,42607000.0,0.17,0.165,0.17,1174634000.0,,1174634000.0,3045521702.0,15.0,11.969,25047000.0,0.147,1.0,139940000.0,0.51,0.0,0.0,1001954000.0,,214010000.0,522875000.0,73060000.0,449815000.0,330205000.0,330205000.0,0.0,3214159702.0,559000.0,0.0,7562000.0,-3302000.0,0.0,4260000.0,-47750000.0,-30571000.0,42226000.0,1823000.0,28971000.0,28971000.0,28971000.0,0.0,0.0,0.106,109232000.0,30708000.0,48757000.0,0.0,2.736,24.47,24.519,138425000.0,0.0,19.125,2.703,2.734,331173000.0,673457000.0,274164000.0,274164000.0,46051000.0,,,,,0.0,60054000.0,1.0,168060638.0,169970000,175570000.0,1.613,1504839000.0,53953000.0,13636000.0,0.0,8.854,551723000.0
94,KLAC,MRQ,1997-12-31,1997-12-31,1997-12-31,2021-08-07,18223000.0,1484659000.0,,919661000.0,564998000.0,,6.726,-11200000.0,191133000.0,191133000.0,150235000.0,52058000.0,2.684,0.304,22495000.0,22495000.0,0.0,22495000.0,0.0,6363000.0,0.0,0.0,0.0,76555000.0,82918000.0,0.254,82918000.0,76555000.0,76555000.0,0.305,0.295,0.305,1138821000.0,,1138821000.0,,,,-13120000.0,-0.077,1.0,176126000.0,0.54,0.0,0.0,973362000.0,,195045000.0,493433000.0,89837000.0,403596000.0,345838000.0,342659000.0,3179000.0,3246091223.0,-58245000.0,0.0,-2572000.0,1273000.0,0.0,-1299000.0,-66115000.0,-54915000.0,-1920000.0,11089000.0,52058000.0,52058000.0,52058000.0,0.0,0.0,0.16,108902000.0,67224000.0,54034000.0,0.0,2.85,23.29,23.132,131045000.0,0.0,19.315,2.781,2.802,376345000.0,644486000.0,326361000.0,326361000.0,47280000.0,,,,,0.0,61622000.0,1.0,168060638.0,169314000,176210000.0,1.928,1484659000.0,53557000.0,24497000.0,3179000.0,8.769,577002000.0
95,KLAC,MRQ,1997-09-30,1997-09-30,1997-09-30,2021-08-07,,,,,,,,-22501000.0,,,140764000.0,49722000.0,,,,,,,,11865000.0,,0.0,0.0,73126000.0,84991000.0,0.272,84991000.0,73126000.0,73126000.0,0.295,0.28,0.295,,,,,,,-26341000.0,-0.157,1.0,171656000.0,0.549,,0.0,,,,,,,,,,,-29847000.0,0.0,20376000.0,-2495000.0,0.0,17881000.0,-43324000.0,-20823000.0,-3840000.0,-564000.0,49722000.0,49722000.0,49722000.0,0.0,0.0,0.159,107315000.0,64341000.0,,0.0,,,45.696,,0.0,33.815,,5.251,,,312420000.0,312420000.0,45177000.0,,,,,0.0,62138000.0,1.0,,168190000,177566000.0,1.858,,,23404000.0,,,
96,KLAC,MRQ,1997-06-30,1997-06-30,1997-06-30,2021-08-07,13599000.0,1343307000.0,,860007000.0,483300000.0,,6.274,-16027000.0,279225000.0,279225000.0,124567000.0,602000.0,2.616,0.324,25113000.0,25113000.0,0.0,25113000.0,0.0,21859000.0,0.0,0.0,0.0,12371000.0,34230000.0,0.124,34230000.0,12371000.0,12371000.0,0.01,0.005,0.01,1014613000.0,,1014613000.0,,,,-13522000.0,-0.084,1.0,151616000.0,0.549,0.0,0.0,760501000.0,,174634000.0,408024000.0,69606000.0,338418000.0,328694000.0,328694000.0,0.0,,-39144000.0,0.0,8851000.0,-1017000.0,0.0,7834000.0,-50901000.0,-34874000.0,2505000.0,1418000.0,602000.0,602000.0,602000.0,0.0,0.0,0.002,148699000.0,2917000.0,41155000.0,0.0,,,37.791,117595000.0,0.0,24.375,,3.872,269291000.0,542706000.0,276183000.0,276183000.0,37865000.0,,,,,0.0,58782000.0,1.0,,161726000,170496000.0,1.708,1343307000.0,54799000.0,11769000.0,0.0,8.306,531313000.0
97,KLAC,MRQ,1997-03-31,1997-03-31,1997-03-31,2021-08-07,,,,,,,,-8851000.0,,,117105000.0,36995000.0,,,,,,,,7600000.0,,0.0,0.0,56683000.0,64283000.0,0.255,64283000.0,56683000.0,56683000.0,0.225,0.215,0.225,,,,,,,52407000.0,0.317,1.0,135241000.0,0.536,,0.0,,,,,,,,,,,15781000.0,0.0,4482000.0,-2139000.0,0.0,2343000.0,-46565000.0,-37714000.0,61258000.0,-1255000.0,36995000.0,36995000.0,36995000.0,0.0,0.0,0.147,86241000.0,49000000.0,,0.0,,,,,0.0,18.25,,,,,252346000.0,252346000.0,34436000.0,,,,,0.0,51805000.0,1.0,,165364000,172960000.0,1.526,,,19688000.0,,,
98,KLAC,MRQ,1996-12-31,1996-12-31,1996-12-31,2021-08-07,,,,,,,,,,,114874000.0,34219000.0,,,,,,,,,,0.0,0.0,53103000.0,,,,53103000.0,53103000.0,0.21,0.2,0.21,,,,,,,,,1.0,127281000.0,0.526,,0.0,,,,,,,,,,,,,,,,,,,,,34219000.0,34219000.0,34219000.0,0.0,0.0,0.141,79531000.0,47750000.0,,0.0,,,,,0.0,17.75,,,,,242155000.0,242155000.0,29308000.0,,,,,,50223000.0,1.0,,164228000,169814000.0,1.475,,,18884000.0,,,
0,KLAC,MRT,2021-06-30,2021-06-30,2021-06-30,2021-08-07,-75557000.0,10271124000.0,9836276000.0,5696248000.0,4574876000.0,0.703,21.92,-229773000.0,1434610000.0,1434610000.0,2772165000.0,2077353000.0,2.708,2.042,3442767000.0,20000000.0,3422767000.0,3442767000.0,667703000.0,333335000.0,0.0,0.011,3.6,2518721000.0,2852056000.0,0.412,2852056000.0,2518721000.0,2361393000.0,13.49,13.37,13.49,3377554000.0,3043694000.0,3377554000.0,51685433866.0,21.0,18.122,1955253000.0,12.689,1.0,4146569000.0,0.599,3196483000.0,157328000.0,6979571000.0,6627316250.0,1575380000.0,1059912000.0,1059912000.0,0.0,6895482000.0,2103227000.0,4792255000.0,49695486866.0,200201000.0,16833000.0,-852509000.0,-29657000.0,-559353000.0,-1497881000.0,-500404000.0,-287464000.0,2185026000.0,13460000.0,2078292000.0,2078292000.0,2078292000.0,0.0,-939000.0,0.3,1628787000.0,2517782000.0,342083000.0,0.267,14.713,23.912,24.033,663027000.0,0.0,324.21,7.183,7.22,1305479000.0,1277123000.0,6918734000.0,6918734000.0,928487000.0,0.211,0.683,0.38,0.364,111836000.0,729602000.0,1.0,153281783.0,154086000,155437000.0,44.902,7074641000.0,270461000.0,283101000.0,650623000.0,45.914,3593021000.0
1,KLAC,MRT,2021-03-31,2021-03-31,2021-03-31,2021-08-07,-70473000.0,9939240000.0,9588485000.0,5405165000.0,4534075000.0,0.673,20.253,-216187000.0,1452150000.0,1452150000.0,2621468000.0,1854610000.0,2.663,2.192,3442097000.0,20000000.0,3422097000.0,3442097000.0,672190000.0,327625000.0,0.0,0.011,3.55,2216216000.0,2543841000.0,0.394,2543841000.0,2216216000.0,2058637000.0,12.0,11.91,12.0,3114856000.0,2865661500.0,3114856000.0,52936263690.0,24.0,20.81,1956061000.0,12.718,1.0,3831388000.0,0.594,3248776000.0,157579000.0,6650945000.0,6477078500.0,1450588000.0,990575000.0,990575000.0,0.0,6826376000.0,2029466000.0,4796910000.0,50906264690.0,505975000.0,5290000.0,-562125000.0,-4829000.0,-552848000.0,-1166391000.0,-512621000.0,-301724000.0,2172248000.0,12739000.0,1856567000.0,1856567000.0,1856567000.0,0.0,-1957000.0,0.288,1617129000.0,2214259000.0,295111000.0,0.296,16.343,27.42,27.533,628438000.0,0.0,330.4,7.889,7.875,1201991000.0,1070124000.0,6452856000.0,6452856000.0,904159000.0,0.194,0.648,0.342,0.343,110524000.0,705371000.0,1.0,154074651.0,153801000,155159000.0,41.956,6690464000.0,240822000.0,202070000.0,629896000.0,43.501,3375699000.0
2,KLAC,MRT,2020-12-31,2020-12-31,2020-12-31,2021-08-07,-72704000.0,9814644000.0,9315161500.0,5222954000.0,4591690000.0,0.652,19.026,-198449000.0,1431466000.0,1431466000.0,2501997000.0,1365449000.0,2.585,2.339,3461465000.0,20000000.0,3441465000.0,3461465000.0,603029000.0,325250000.0,0.0,0.014,3.5,1691268000.0,2016518000.0,0.332,2016518000.0,1691268000.0,1533550000.0,8.81,8.75,8.81,2935182000.0,2663805750.0,2935182000.0,42195774219.0,25.0,20.925,1769677000.0,11.471,1.0,3571050000.0,0.588,3335288000.0,157718000.0,6489243000.0,6366707500.0,1420618000.0,865064000.0,865064000.0,0.0,6864338000.0,2020112000.0,4844226000.0,39991191219.0,491602000.0,-11613000.0,-604007000.0,36142000.0,-546837000.0,-1159575000.0,-334245000.0,-124183000.0,1968126000.0,17296000.0,1367523000.0,1367523000.0,1367523000.0,0.0,-2074000.0,0.225,1859318000.0,1711732000.0,262496000.0,0.397,13.625,29.244,29.388,594185000.0,0.0,258.91,6.585,6.577,1219189000.0,903696000.0,6073047000.0,6073047000.0,880635000.0,0.147,0.513,0.266,0.278,111467000.0,708091000.0,1.0,154459817.0,154273000,155560000.0,39.366,6479356000.0,258734000.0,166027000.0,646028000.0,41.999,3202842000.0
3,KLAC,MRT,2020-09-30,2020-09-30,2020-09-30,2021-08-07,-79446000.0,9320096000.0,9174180500.0,4754699000.0,4565397000.0,0.647,17.692,-174920000.0,1215820000.0,1215820000.0,2465882000.0,1288771000.0,2.719,2.387,3420403000.0,0.0,3420403000.0,3420403000.0,579776000.0,329527000.0,0.0,0.018,3.45,1590367000.0,1919894000.0,0.324,1919894000.0,1590367000.0,1431057000.0,8.27,8.21,8.27,2747184000.0,2597451250.0,2747184000.0,32354361161.0,20.0,16.852,1619856000.0,10.432,1.0,3465748000.0,0.584,3386345000.0,159310000.0,6389506000.0,6294461500.0,1394225000.0,827633000.0,827633000.0,0.0,6557751000.0,1748828000.0,4808923000.0,30119100161.0,227472000.0,-11613000.0,-712965000.0,-29201000.0,-541949000.0,-1330228000.0,-246501000.0,-59968000.0,1794776000.0,9425000.0,1290827000.0,1290827000.0,1290827000.0,0.0,-2056000.0,0.218,1854899000.0,1610849000.0,254458000.0,0.417,10.964,23.333,23.427,561852000.0,0.0,193.74,5.078,5.072,1028883000.0,753915000.0,5931630000.0,5931630000.0,872322000.0,0.141,0.497,0.253,0.268,111429000.0,718435000.0,1.0,155461444.0,155281000,156442000.0,38.199,5933751000.0,245614000.0,140230000.0,656876000.0,38.213,3005871000.0
4,KLAC,MRT,2020-06-30,2020-06-30,2020-06-30,2021-08-07,-79774000.0,9279960000.0,9151506250.0,4723545000.0,4556415000.0,0.634,16.999,-152675000.0,1234409000.0,1234409000.0,2449561000.0,1215025000.0,2.779,2.476,3469670000.0,0.0,3469670000.0,3469670000.0,666055000.0,348049000.0,0.0,0.017,3.3,1478745000.0,1826794000.0,0.315,1826794000.0,1478745000.0,1318471000.0,7.76,7.7,7.76,2665424000.0,2575946000.0,2665424000.0,32651670905.0,22.0,17.874,1626175000.0,10.371,1.0,3356863000.0,0.578,3436815000.0,160274000.0,6378620000.0,6174296000.0,1310985000.0,746063000.0,746063000.0,0.0,6598950000.0,1699786000.0,4899164000.0,30153908905.0,218415000.0,-90143000.0,-753450000.0,20799000.0,-522421000.0,-1299635000.0,-258874000.0,-16056000.0,1778850000.0,-1926000.0,1216785000.0,1216785000.0,1216785000.0,0.0,-1760000.0,0.21,1857340000.0,1499523000.0,264280000.0,0.425,11.313,24.782,25.062,519824000.0,0.0,194.48,5.193,5.252,1107413000.0,654930000.0,5806424000.0,5806424000.0,863864000.0,0.133,0.472,0.24,0.255,111381000.0,734149000.0,1.0,155048894.0,156797000,158005000.0,37.031,5843145000.0,236797000.0,101686000.0,660885000.0,37.266,3023759000.0
5,KLAC,MRT,2020-03-31,2020-03-31,2020-03-31,2021-08-07,-88294000.0,8845946000.0,9083645250.0,4318465000.0,4527481000.0,0.617,14.785,-166731000.0,946175000.0,946175000.0,2420802000.0,1022038000.0,2.612,2.826,3443937000.0,0.0,3443937000.0,3443937000.0,650996000.0,396998000.0,0.0,0.022,3.2,1304861000.0,1701859000.0,0.304,1701859000.0,1304861000.0,1144291000.0,6.43,6.38,6.43,2307433000.0,2574367000.0,2307433000.0,24994448741.0,19.0,14.687,1484734000.0,9.513,1.0,3184464000.0,0.568,3480973000.0,160570000.0,6209461000.0,6048363500.0,1264130000.0,688356000.0,688356000.0,0.0,6520750000.0,1653274000.0,4867476000.0,22534435741.0,-145988000.0,-78600000.0,-1104513000.0,-6507000.0,-511022000.0,-1670426000.0,-122614000.0,122717000.0,1651465000.0,-4413000.0,1023377000.0,1023377000.0,1023377000.0,0.0,-1339000.0,0.183,1858404000.0,1326060000.0,243234000.0,0.498,9.766,22.02,22.355,497743000.0,0.0,143.74,4.02,4.002,1119263000.0,376656000.0,5605266000.0,5605266000.0,853474000.0,0.113,0.398,0.216,0.233,113171000.0,756398000.0,1.0,156772198.0,156067000,157172000.0,35.916,5364973000.0,207958000.0,120914000.0,647220000.0,34.376,2665191000.0
6,KLAC,MRT,2019-12-31,2019-12-31,2019-12-31,2021-08-07,-66758000.0,9250720000.0,9169060000.0,4377443000.0,4873277000.0,0.576,16.974,-149242000.0,939864000.0,939864000.0,2317589000.0,1136674000.0,2.548,2.458,3399877000.0,0.0,3399877000.0,3399877000.0,551356000.0,388453000.0,0.0,0.017,3.1,1402648000.0,1791101000.0,0.339,1791101000.0,1402648000.0,1250122000.0,7.16,7.11,7.16,2669764000.0,2709782000.0,2669764000.0,30550027174.0,22.0,17.057,1223789000.0,7.78,1.0,2961024000.0,0.561,3792231000.0,152526000.0,6200259000.0,5983502500.0,1251400000.0,737658000.0,737658000.0,0.0,6562750000.0,1718243000.0,4844507000.0,28114245174.0,-854118000.0,-1885026000.0,-989219000.0,1156311000.0,-491276000.0,-368504000.0,-1859305000.0,174963000.0,1373031000.0,660000.0,1137653000.0,1137653000.0,1137653000.0,0.0,-979000.0,0.216,1559355000.0,1401669000.0,256646000.0,0.433,10.531,24.712,24.884,489980000.0,0.0,178.17,5.326,5.309,1191035000.0,719001000.0,5278613000.0,5278613000.0,822928000.0,0.124,0.42,0.234,0.266,116094000.0,752822000.0,1.0,157794495.0,157290000,158620000.0,33.56,5458489000.0,213255000.0,112469000.0,680929000.0,34.703,2659200000.0
7,KLAC,MRT,2019-09-30,2019-09-30,2019-09-30,2021-08-07,-71855000.0,9229399000.0,8257701750.0,4355749000.0,4873650000.0,0.592,16.769,-140734000.0,988348000.0,988348000.0,2092231000.0,1125469000.0,2.241,2.461,3424130000.0,250000000.0,3174130000.0,3424130000.0,579761000.0,315725000.0,0.0,0.019,3.0,1379500000.0,1695225000.0,0.347,1695225000.0,1379500000.0,1240908000.0,7.17,7.13,7.17,2661163000.0,2441746500.0,2661163000.0,27800749228.0,20.0,16.399,1126738000.0,7.1,1.0,2796827000.0,0.572,3812890000.0,138592000.0,5908844000.0,5479149500.0,1254240000.0,763174000.0,763174000.0,0.0,6549780000.0,1943447000.0,4606333000.0,25393361228.0,-661166000.0,-1885026000.0,-958782000.0,1181311000.0,-471142000.0,-283926000.0,-1642546000.0,383214000.0,1267472000.0,-2166000.0,1126198000.0,1126198000.0,1126198000.0,0.0,-729000.0,0.23,1418056000.0,1378771000.0,221388000.0,0.418,9.542,22.548,22.238,475210000.0,0.0,159.45,5.194,5.176,1066188000.0,733173000.0,4889058000.0,4889058000.0,768080000.0,0.136,0.461,0.252,0.282,105000000.0,673031000.0,1.0,159255950.0,158697000,160131000.0,30.808,5416509000.0,216629000.0,114710000.0,688170000.0,34.131,2412302000.0
8,KLAC,MRT,2019-06-30,2019-06-30,2019-06-30,2021-08-07,-73029000.0,9008516000.0,7361629250.0,4315075000.0,4693441000.0,0.621,17.04,-130498000.0,1015994000.0,1015994000.0,1869377000.0,1175017000.0,2.44,2.381,3423382000.0,249999000.0,3173383000.0,3423382000.0,587789000.0,233224000.0,0.0,0.025,3.0,1421435000.0,1654659000.0,0.362,1654659000.0,1421435000.0,1296831000.0,7.53,7.49,7.53,2659108000.0,2168298000.0,2659108000.0,21433997968.0,15.0,12.954,1022134000.0,6.55,1.0,2699527000.0,0.591,3772528000.0,124604000.0,5874890000.0,5136188000.0,1262500000.0,723391000.0,723391000.0,0.0,6330823000.0,1768486000.0,4562337000.0,19103514968.0,-388388000.0,-1818283000.0,-1030374000.0,1181311000.0,-472263000.0,-360005000.0,-1180982000.0,767799000.0,1152632000.0,-33000.0,1175617000.0,1175617000.0,1175617000.0,0.0,-600000.0,0.257,1278692000.0,1420835000.0,202416000.0,0.398,7.184,16.25,15.697,448799000.0,0.0,118.2,4.181,4.037,990113000.0,714825000.0,4568904000.0,4568904000.0,711030000.0,0.16,0.542,0.277,0.311,94194000.0,599124000.0,1.0,161620262.0,156053000,156949000.0,29.278,5235988000.0,206141000.0,121214000.0,702285000.0,33.553,2546589000.0
9,KLAC,MRT,2019-03-31,2019-03-31,2019-03-31,2021-08-07,-68907000.0,9187605000.0,6519155000.0,4442628000.0,4744977000.0,0.672,18.223,-97480000.0,1092163000.0,1092163000.0,1654158000.0,1306456000.0,2.612,2.212,3422646000.0,249997000.0,3172649000.0,3422646000.0,501474000.0,120327000.0,0.0,0.025,3.0,1583889000.0,1704216000.0,0.389,1704216000.0,1583889000.0,1471493000.0,8.44,8.41,8.44,2849093000.0,1908648750.0,2849093000.0,18518769807.0,12.0,10.866,1103204000.0,7.056,1.0,2726315000.0,0.622,3867215000.0,112396000.0,5950017000.0,4888300000.0,1317260000.0,805105000.0,805105000.0,0.0,6302017000.0,1700856000.0,4601161000.0,18074373807.0,-163519000.0,-1830196000.0,-726878000.0,958789000.0,-467935000.0,-269245000.0,-1084646000.0,843030000.0,1200684000.0,-10312000.0,1306539000.0,1306539000.0,1306539000.0,0.0,-83000.0,0.298,1142509000.0,1583806000.0,206248000.0,0.355,6.344,13.834,14.148,411852000.0,0.0,119.41,4.126,4.262,958021000.0,928086000.0,4380473000.0,4380473000.0,656225000.0,0.2,0.685,0.324,0.362,84830000.0,525454000.0,1.0,151363988.0,156349000,157182000.0,28.017,5320390000.0,205820000.0,164954000.0,0.0,34.029,2741772000.0
10,KLAC,MRT,2018-12-31,2018-12-31,2018-12-31,2021-08-07,-70447000.0,5605287000.0,5621799750.0,4485514000.0,1119773000.0,0.766,10.5,-86518000.0,1793982000.0,1793982000.0,1535569000.0,1420692000.0,3.026,2.509,2238378000.0,249996000.0,1988382000.0,2238378000.0,455644000.0,63165000.0,0.0,0.032,2.84,1725331000.0,1788496000.0,0.415,1788496000.0,1725331000.0,1616003000.0,9.17,9.13,9.17,1597622000.0,1538911250.0,1597622000.0,14287085492.0,8.0,7.988,1303179000.0,8.565,1.0,2768887000.0,0.643,384298000.0,109328000.0,4182847000.0,4710447500.0,1005990000.0,900112000.0,900112000.0,0.0,4007665000.0,1482538000.0,2525127000.0,13698709492.0,720588000.0,-23700000.0,-611581000.0,-250000000.0,-446482000.0,-1340818000.0,676151000.0,786369000.0,1389697000.0,-4442000.0,1420692000.0,1420692000.0,1420692000.0,0.0,0.0,0.33,1043556000.0,1725331000.0,152491000.0,0.31,8.574,9.642,9.759,306351000.0,0.0,89.49,3.182,3.163,658080000.0,1048804000.0,4304456000.0,4304456000.0,624577000.0,0.253,0.923,0.366,0.401,66847000.0,456507000.0,1.0,153075310.0,152148000,152648000.0,28.291,5220989000.0,225124000.0,195311000.0,0.0,34.315,3002976000.0
11,KLAC,MRT,2018-09-30,2018-09-30,2018-09-30,2021-08-07,-56167000.0,5645109000.0,5572295000.0,4521044000.0,1124065000.0,0.747,10.098,-73521000.0,1649514000.0,1649514000.0,1474311000.0,917273000.0,3.449,2.602,2237890000.0,0.0,2237890000.0,2237890000.0,463617000.0,63489000.0,0.0,0.026,2.68,1657509000.0,1720998000.0,0.414,1720998000.0,1657509000.0,1547347000.0,5.88,5.85,5.88,1567369000.0,1445912000.0,1567369000.0,16712647129.0,10.0,9.711,1163375000.0,7.495,1.0,2686069000.0,0.646,385557000.0,110162000.0,4536998000.0,4986527250.0,993527000.0,1130794000.0,1130794000.0,0.0,4077740000.0,1310930000.0,2766810000.0,15879627129.0,328817000.0,-28480000.0,-401772000.0,-541307000.0,-424495000.0,-1399663000.0,493495000.0,595496000.0,1236896000.0,-1911000.0,917273000.0,917273000.0,917273000.0,0.0,0.0,0.22,1028560000.0,1657509000.0,154930000.0,0.456,10.131,17.312,17.298,291232000.0,0.0,101.71,3.817,3.795,602210000.0,1027370000.0,4160380000.0,4160380000.0,615374000.0,0.165,0.634,0.332,0.398,64891000.0,449310000.0,1.0,156126508.0,155221000,156083000.0,26.803,5259552000.0,222107000.0,630074000.0,0.0,33.884,3210114000.0
12,KLAC,MRT,2018-06-30,2018-06-30,2018-06-30,2021-08-07,-53933000.0,5638619000.0,5583617250.0,4549000000.0,1089619000.0,0.723,10.365,-66947000.0,1404382000.0,1404382000.0,1446041000.0,802265000.0,3.746,2.48,2237402000.0,0.0,2237402000.0,2237402000.0,420833000.0,62684000.0,0.0,0.025,2.52,1570307000.0,1632991000.0,0.405,1632991000.0,1570307000.0,1455931000.0,5.13,5.1,5.13,1620511000.0,1420058750.0,1620511000.0,17187796670.0,11.0,10.525,1162173000.0,7.433,1.0,2590660000.0,0.642,374031000.0,114376000.0,4883338000.0,5180042250.0,931845000.0,1475936000.0,1475936000.0,0.0,4018108000.0,1214270000.0,2803838000.0,15981564670.0,251331000.0,-17403000.0,-141725000.0,-697557000.0,-402065000.0,-1270103000.0,291618000.0,375968000.0,1229120000.0,696000.0,802265000.0,802265000.0,802265000.0,0.0,0.0,0.199,1020353000.0,1570307000.0,169354000.0,0.491,9.862,19.921,19.986,286306000.0,0.0,102.53,3.959,3.971,651678000.0,1056445000.0,4036701000.0,4036701000.0,608531000.0,0.144,0.565,0.303,0.389,62784000.0,442304000.0,1.0,155872083.0,156346000,157378000.0,25.819,5264588000.0,193200000.0,653666000.0,1197000.0,33.673,3334730000.0
13,KLAC,MRT,2018-03-31,2018-03-31,2018-03-31,2021-08-07,-54277000.0,5598184000.0,5557005750.0,4540514000.0,1057670000.0,0.703,8.771,-54422000.0,1255682000.0,1255682000.0,1415073000.0,709660000.0,3.782,3.086,2461914000.0,0.0,2461914000.0,2461914000.0,385217000.0,62019000.0,0.0,0.021,2.31,1491189000.0,1553208000.0,0.398,1553208000.0,1491189000.0,1374474000.0,4.53,4.49,4.53,1370143000.0,1346535250.0,1370143000.0,18486191826.0,12.0,11.902,1263822000.0,8.09,1.0,2490271000.0,0.638,365374000.0,116715000.0,5238607000.0,5371189750.0,858924000.0,1634300000.0,1634300000.0,0.0,4228041000.0,1200435000.0,3027606000.0,17073159826.0,299875000.0,-34050000.0,-147844000.0,-497557000.0,-369667000.0,-1041691000.0,10484000.0,98956000.0,1318244000.0,12838000.0,709660000.0,709660000.0,709660000.0,0.0,0.0,0.182,999082000.0,1491189000.0,169459000.0,0.51,12.461,24.058,24.064,284496000.0,0.0,109.01,4.372,4.361,660455000.0,862743000.0,3905344000.0,3905344000.0,592999000.0,0.128,0.527,0.278,0.382,58465000.0,429973000.0,1.0,156620125.0,156221000,157201000.0,24.999,5232810000.0,193953000.0,664814000.0,0.0,33.496,3340079000.0
14,KLAC,MRT,2017-12-31,2017-12-31,2017-12-31,2021-08-07,-52522000.0,5407268000.0,5488571000.0,4353993000.0,1053275000.0,0.692,7.827,-48842000.0,1073394000.0,1073394000.0,1389991000.0,656341000.0,3.732,3.412,2486426000.0,0.0,2486426000.0,2486426000.0,381012000.0,59934000.0,0.0,0.022,2.26,1446708000.0,1506642000.0,0.397,1506642000.0,1446708000.0,1327640000.0,4.19,4.15,4.19,1225625000.0,1290827500.0,1225625000.0,17919440368.0,12.0,11.894,1141633000.0,7.291,1.0,2407868000.0,0.634,366586000.0,119068000.0,5287166000.0,5495789250.0,787971000.0,1684796000.0,1684796000.0,0.0,4181643000.0,1166548000.0,3015095000.0,16465299368.0,136361000.0,-34050000.0,-63112000.0,-497557000.0,-363053000.0,-951631000.0,-113781000.0,-30889000.0,1190475000.0,11298000.0,656341000.0,656341000.0,656341000.0,0.0,0.0,0.173,961160000.0,1446708000.0,149844000.0,0.539,13.434,25.087,25.076,281634000.0,0.0,105.07,4.335,4.332,740903000.0,729456000.0,3797859000.0,3797859000.0,569930000.0,0.12,0.508,0.263,0.381,54791000.0,412988000.0,1.0,156707903.0,156587000,156587000.0,24.254,5040682000.0,193740000.0,671299000.0,0.0,32.191,3187445000.0
15,KLAC,MRT,2017-09-30,2017-09-30,2017-09-30,2021-08-07,-50781000.0,5690398000.0,5410368000.0,4559496000.0,1130902000.0,0.684,9.335,-41520000.0,1320697000.0,1320697000.0,1361496000.0,1028911000.0,3.11,2.887,2774838000.0,249996000.0,2524842000.0,2774838000.0,331207000.0,58696000.0,0.0,0.021,2.21,1409498000.0,1468194000.0,0.397,1468194000.0,1409498000.0,1287178000.0,6.57,6.53,6.57,1463956000.0,1225695250.0,1463956000.0,18402490520.0,13.0,12.534,1241997000.0,7.92,1.0,2337426000.0,0.632,367441000.0,122320000.0,5311058000.0,5576788500.0,762401000.0,1735787000.0,1735787000.0,0.0,4226442000.0,1466040000.0,2760402000.0,16625084520.0,354372000.0,-29270000.0,-19570000.0,-246250000.0,-355007000.0,-646248000.0,-280069000.0,-209279000.0,1283517000.0,-2828000.0,1028911000.0,1028911000.0,1028911000.0,0.0,0.0,0.278,927928000.0,1409498000.0,138657000.0,0.336,11.356,16.158,16.134,279872000.0,0.0,106.0,4.495,4.494,666738000.0,996514000.0,3698922000.0,3698922000.0,544142000.0,0.19,0.839,0.253,0.381,53496000.0,401255000.0,1.0,156840420.0,156826000,157846000.0,23.586,5322957000.0,282302000.0,258267000.0,0.0,33.942,3093456000.0
16,KLAC,MRT,2017-06-30,2017-06-30,2017-06-30,2021-08-07,-51323000.0,5532173000.0,5236793000.0,4392066000.0,1140107000.0,0.665,8.477,-35647000.0,1153051000.0,1153051000.0,1286215000.0,926076000.0,3.396,3.171,2930457000.0,249983000.0,2680474000.0,2930457000.0,306081000.0,57836000.0,0.0,0.023,2.14,1295722000.0,1353558000.0,0.389,1353558000.0,1295722000.0,1173246000.0,5.92,5.88,5.92,1326417000.0,1055083500.0,1326417000.0,16344367631.0,13.0,12.075,1044018000.0,6.672,1.0,2193799000.0,0.63,368489000.0,122476000.0,5647928000.0,5682858000.0,732988000.0,1863689000.0,1863689000.0,0.0,4205756000.0,1293162000.0,2912594000.0,14345347631.0,44563000.0,-28560000.0,20357000.0,-130000000.0,-343993000.0,-472805000.0,-560886000.0,-496679000.0,1079665000.0,-1411000.0,926076000.0,926076000.0,926076000.0,0.0,0.0,0.266,898077000.0,1295722000.0,147380000.0,0.361,10.815,15.49,15.458,283975000.0,0.0,91.51,4.122,4.114,571117000.0,848457000.0,3480014000.0,3480014000.0,526688000.0,0.177,0.878,0.228,0.372,50943000.0,388211000.0,1.0,156762623.0,156468000,157481000.0,22.241,5163684000.0,291967000.0,247170000.0,0.0,33.002,3098904000.0
17,KLAC,MRT,2017-03-31,2017-03-31,2017-03-31,2021-08-07,-48884000.0,5324445000.0,5094357750.0,4253330000.0,1071115000.0,0.679,7.319,-29802000.0,955807000.0,955807000.0,1277185000.0,941455000.0,3.405,3.641,2954827000.0,249971000.0,2704856000.0,2954827000.0,303731000.0,58400000.0,0.0,0.022,2.12,1299418000.0,1357818000.0,0.392,1357818000.0,1299418000.0,1176701000.0,6.02,5.99,6.02,1147312000.0,895757750.0,1147312000.0,16942420452.0,13.0,12.478,941319000.0,6.005,1.0,2183353000.0,0.631,337274000.0,122717000.0,5737005000.0,5663363250.0,696784000.0,1747707000.0,1747707000.0,0.0,4177133000.0,1249186000.0,2927947000.0,14900256452.0,29833000.0,0.0,40082000.0,-145000000.0,-340476000.0,-465022000.0,-475780000.0,-445978000.0,971121000.0,-486000.0,941455000.0,941455000.0,941455000.0,0.0,0.0,0.272,883935000.0,1299418000.0,139452000.0,0.352,12.987,15.827,15.792,285740000.0,0.0,95.07,4.306,4.306,734717000.0,702297000.0,3460538000.0,3460538000.0,517769000.0,0.185,1.051,0.229,0.375,48990000.0,387969000.0,1.0,156729320.0,156749000,157746000.0,22.077,4987171000.0,258005000.0,235246000.0,0.0,31.816,3004144000.0
18,KLAC,MRT,2016-12-31,2016-12-31,2016-12-31,2021-08-07,-52156000.0,5094456000.0,4958772000.0,4031639000.0,1062817000.0,0.657,6.173,-26531000.0,937033000.0,937033000.0,1208510000.0,863670000.0,3.394,4.279,2979197000.0,249958000.0,2729239000.0,2979197000.0,313311000.0,59982000.0,0.0,0.027,2.1,1190623000.0,1250605000.0,0.384,1250605000.0,1190623000.0,1067483000.0,5.53,5.5,5.53,965096000.0,728072750.0,965096000.0,14351399834.0,12.0,11.476,831249000.0,5.317,1.0,2050652000.0,0.629,337721000.0,123140000.0,5611163000.0,5632840000.0,671172000.0,1655944000.0,1655944000.0,0.0,4129360000.0,1187736000.0,2941624000.0,12299157834.0,50442000.0,0.0,40084000.0,-155000000.0,-337071000.0,-470968000.0,-336537000.0,-310006000.0,857780000.0,167000.0,863670000.0,863670000.0,863670000.0,0.0,0.0,0.265,860029000.0,1190623000.0,116163000.0,0.38,12.744,14.241,14.228,279966000.0,0.0,78.68,3.774,3.774,663852000.0,534175000.0,3259162000.0,3259162000.0,503188000.0,0.174,1.186,0.211,0.365,45004000.0,379124000.0,1.0,156318732.0,156335000,157123000.0,20.847,4756735000.0,259507000.0,203813000.0,0.0,30.427,2843903000.0
19,KLAC,MRT,2016-09-30,2016-09-30,2016-09-30,2021-08-07,-46633000.0,4996098000.0,4828287000.0,3929162000.0,1066936000.0,0.641,5.006,-27207000.0,966325000.0,966325000.0,1170983000.0,777626000.0,4.031,5.393,3018567000.0,0.0,3018567000.0,3018567000.0,300760000.0,61619000.0,0.0,0.03,2.08,1069168000.0,1130787000.0,0.366,1130787000.0,1069168000.0,946113000.0,4.99,4.96,4.99,781509000.0,578205000.0,781509000.0,12823859659.0,12.0,11.341,708484000.0,4.538,1.0,1921539000.0,0.621,338263000.0,123055000.0,5735336000.0,5634332250.0,703262000.0,1528296000.0,1528296000.0,0.0,4214589000.0,974741000.0,3239848000.0,10874411659.0,202628000.0,0.0,-821000.0,-135000000.0,-333922000.0,-487758000.0,-55036000.0,-27829000.0,735691000.0,9731000.0,777626000.0,777626000.0,777626000.0,0.0,0.0,0.251,852371000.0,1069168000.0,105066000.0,0.417,13.915,13.984,13.97,272351000.0,0.0,69.71,3.516,3.519,654699000.0,381124000.0,3092522000.0,3092522000.0,490548000.0,0.161,1.345,0.19,0.346,42503000.0,382124000.0,1.0,155995003.0,156129000,157021000.0,19.807,4657835000.0,267793000.0,168487000.0,0.0,29.833,2954421000.0
20,KLAC,MRT,2016-06-30,2016-06-30,2016-06-30,2021-08-07,-48685000.0,4962432000.0,4722093250.0,3868032000.0,1094400000.0,0.632,4.421,-24665000.0,1108488000.0,1108488000.0,1163391000.0,704422000.0,3.859,6.201,3057936000.0,0.0,3057936000.0,3057936000.0,290034000.0,66932000.0,0.0,0.028,2.08,981079000.0,1048011000.0,0.351,1048011000.0,981079000.0,858192000.0,4.52,4.49,4.52,689114000.0,456438000.0,689114000.0,13576971494.0,14.0,12.955,735031000.0,4.716,1.0,1821102000.0,0.61,339508000.0,122887000.0,5569949000.0,5625491000.0,698635000.0,1382806000.0,1382806000.0,0.0,4273318000.0,1002423000.0,3270895000.0,11405639494.0,270463000.0,0.0,-143413000.0,-135000000.0,-346283000.0,-636702000.0,144687000.0,169352000.0,759696000.0,2782000.0,704422000.0,704422000.0,704422000.0,0.0,0.0,0.236,840023000.0,981079000.0,106517000.0,0.46,16.551,16.191,16.206,278014000.0,0.0,73.25,3.822,3.826,613233000.0,284825000.0,2984493000.0,2984493000.0,481258000.0,0.149,1.543,0.174,0.329,33114000.0,379399000.0,1.0,155708389.0,155869000,156779000.0,19.147,4622924000.0,302219000.0,153770000.0,0.0,29.659,2865609000.0
21,KLAC,MRT,2016-03-31,2016-03-31,2016-03-31,2021-08-07,-43023000.0,4782102000.0,4687988250.0,3906473000.0,875629000.0,0.602,3.061,-29444000.0,925974000.0,925974000.0,1149090000.0,574900000.0,3.916,9.034,3097306000.0,0.0,3097306000.0,3097306000.0,296104000.0,72010000.0,0.0,0.028,2.06,827320000.0,899330000.0,0.319,899330000.0,827320000.0,704643000.0,3.67,3.64,3.67,476572000.0,389519250.0,476572000.0,13579027438.0,16.0,15.099,693638000.0,4.455,1.0,1672564000.0,0.593,340830000.0,122677000.0,5614912000.0,5690374250.0,721493000.0,1315336000.0,1315336000.0,0.0,4305530000.0,997692000.0,3307838000.0,11333942438.0,304082000.0,0.0,-310229000.0,-124375000.0,-344816000.0,-791189000.0,371781000.0,401225000.0,723082000.0,408000.0,574900000.0,574900000.0,574900000.0,0.0,0.0,0.204,845244000.0,827320000.0,126322000.0,0.561,23.782,19.715,19.839,287874000.0,0.0,72.81,4.017,4.017,624818000.0,95121000.0,2821654000.0,2821654000.0,482643000.0,0.123,1.476,0.145,0.293,32569000.0,377341000.0,1.0,155664640.0,155690000,156429000.0,18.124,4441272000.0,216438000.0,129743000.0,0.0,28.526,2908781000.0
22,KLAC,MRT,2015-12-31,2015-12-31,2015-12-31,2021-08-07,-50519000.0,4572516000.0,4718017750.0,3684705000.0,887811000.0,0.604,2.355,-33627000.0,886591000.0,886591000.0,1194773000.0,530761000.0,4.293,11.506,3131676000.0,0.0,3131676000.0,3131676000.0,244795000.0,76740000.0,0.0,0.029,2.04,783456000.0,860196000.0,0.302,860196000.0,783456000.0,661166000.0,3.35,3.33,3.35,365625000.0,393861500.0,365625000.0,13202182879.0,17.0,15.348,820375000.0,5.284,1.0,1652907000.0,0.58,342139000.0,122290000.0,5617132000.0,5834064500.0,691786000.0,1354834000.0,1354834000.0,0.0,4206891000.0,858330000.0,3348561000.0,10814833879.0,301726000.0,0.0,-478726000.0,-98750000.0,-344957000.0,-934727000.0,389974000.0,423601000.0,854002000.0,-7523000.0,530761000.0,530761000.0,530761000.0,0.0,0.0,0.186,869451000.0,783456000.0,122314000.0,0.609,29.579,20.376,20.701,292393000.0,0.0,69.35,3.798,3.781,427115000.0,0.0,2847680000.0,2847680000.0,491637000.0,0.112,1.348,0.134,0.275,36388000.0,388542000.0,1.0,155945694.0,155252000,155996000.0,18.342,4230377000.0,217473000.0,130405000.0,0.0,27.248,2826375000.0
23,KLAC,MRT,2015-09-30,2015-09-30,2015-09-30,2021-08-07,-46137000.0,4571323000.0,4821730250.0,3675418000.0,895905000.0,0.584,1.878,-39687000.0,763697000.0,763697000.0,1197006000.0,398822000.0,4.016,14.525,3151046000.0,0.0,3151046000.0,3151046000.0,242858000.0,79112000.0,0.0,0.37,18.52,592475000.0,671587000.0,0.239,671587000.0,592475000.0,469423000.0,2.49,2.47,2.49,294441000.0,452990000.0,294441000.0,10227359591.0,17.0,15.229,725075000.0,4.624,1.0,1616786000.0,0.575,343460000.0,123052000.0,5699971000.0,6017633500.0,650496000.0,1505750000.0,1505750000.0,0.0,4276882000.0,915241000.0,3361641000.0,7874968591.0,94014000.0,0.0,-578310000.0,2268789000.0,-3060316000.0,-1383085000.0,724573000.0,764260000.0,764762000.0,-12236000.0,398822000.0,398822000.0,398822000.0,0.0,0.0,0.142,892642000.0,724144000.0,107363000.0,7.438,26.745,19.746,20.076,302868000.0,0.0,49.99,2.799,2.786,460813000.0,-45055000.0,2813792000.0,2813792000.0,506922000.0,0.083,0.88,0.098,0.211,40728000.0,396883000.0,1.0,157530878.0,156820000,157984000.0,17.943,4227863000.0,231982000.0,70601000.0,0.0,26.96,2760177000.0
24,KLAC,MRT,2015-06-30,2015-06-30,2015-06-30,2021-08-07,-40573000.0,4826012000.0,5004292500.0,3904576000.0,921436000.0,0.562,2.597,-45791000.0,838025000.0,838025000.0,1215229000.0,366158000.0,3.898,10.451,3190416000.0,16981000.0,3173435000.0,3190416000.0,267171000.0,80536000.0,0.0,0.329,18.5,540140000.0,620676000.0,0.221,620676000.0,540140000.0,434131000.0,2.26,2.24,2.26,421439000.0,1261809750.0,421439000.0,11604069502.0,21.0,18.696,560115000.0,3.451,1.0,1598820000.0,0.568,347158000.0,106009000.0,5829482000.0,5646682500.0,617904000.0,1549086000.0,1549086000.0,0.0,4404573000.0,1001763000.0,3402810000.0,8989162502.0,207164000.0,0.0,-555880000.0,2308789000.0,-3041055000.0,-1302972000.0,918221000.0,964012000.0,605906000.0,-13991000.0,366158000.0,366158000.0,366158000.0,0.0,0.0,0.13,927011000.0,671809000.0,103342000.0,8.186,21.33,24.55,24.872,314591000.0,0.0,56.21,3.194,3.242,585494000.0,-12362000.0,2814049000.0,2814049000.0,530616000.0,0.073,0.29,0.096,0.192,39899000.0,406864000.0,1.0,159921055.0,162282000,163701000.0,17.34,4478854000.0,314901000.0,67973000.0,0.0,27.599,2902813000.0
25,KLAC,MRT,2015-03-31,2015-03-31,2015-03-31,2021-08-07,-37807000.0,4902220000.0,5181751000.0,3967111000.0,935109000.0,0.539,3.057,-45784000.0,621892000.0,621892000.0,1218627000.0,352870000.0,4.062,8.925,3236799000.0,37500000.0,3199299000.0,3236799000.0,257150000.0,82580000.0,0.0,0.317,18.45,514572000.0,597152000.0,0.214,597152000.0,514572000.0,425799000.0,2.15,2.13,2.15,493941000.0,2073786500.0,493941000.0,12142944770.0,24.0,20.335,491283000.0,3.041,1.0,1573433000.0,0.564,350839000.0,88773000.0,6189673000.0,5287167750.0,632353000.0,1717893000.0,1717893000.0,0.0,4408279000.0,976615000.0,3431664000.0,9481738770.0,-154331000.0,0.0,-445488000.0,2338164000.0,-3035868000.0,-1157821000.0,479656000.0,525440000.0,537067000.0,-13233000.0,352870000.0,352870000.0,352870000.0,0.0,0.0,0.126,918024000.0,655409000.0,103189000.0,8.581,19.196,26.87,27.112,321081000.0,0.0,58.29,3.396,3.373,631608000.0,-2582000.0,2792060000.0,2792060000.0,540225000.0,0.068,0.17,0.097,0.184,41673000.0,401341000.0,1.0,162664930.0,161559000,162794000.0,17.282,4551381000.0,236563000.0,72929000.0,0.0,28.172,2990496000.0
26,KLAC,MRT,2014-12-31,2014-12-31,2014-12-31,2021-08-07,-35753000.0,4987366000.0,5327908750.0,4046248000.0,941118000.0,0.542,3.671,-53678000.0,584865000.0,584865000.0,1241171000.0,424813000.0,4.294,7.283,3246071000.0,37500000.0,3208571000.0,3246071000.0,287243000.0,82684000.0,0.0,0.262,18.4,582252000.0,664936000.0,0.23,664936000.0,582252000.0,510591000.0,2.56,2.53,2.56,602139000.0,2860283250.0,602139000.0,11644392234.0,20.0,17.512,478699000.0,2.918,1.0,1644029000.0,0.57,354824000.0,71661000.0,6351408000.0,4790632000.0,662799000.0,1781968000.0,1781968000.0,0.0,4385227000.0,942340000.0,3442887000.0,11566021234.0,-208517000.0,-18000000.0,-323539000.0,2347539000.0,-3028423000.0,-1019150000.0,287994000.0,359672000.0,532377000.0,-9738000.0,424813000.0,424813000.0,424813000.0,0.0,0.0,0.147,924419000.0,719610000.0,108307000.0,7.188,19.208,27.226,27.469,323353000.0,0.0,70.32,4.009,3.998,632089000.0,24770000.0,2885200000.0,2885200000.0,549803000.0,0.08,0.149,0.122,0.202,41370000.0,396182000.0,1.0,164476980.0,164036000,165317000.0,17.589,4632542000.0,258392000.0,85778000.0,0.0,28.241,3103908000.0
27,KLAC,MRT,2014-09-30,2014-09-30,2014-09-30,2021-08-07,-36202000.0,5301572000.0,5441250750.0,4368537000.0,933035000.0,0.536,21.412,-55360000.0,669683000.0,669683000.0,1243772000.0,543791000.0,5.428,0.502,748054000.0,0.0,748054000.0,748054000.0,198838000.0,83594000.0,0.0,0.023,1.85,747275000.0,830869000.0,0.285,830869000.0,747275000.0,693604000.0,3.28,3.24,3.28,3529720000.0,3597300250.0,3529720000.0,13144761015.0,18.0,15.82,581204000.0,3.526,1.0,1670200000.0,0.573,358939000.0,53671000.0,4216167000.0,4231361000.0,676241000.0,2272809000.0,2272809000.0,0.0,1771852000.0,804837000.0,967015000.0,13027703015.0,-235266000.0,-18000000.0,-229327000.0,0.0,-306667000.0,-550674000.0,-313893000.0,-240533000.0,636564000.0,-7263000.0,543791000.0,543791000.0,543791000.0,0.0,0.0,0.187,919310000.0,750890000.0,108287000.0,0.564,3.691,23.957,24.018,329959000.0,0.0,78.78,4.471,4.457,444048000.0,2329936000.0,2913972000.0,2913972000.0,550833000.0,0.1,0.151,0.177,0.256,41032000.0,388055000.0,1.0,165368152.0,164845000,166580000.0,17.677,4942633000.0,232706000.0,149813000.0,0.0,29.984,3563700000.0
28,KLAC,MRT,2014-06-30,2014-06-30,2014-06-30,2021-08-07,-30271000.0,5535846000.0,5436745750.0,4586095000.0,949751000.0,0.539,22.102,-63666000.0,630861000.0,630861000.0,1232962000.0,582755000.0,5.121,0.509,745101000.0,0.0,745101000.0,745101000.0,264599000.0,83072000.0,0.0,0.025,1.8,788273000.0,871345000.0,0.297,871345000.0,788273000.0,734461000.0,3.51,3.47,3.51,3669346000.0,3587661000.0,3669346000.0,12017224926.0,15.0,13.792,715220000.0,4.308,1.0,1696446000.0,0.579,363052000.0,53812000.0,4391423000.0,4160925750.0,656457000.0,2521776000.0,2521776000.0,0.0,1866500000.0,895611000.0,970889000.0,12045664926.0,-354529000.0,-18000000.0,-128622000.0,0.0,-298871000.0,-458887000.0,-676109000.0,-594443000.0,778886000.0,1581000.0,582755000.0,582755000.0,582755000.0,0.0,0.0,0.199,908173000.0,788273000.0,103422000.0,0.513,3.283,20.67,20.695,330263000.0,0.0,72.64,4.112,4.117,492863000.0,2479113000.0,2929408000.0,2929408000.0,539469000.0,0.107,0.162,0.189,0.269,40386000.0,384907000.0,1.0,165826885.0,166016000,168118000.0,17.645,5172794000.0,215676000.0,151706000.0,0.0,31.158,3690484000.0
29,KLAC,MRT,2014-03-31,2014-03-31,2014-03-31,2021-08-07,-31350000.0,5486851000.0,5374623500.0,4542329000.0,944522000.0,0.542,21.894,-73346000.0,776223000.0,776223000.0,1213101000.0,588794000.0,5.117,0.507,747783000.0,0.0,747783000.0,747783000.0,277592000.0,81487000.0,0.0,0.025,1.75,799087000.0,880574000.0,0.302,880574000.0,799087000.0,744945000.0,3.54,3.5,3.54,3639928000.0,3540862500.0,3639928000.0,11471414198.0,14.0,13.027,632469000.0,3.804,1.0,1701996000.0,0.584,367234000.0,54142000.0,4203530000.0,4019735250.0,680919000.0,2250601000.0,2250601000.0,0.0,1846923000.0,887647000.0,959276000.0,11517149198.0,-157978000.0,-18000000.0,-126318000.0,0.0,-290586000.0,-448562000.0,-411793000.0,-320447000.0,705815000.0,-3438000.0,588794000.0,588794000.0,588794000.0,0.0,0.0,0.202,900193000.0,801803000.0,120771000.0,0.494,3.164,19.561,19.531,326049000.0,0.0,69.14,3.951,3.943,557661000.0,2464901000.0,2915097000.0,2915097000.0,528715000.0,0.11,0.166,0.199,0.274,43998000.0,386590000.0,1.0,166577223.0,166253000,167989000.0,17.534,5119617000.0,182899000.0,156151000.0,59765000.0,30.794,3654682000.0
30,KLAC,MRT,2013-12-31,2013-12-31,2013-12-31,2021-08-07,-30248000.0,5440734000.0,5301529000.0,4507534000.0,933200000.0,0.531,21.334,-73426000.0,793382000.0,793382000.0,1179783000.0,551595000.0,4.857,0.533,747647000.0,0.0,747647000.0,747647000.0,349885000.0,82041000.0,0.0,0.026,1.7,740029000.0,822070000.0,0.292,822070000.0,740029000.0,685814000.0,3.32,3.27,3.32,3550207000.0,3492476250.0,3550207000.0,10584783484.0,14.0,12.876,809445000.0,4.864,1.0,1632744000.0,0.581,352676000.0,54215000.0,4114324000.0,3924278750.0,663040000.0,2157279000.0,2157279000.0,0.0,1890527000.0,927999000.0,962528000.0,10742221484.0,26069000.0,0.0,-99430000.0,0.0,-282342000.0,-411596000.0,-434833000.0,-361407000.0,882871000.0,-10373000.0,551595000.0,551595000.0,551595000.0,0.0,0.0,0.196,889858000.0,742886000.0,141545000.0,0.512,3.026,19.475,19.416,325856000.0,0.0,64.46,3.819,3.814,573077000.0,2386801000.0,2812527000.0,2812527000.0,513342000.0,0.104,0.158,0.189,0.263,49596000.0,391628000.0,1.0,166649418.0,166414000,168206000.0,16.901,5088058000.0,200614000.0,134219000.0,62777000.0,30.575,3579535000.0
31,KLAC,MRT,2013-09-30,2013-09-30,2013-09-30,2021-08-07,-31891000.0,5283552000.0,5208536250.0,4354738000.0,928814000.0,0.534,21.046,-74214000.0,904949000.0,904949000.0,1197884000.0,518979000.0,5.215,0.513,747511000.0,0.0,747511000.0,747511000.0,275212000.0,84155000.0,0.0,0.027,1.65,708278000.0,792433000.0,0.285,792433000.0,708278000.0,653943000.0,3.12,3.07,3.12,3491163000.0,3445208500.0,3491163000.0,9846772784.0,14.0,12.426,770829000.0,4.647,1.0,1582525000.0,0.569,356578000.0,54335000.0,3934426000.0,3869828750.0,660276000.0,2046926000.0,2046926000.0,0.0,1792389000.0,835110000.0,957279000.0,10084786784.0,195007000.0,0.0,-121523000.0,0.0,-273881000.0,-428612000.0,-210994000.0,-136780000.0,845043000.0,-10430000.0,518979000.0,518979000.0,518979000.0,0.0,0.0,0.187,874374000.0,708151000.0,114716000.0,0.529,2.889,19.432,19.503,319837000.0,0.0,60.85,3.627,3.63,440674000.0,2344270000.0,2780409000.0,2780409000.0,500363000.0,0.1,0.151,0.183,0.255,44542000.0,389123000.0,1.0,165731911.0,165886000,168734000.0,16.761,4926974000.0,191449000.0,134964000.0,58995000.0,29.701,3519628000.0
32,KLAC,MRT,2013-06-30,2013-06-30,2013-06-30,2021-08-07,-36646000.0,5287357000.0,5154017250.0,4351503000.0,935854000.0,0.552,20.966,-72735000.0,985390000.0,985390000.0,1237452000.0,543149000.0,5.051,0.518,747376000.0,0.0,747376000.0,747376000.0,261031000.0,87534000.0,0.0,0.029,1.6,744797000.0,832331000.0,0.293,832331000.0,744797000.0,690621000.0,3.27,3.21,3.27,3482152000.0,3410495750.0,3482152000.0,9057848002.0,12.0,10.883,840453000.0,5.06,1.0,1605329000.0,0.565,361150000.0,54176000.0,3826661000.0,3871340250.0,634448000.0,1933491000.0,1933491000.0,0.0,1805205000.0,861532000.0,943673000.0,9244809002.0,234096000.0,0.0,-147133000.0,0.0,-265893000.0,-428510000.0,-241447000.0,-168712000.0,913188000.0,-9135000.0,543149000.0,543149000.0,543149000.0,0.0,0.0,0.191,860532000.0,744797000.0,115680000.0,0.489,2.655,17.021,17.043,305281000.0,0.0,55.73,3.252,3.256,524610000.0,2359233000.0,2842781000.0,2842781000.0,487832000.0,0.105,0.159,0.192,0.262,55886000.0,387812000.0,1.0,165885681.0,166089000,169260000.0,17.116,4926207000.0,198525000.0,147472000.0,59494000.0,29.66,3489971000.0
33,KLAC,MRT,2013-03-31,2013-03-31,2013-03-31,2021-08-07,-24827000.0,5194473000.0,5107255000.0,4263656000.0,930817000.0,0.59,20.732,-70097000.0,934201000.0,934201000.0,1292311000.0,656256000.0,5.2,0.507,747240000.0,0.0,747240000.0,747240000.0,232888000.0,90391000.0,0.0,0.029,1.55,873329000.0,963720000.0,0.32,963720000.0,873329000.0,819423000.0,3.93,3.86,3.93,3446383000.0,3368856500.0,3446383000.0,8742265642.0,10.0,9.071,940828000.0,5.66,1.0,1722903000.0,0.571,365800000.0,53906000.0,3821704000.0,3877072000.0,649822000.0,1945302000.0,1945302000.0,0.0,1748090000.0,820008000.0,928082000.0,8762474642.0,170288000.0,0.0,-136528000.0,0.0,-258188000.0,-410320000.0,-424150000.0,-354053000.0,1010925000.0,-6167000.0,656256000.0,656256000.0,656256000.0,0.0,0.0,0.218,862554000.0,860349000.0,107753000.0,0.394,2.543,13.352,13.42,298617000.0,0.0,52.74,2.906,2.908,454224000.0,2329251000.0,3015214000.0,3015214000.0,478848000.0,0.128,0.195,0.225,0.29,56292000.0,383706000.0,1.0,166144760.0,166234000,169180000.0,18.138,4828673000.0,178928000.0,163167000.0,59104000.0,29.047,3443648000.0
34,KLAC,MRT,2012-12-31,2012-12-31,2012-12-31,2021-08-07,-15058000.0,5068763000.0,5041937750.0,4136300000.0,932463000.0,0.62,20.215,-66075000.0,767313000.0,767313000.0,1337952000.0,695220000.0,5.291,0.508,747104000.0,0.0,747104000.0,747104000.0,241774000.0,91623000.0,0.0,0.031,1.5,955283000.0,1046906000.0,0.335,1046906000.0,955283000.0,901341000.0,4.16,4.09,4.16,3361136000.0,3296952000.0,3361136000.0,7989809337.0,8.0,7.632,792161000.0,4.764,1.0,1788754000.0,0.572,370293000.0,53942000.0,3896524000.0,3834858250.0,662735000.0,1810940000.0,1810940000.0,0.0,1707627000.0,781737000.0,925890000.0,7952783337.0,-57673000.0,0.0,-109164000.0,0.0,-250151000.0,-375427000.0,-537645000.0,-471570000.0,858236000.0,-2837000.0,695220000.0,695220000.0,695220000.0,0.0,0.0,0.222,846377000.0,942377000.0,103575000.0,0.361,2.366,11.439,11.481,292394000.0,0.0,47.76,2.544,2.54,606115000.0,2252772000.0,3126706000.0,3126706000.0,470162000.0,0.138,0.211,0.249,0.306,59542000.0,376215000.0,1.0,166515564.0,166268000,169076000.0,18.805,4698470000.0,168369000.0,206121000.0,54910000.0,28.258,3354563000.0
35,KLAC,MRT,2012-09-30,2012-09-30,2012-09-30,2021-08-07,-13111000.0,5065476000.0,4949994000.0,4140957000.0,924519000.0,0.625,20.13,-63512000.0,709942000.0,709942000.0,1306892000.0,699387000.0,5.261,0.511,746968000.0,0.0,746968000.0,746968000.0,235234000.0,92965000.0,0.0,0.03,1.45,957181000.0,1050146000.0,0.339,1050146000.0,957181000.0,903374000.0,4.19,4.12,4.19,3352312000.0,3198786000.0,3352312000.0,7939199855.0,8.0,7.56,904513000.0,5.431,1.0,1789285000.0,0.578,374929000.0,53807000.0,3940472000.0,3709365250.0,689713000.0,1928135000.0,1928135000.0,0.0,1713164000.0,787101000.0,926063000.0,7943660855.0,-36005000.0,0.0,-88672000.0,0.0,-241730000.0,-354654000.0,-647304000.0,-583792000.0,968025000.0,-2072000.0,699387000.0,699387000.0,699387000.0,0.0,0.0,0.226,840692000.0,948593000.0,116247000.0,0.346,2.37,11.358,11.385,288876000.0,0.0,47.705,2.566,2.566,537460000.0,2256958000.0,3096177000.0,3096177000.0,464917000.0,0.141,0.219,0.258,0.309,70297000.0,375775000.0,1.0,166516316.0,166531000,169824000.0,18.592,4690547000.0,168241000.0,203987000.0,52855000.0,28.166,3353856000.0
36,KLAC,MRT,2012-06-30,2012-06-30,2012-06-30,2021-08-07,-21143000.0,5100308000.0,4824954250.0,4164043000.0,936265000.0,0.657,19.878,-55368000.0,751294000.0,751294000.0,1330016000.0,756015000.0,4.826,0.538,746833000.0,0.0,746833000.0,746833000.0,245212000.0,92133000.0,0.0,0.028,1.4,1028291000.0,1120424000.0,0.353,1120424000.0,1028291000.0,974094000.0,4.53,4.44,4.53,3315595000.0,3094356750.0,3315595000.0,8223679775.0,8.0,7.34,886249000.0,5.313,1.0,1841928000.0,0.581,383352000.0,54197000.0,3849588000.0,3580661250.0,650802000.0,1783150000.0,1783150000.0,0.0,1784713000.0,862907000.0,921806000.0,8240895775.0,39965000.0,0.0,-100295000.0,0.0,-233561000.0,-364103000.0,-528891000.0,-473523000.0,941617000.0,-8658000.0,756015000.0,756015000.0,756015000.0,0.0,0.0,0.238,825603000.0,1016325000.0,139183000.0,0.309,2.485,10.9,10.872,277686000.0,0.0,49.25,2.598,2.59,701280000.0,2247258000.0,3171944000.0,3171944000.0,452937000.0,0.157,0.244,0.287,0.324,78835000.0,372666000.0,1.0,167327833.0,166795000,170147000.0,19.017,4716956000.0,184670000.0,218079000.0,50839000.0,28.28,3301136000.0
37,KLAC,MRT,2012-03-31,2012-03-31,2012-03-31,2021-08-07,-7957000.0,4933204000.0,4718757500.0,3987327000.0,945877000.0,0.672,18.907,-53703000.0,763913000.0,763913000.0,1324533000.0,753155000.0,4.571,0.562,746697000.0,0.0,746697000.0,746697000.0,275967000.0,91384000.0,0.0,0.024,1.3,1056836000.0,1148220000.0,0.362,1148220000.0,1056836000.0,1002245000.0,4.51,4.43,4.51,3158765000.0,2980681250.0,3158765000.0,8995176479.0,9.0,7.834,904410000.0,5.413,1.0,1847385000.0,0.582,390784000.0,54591000.0,3652849000.0,3472655000.0,650476000.0,1605825000.0,1605825000.0,0.0,1774439000.0,872355000.0,902084000.0,9073601479.0,125155000.0,0.0,-113217000.0,0.0,-216947000.0,-360413000.0,-468646000.0,-414943000.0,958113000.0,-3899000.0,753155000.0,753155000.0,753155000.0,0.0,0.0,0.237,805290000.0,1042095000.0,139371000.0,0.288,2.873,12.047,12.067,270171000.0,0.0,54.42,2.861,2.866,638375000.0,2075218000.0,3171918000.0,3171918000.0,435156000.0,0.16,0.253,0.304,0.333,79924000.0,370134000.0,1.0,166732846.0,167070000,170146000.0,18.986,4542420000.0,203382000.0,249090000.0,41801000.0,27.189,3114972000.0
38,KLAC,MRT,2011-12-31,2011-12-31,2011-12-31,2021-08-07,-10712000.0,4700988000.0,4597792250.0,3749059000.0,951929000.0,0.688,17.845,-53254000.0,824986000.0,824986000.0,1297080000.0,757592000.0,4.517,0.584,746561000.0,0.0,746561000.0,746561000.0,275764000.0,90059000.0,0.0,0.025,1.2,1084227000.0,1174286000.0,0.371,1174286000.0,1084227000.0,1029732000.0,4.53,4.44,4.53,2968472000.0,2859244250.0,2968472000.0,8042036603.0,7.0,6.848,886676000.0,5.33,1.0,1868376000.0,0.59,398031000.0,54495000.0,3394552000.0,3378939750.0,639641000.0,1351659000.0,1351659000.0,0.0,1732516000.0,829980000.0,902536000.0,8041558603.0,228882000.0,0.0,-103695000.0,0.0,-200365000.0,-335769000.0,-376770000.0,-323516000.0,939930000.0,1491000.0,757592000.0,757592000.0,757592000.0,0.0,0.0,0.239,798776000.0,1069600000.0,129064000.0,0.265,2.709,10.615,10.651,267629000.0,0.0,48.25,2.54,2.536,544098000.0,1928396000.0,3165456000.0,3165456000.0,420671000.0,0.165,0.265,0.321,0.343,77857000.0,378105000.0,1.0,166664427.0,166343000,169103000.0,19.03,4302957000.0,296206000.0,272140000.0,38736000.0,25.868,2919079000.0
39,KLAC,MRT,2011-09-30,2011-09-30,2011-09-30,2021-08-07,-6965000.0,4565317000.0,4464660500.0,3596919000.0,968398000.0,0.737,17.606,-33931000.0,745947000.0,745947000.0,1335623000.0,832287000.0,4.899,0.556,746425000.0,0.0,746425000.0,746425000.0,222290000.0,88445000.0,0.0,0.029,1.1,1188708000.0,1277153000.0,0.388,1277153000.0,1188708000.0,1134016000.0,4.97,4.87,4.97,2934595000.0,2733684750.0,2934595000.0,6427729307.0,5.0,5.033,912692000.0,5.476,1.0,1953678000.0,0.594,405920000.0,54692000.0,3425656000.0,3303899500.0,612603000.0,1354204000.0,1354204000.0,0.0,1630722000.0,734219000.0,896503000.0,6392768307.0,207563000.0,0.0,-107758000.0,0.0,-184073000.0,-322730000.0,-422373000.0,-388442000.0,946623000.0,6043000.0,832287000.0,832287000.0,832287000.0,0.0,0.0,0.253,774675000.0,1179003000.0,114575000.0,0.221,2.178,7.681,7.702,264279000.0,0.0,38.28,1.944,1.94,461640000.0,1910403000.0,3289301000.0,3289301000.0,399205000.0,0.186,0.304,0.36,0.361,77642000.0,375470000.0,1.0,167000217.0,166684000,169835000.0,19.734,4159397000.0,290372000.0,301729000.0,37978000.0,24.954,2862700000.0
40,KLAC,MRT,2011-06-30,2011-06-30,2011-06-30,2021-08-07,-2399000.0,4675521000.0,4324047500.0,3676010000.0,999511000.0,0.734,17.104,-32966000.0,711329000.0,711329000.0,1259243000.0,794488000.0,4.183,0.634,746290000.0,0.0,746290000.0,746290000.0,271507000.0,86044000.0,0.0,0.025,1.0,1164394000.0,1250438000.0,0.394,1250438000.0,1164394000.0,1110066000.0,4.75,4.66,4.75,2860893000.0,2585350250.0,2860893000.0,6904110412.0,6.0,5.521,790200000.0,4.724,1.0,1915924000.0,0.603,414058000.0,54328000.0,3417563000.0,3199913250.0,575730000.0,1327206000.0,1327206000.0,0.0,1814628000.0,878861000.0,935767000.0,6796714412.0,181411000.0,0.0,-110271000.0,0.0,-167398000.0,-300155000.0,-359510000.0,-326544000.0,823166000.0,17910000.0,794488000.0,794488000.0,794488000.0,0.0,0.0,0.25,755594000.0,1160330000.0,142945000.0,0.211,2.376,8.555,8.522,257358000.0,0.0,40.48,2.141,2.132,583270000.0,1852633000.0,3175167000.0,3175167000.0,386163000.0,0.184,0.307,0.364,0.367,81359000.0,369431000.0,1.0,167903024.0,167261000,170352000.0,18.983,4261463000.0,331397000.0,315578000.0,78337000.0,25.478,2797149000.0
41,KLAC,MRT,2011-03-31,2011-03-31,2011-03-31,2021-08-07,-8521000.0,4449343000.0,4131931250.0,3430891000.0,1018452000.0,0.688,15.946,-24150000.0,638758000.0,638758000.0,1130982000.0,662556000.0,4.005,0.665,746154000.0,0.0,746154000.0,746154000.0,311041000.0,83065000.0,0.0,0.019,0.9,979982000.0,1063047000.0,0.374,1063047000.0,979982000.0,926125000.0,3.94,3.88,3.94,2673017000.0,2431779750.0,2673017000.0,8062821089.0,8.0,7.585,592492000.0,3.535,1.0,1711165000.0,0.602,422014000.0,53857000.0,3277988000.0,3071961500.0,556798000.0,1200816000.0,1200816000.0,0.0,1776326000.0,856737000.0,919589000.0,7912907089.0,95253000.0,0.0,-139813000.0,0.0,-150922000.0,-313411000.0,-219668000.0,-195518000.0,616642000.0,11690000.0,662556000.0,662556000.0,662556000.0,0.0,0.0,0.233,734062000.0,977103000.0,142126000.0,0.228,2.96,11.943,12.01,250571000.0,0.0,47.32,2.784,2.791,566069000.0,1674589000.0,2842147000.0,2842147000.0,368543000.0,0.16,0.272,0.319,0.345,85950000.0,365519000.0,1.0,167221198.0,167629000,171313000.0,16.955,4027329000.0,306563000.0,263569000.0,68178000.0,24.025,2574154000.0
42,KLAC,MRT,2010-12-31,2010-12-31,2010-12-31,2021-08-07,-13383000.0,4168461000.0,3967056750.0,3126311000.0,1042150000.0,0.627,14.778,-20362000.0,596104000.0,596104000.0,1011851000.0,509789000.0,3.938,0.69,746018000.0,0.0,746018000.0,746018000.0,303070000.0,83410000.0,0.0,0.021,0.8,759416000.0,842826000.0,0.339,842826000.0,759416000.0,704876000.0,3.02,2.99,3.02,2466234000.0,2318281500.0,2466234000.0,6662868696.0,9.0,7.905,480041000.0,2.876,1.0,1474536000.0,0.593,430047000.0,54540000.0,3094391000.0,2965254000.0,504697000.0,1040296000.0,1040296000.0,0.0,1702227000.0,793937000.0,908290000.0,6455370696.0,64660000.0,-1500000.0,-211320000.0,0.0,-134711000.0,-367592000.0,-74623000.0,-52761000.0,500403000.0,6472000.0,509789000.0,509789000.0,509789000.0,0.0,0.0,0.205,717933000.0,756603000.0,123166000.0,0.265,2.618,12.663,12.795,249468000.0,0.0,38.64,2.596,2.594,531453000.0,1506747000.0,2486387000.0,2486387000.0,357667000.0,0.129,0.22,0.256,0.305,88572000.0,360266000.0,1.0,167064459.0,166886000,169513000.0,14.899,3738414000.0,333410000.0,195087000.0,62329000.0,22.401,2332374000.0
43,KLAC,MRT,2010-09-30,2010-09-30,2010-09-30,2021-08-07,-15111000.0,4002865000.0,3856376750.0,2933361000.0,1069504000.0,0.56,14.004,-31852000.0,538384000.0,538384000.0,907739000.0,346091000.0,3.841,0.71,745882000.0,0.0,745882000.0,745882000.0,256305000.0,84997000.0,0.0,0.02,0.7,546290000.0,631287000.0,0.292,631287000.0,546290000.0,491701000.0,2.04,2.03,2.04,2341257000.0,2258456500.0,2341257000.0,6128531512.0,11.0,9.708,438227000.0,2.621,1.0,1252676000.0,0.58,437034000.0,54589000.0,3009711000.0,2906711500.0,464242000.0,980608000.0,980608000.0,0.0,1661608000.0,763618000.0,897990000.0,5912702512.0,-2455000.0,-1500000.0,-162528000.0,0.0,-118588000.0,-302314000.0,-173688000.0,-140336000.0,470079000.0,3468000.0,346091000.0,346091000.0,346091000.0,0.0,0.0,0.16,717844000.0,534832000.0,138226000.0,0.343,2.525,17.084,17.27,247380000.0,0.0,35.23,2.737,2.726,500022000.0,1402931000.0,2160415000.0,2160415000.0,346071000.0,0.09,0.153,0.188,0.253,89996000.0,371773000.0,1.0,167831465.0,167187000,169839000.0,12.922,3565831000.0,317240000.0,145610000.0,57500000.0,21.328,2169743000.0
44,KLAC,MRT,2010-06-30,2010-06-30,2010-06-30,2021-08-07,-31303000.0,3907056000.0,3774728000.0,2835465000.0,1071591000.0,0.482,13.165,-24324000.0,529918000.0,529918000.0,815662000.0,212300000.0,3.674,0.739,745747000.0,0.0,745747000.0,745747000.0,262144000.0,87348000.0,0.0,0.022,0.6,345698000.0,433046000.0,0.238,433046000.0,345698000.0,291181000.0,1.24,1.23,1.24,2246611000.0,2224741250.0,2246611000.0,4941530412.0,14.0,11.411,423476000.0,2.482,1.0,1005098000.0,0.552,445342000.0,54517000.0,2905756000.0,2853413500.0,401730000.0,1004126000.0,1004126000.0,0.0,1660445000.0,771787000.0,888658000.0,4739424412.0,4951000.0,-1500000.0,-100408000.0,0.0,-102409000.0,-216331000.0,-227964000.0,-202140000.0,447800000.0,1446000.0,212300000.0,212300000.0,212300000.0,0.0,0.0,0.117,690932000.0,314166000.0,107938000.0,0.484,2.11,22.324,22.484,236752000.0,0.0,27.88,2.603,2.613,440125000.0,1356454000.0,1820760000.0,1820760000.0,329560000.0,0.056,0.095,0.121,0.19,80849000.0,361372000.0,1.0,169993702.0,170652000,173034000.0,10.669,3461714000.0,328522000.0,78881000.0,53492000.0,20.285,2063678000.0
45,KLAC,MRT,2010-03-31,2010-03-31,2010-03-31,2021-08-07,-18141000.0,3789845000.0,3700348500.0,2675567000.0,1114278000.0,0.417,12.938,-20513000.0,543505000.0,543505000.0,752364000.0,73639000.0,3.896,0.708,745611000.0,0.0,745611000.0,745611000.0,221569000.0,93526000.0,0.0,0.019,0.6,149798000.0,243324000.0,0.158,243324000.0,149798000.0,94703000.0,0.43,0.43,0.43,2219024000.0,2209186500.0,2219024000.0,5535395421.0,37.0,22.749,417447000.0,2.434,1.0,790479000.0,0.512,454031000.0,55095000.0,2851158000.0,2828058000.0,374435000.0,1010019000.0,1010019000.0,0.0,1570821000.0,686762000.0,884059000.0,5321364421.0,-121424000.0,-1500000.0,-17846000.0,0.0,-102513000.0,-133821000.0,-436028000.0,-414015000.0,437960000.0,10465000.0,73639000.0,73639000.0,73639000.0,0.0,0.0,0.048,672122000.0,118357000.0,91645000.0,1.395,2.398,72.263,71.919,243758000.0,0.0,30.925,3.449,3.438,322542000.0,1339010000.0,1542843000.0,1542843000.0,325478000.0,0.02,0.033,0.053,0.097,70259000.0,346644000.0,1.0,172073223.0,171506000,173357000.0,8.996,3335814000.0,270155000.0,21064000.0,46323000.0,19.45,1988805000.0
46,KLAC,MRT,2009-12-31,2009-12-31,2009-12-31,2021-08-07,-16975000.0,3725741000.0,3661978750.0,2587261000.0,1138480000.0,0.375,12.992,-13619000.0,531444000.0,531444000.0,753022000.0,-66204000.0,4.22,0.673,745475000.0,0.0,745475000.0,745475000.0,210978000.0,103868000.0,0.0,0.017,0.6,-8123000.0,95745000.0,0.07,95745000.0,-8123000.0,-62735000.0,-0.39,-0.39,-0.39,2226934000.0,2196888500.0,2226934000.0,6383955949.0,-786.0,66.677,373158000.0,2.177,1.0,621134000.0,0.452,466446000.0,54612000.0,2860221000.0,2775304250.0,352241000.0,990900000.0,990900000.0,0.0,1498807000.0,613105000.0,885702000.0,6179455949.0,-124886000.0,-424000.0,36439000.0,0.0,-102266000.0,-79895000.0,-427487000.0,-413444000.0,386777000.0,-4281000.0,-66204000.0,-66204000.0,-66204000.0,0.0,0.0,-0.048,666337000.0,-45203000.0,87632000.0,-1.538,2.775,-93.34,-92.718,261942000.0,0.0,36.16,4.497,4.51,298071000.0,1357049000.0,1374156000.0,1374156000.0,323346000.0,-0.018,-0.03,-0.003,-0.006,70803000.0,342991000.0,1.0,170892034.0,171408000,173808000.0,8.017,3259295000.0,262484000.0,3469000.0,51787000.0,19.015,1974156000.0
47,KLAC,MRT,2009-09-30,2009-09-30,2009-09-30,2021-08-07,-10375000.0,3676270000.0,3694566750.0,2481461000.0,1194809000.0,0.36,12.926,6085000.0,540839000.0,540839000.0,783903000.0,-522252000.0,4.101,0.666,745339000.0,0.0,745339000.0,745339000.0,179584000.0,116274000.0,0.0,0.017,0.6,-563931000.0,-447657000.0,-0.336,-447657000.0,-563931000.0,-618854000.0,-3.09,-3.09,-3.09,2206396000.0,2211937750.0,2206396000.0,6340394098.0,-11.0,-14.164,193661000.0,1.135,1.0,546487000.0,0.411,479197000.0,54923000.0,2796519000.0,2751603000.0,347199000.0,846393000.0,846393000.0,0.0,1469874000.0,605054000.0,864820000.0,6120157098.0,-192620000.0,-14376000.0,-11988000.0,0.0,-101915000.0,-117644000.0,-267954000.0,-257197000.0,187576000.0,5402000.0,-522252000.0,-522252000.0,-522252000.0,0.0,0.0,-0.393,1144416000.0,-597929000.0,75561000.0,-0.194,2.774,-11.719,-11.605,283160000.0,0.0,35.86,4.6,4.601,243924000.0,1360941000.0,1330390000.0,1330390000.0,335311000.0,-0.141,-0.236,-0.205,-0.424,68955000.0,374272000.0,1.0,170668073.0,170698000,172718000.0,7.794,3197073000.0,251917000.0,-96602000.0,50631000.0,18.729,1876407000.0
48,KLAC,MRT,2009-06-30,2009-06-30,2009-06-30,2021-08-07,-21217000.0,3609538000.0,3896061000.0,2398617000.0,1210921000.0,0.39,12.83,-412000.0,524967000.0,524967000.0,864824000.0,-523368000.0,4.385,0.652,745204000.0,0.0,745204000.0,745204000.0,165115000.0,135848000.0,0.0,0.024,0.6,-547192000.0,-411344000.0,-0.271,-411344000.0,-547192000.0,-602531000.0,-3.07,-3.07,-3.07,2184392000.0,2350489000.0,2184392000.0,4369757622.0,-8.0,-10.623,195272000.0,1.147,1.0,655392000.0,0.431,478459000.0,55339000.0,2804334000.0,2738934250.0,370206000.0,804917000.0,804917000.0,0.0,1425146000.0,546982000.0,878164000.0,4289618622.0,-603139000.0,-141399000.0,-186407000.0,0.0,-102149000.0,-299117000.0,-484900000.0,-343089000.0,195684000.0,-14806000.0,-523368000.0,-523368000.0,-523368000.0,0.0,0.0,-0.344,1233333000.0,-577941000.0,63485000.0,-0.195,1.964,-8.196,-8.225,291878000.0,0.0,25.25,2.822,2.828,210143000.0,1370132000.0,1520216000.0,1520216000.0,371463000.0,-0.134,-0.223,-0.2,-0.36,85964000.0,415126000.0,1.0,169885886.0,170253000,170253000.0,8.929,3131079000.0,261121000.0,-79163000.0,49738000.0,18.391,1851635000.0
49,KLAC,MRT,2009-03-31,2009-03-31,2009-03-31,2021-08-07,-61389000.0,3636366000.0,4205774000.0,2391591000.0,1244775000.0,0.435,12.769,60726000.0,664929000.0,664929000.0,964349000.0,-421782000.0,3.967,0.676,745068000.0,0.0,745068000.0,745068000.0,142607000.0,156585000.0,0.0,0.03,0.6,-408002000.0,-251417000.0,-0.137,-251417000.0,-408002000.0,-458638000.0,-2.51,-2.52,-2.51,2169832000.0,2549823500.0,2169832000.0,3485659480.0,-9.0,-13.864,369787000.0,2.176,1.0,865059000.0,0.473,473535000.0,50636000.0,2640143000.0,2691589000.0,411894000.0,592617000.0,553714000.0,38903000.0,1466534000.0,602827000.0,863707000.0,3397057480.0,101447000.0,-629944000.0,-296281000.0,737219000.0,-103013000.0,328267000.0,-506592000.0,-455624000.0,309061000.0,-29289000.0,-421782000.0,-421782000.0,-421782000.0,0.0,0.0,-0.231,1304622000.0,-439563000.0,56354000.0,-0.239,1.566,-8.054,-7.968,303303000.0,0.0,20.0,1.857,1.858,241425000.0,1421999000.0,1829408000.0,1829408000.0,408706000.0,-0.1,-0.165,-0.152,-0.223,101096000.0,442714000.0,1.0,169852874.0,169934000,169934000.0,10.765,3162831000.0,332215000.0,-36856000.0,49398000.0,18.612,1788764000.0
50,KLAC,MRT,2008-12-31,2008-12-31,2008-12-31,2021-08-07,-31750000.0,3856093000.0,4324433750.0,2516650000.0,1339443000.0,0.491,13.532,53671000.0,656330000.0,656330000.0,1040776000.0,-227975000.0,3.703,0.686,744932000.0,0.0,744932000.0,744932000.0,163607000.0,151433000.0,0.0,0.028,0.6,-182741000.0,-31308000.0,-0.015,-31308000.0,-182741000.0,-220262000.0,-1.4,-1.42,-1.4,2287131000.0,2754638000.0,2287131000.0,3690778053.0,-20.0,-117.886,431046000.0,2.55,1.0,1081239000.0,0.51,499647000.0,37521000.0,2765416000.0,2402347250.0,472585000.0,566070000.0,531607000.0,34463000.0,1568962000.0,679632000.0,889330000.0,3679441053.0,108687000.0,-631045000.0,-473567000.0,737219000.0,-104086000.0,155644000.0,-430414000.0,181582000.0,377375000.0,6082000.0,-227975000.0,-227975000.0,-227975000.0,0.0,0.0,-0.107,1323321000.0,-242082000.0,103817000.0,-0.429,1.609,-16.14,-15.564,323020000.0,0.0,21.79,1.734,1.736,332353000.0,1532417000.0,2122015000.0,2122015000.0,422743000.0,-0.053,-0.083,-0.076,-0.086,105913000.0,447376000.0,1.0,168859158.0,169022000,169022000.0,12.555,3356446000.0,318684000.0,7713000.0,55934000.0,19.858,1837018000.0
51,KLAC,MRT,2008-09-30,2008-09-30,2008-09-30,2021-08-07,-16162000.0,4482247000.0,4398866750.0,2627202000.0,1855045000.0,0.537,16.042,16215000.0,733459000.0,733459000.0,1081776000.0,290214000.0,3.387,0.624,744796000.0,0.0,744796000.0,744796000.0,167974000.0,144132000.0,0.0,0.019,0.6,428852000.0,572984000.0,0.243,572984000.0,428852000.0,404597000.0,1.63,1.6,1.63,2760601000.0,2943800000.0,2760601000.0,5099056620.0,12.0,8.899,554398000.0,3.222,1.0,1279433000.0,0.542,972154000.0,24255000.0,2745844000.0,2261507750.0,503673000.0,573052000.0,531633000.0,41419000.0,1721646000.0,775586000.0,946060000.0,5482501620.0,219408000.0,-621059000.0,-540158000.0,737219000.0,-105902000.0,87565000.0,-402808000.0,199570000.0,538183000.0,-3532000.0,290214000.0,290214000.0,290214000.0,0.0,0.0,0.123,922397000.0,357036000.0,102661000.0,0.368,1.986,18.891,19.417,350700000.0,0.0,31.65,2.322,2.307,370343000.0,2012838000.0,2361209000.0,2361209000.0,424990000.0,0.066,0.099,0.19,0.182,109534000.0,472875000.0,1.0,173222800.0,172088000,174386000.0,13.721,3510093000.0,315782000.0,114383000.0,63468000.0,20.397,1851616000.0
52,KLAC,MRT,2008-06-30,2008-06-30,2008-06-30,2021-08-07,47684000.0,4848390000.0,4326330000.0,3035764000.0,1812626000.0,0.583,16.511,11464000.0,1128106000.0,1128106000.0,1134856000.0,359083000.0,3.194,0.626,744661000.0,0.0,744661000.0,744661000.0,239234000.0,126376000.0,0.0,0.015,0.6,571001000.0,697377000.0,0.277,697377000.0,571001000.0,560234000.0,1.99,1.95,1.99,2981730000.0,3018026750.0,2981730000.0,5739817790.0,10.0,8.231,674075000.0,3.733,1.0,1386860000.0,0.55,899660000.0,10767000.0,2614953000.0,2134864000.0,459449000.0,451277000.0,409130000.0,42147000.0,1866660000.0,950332000.0,916328000.0,6923194790.0,405595000.0,-494036000.0,-955535000.0,737219000.0,-108521000.0,-318938000.0,58063000.0,540635000.0,662611000.0,3859000.0,359083000.0,359083000.0,359083000.0,0.0,0.0,0.142,887484000.0,499376000.0,104315000.0,0.302,2.322,19.28,20.457,355474000.0,0.0,40.71,2.745,2.915,492488000.0,2204417000.0,2521716000.0,2521716000.0,409973000.0,0.083,0.119,0.267,0.226,109218000.0,464890000.0,1.0,170061282.0,180594000,184259000.0,13.963,3948730000.0,328588000.0,201151000.0,63634000.0,21.865,2085432000.0
53,KLAC,MRT,2008-03-31,2008-03-31,2008-03-31,2021-08-07,32013000.0,4111005000.0,4270044750.0,2776702000.0,1334303000.0,0.625,16.782,-76835000.0,1183377000.0,1183377000.0,1185669000.0,430415000.0,2.822,0.375,0.0,0.0,0.0,0.0,282401000.0,116045000.0,0.0,0.015,0.57,663264000.0,779309000.0,0.292,779309000.0,663264000.0,659017000.0,2.32,2.26,2.32,2989090000.0,3160104750.0,2989090000.0,6132232813.0,9.0,7.869,541795000.0,3.042,1.0,1481741000.0,0.555,460554000.0,4247000.0,1483176000.0,2083097750.0,443710000.0,131195000.0,84392000.0,46803000.0,1121915000.0,983898000.0,138017000.0,6679875813.0,-40934000.0,-87994000.0,-763062000.0,0.0,-105204000.0,-857497000.0,178171000.0,861250000.0,618630000.0,19762000.0,430415000.0,430415000.0,430415000.0,0.0,0.0,0.161,910912000.0,570829000.0,101239000.0,0.246,2.235,15.52,15.991,341186000.0,0.0,37.1,2.504,2.477,573284000.0,2257049000.0,2667410000.0,2667410000.0,407359000.0,0.101,0.136,0.318,0.249,105957000.0,486670000.0,1.0,180050561.0,178112000,180617000.0,14.976,3650451000.0,356323000.0,228602000.0,58921000.0,20.495,1792804000.0
54,KLAC,MRT,2007-12-31,2007-12-31,2007-12-31,2021-08-07,28519000.0,4153825000.0,4327491750.0,2812310000.0,1341515000.0,0.643,16.794,-89467000.0,547643000.0,547643000.0,1206770000.0,474220000.0,2.989,0.365,0.0,0.0,0.0,0.0,295797000.0,118740000.0,0.0,0.011,0.54,704892000.0,823632000.0,0.296,823632000.0,704892000.0,701139000.0,2.48,2.41,2.48,3043779000.0,3240646500.0,3043779000.0,8258154203.0,12.0,10.027,582968000.0,3.217,1.0,1574629000.0,0.566,463232000.0,3753000.0,2202058000.0,2272681500.0,482948000.0,749561000.0,749561000.0,0.0,1110046000.0,940892000.0,169154000.0,8772205203.0,-315741000.0,-135498000.0,-1245168000.0,0.0,-102540000.0,-1338583000.0,349468000.0,539811000.0,672435000.0,939000.0,474220000.0,474220000.0,474220000.0,0.0,0.0,0.17,946345000.0,628284000.0,114691000.0,0.218,2.882,18.498,19.419,361725000.0,0.0,48.16,3.154,3.138,578595000.0,2340557000.0,2781399000.0,2781399000.0,416978000.0,0.11,0.146,0.31,0.253,98309000.0,512484000.0,1.0,182147118.0,181241000,185199000.0,15.346,3690593000.0,343088000.0,226919000.0,84289000.0,20.363,1871418000.0
55,KLAC,MRT,2007-09-30,2007-09-30,2007-09-30,2021-08-07,19839000.0,4192100000.0,4499717500.0,2817606000.0,1374494000.0,0.621,16.282,-86352000.0,514051000.0,514051000.0,1225375000.0,480334000.0,2.936,0.371,0.0,0.0,0.0,0.0,313899000.0,119444000.0,0.0,0.009,0.51,699235000.0,818679000.0,0.293,818679000.0,699235000.0,696069000.0,2.47,2.4,2.47,3057508000.0,3436336500.0,3057508000.0,10051603000.0,14.0,12.278,610515000.0,3.251,1.0,1569511000.0,0.562,478956000.0,3166000.0,2239269000.0,2354223000.0,500286000.0,768882000.0,768882000.0,0.0,1134592000.0,959824000.0,174768000.0,10774114000.0,-685918000.0,-521693000.0,-1150695000.0,0.0,-99356000.0,-1241210000.0,-148661000.0,459384000.0,696867000.0,7086000.0,480334000.0,480334000.0,480334000.0,0.0,0.0,0.172,956355000.0,613156000.0,119050000.0,0.206,3.524,22.43,22.583,379189000.0,0.0,55.78,3.855,3.748,618959000.0,2385949000.0,2794886000.0,2794886000.0,427566000.0,0.107,0.14,0.297,0.25,91749000.0,518069000.0,1.0,193153711.0,187789000,193043000.0,14.883,3713144000.0,345108000.0,215735000.0,87444000.0,19.773,1857782000.0
56,KLAC,MRT,2007-06-30,2007-06-30,2007-06-30,2021-08-07,11405000.0,4623249000.0,4624488250.0,3252771000.0,1370478000.0,0.591,18.009,-83782000.0,722511000.0,722511000.0,1189601000.0,528098000.0,3.235,0.302,0.0,0.0,0.0,0.0,301001000.0,109290000.0,0.0,0.009,0.48,681388000.0,790678000.0,0.289,790678000.0,681388000.0,678607000.0,2.68,2.61,2.68,3550042000.0,3607223000.0,3550042000.0,9925288511.0,15.0,12.553,514268000.0,2.609,1.0,1541628000.0,0.564,487288000.0,2781000.0,2407888000.0,2431720000.0,535370000.0,988118000.0,988118000.0,0.0,1073207000.0,1005562000.0,67645000.0,10529704511.0,-406680000.0,-521693000.0,-545216000.0,0.0,-95057000.0,-633227000.0,-386632000.0,218843000.0,598050000.0,15129000.0,528098000.0,528098000.0,528098000.0,0.0,0.0,0.193,951760000.0,589868000.0,92165000.0,0.179,2.966,19.939,20.504,382240000.0,0.0,54.95,3.855,3.966,581500000.0,2570751000.0,2731229000.0,2731229000.0,427515000.0,0.114,0.146,0.28,0.249,96457000.0,513525000.0,1.0,191623376.0,197126000,202204000.0,13.855,4135961000.0,339133000.0,150509000.0,0.0,20.981,2247209000.0
57,KLAC,MRT,2007-03-31,2007-03-31,2007-03-31,2021-08-07,19920000.0,4340793000.0,4612653750.0,2947155000.0,1393638000.0,0.558,16.729,-69327000.0,604416000.0,604416000.0,1158806000.0,512432000.0,2.863,0.311,0.0,0.0,0.0,0.0,304037000.0,90393000.0,0.0,0.009,0.48,580624000.0,671017000.0,0.261,671017000.0,580624000.0,578449000.0,2.58,2.51,2.58,3311257000.0,3610350500.0,3311257000.0,9786004027.0,17.0,14.584,516243000.0,2.608,1.0,1415071000.0,0.55,465330000.0,2175000.0,2241511000.0,2423222500.0,530141000.0,980818000.0,980818000.0,0.0,1029536000.0,1029536000.0,0.0,10649388027.0,-357579000.0,-439190000.0,-686725000.0,0.0,-95907000.0,-777637000.0,-172479000.0,336038000.0,585570000.0,6967000.0,512432000.0,512432000.0,512432000.0,0.0,0.0,0.199,925187000.0,489884000.0,93805000.0,0.186,3.216,20.782,20.667,363767000.0,0.0,53.32,4.137,4.1,499298000.0,2446446000.0,2573877000.0,2573877000.0,412272000.0,0.111,0.142,0.24,0.226,109556000.0,512915000.0,1.0,199725957.0,197930000,203474000.0,13.004,3875463000.0,261200000.0,66017000.0,0.0,19.58,1917619000.0
58,KLAC,MRT,2006-12-31,2006-12-31,2006-12-31,2021-08-07,21299000.0,4842728000.0,4617785000.0,3491505000.0,1351223000.0,0.515,19.153,-66832000.0,863384000.0,863384000.0,1078630000.0,454331000.0,3.456,0.265,0.0,0.0,0.0,0.0,320745000.0,77717000.0,0.0,0.01,0.48,480365000.0,558082000.0,0.235,558082000.0,480365000.0,478190000.0,2.28,2.22,2.28,3826539000.0,3633055750.0,3826539000.0,8942528376.0,19.0,16.024,431801000.0,2.161,1.0,1298687000.0,0.546,440951000.0,2175000.0,2528224000.0,2478400000.0,564566000.0,1279506000.0,1279506000.0,0.0,1013179000.0,1010169000.0,3010000.0,9904523376.0,-73809000.0,-390161000.0,-42142000.0,0.0,-96025000.0,-128201000.0,-455544000.0,1449000.0,498633000.0,11303000.0,454331000.0,454331000.0,454331000.0,0.0,0.0,0.191,906531000.0,392156000.0,104204000.0,0.211,2.588,21.8,21.82,355057000.0,0.0,49.75,4.166,4.181,448520000.0,2315554000.0,2377317000.0,2377317000.0,403640000.0,0.098,0.125,0.194,0.202,144010000.0,502891000.0,1.0,199085897.0,199789000,204955000.0,11.899,4401777000.0,262206000.0,23859000.0,0.0,22.032,2481336000.0
59,KLAC,MRT,2006-09-30,2006-09-30,2006-09-30,2021-08-07,19185000.0,4691183000.0,4448237000.0,3649031000.0,1042152000.0,0.498,18.76,-68074000.0,1199969000.0,1199969000.0,997073000.0,440887000.0,3.874,0.253,0.0,0.0,0.0,0.0,300037000.0,66420000.0,0.0,0.011,0.48,471613000.0,538033000.0,0.243,538033000.0,471613000.0,469438000.0,2.22,2.16,2.22,3741054000.0,3498209250.0,3741054000.0,7891354840.0,17.0,14.667,341574000.0,1.713,1.0,1218656000.0,0.55,0.0,2175000.0,2549257000.0,2431500750.0,490988000.0,1225814000.0,1225814000.0,0.0,946043000.0,941957000.0,4086000.0,8853349840.0,451447000.0,-7664000.0,-10818000.0,0.0,-95799000.0,-92489000.0,121292000.0,197030000.0,409648000.0,12996000.0,440887000.0,440887000.0,440887000.0,0.0,0.0,0.199,829865000.0,388791000.0,107247000.0,0.216,2.367,20.081,20.032,394239000.0,0.0,44.47,3.996,4.002,415403000.0,2249472000.0,2215729000.0,2215729000.0,394346000.0,0.099,0.126,0.194,0.213,176074000.0,435519000.0,1.0,199085897.0,199416000,203323000.0,11.111,4691183000.0,253691000.0,28551000.0,0.0,23.525,2707074000.0
60,KLAC,MRT,2006-06-30,2006-06-30,2006-06-30,2021-08-07,8908000.0,4575911000.0,4283090750.0,3596993000.0,978918000.0,0.483,17.936,-73810000.0,1129191000.0,1129191000.0,942091000.0,380452000.0,3.588,0.283,0.0,0.0,0.0,0.0,306685000.0,69436000.0,0.0,0.012,0.48,384134000.0,453570000.0,0.219,453570000.0,384134000.0,381959000.0,1.92,1.86,1.92,3562552000.0,3351454750.0,3562552000.0,7314005738.0,19.0,16.125,241359000.0,1.215,1.0,1128536000.0,0.545,70341000.0,2175000.0,2373898000.0,2371793000.0,449156000.0,1196605000.0,1196605000.0,0.0,1007920000.0,1002481000.0,5439000.0,8276000738.0,466028000.0,-7664000.0,-8764000.0,0.0,-95348000.0,-84959000.0,225070000.0,306544000.0,315169000.0,10748000.0,380452000.0,380452000.0,380452000.0,0.0,0.0,0.184,818745000.0,309791000.0,95192000.0,0.25,2.323,21.753,21.651,395412000.0,0.0,41.57,3.997,3.988,439899000.0,2137710000.0,2070627000.0,2070627000.0,393823000.0,0.089,0.114,0.162,0.186,182197000.0,424922000.0,1.0,199085897.0,198625000,204097000.0,10.425,4505570000.0,307561000.0,1507000.0,0.0,22.684,2594512000.0
61,KLAC,MRT,2006-03-31,2006-03-31,2006-03-31,2021-08-07,7485000.0,4361318000.0,4149263750.0,3528173000.0,833145000.0,0.477,17.021,-64468000.0,961995000.0,961995000.0,873885000.0,332180000.0,3.765,0.279,0.0,0.0,0.0,0.0,293792000.0,68950000.0,0.0,0.01,0.48,380571000.0,449521000.0,0.227,449521000.0,380571000.0,380571000.0,1.68,1.63,1.68,3402078000.0,3233173250.0,3402078000.0,8684976505.0,23.0,19.321,274023000.0,1.371,1.0,1106347000.0,0.559,0.0,0.0,2462221000.0,2388506250.0,438443000.0,1323300000.0,1323300000.0,0.0,948171000.0,937102000.0,11069000.0,9649164505.0,611098000.0,-7664000.0,-742000.0,0.0,-95105000.0,-75236000.0,338056000.0,410188000.0,338491000.0,9787000.0,332180000.0,332180000.0,332180000.0,0.0,0.0,0.168,793638000.0,312709000.0,97709000.0,0.286,2.836,29.048,28.786,395123000.0,0.0,48.36,4.873,4.881,456288000.0,2263647000.0,1980232000.0,1980232000.0,394074000.0,0.08,0.103,0.159,0.192,194577000.0,399564000.0,1.0,199527802.0,199876000,205361000.0,9.907,4361318000.0,291133000.0,48391000.0,0.0,21.82,2591071000.0
62,KLAC,MRT,2005-12-31,2005-12-31,2005-12-31,2021-08-07,8206000.0,4164536000.0,4048843500.0,3348474000.0,816062000.0,0.495,16.582,-51374000.0,964188000.0,964188000.0,869148000.0,358659000.0,3.895,0.264,0.0,0.0,0.0,0.0,238668000.0,69060000.0,0.0,0.007,0.36,440727000.0,509787000.0,0.255,509787000.0,440727000.0,440727000.0,1.83,1.77,1.83,3287153000.0,3124454250.0,3287153000.0,8874527542.0,20.0,17.408,357022000.0,1.801,1.0,1133047000.0,0.566,0.0,0.0,2340627000.0,2317049250.0,411796000.0,1263042000.0,1263042000.0,0.0,868552000.0,859721000.0,8831000.0,9738309542.0,628393000.0,-7664000.0,22168000.0,0.0,-71094000.0,-36063000.0,245772000.0,304810000.0,408396000.0,10288000.0,358659000.0,358659000.0,358659000.0,0.0,0.0,0.179,750418000.0,382629000.0,79142000.0,0.197,2.963,27.152,26.956,387839000.0,0.0,49.33,4.864,4.884,371873000.0,2189515000.0,2002195000.0,2002195000.0,385253000.0,0.089,0.115,0.19,0.22,141739000.0,365165000.0,1.0,197411505.0,198236000,203926000.0,10.1,4164536000.0,288456000.0,82068000.0,0.0,21.008,2488753000.0
63,KLAC,MRT,2005-09-30,2005-09-30,2005-09-30,2021-08-07,11855000.0,4030598000.0,3949126000.0,3222231000.0,808367000.0,0.518,15.977,-59928000.0,863782000.0,863782000.0,870668000.0,404131000.0,3.763,0.275,0.0,0.0,0.0,0.0,255350000.0,69377000.0,0.0,0.005,0.24,512313000.0,581690000.0,0.284,581690000.0,512313000.0,512313000.0,2.06,2.0,2.06,3154036000.0,3010027500.0,3154036000.0,8759775729.0,17.0,15.059,368507000.0,1.867,1.0,1176698000.0,0.575,0.0,0.0,2310426000.0,2195626250.0,396006000.0,1318964000.0,1318964000.0,0.0,866476000.0,856390000.0,10086000.0,9634284729.0,387371000.0,-40578000.0,12837000.0,0.0,-47353000.0,-15815000.0,-31663000.0,68843000.0,428435000.0,6414000.0,404131000.0,404131000.0,404131000.0,0.0,0.0,0.197,713555000.0,463143000.0,58001000.0,0.117,3.055,23.84,23.67,382713000.0,0.0,48.76,4.706,4.701,307194000.0,2136607000.0,2047366000.0,2047366000.0,373607000.0,0.102,0.134,0.233,0.25,94726000.0,339948000.0,1.0,197585823.0,197408000,203292000.0,10.371,4030598000.0,280253000.0,108182000.0,0.0,20.418,2365841000.0
64,KLAC,MRT,2005-06-30,2005-06-30,2005-06-30,2021-08-07,16273000.0,4040603000.0,3838978250.0,3201891000.0,838712000.0,0.542,15.735,-59675000.0,663163000.0,663163000.0,871000000.0,445049000.0,3.418,0.306,0.0,0.0,0.0,0.0,292909000.0,70153000.0,0.0,0.003,0.12,586454000.0,656607000.0,0.315,656607000.0,586454000.0,586454000.0,2.27,2.21,2.27,3089426000.0,2892738000.0,3089426000.0,7793389014.0,13.0,11.869,447060000.0,2.277,1.0,1210878000.0,0.582,0.0,0.0,2440751000.0,2052047750.0,359840000.0,1532023000.0,1532023000.0,0.0,943933000.0,936689000.0,7244000.0,8599550014.0,309281000.0,-44628000.0,-70056000.0,0.0,-23644000.0,-81069000.0,-124598000.0,-20295000.0,506735000.0,8213000.0,445049000.0,445049000.0,445049000.0,0.0,0.0,0.214,665758000.0,545120000.0,67717000.0,0.053,2.784,19.323,19.242,385921000.0,0.0,43.68,4.131,4.12,333218000.0,1852606000.0,2081878000.0,2081878000.0,351984000.0,0.116,0.154,0.286,0.282,52136000.0,313774000.0,1.0,196876145.0,196346000,201126000.0,10.603,4040603000.0,263212000.0,141405000.0,0.0,20.579,2265202000.0
65,KLAC,MRT,2005-03-31,2005-03-31,2005-03-31,2021-08-07,18252000.0,3959637000.0,3713622250.0,3267644000.0,691993000.0,0.55,15.071,-71961000.0,806161000.0,806161000.0,857010000.0,426587000.0,3.344,0.332,0.0,0.0,0.0,0.0,337770000.0,73956000.0,0.0,0.0,0.0,565663000.0,639619000.0,0.313,639619000.0,565663000.0,565663000.0,2.17,2.12,2.17,2967202000.0,2777269000.0,2967202000.0,8051076854.0,14.0,12.587,477720000.0,2.426,1.0,1187165000.0,0.581,0.0,0.0,2176393000.0,1949073000.0,353546000.0,1302183000.0,1302183000.0,0.0,984759000.0,977083000.0,7676000.0,9043117854.0,-144246000.0,-44628000.0,-41234000.0,0.0,0.0,-31234000.0,-669532000.0,-552943000.0,549681000.0,6839000.0,426587000.0,426587000.0,426587000.0,0.0,0.0,0.209,651996000.0,535169000.0,65389000.0,0.0,3.048,21.199,21.203,392773000.0,0.0,46.01,4.424,4.431,445227000.0,2002232000.0,2044175000.0,2044175000.0,348096000.0,0.115,0.154,0.29,0.277,95130000.0,303900000.0,1.0,196546791.0,196883000,202329000.0,10.383,3959637000.0,312042000.0,139076000.0,0.0,20.112,2290561000.0
66,KLAC,MRT,2004-12-31,2004-12-31,2004-12-31,2021-08-07,13762000.0,3765666000.0,3554039500.0,2464555000.0,1301111000.0,0.532,14.459,-79421000.0,992041000.0,992041000.0,805777000.0,369606000.0,2.683,0.328,0.0,0.0,0.0,0.0,332934000.0,77491000.0,0.0,0.0,0.0,495097000.0,572588000.0,0.303,572588000.0,495097000.0,495097000.0,1.88,1.84,1.88,2829446000.0,2657501750.0,2829446000.0,8155376189.0,16.0,14.243,378498000.0,1.934,1.0,1086559000.0,0.574,0.0,0.0,1854935000.0,1832946000.0,350915000.0,933223000.0,332371000.0,600852000.0,927455000.0,918690000.0,8765000.0,9104142189.0,-69859000.0,-44628000.0,-30324000.0,0.0,0.0,-20324000.0,-511362000.0,-387313000.0,457919000.0,3908000.0,369606000.0,369606000.0,369606000.0,0.0,0.0,0.195,618484000.0,468075000.0,43993000.0,0.0,3.218,24.632,24.777,397720000.0,0.0,46.58,4.811,4.817,446216000.0,1879069000.0,1892336000.0,1892336000.0,328433000.0,0.104,0.139,0.27,0.262,94332000.0,290051000.0,1.0,195451743.0,195681000,200946000.0,9.671,3765666000.0,309060000.0,125491000.0,0.0,19.244,1545865000.0
67,KLAC,MRT,2004-09-30,2004-09-30,2004-09-30,2021-08-07,9555000.0,3590007000.0,3380731250.0,2318538000.0,1271469000.0,0.502,13.691,-63406000.0,948766000.0,948766000.0,744411000.0,292044000.0,2.562,0.337,0.0,0.0,0.0,0.0,340426000.0,80872000.0,0.0,0.0,0.0,388971000.0,469843000.0,0.277,469843000.0,388971000.0,388971000.0,1.49,1.45,1.49,2684878000.0,2549842000.0,2684878000.0,7342579822.0,19.0,15.628,347326000.0,1.771,1.0,953610000.0,0.562,0.0,0.0,1736112000.0,1803710500.0,373484000.0,937490000.0,285349000.0,652141000.0,905129000.0,905129000.0,0.0,8145257822.0,-883000.0,-4050000.0,-7427000.0,0.0,0.0,-7427000.0,-409651000.0,-342195000.0,410732000.0,5463000.0,292044000.0,292044000.0,292044000.0,0.0,0.0,0.172,589981000.0,363629000.0,53132000.0,0.0,3.034,27.891,27.839,380239000.0,0.0,41.48,4.797,4.791,365529000.0,1756992000.0,1698021000.0,1698021000.0,310202000.0,0.086,0.115,0.216,0.229,93213000.0,279779000.0,1.0,196365907.0,196110000,199969000.0,8.659,3590007000.0,307638000.0,96927000.0,0.0,18.306,1413409000.0
68,KLAC,MRT,2004-06-30,2004-06-30,2004-06-30,2021-08-07,2159000.0,3539179000.0,3221665000.0,2191502000.0,1347677000.0,0.465,13.476,-55528000.0,598698000.0,598698000.0,684483000.0,212476000.0,2.404,0.347,0.0,0.0,0.0,0.0,342131000.0,82226000.0,0.0,0.0,0.0,270388000.0,352614000.0,0.236,352614000.0,270388000.0,270388000.0,1.09,1.05,1.09,2627550000.0,2455762000.0,2627550000.0,8930703718.0,33.0,25.327,294149000.0,1.509,1.0,812735000.0,0.543,0.0,0.0,2028852000.0,1785774750.0,337414000.0,1277658000.0,534456000.0,743202000.0,911629000.0,911629000.0,0.0,9706951718.0,29134000.0,0.0,113006000.0,0.0,0.0,113006000.0,-440517000.0,-384989000.0,349677000.0,6968000.0,212476000.0,212476000.0,212476000.0,0.0,0.0,0.142,569105000.0,243630000.0,63991000.0,0.0,3.694,45.685,45.303,376052000.0,0.0,49.38,6.483,6.431,372773000.0,1640587000.0,1497218000.0,1497218000.0,298507000.0,0.066,0.087,0.151,0.181,93213000.0,270598000.0,1.0,196576584.0,194976000,202302000.0,7.679,3539179000.0,310150000.0,57912000.0,0.0,18.152,1279873000.0
69,KLAC,MRT,2004-03-31,2004-03-31,2004-03-31,2021-08-07,6745000.0,3321306000.0,3053519500.0,2221822000.0,1099484000.0,0.444,12.684,-42545000.0,776248000.0,776248000.0,639807000.0,176893000.0,2.667,0.335,0.0,0.0,0.0,0.0,267884000.0,77935000.0,0.0,0.0,0.0,235059000.0,312994000.0,0.231,312994000.0,235059000.0,235059000.0,0.91,0.87,0.91,2488133000.0,2352759750.0,2488133000.0,9209436395.0,39.0,29.424,169626000.0,0.865,1.0,714786000.0,0.528,0.0,0.0,1711885000.0,1680721250.0,310328000.0,944590000.0,392884000.0,551706000.0,833173000.0,833173000.0,0.0,9870250395.0,109682000.0,0.0,160483000.0,0.0,0.0,160483000.0,-274262000.0,-231717000.0,212171000.0,11290000.0,176893000.0,176893000.0,176893000.0,0.0,0.0,0.131,509921000.0,204865000.0,67471000.0,0.0,3.967,55.798,55.253,374251000.0,0.0,50.28,7.287,7.281,362295000.0,1544420000.0,1354593000.0,1354593000.0,267615000.0,0.058,0.075,0.14,0.174,22435000.0,242306000.0,1.0,196305696.0,196159000,203150000.0,6.906,3321306000.0,0.0,58166000.0,0.0,16.932,1388649000.0
70,KLAC,MRT,2003-12-31,2003-12-31,2003-12-31,2021-08-07,2618000.0,3072433000.0,2919423000.0,1965275000.0,1107158000.0,0.435,12.31,-27607000.0,660814000.0,660814000.0,625933000.0,138050000.0,2.917,0.281,0.0,0.0,0.0,0.0,200545000.0,77408000.0,0.0,0.0,0.0,178369000.0,255777000.0,0.202,255777000.0,178369000.0,178369000.0,0.71,0.68,0.71,2398807000.0,2261990500.0,2398807000.0,10754184393.0,60.0,42.045,184182000.0,0.945,1.0,643186000.0,0.507,0.0,0.0,1737993000.0,1642010000.0,288355000.0,968216000.0,401080000.0,567136000.0,673626000.0,673626000.0,0.0,11398373393.0,30619000.0,0.0,144204000.0,0.0,0.0,144204000.0,-334922000.0,-307315000.0,211789000.0,9748000.0,138050000.0,138050000.0,138050000.0,0.0,0.0,0.109,500474000.0,142712000.0,51722000.0,0.0,4.752,82.567,82.451,374692000.0,0.0,58.54,8.981,8.989,245841000.0,1478238000.0,1269119000.0,1269119000.0,259885000.0,0.047,0.061,0.109,0.141,22435000.0,240589000.0,1.0,194710854.0,194872000,202450000.0,6.513,3072433000.0,0.0,40319000.0,0.0,15.766,1291649000.0
71,KLAC,MRT,2003-09-30,2003-09-30,2003-09-30,2021-08-07,1774000.0,2953742000.0,2839026250.0,1857937000.0,1095805000.0,0.446,11.98,-133672000.0,644189000.0,644189000.0,640702000.0,122763000.0,2.88,0.279,0.0,0.0,0.0,0.0,201496000.0,73753000.0,0.0,0.0,0.0,158433000.0,232186000.0,0.183,232186000.0,158433000.0,158433000.0,0.63,0.61,0.63,2308558000.0,2187239000.0,2308558000.0,9398503720.0,59.0,40.478,77544000.0,0.402,1.0,624797000.0,0.494,0.0,0.0,1664369000.0,1599813250.0,273907000.0,922313000.0,358017000.0,564296000.0,645184000.0,645184000.0,0.0,10005406720.0,108943000.0,0.0,128127000.0,0.0,0.0,128127000.0,-238548000.0,-104876000.0,211216000.0,8148000.0,122763000.0,122763000.0,122763000.0,0.0,0.0,0.097,506391000.0,118406000.0,49412000.0,0.0,4.334,81.502,81.905,377178000.0,0.0,51.6,7.906,7.857,208607000.0,1433723000.0,1265499000.0,1265499000.0,262890000.0,0.043,0.056,0.099,0.125,22435000.0,243501000.0,1.0,193903231.0,192699000,200334000.0,6.567,2953742000.0,0.0,35670000.0,0.0,15.328,1212753000.0
72,KLAC,MRT,2003-06-30,2003-06-30,2003-06-30,2021-08-07,3687000.0,2866597000.0,2777104500.0,1806383000.0,1060214000.0,0.476,11.672,-130569000.0,606903000.0,606903000.0,671505000.0,137191000.0,2.775,0.294,0.0,0.0,0.0,0.0,225689000.0,71448000.0,0.0,0.0,0.0,180518000.0,251966000.0,0.19,251966000.0,180518000.0,180518000.0,0.72,0.7,0.72,2215541000.0,2120717000.0,2215541000.0,8273870089.0,46.0,32.837,115688000.0,0.609,1.0,651544000.0,0.492,0.0,0.0,1608638000.0,1585427000.0,258799000.0,880980000.0,350061000.0,530919000.0,651056000.0,651056000.0,0.0,8841886089.0,77483000.0,0.0,26587000.0,0.0,0.0,26587000.0,-198114000.0,-67545000.0,246257000.0,2753000.0,137191000.0,137191000.0,137191000.0,0.0,0.0,0.104,512822000.0,138722000.0,33893000.0,0.0,3.991,64.449,64.528,382729000.0,0.0,46.46,6.683,6.666,223535000.0,1396886000.0,1323049000.0,1323049000.0,268291000.0,0.049,0.065,0.114,0.136,22435000.0,253933000.0,1.0,190311797.0,189817000,194785000.0,6.97,2866597000.0,324098000.0,43327000.0,0.0,15.102,1155327000.0
73,KLAC,MRT,2003-03-31,2003-03-31,2003-03-31,2021-08-07,3376000.0,2784920000.0,2739884750.0,1770331000.0,1014589000.0,0.507,11.181,-132732000.0,568016000.0,568016000.0,700325000.0,154336000.0,2.683,0.311,0.0,0.0,0.0,0.0,229435000.0,73229000.0,0.0,0.0,0.0,200067000.0,273296000.0,0.197,273296000.0,200067000.0,200067000.0,0.81,0.79,0.81,2125056000.0,2074388750.0,2125056000.0,6305310955.0,32.0,23.071,140779000.0,0.741,1.0,687605000.0,0.495,0.0,0.0,1557040000.0,1583369500.0,268521000.0,829748000.0,337452000.0,492296000.0,659864000.0,659864000.0,0.0,6835905955.0,261554000.0,0.0,10689000.0,51000.0,0.0,10740000.0,-28219000.0,104513000.0,273511000.0,5522000.0,154336000.0,154336000.0,154336000.0,0.0,0.0,0.111,530742000.0,156863000.0,30144000.0,0.0,3.217,44.292,44.37,387249000.0,0.0,35.94,4.925,4.922,231809000.0,1367527000.0,1387930000.0,1387930000.0,273152000.0,0.056,0.074,0.126,0.144,59697000.0,266992000.0,1.0,190203282.0,190064000,194393000.0,7.302,2784920000.0,0.0,45731000.0,0.0,14.653,1110467000.0
74,KLAC,MRT,2002-12-31,2002-12-31,2002-12-31,2021-08-07,8200000.0,2750846000.0,2706271750.0,1708881000.0,1041965000.0,0.532,11.109,-144037000.0,530595000.0,530595000.0,725696000.0,161146000.0,2.625,0.31,0.0,0.0,0.0,0.0,227585000.0,71679000.0,0.0,0.0,0.0,210242000.0,281921000.0,0.196,281921000.0,210242000.0,210242000.0,0.85,0.82,0.85,2099801000.0,2016846500.0,2099801000.0,6238288740.0,30.0,22.128,168512000.0,0.892,1.0,715044000.0,0.496,0.0,0.0,1569206000.0,1591215750.0,289956000.0,778626000.0,275052000.0,503574000.0,651045000.0,651045000.0,0.0,6673934740.0,227579000.0,0.0,54034000.0,51000.0,0.0,54085000.0,-144411000.0,-374000.0,312549000.0,5156000.0,161146000.0,161146000.0,161146000.0,0.0,0.0,0.112,546684000.0,168360000.0,22947000.0,0.0,3.178,41.415,41.612,400367000.0,0.0,35.37,4.632,4.64,257561000.0,1340188000.0,1440740000.0,1440740000.0,283212000.0,0.06,0.08,0.132,0.146,59697000.0,272874000.0,1.0,188689136.0,189018000,193519000.0,7.622,2750846000.0,0.0,49096000.0,0.0,14.553,1057836000.0
75,KLAC,MRT,2002-09-30,2002-09-30,2002-09-30,2021-08-07,8911000.0,2706055000.0,2669950250.0,1680203000.0,1025852000.0,0.566,10.791,-44304000.0,435646000.0,435646000.0,756369000.0,180966000.0,2.532,0.325,0.0,0.0,0.0,0.0,227298000.0,69340000.0,0.0,0.0,0.0,238065000.0,307405000.0,0.204,307405000.0,238065000.0,238065000.0,0.96,0.92,0.96,2042470000.0,1946951500.0,2042470000.0,4854019013.0,20.0,15.79,271261000.0,1.433,1.0,753601000.0,0.499,0.0,0.0,1606824000.0,1578215500.0,318896000.0,915034000.0,316206000.0,598828000.0,663585000.0,663585000.0,0.0,5283839013.0,96475000.0,-4035000.0,-108000.0,-857000.0,0.0,-965000.0,-215526000.0,-167187000.0,315565000.0,-2599000.0,180966000.0,180966000.0,180966000.0,0.0,0.0,0.12,555717000.0,197884000.0,36909000.0,0.0,2.587,29.198,29.104,294025000.0,0.0,27.94,3.499,3.502,256174000.0,1310960000.0,1509970000.0,1509970000.0,285338000.0,0.068,0.093,0.151,0.158,59697000.0,279781000.0,1.0,189113780.0,189279000,194090000.0,7.977,2706055000.0,0.0,57099000.0,0.0,14.297,1016618000.0
76,KLAC,MRT,2002-06-30,2002-06-30,2002-06-30,2021-08-07,4587000.0,2717718000.0,2650157000.0,1619288000.0,1098430000.0,0.618,10.818,-68658000.0,429820000.0,429820000.0,814393000.0,216166000.0,2.355,0.339,0.0,0.0,0.0,0.0,248738000.0,69590000.0,0.0,0.0,0.0,287456000.0,357046000.0,0.218,357046000.0,287456000.0,287456000.0,1.15,1.1,1.15,2030228000.0,1885737000.0,2030228000.0,8012816077.0,28.0,22.442,201526000.0,1.074,1.0,822889000.0,0.503,0.0,0.0,1600408000.0,1541119750.0,323016000.0,903763000.0,243526000.0,660237000.0,687490000.0,687490000.0,0.0,8319278077.0,-99854000.0,-4035000.0,-8084000.0,-448000.0,0.0,-8532000.0,-362336000.0,-289643000.0,270184000.0,830000.0,216166000.0,216166000.0,216166000.0,0.0,0.0,0.132,577996000.0,244893000.0,52988000.0,0.0,4.098,38.486,38.252,300560000.0,0.0,43.99,5.081,5.042,277006000.0,1259695000.0,1637282000.0,1637282000.0,287408000.0,0.082,0.115,0.187,0.176,59697000.0,290588000.0,1.0,189117483.0,187667000,196594000.0,8.724,2717718000.0,315049000.0,71290000.0,0.0,14.482,931798000.0
77,KLAC,MRT,2002-03-31,2002-03-31,2002-03-31,2021-08-07,-5443000.0,2650468000.0,2656865250.0,1575871000.0,1074597000.0,0.703,10.109,-118121000.0,306462000.0,306462000.0,897450000.0,299616000.0,2.086,0.399,0.0,0.0,0.0,0.0,268452000.0,62222000.0,0.0,0.0,0.0,404212000.0,466434000.0,0.25,466434000.0,404212000.0,404212000.0,1.6,1.53,1.6,1894887000.0,1818296500.0,1894887000.0,12136444474.0,30.0,26.02,301455000.0,1.608,1.0,969280000.0,0.519,0.0,0.0,1588425000.0,1448715750.0,319513000.0,909976000.0,273981000.0,635995000.0,755581000.0,755581000.0,0.0,12439460474.0,-130918000.0,-24853000.0,22920000.0,75000.0,0.0,22995000.0,-546973000.0,-403999000.0,419576000.0,-26516000.0,299616000.0,299616000.0,299616000.0,0.0,0.0,0.161,610248000.0,359032000.0,32799000.0,0.0,6.565,41.518,41.562,306264000.0,0.0,66.5,6.664,6.677,274563000.0,1213191000.0,1866730000.0,1866730000.0,307530000.0,0.113,0.165,0.279,0.217,56044000.0,304721000.0,1.0,187059556.0,187443000,197669000.0,9.959,2650468000.0,0.0,104596000.0,0.0,14.14,820290000.0
78,KLAC,MRT,2001-12-31,2001-12-31,2001-12-31,2021-08-07,735000.0,2605560000.0,2604376000.0,1650946000.0,954614000.0,0.817,9.776,-137068000.0,303016000.0,303016000.0,984422000.0,401803000.0,2.102,0.431,0.0,0.0,0.0,0.0,291764000.0,59770000.0,0.0,0.0,0.0,547420000.0,607190000.0,0.285,607190000.0,547420000.0,547420000.0,2.16,2.07,2.16,1820221000.0,1816639250.0,1820221000.0,8845247164.0,16.0,14.568,280967000.0,1.509,1.0,1142767000.0,0.537,0.0,0.0,1517205000.0,1414329000.0,335470000.0,762645000.0,248075000.0,514570000.0,785339000.0,785339000.0,0.0,9184418164.0,1017000.0,-24853000.0,-17660000.0,101000.0,0.0,-17559000.0,-387081000.0,-225160000.0,418035000.0,-12378000.0,401803000.0,401803000.0,401803000.0,0.0,0.0,0.189,646083000.0,496684000.0,42546000.0,0.0,5.046,22.858,22.944,310326000.0,0.0,49.56,4.318,4.338,365419000.0,1179042000.0,2127189000.0,2127189000.0,325879000.0,0.154,0.221,0.387,0.257,56044000.0,322207000.0,1.0,185319172.0,186200000,194637000.0,11.424,2605560000.0,0.0,145617000.0,0.0,13.993,865607000.0
79,KLAC,MRT,2001-09-30,2001-09-30,2001-09-30,2021-08-07,3470000.0,2626882000.0,2539085750.0,1702228000.0,924654000.0,0.876,9.576,-152005000.0,339171000.0,339171000.0,998511000.0,430606000.0,2.053,0.461,0.0,0.0,0.0,0.0,348564000.0,59228000.0,0.0,0.0,0.0,589266000.0,648494000.0,0.292,648494000.0,589266000.0,589266000.0,2.32,2.23,2.32,1797612000.0,1809304500.0,1797612000.0,5412895121.0,9.0,8.347,251696000.0,1.341,1.0,1225363000.0,0.551,0.0,0.0,1458441000.0,1407248500.0,361181000.0,747819000.0,245870000.0,501949000.0,829270000.0,829270000.0,0.0,5942569121.0,-38182000.0,-20818000.0,-98927000.0,-536000.0,0.0,-99463000.0,-335913000.0,-163090000.0,403701000.0,-6507000.0,430606000.0,430606000.0,430606000.0,0.0,0.0,0.194,690763000.0,534600000.0,54811000.0,0.0,3.306,13.8,13.612,306003000.0,0.0,31.58,2.672,2.666,368543000.0,1129994000.0,2223874000.0,2223874000.0,348047000.0,0.17,0.238,0.419,0.265,56044000.0,344719000.0,1.0,188175083.0,187717000,195079000.0,11.847,2626882000.0,0.0,158660000.0,0.0,13.994,872958000.0
80,KLAC,MRT,2001-06-30,2001-06-30,2001-06-30,2021-08-07,2604000.0,2744551000.0,2464908000.0,1896946000.0,847605000.0,0.853,9.472,-162195000.0,529674000.0,529674000.0,937152000.0,66683000.0,1.928,0.559,0.0,0.0,0.0,0.0,493028000.0,55649000.0,0.0,0.0,0.0,206209000.0,261858000.0,0.124,261858000.0,206209000.0,206209000.0,0.36,0.34,0.36,1760466000.0,1809141250.0,1760466000.0,10402130416.0,50.0,39.724,245723000.0,1.322,1.0,1166605000.0,0.555,0.0,0.0,1230792000.0,1397931250.0,394406000.0,614186000.0,167421000.0,446765000.0,984085000.0,984085000.0,0.0,10839510416.0,51462000.0,-20818000.0,-59876000.0,1670000.0,0.0,-58206000.0,-295108000.0,-112095000.0,407918000.0,-3142000.0,66683000.0,66683000.0,66683000.0,0.0,0.0,0.032,708137000.0,458468000.0,60740000.0,0.0,6.157,162.553,162.417,290254000.0,0.0,58.47,5.152,5.166,402013000.0,1043529000.0,2103757000.0,2103757000.0,355772000.0,0.027,0.037,0.148,0.098,56044000.0,354368000.0,1.0,185385846.0,185860000,193435000.0,11.319,2744551000.0,360079000.0,139526000.0,0.0,14.767,912861000.0
81,KLAC,MRT,2001-03-31,2001-03-31,2001-03-31,2021-08-07,77000.0,2440511000.0,2329646000.0,1665085000.0,775426000.0,0.851,10.234,-134980000.0,437380000.0,437380000.0,874926000.0,28429000.0,3.015,0.292,0.0,0.0,0.0,0.0,0.0,62876000.0,0.0,0.0,0.0,158632000.0,221508000.0,0.112,221508000.0,158632000.0,158632000.0,0.17,0.18,0.17,1888258000.0,1796193750.0,1888258000.0,6961922149.0,44.0,31.43,189055000.0,1.025,1.0,1108238000.0,0.559,0.0,0.0,1450878000.0,1397849250.0,416122000.0,498429000.0,73459000.0,424970000.0,552253000.0,552253000.0,0.0,7263921149.0,57720000.0,-19925000.0,-109223000.0,-14003000.0,0.0,-123226000.0,-162317000.0,-27337000.0,324035000.0,19228000.0,28429000.0,28429000.0,28429000.0,0.0,0.0,0.014,695028000.0,413210000.0,58739000.0,0.0,3.847,255.511,231.647,263556000.0,0.0,39.38,3.663,3.664,538173000.0,1283380000.0,1983164000.0,1983164000.0,343092000.0,0.012,0.016,0.113,0.08,0.0,351936000.0,1.0,184457114.0,184510000,191717000.0,10.748,2440511000.0,0.0,130203000.0,0.0,13.227,1112832000.0
82,KLAC,MRT,2000-12-31,2000-12-31,2000-12-31,2021-08-07,2760000.0,2344399000.0,2208772000.0,1585179000.0,759220000.0,0.805,9.668,-128955000.0,301999000.0,301999000.0,787224000.0,-34560000.0,2.864,0.309,0.0,0.0,0.0,0.0,0.0,64037000.0,0.0,0.0,0.0,71146000.0,135183000.0,0.076,135183000.0,71146000.0,71146000.0,-0.17,-0.15,-0.17,1790882000.0,1690395500.0,1790882000.0,5890655283.0,83.0,43.575,106224000.0,0.573,1.0,991390000.0,0.557,0.0,0.0,1488883000.0,1310028250.0,386834000.0,514614000.0,96720000.0,417894000.0,553517000.0,553517000.0,0.0,6266442283.0,-52919000.0,-19925000.0,-86971000.0,-14517000.0,0.0,-101488000.0,-198999000.0,-57019000.0,235179000.0,12389000.0,-34560000.0,-34560000.0,-34560000.0,0.0,0.0,-0.019,661782000.0,329608000.0,61185000.0,0.0,3.499,-181.321,-198.176,248438000.0,0.0,33.69,3.523,3.509,604921000.0,1191970000.0,1778614000.0,1778614000.0,320762000.0,-0.016,-0.02,0.054,0.04,0.0,339720000.0,1.0,186003036.0,185247000,190893000.0,9.601,2344399000.0,0.0,105706000.0,0.0,12.656,1031662000.0
83,KLAC,MRT,2000-09-30,2000-09-30,2000-09-30,2021-08-07,8302000.0,2330171000.0,2067307750.0,1596704000.0,733467000.0,0.778,9.595,-108212000.0,377353000.0,377353000.0,724697000.0,-63162000.0,2.995,0.297,1566000.0,1566000.0,0.0,1566000.0,0.0,64727000.0,0.0,0.0,0.0,31419000.0,96146000.0,0.06,96146000.0,31419000.0,31419000.0,-0.32,-0.3,-0.32,1796959000.0,1584417750.0,1796959000.0,7242292327.0,231.0,75.326,161891000.0,0.864,1.0,883841000.0,0.549,0.0,0.0,1421172000.0,1194607000.0,327764000.0,558038000.0,149435000.0,408603000.0,533212000.0,533212000.0,0.0,7720504327.0,60484000.0,-19925000.0,49556000.0,-14871000.0,0.0,34685000.0,-251729000.0,-123592000.0,270103000.0,7425000.0,-63162000.0,-63162000.0,-63162000.0,0.0,0.0,-0.039,586879000.0,296962000.0,59135000.0,0.0,4.296,-122.233,-128.719,228069000.0,0.0,41.19,4.8,4.796,547388000.0,1082664000.0,1608538000.0,1608538000.0,280157000.0,-0.031,-0.04,0.026,0.02,0.0,305360000.0,1.0,187436376.0,187282000,195975000.0,8.589,2330171000.0,0.0,94581000.0,0.0,12.442,1063492000.0
84,KLAC,MRT,2000-06-30,2000-06-30,2000-06-30,2021-08-07,13665000.0,2203503000.0,1900040500.0,1551754000.0,651749000.0,0.789,9.379,-78694000.0,478212000.0,478212000.0,677805000.0,253798000.0,3.136,0.29,0.0,0.0,0.0,0.0,0.0,63338000.0,0.0,0.0,0.0,353077000.0,416415000.0,0.278,416415000.0,353077000.0,353077000.0,1.39,1.32,1.39,1708676000.0,1457187000.0,1708676000.0,10525543274.0,30.0,25.277,173823000.0,0.954,1.0,821007000.0,0.548,0.0,0.0,1230464000.0,1086215750.0,282489000.0,486171000.0,119932000.0,366239000.0,494827000.0,494827000.0,0.0,10891014274.0,206724000.0,-19925000.0,79021000.0,-18316000.0,0.0,60705000.0,-96454000.0,2165000.0,252517000.0,-10044000.0,253798000.0,253798000.0,253798000.0,0.0,0.0,0.169,509466000.0,311541000.0,55016000.0,0.0,6.374,42.912,42.129,199719000.0,0.0,58.56,7.266,7.118,481950000.0,976846000.0,1498812000.0,1498812000.0,246227000.0,0.134,0.174,0.325,0.236,0.0,267877000.0,1.0,185980435.0,182177000,192564000.0,8.227,2203503000.0,164294000.0,99279000.0,0.0,12.095,1056927000.0
85,KLAC,MRT,2000-03-31,2000-03-31,2000-03-31,2021-08-07,3758000.0,1957015000.0,1745389750.0,1287243000.0,669772000.0,0.716,7.961,-85134000.0,379660000.0,379660000.0,589677000.0,187945000.0,2.617,0.336,14189000.0,14189000.0,0.0,14189000.0,0.0,58527000.0,0.0,0.0,0.0,261614000.0,320141000.0,0.256,320141000.0,261614000.0,261614000.0,1.03,0.99,1.03,1465065000.0,1338163750.0,1465065000.0,15128703588.0,58.0,47.256,52070000.0,0.283,1.0,660727000.0,0.528,0.0,0.0,1099594000.0,1022515250.0,255624000.0,508382000.0,99021000.0,409361000.0,491950000.0,491950000.0,0.0,15468476588.0,134475000.0,-10047000.0,74228000.0,-4158000.0,0.0,70070000.0,-63836000.0,38748000.0,137204000.0,-8963000.0,187945000.0,187945000.0,187945000.0,0.0,0.0,0.15,442990000.0,217737000.0,47262000.0,0.0,10.558,82.303,81.796,182406000.0,0.0,84.25,12.371,12.399,403382000.0,885146000.0,1250404000.0,1250404000.0,213643000.0,0.108,0.14,0.256,0.209,0.0,233985000.0,1.0,183602096.0,184026000,195236000.0,6.795,1957015000.0,0.0,73669000.0,0.0,10.634,795293000.0
86,KLAC,MRT,1999-12-31,1999-12-31,1999-12-31,2021-08-07,3761000.0,1778542000.0,1641459000.0,1135788000.0,642754000.0,0.639,7.569,-76205000.0,354918000.0,354918000.0,518985000.0,135380000.0,2.76,0.301,15145000.0,15145000.0,0.0,15145000.0,0.0,55021000.0,0.0,0.0,0.0,188607000.0,243628000.0,0.232,243628000.0,188607000.0,188607000.0,0.75,0.72,0.75,1366971000.0,1271979250.0,1366971000.0,9719885255.0,52.0,39.896,56488000.0,0.313,1.0,529341000.0,0.505,0.0,0.0,1027198000.0,990505250.0,222233000.0,499003000.0,91215000.0,407788000.0,411571000.0,411571000.0,0.0,10020314255.0,177292000.0,-10047000.0,41620000.0,-6960000.0,0.0,34660000.0,20920000.0,101550000.0,132693000.0,-10981000.0,135380000.0,135380000.0,135380000.0,0.0,0.0,0.129,389787000.0,139554000.0,37898000.0,0.0,7.33,74.016,74.267,170674000.0,0.0,55.7,9.558,9.596,316625000.0,811799000.0,1048326000.0,1048326000.0,185645000.0,0.082,0.106,0.19,0.18,0.0,210080000.0,1.0,179897922.0,180607000,190780000.0,5.804,1778542000.0,0.0,53227000.0,0.0,9.848,724217000.0
87,KLAC,MRT,1999-09-30,1999-09-30,1999-09-30,2021-08-07,3837000.0,1661102000.0,1577966500.0,1084347000.0,576755000.0,0.577,7.236,-62902000.0,316869000.0,316869000.0,470521000.0,68534000.0,2.907,0.29,16440000.0,16440000.0,0.0,16440000.0,0.0,49495000.0,0.0,0.0,0.0,91616000.0,141111000.0,0.155,141111000.0,91616000.0,91616000.0,0.38,0.36,0.38,1288036000.0,1227133750.0,1288036000.0,5564241750.0,61.0,39.432,16316000.0,0.092,1.0,440419000.0,0.483,0.0,0.0,987607000.0,991280250.0,206404000.0,436677000.0,83046000.0,353631000.0,373066000.0,373066000.0,0.0,5821162750.0,85042000.0,-10047000.0,10328000.0,-7626000.0,0.0,2702000.0,23678000.0,96627000.0,79218000.0,-20556000.0,68534000.0,68534000.0,68534000.0,0.0,0.0,0.075,405089000.0,35330000.0,29101000.0,0.0,4.519,84.938,85.526,168548000.0,0.0,32.5,6.39,6.35,332280000.0,762550000.0,910940000.0,910940000.0,168491000.0,0.043,0.056,0.092,0.101,0.0,199898000.0,1.0,179112700.0,177992000,187934000.0,5.118,1661102000.0,0.0,23082000.0,0.0,9.332,711281000.0
88,KLAC,MRT,1999-06-30,1999-06-30,1999-06-30,2021-08-07,5183000.0,1584900000.0,1547874750.0,942341000.0,642559000.0,0.545,7.024,-60736000.0,271488000.0,271488000.0,447059000.0,39212000.0,2.675,0.286,14567000.0,14567000.0,0.0,14567000.0,0.0,48217000.0,0.0,0.0,0.0,50309000.0,98526000.0,0.117,98526000.0,50309000.0,50309000.0,0.22,0.21,0.22,1232583000.0,1207004000.0,1232583000.0,5490966830.0,109.0,55.731,61610000.0,0.351,1.0,396122000.0,0.47,0.0,0.0,975662000.0,993414500.0,195679000.0,483695000.0,59574000.0,424121000.0,352317000.0,352317000.0,0.0,5719739830.0,55518000.0,-10047000.0,-7443000.0,-8714000.0,0.0,-16157000.0,-37765000.0,33018000.0,122346000.0,-12906000.0,39212000.0,39212000.0,39212000.0,0.0,0.0,0.047,406456000.0,-10334000.0,35249000.0,0.0,4.64,145.867,147.455,168335000.0,0.0,32.44,6.784,6.751,280070000.0,723048000.0,843181000.0,843181000.0,164699000.0,0.025,0.032,0.051,0.06,0.0,199057000.0,1.0,176317504.0,175474000,183344000.0,4.805,1584900000.0,113037000.0,11097000.0,0.0,9.032,590024000.0
89,KLAC,MRT,1999-03-31,1999-03-31,1999-03-31,2021-08-07,12325000.0,1541292000.0,1538749000.0,892342000.0,648950000.0,0.561,6.829,-38747000.0,245185000.0,245185000.0,457938000.0,16710000.0,2.617,0.284,16412000.0,16412000.0,0.0,16412000.0,0.0,46109000.0,0.0,0.0,0.0,28433000.0,74542000.0,0.086,74542000.0,28433000.0,28433000.0,0.095,0.085,0.095,1200327000.0,1198286750.0,1200327000.0,4106910999.0,144.0,55.095,84727000.0,0.482,1.0,404982000.0,0.469,0.0,0.0,971554000.0,1000305500.0,199877000.0,502494000.0,36382000.0,466112000.0,340965000.0,340965000.0,0.0,4264201999.0,53493000.0,0.0,-13658000.0,-5885000.0,0.0,-19543000.0,-43733000.0,26307000.0,123474000.0,-6705000.0,16710000.0,16710000.0,16710000.0,0.0,0.0,0.019,435258000.0,-30276000.0,29999000.0,0.0,3.553,255.189,255.579,146127000.0,0.0,24.28,4.942,4.945,297185000.0,697201000.0,862920000.0,862920000.0,164291000.0,0.011,0.014,0.028,0.033,0.0,208920000.0,1.0,175626112.0,175760000,185928000.0,4.91,1541292000.0,95263000.0,11723000.0,0.0,8.769,551377000.0
90,KLAC,MRT,1998-12-31,1998-12-31,1998-12-31,2021-08-07,15526000.0,1524572000.0,1529635750.0,852558000.0,672014000.0,0.605,6.789,-40861000.0,177626000.0,177626000.0,481482000.0,24899000.0,2.53,0.284,20335000.0,20335000.0,0.0,20335000.0,0.0,42410000.0,0.0,0.0,0.0,42178000.0,84588000.0,0.091,84588000.0,42178000.0,42178000.0,0.145,0.14,0.145,1187589000.0,1191863500.0,1187589000.0,3580462129.0,85.0,42.328,91277000.0,0.522,1.0,444663000.0,0.48,0.0,0.0,1030298000.0,1007905500.0,209669000.0,556130000.0,70015000.0,486115000.0,336983000.0,336983000.0,0.0,3791835129.0,-13507000.0,0.0,-1243000.0,-5897000.0,0.0,-7140000.0,-129223000.0,-57069000.0,132138000.0,-9282000.0,24899000.0,24899000.0,24899000.0,0.0,0.0,0.027,457195000.0,-12532000.0,23916000.0,0.0,3.193,152.289,149.586,145295000.0,0.0,21.69,4.094,4.097,286010000.0,676419000.0,926145000.0,926145000.0,170842000.0,0.016,0.021,0.042,0.046,0.0,221179000.0,1.0,174819508.0,174926000,174926000.0,5.294,1524572000.0,94252000.0,17279000.0,0.0,8.716,515575000.0
91,KLAC,MRT,1998-09-30,1998-09-30,1998-09-30,2021-08-07,16495000.0,1540735000.0,1519657500.0,900592000.0,640143000.0,0.697,6.913,-51563000.0,231827000.0,231827000.0,526808000.0,94554000.0,2.703,0.276,20454000.0,20454000.0,0.0,20454000.0,0.0,38695000.0,0.0,0.0,0.0,147324000.0,186019000.0,0.176,186019000.0,147324000.0,147324000.0,0.55,0.535,0.55,1207517000.0,1179671500.0,1207517000.0,1978072313.0,13.0,10.634,75590000.0,0.433,1.0,532327000.0,0.503,0.0,0.0,996144000.0,993671500.0,234774000.0,527878000.0,61402000.0,466476000.0,333218000.0,333218000.0,0.0,2172560313.0,-17551000.0,0.0,-2454000.0,-2059000.0,0.0,-4513000.0,-155307000.0,-84973000.0,127153000.0,15116000.0,94554000.0,94554000.0,94554000.0,0.0,0.0,0.089,434961000.0,97366000.0,31348000.0,0.0,1.799,22.977,22.618,139849000.0,0.0,12.44,2.051,2.052,260306000.0,694016000.0,1059135000.0,1059135000.0,179652000.0,0.062,0.08,0.148,0.139,0.0,232835000.0,1.0,174643112.0,174684000,178514000.0,6.063,1540735000.0,91244000.0,52770000.0,0.0,8.82,567374000.0
92,KLAC,MRT,1998-06-30,1998-06-30,1998-06-30,2021-08-07,16295000.0,1548397000.0,1445852000.0,956371000.0,592026000.0,0.807,7.037,-64389000.0,215970000.0,215970000.0,554917000.0,134096000.0,2.727,0.293,21482000.0,21482000.0,0.0,21482000.0,0.0,38917000.0,0.0,0.0,0.0,206311000.0,245228000.0,0.21,245228000.0,206311000.0,206311000.0,0.79,0.76,0.79,1197714000.0,1106163500.0,1197714000.0,2232833813.0,11.0,9.105,9771000.0,0.057,1.0,611408000.0,0.524,0.0,0.0,1003226000.0,881863500.0,234565000.0,507511000.0,92343000.0,415168000.0,350683000.0,350683000.0,0.0,2405513813.0,-63255000.0,0.0,18499000.0,-2636000.0,0.0,15863000.0,-172702000.0,-89542000.0,74160000.0,19424000.0,134096000.0,134096000.0,134096000.0,0.0,0.0,0.115,446777000.0,164631000.0,46353000.0,0.0,2.008,17.939,17.525,140937000.0,0.0,13.845,2.062,2.02,304140000.0,683836000.0,1166325000.0,1166325000.0,181903000.0,0.093,0.121,0.234,0.177,0.0,242400000.0,1.0,173746032.0,170194000,177044000.0,6.853,1548397000.0,90729000.0,72215000.0,0.0,9.098,605688000.0
93,KLAC,MRT,1998-03-31,1998-03-31,1998-03-31,2021-08-07,17503000.0,1504839000.0,,881928000.0,622911000.0,,6.911,-66907000.0,191692000.0,191692000.0,549790000.0,131353000.0,2.671,0.281,19012000.0,19012000.0,0.0,19012000.0,0.0,49788000.0,0.0,0.0,0.0,204659000.0,254447000.0,0.214,254447000.0,204659000.0,204659000.0,0.78,0.745,0.78,1174634000.0,,1174634000.0,3045521702.0,15.0,11.969,-27936000.0,-0.164,1.0,639338000.0,0.538,0.0,0.0,1001954000.0,,214010000.0,522875000.0,73060000.0,449815000.0,330205000.0,330205000.0,0.0,3214159702.0,-126677000.0,0.0,34217000.0,-5541000.0,0.0,28676000.0,-208090000.0,-141183000.0,38971000.0,13766000.0,131353000.0,131353000.0,131353000.0,0.0,0.0,0.11,474148000.0,165190000.0,48757000.0,0.0,2.736,24.47,24.519,138425000.0,0.0,19.125,2.703,2.734,331173000.0,673457000.0,1189128000.0,1189128000.0,176373000.0,,,,0.172,0.0,242596000.0,1.0,168060638.0,169970000,175570000.0,6.996,1504839000.0,53953000.0,73306000.0,0.0,8.854,551723000.0
94,KLAC,MRT,1997-12-31,1997-12-31,1997-12-31,2021-08-07,18223000.0,1484659000.0,,919661000.0,564998000.0,,6.726,-58579000.0,191133000.0,191133000.0,532671000.0,139377000.0,2.684,0.304,22495000.0,22495000.0,0.0,22495000.0,0.0,47687000.0,0.0,0.0,0.0,218735000.0,266422000.0,0.228,266422000.0,218735000.0,218735000.0,0.835,0.795,0.835,1138821000.0,,1138821000.0,,,,-576000.0,-0.003,1.0,634639000.0,0.544,0.0,0.0,973362000.0,,195045000.0,493433000.0,89837000.0,403596000.0,345838000.0,342659000.0,3179000.0,3246091223.0,-111455000.0,0.0,31137000.0,-4378000.0,0.0,26759000.0,-206905000.0,-148326000.0,58003000.0,10688000.0,139377000.0,139377000.0,139377000.0,0.0,0.0,0.119,451157000.0,183482000.0,54034000.0,0.0,2.85,23.29,23.132,131045000.0,0.0,19.315,2.781,2.802,376345000.0,644486000.0,1167310000.0,1167310000.0,164758000.0,,,,0.187,0.0,234347000.0,1.0,168060638.0,169314000,176210000.0,6.894,1484659000.0,53557000.0,79358000.0,3179000.0,8.769,577002000.0
95,KLAC,MRT,1997-09-30,1997-09-30,1997-09-30,2021-08-07,,,,,,,,,,,497310000.0,121538000.0,,,,,,,,,,0.0,0.0,195283000.0,,,,195283000.0,195283000.0,0.74,0.7,0.74,,,,,,,,,1.0,585794000.0,0.541,,0.0,,,,,,,,,,,,,,,,,,,,,121538000.0,121538000.0,121538000.0,0.0,0.0,0.112,421786000.0,164008000.0,,0.0,,,45.696,,0.0,33.815,,5.251,,,1083104000.0,1083104000.0,146786000.0,,,,0.18,,222948000.0,1.0,,168190000,177566000.0,6.44,,,73745000.0,,,
96,KLAC,MRT,1997-06-30,1997-06-30,1997-06-30,2021-08-07,13599000.0,1343307000.0,,860007000.0,483300000.0,,6.191,-56793000.0,279225000.0,279225000.0,471910000.0,105396000.0,2.616,0.324,25113000.0,25113000.0,0.0,25113000.0,0.0,52340000.0,0.0,0.0,0.0,173979000.0,226319000.0,0.219,226319000.0,173979000.0,173979000.0,0.645,0.62,0.645,1014613000.0,,1014613000.0,,,,189182000.0,1.154,1.0,559914000.0,0.543,0.0,0.0,760501000.0,,174634000.0,408024000.0,69606000.0,338418000.0,328694000.0,328694000.0,0.0,,77521000.0,0.0,22235000.0,-6752000.0,0.0,15483000.0,-183685000.0,-126892000.0,245975000.0,-252000.0,105396000.0,105396000.0,105396000.0,0.0,0.0,0.102,414082000.0,145832000.0,41155000.0,0.0,,,37.791,117595000.0,0.0,24.375,,3.872,269291000.0,542706000.0,1031824000.0,1031824000.0,134105000.0,,,,0.169,0.0,219425000.0,1.0,,163886000,170406000.0,6.296,1343307000.0,54799000.0,68583000.0,0.0,8.197,531313000.0
97,KLAC,MRT,1997-03-31,1997-03-31,1997-03-31,2021-08-07,,,,,,,,,,,,,,,,,,,,,,0.0,0.0,,,,,,,,,,,,,,,,,,1.0,,,,,,,,,,,,,,,,,,,,,,,,,,,,,,,,,,,,,,,,18.25,,,,,,,,,,,,,,1.0,,165364000,,,,,,,,
98,KLAC,MRT,1996-12-31,1996-12-31,1996-12-31,2021-08-07,,,,,,,,,,,,,,,,,,,,,,0.0,0.0,,,,,,,,,,,,,,,,,,1.0,,,,,,,,,,,,,,,,,,,,,,,,,,,,,,,,,,,,,,,,17.75,,,,,,,,,,,,,,1.0,,164228000,,,,,,,,
99,KLAC,MRT,1996-06-30,1996-06-30,1996-06-30,2021-08-07,,,,,,,,-64589000.0,,,469681000.0,196634000.0,,,,,,,,24967000.0,,0.0,0.0,314100000.0,339067000.0,0.31,339067000.0,314100000.0,314100000.0,1.21,1.17,1.21,,,,,,,46680000.0,0.288,1.0,624811000.0,0.571,,0.0,,,,,,,,,,,49584000.0,0.0,19620000.0,5900000.0,0.0,25520000.0,-89791000.0,-25202000.0,111269000.0,2586000.0,196634000.0,196634000.0,196634000.0,0.0,0.0,0.18,328545000.0,296266000.0,,0.0,,,9.091,,0.0,11.0,,1.631,,,1094492000.0,1094492000.0,115920000.0,,,,0.287,0.0,212625000.0,1.0,,162296000,168390000.0,6.744,,,117466000.0,,,
