None,ticker,dimension,calendardate,datekey,reportperiod,lastupdated,accoci,assets,assetsavg,assetsc,assetsnc,assetturnover,bvps,capex,cashneq,cashnequsd,cor,consolinc,currentratio,de,debt,debtc,debtnc,debtusd,deferredrev,depamor,deposits,divyield,dps,ebit,ebitda,ebitdamargin,ebitdausd,ebitusd,ebt,eps,epsdil,epsusd,equity,equityavg,equityusd,ev,evebit,evebitda,fcf,fcfps,fxusd,gp,grossmargin,intangibles,intexp,invcap,invcapavg,inventory,investments,investmentsc,investmentsnc,liabilities,liabilitiesc,liabilitiesnc,marketcap,ncf,ncfbus,ncfcommon,ncfdebt,ncfdiv,ncff,ncfi,ncfinv,ncfo,ncfx,netinc,netinccmn,netinccmnusd,netincdis,netincnci,netmargin,opex,opinc,payables,payoutratio,pb,pe,pe1,ppnenet,prefdivis,price,ps,ps1,receivables,retearn,revenue,revenueusd,rnd,roa,roe,roic,ros,sbcomp,sgna,sharefactor,sharesbas,shareswa,shareswadil,sps,tangibles,taxassets,taxexp,taxliabilities,tbvps,workingcapital
0,CDW,MRY,2020-12-31,2020-12-31,2020-12-31,2021-08-04,-95800000.0,9344700000.0,8885075000.0,5953500000.0,3391200000.0,2.078,9.096,-158000000.0,1410200000.0,1410200000.0,15257400000.0,788500000.0,1.527,6.204,4096200000.0,70900000.0,4025300000.0,4096200000.0,243700000.0,425600000.0,0.0,0.012,1.54,1157200000.0,1582800000.0,0.086,1582800000.0,1157200000.0,1002300000.0,5.53,5.45,5.53,1297100000.0,1120225000.0,1297100000.0,21677316328.0,19.0,13.696,1156300000.0,8.109,1.0,3210100000.0,0.174,3041000000.0,154900000.0,5091400000.0,5102700000.0,760000000.0,0.0,0.0,0.0,8047600000.0,3898300000.0,4149300000.0,18844416328.0,1256200000.0,-43000000.0,-340600000.0,626500000.0,-219600000.0,138800000.0,-201000000.0,0.0,1314300000.0,4100000.0,788500000.0,788500000.0,788500000.0,0.0,0.0,0.043,2030900000.0,1179200000.0,2613000000.0,0.278,14.528,23.899,23.832,306300000.0,0.0,131.79,1.02,1.018,3592100000.0,-1813400000.0,18467500000.0,18467500000.0,0.0,0.089,0.704,0.227,0.063,42500000.0,2030900000.0,1.0,142988211.0,142600000.0,144800000.0,129.506,6303700000.0,0.0,213800000.0,159500000.0,44.205,2055200000.0
1,CDW,MRY,2019-12-31,2019-12-31,2019-12-31,2021-08-04,-117800000.0,7999400000.0,7825975000.0,4334100000.0,3665300000.0,2.304,6.618,-236300000.0,154000000.0,154000000.0,14992500000.0,736800000.0,1.241,7.33,3448400000.0,34100000.0,3414300000.0,3448400000.0,252200000.0,267100000.0,0.0,0.009,1.265,1109100000.0,1376200000.0,0.076,1376200000.0,1109100000.0,949700000.0,5.08,4.99,5.08,960300000.0,939700000.0,960300000.0,23722544475.0,21.0,17.238,790900000.0,5.451,1.0,3039900000.0,0.169,3147100000.0,159400000.0,4655300000.0,4490900000.0,611200000.0,0.0,0.0,0.0,7039100000.0,3491400000.0,3547700000.0,20523344475.0,-51800000.0,-95100000.0,-657200000.0,112000000.0,-183400000.0,-749800000.0,-331400000.0,0.0,1027200000.0,2200000.0,736800000.0,736800000.0,736800000.0,0.0,0.0,0.041,1906300000.0,1133600000.0,2264900000.0,0.249,21.372,27.855,28.118,494900000.0,0.0,142.84,1.138,1.149,3397300000.0,-2018600000.0,18032400000.0,18032400000.0,0.0,0.094,0.784,0.247,0.062,48500000.0,1906300000.0,1.0,143680653.0,145100000.0,147800000.0,124.276,4852300000.0,0.0,212900000.0,151000000.0,33.441,842700000.0
2,CDW,MRY,2018-12-31,2018-12-31,2018-12-31,2021-08-04,-130600000.0,7167700000.0,7225275000.0,3796800000.0,3370900000.0,2.248,6.463,-86100000.0,205800000.0,205800000.0,13533600000.0,643000000.0,1.355,6.35,3208600000.0,25300000.0,3183300000.0,3208600000.0,178300000.0,265600000.0,0.0,0.011,0.925,989100000.0,1254700000.0,0.077,1254700000.0,989100000.0,840500000.0,4.26,4.19,4.26,975200000.0,1050425000.0,975200000.0,15120565527.0,15.0,12.051,819800000.0,5.433,1.0,2706900000.0,0.167,3175000000.0,148600000.0,4192400000.0,4246875000.0,454300000.0,0.0,0.0,0.0,6192500000.0,2803100000.0,3389400000.0,12156265527.0,61600000.0,0.0,-522300000.0,0.0,-139400000.0,-754800000.0,-86100000.0,0.0,905900000.0,-3400000.0,643000000.0,643000000.0,643000000.0,0.0,0.0,0.04,1719600000.0,987300000.0,2006400000.0,0.217,12.465,18.906,19.026,156100000.0,0.0,81.05,0.749,0.753,2987600000.0,-1892600000.0,16240500000.0,16240500000.0,0.0,0.089,0.612,0.233,0.061,40700000.0,1719600000.0,1.0,149984769.0,150900000.0,153600000.0,107.624,3992700000.0,0.0,197500000.0,197400000.0,26.459,993700000.0
3,CDW,MRY,2017-12-31,2017-12-31,2017-12-31,2021-08-04,-95900000.0,6966700000.0,6971200000.0,3396300000.0,3570400000.0,2.128,6.342,-81100000.0,144200000.0,144200000.0,12382700000.0,523100000.0,1.347,6.068,3235500000.0,25500000.0,3210000000.0,3235500000.0,158800000.0,260900000.0,0.0,0.01,0.69,811200000.0,1072100000.0,0.072,1072100000.0,811200000.0,660700000.0,3.37,3.31,3.37,985600000.0,887125000.0,985600000.0,13968335779.0,17.0,13.029,696600000.0,4.483,1.0,2450200000.0,0.165,3376600000.0,150500000.0,4159300000.0,4246000000.0,411500000.0,0.0,0.0,0.0,5981100000.0,2522100000.0,3459000000.0,10636335779.0,-119500000.0,0.0,-534000000.0,-53200000.0,-106900000.0,-818700000.0,-81100000.0,0.0,777700000.0,2600000.0,523100000.0,523100000.0,523100000.0,0.0,0.0,0.035,1583700000.0,866500000.0,1815700000.0,0.205,10.792,20.333,20.62,161100000.0,0.0,69.49,0.717,0.728,2672300000.0,-1831600000.0,14832900000.0,14832900000.0,0.0,0.075,0.59,0.191,0.055,43700000.0,1583700000.0,1.0,153062826.0,155400000.0,158200000.0,95.45,3590100000.0,0.0,137600000.0,256300000.0,23.102,874200000.0
4,CDW,MRY,2016-12-31,2016-12-31,2016-12-31,2021-08-04,-139600000.0,6948400000.0,6831750000.0,3238100000.0,3710300000.0,2.001,6.391,-63500000.0,263700000.0,263700000.0,11344400000.0,425100000.0,1.42,5.646,3234400000.0,18500000.0,3215900000.0,3234400000.0,172600000.0,254500000.0,0.0,0.009,0.482,819700000.0,1074200000.0,0.079,1074200000.0,819700000.0,673200000.0,2.6,2.56,2.6,1045500000.0,1022325000.0,1045500000.0,11483895566.0,14.0,10.691,540500000.0,3.304,1.0,2328300000.0,0.17,3510600000.0,146500000.0,4127800000.0,4140075000.0,452000000.0,0.0,0.0,0.0,5902900000.0,2280700000.0,3622200000.0,8360795566.0,226100000.0,0.0,-367400000.0,-28000000.0,-78700000.0,-304600000.0,-65900000.0,-2400000.0,604000000.0,-7400000.0,425100000.0,425100000.0,425100000.0,0.0,0.0,0.031,1508300000.0,820000000.0,1653300000.0,0.185,7.997,19.668,20.035,163700000.0,0.0,52.09,0.611,0.623,2403500000.0,-1673800000.0,13672700000.0,13672700000.0,0.0,0.062,0.416,0.198,0.06,39200000.0,1508300000.0,1.0,160506730.0,163600000.0,166000000.0,83.574,3437800000.0,0.0,248100000.0,409800000.0,21.013,957400000.0
5,CDW,MRY,2015-12-31,2015-12-31,2015-12-31,2021-08-04,-61100000.0,6755300000.0,6459150000.0,2790800000.0,3964500000.0,2.011,6.435,-90100000.0,37600000.0,37600000.0,10872900000.0,403100000.0,1.479,5.164,3259700000.0,27200000.0,3232500000.0,3259700000.0,151900000.0,227400000.0,0.0,0.007,0.311,806500000.0,1033900000.0,0.08,1033900000.0,806500000.0,647000000.0,2.37,2.35,2.37,1095900000.0,1035725000.0,1095900000.0,10286598046.0,13.0,9.949,187400000.0,1.1,1.0,2115800000.0,0.163,3776800000.0,159500000.0,4313300000.0,4185675000.0,393100000.0,0.0,0.0,0.0,5659400000.0,1887300000.0,3772100000.0,7116298046.0,-306900000.0,-263800000.0,-230200000.0,-39900000.0,-52900000.0,-226500000.0,-354400000.0,-500000.0,277500000.0,-3500000.0,403100000.0,403100000.0,403100000.0,0.0,0.0,0.031,1373800000.0,742000000.0,1306100000.0,0.131,6.494,17.654,17.738,175400000.0,0.0,42.04,0.548,0.551,2215800000.0,-1651600000.0,12988700000.0,12988700000.0,0.0,0.062,0.389,0.193,0.062,31200000.0,1373800000.0,1.0,169274454.0,170300000.0,171800000.0,76.27,2978500000.0,0.0,243900000.0,507700000.0,17.49,903500000.0
6,CDW,MRY,2014-12-31,2014-12-31,2014-12-31,2021-08-04,-16600000.0,6075900000.0,6035275000.0,2453400000.0,3622500000.0,2.001,5.489,-55000000.0,344500000.0,344500000.0,10153200000.0,244900000.0,1.671,5.488,3166000000.0,15400000.0,3150600000.0,3166000000.0,81300000.0,207900000.0,0.0,0.006,0.196,585000000.0,792900000.0,0.066,792900000.0,585000000.0,387700000.0,1.44,1.42,1.44,936500000.0,857525000.0,936500000.0,8860591960.0,15.0,11.175,380000000.0,2.227,1.0,1921300000.0,0.159,3386400000.0,197300000.0,4043000000.0,3950575000.0,337500000.0,86700000.0,0.0,86700000.0,5139400000.0,1468000000.0,3671400000.0,6056691960.0,156400000.0,0.0,7100000.0,-161300000.0,-33600000.0,-112000000.0,-164800000.0,-88900000.0,435000000.0,-1800000.0,244900000.0,244900000.0,244900000.0,0.0,0.0,0.02,1248300000.0,673000000.0,1036100000.0,0.136,6.467,24.731,24.424,137200000.0,0.0,35.17,0.502,0.497,1716700000.0,-1760500000.0,12074500000.0,12074500000.0,0.0,0.041,0.286,0.148,0.048,16400000.0,1248300000.0,1.0,172211884.0,170600000.0,172800000.0,70.777,2689500000.0,0.0,142800000.0,504100000.0,15.765,985400000.0
7,CDW,MRY,2013-12-31,2013-12-31,2013-12-31,2021-08-04,-6300000.0,5924600000.0,5951650000.0,2213500000.0,3711100000.0,1.809,4.545,-47100000.0,188100000.0,188100000.0,9008300000.0,132800000.0,1.578,7.325,3251200000.0,45400000.0,3205800000.0,3251200000.0,94800000.0,208200000.0,0.0,0.002,0.043,445600000.0,653800000.0,0.061,653800000.0,445600000.0,195500000.0,0.85,0.84,0.85,711700000.0,436075000.0,711700000.0,7076825308.0,16.0,10.824,319200000.0,2.038,1.0,1760300000.0,0.163,3548300000.0,250100000.0,4036800000.0,4237825000.0,382000000.0,0.0,0.0,0.0,5212900000.0,1402600000.0,3810300000.0,4016925308.0,150200000.0,0.0,424500000.0,-569400000.0,-7300000.0,-168300000.0,-47100000.0,0.0,366300000.0,-700000.0,132800000.0,132800000.0,132800000.0,0.0,0.0,0.012,1251700000.0,508600000.0,919400000.0,0.051,5.644,30.248,27.482,131100000.0,0.0,23.36,0.373,0.34,1597300000.0,-1971800000.0,10768600000.0,10768600000.0,0.0,0.022,0.305,0.105,0.041,46600000.0,1251700000.0,1.0,171957419.0,156600000.0,158700000.0,68.765,2376300000.0,0.0,62700000.0,599000000.0,15.174,810900000.0
8,CDW,MRY,2012-12-31,2012-12-31,2012-12-31,2021-08-04,400000.0,5720000000.0,5840500000.0,1834700000.0,3885300000.0,1.734,0.941,-41400000.0,37900000.0,37900000.0,8458600000.0,119000000.0,1.571,40.905,3771000000.0,40000000.0,3731000000.0,3771000000.0,57800000.0,210200000.0,0.0,,0.0,493500000.0,703700000.0,0.069,703700000.0,493500000.0,186100000.0,0.82,0.82,0.82,136500000.0,74100000.0,136500000.0,,,,276000000.0,1.902,1.0,1669600000.0,0.165,3687800000.0,307400000.0,4597100000.0,4610650000.0,314600000.0,0.0,0.0,0.0,5583500000.0,1168200000.0,4415300000.0,,-62000000.0,0.0,-700000.0,-310600000.0,0.0,-338000000.0,-41700000.0,-300000.0,317400000.0,300000.0,119000000.0,119000000.0,119000000.0,0.0,0.0,0.012,1159000000.0,510600000.0,767800000.0,0.0,,,,142700000.0,0.0,,,,1433500000.0,-2073000000.0,10128200000.0,10128200000.0,0.0,0.02,1.606,0.107,0.049,22100000.0,1159000000.0,1.0,144965234.0,145100000.0,145800000.0,69.802,2032200000.0,14100000.0,67100000.0,647100000.0,14.006,666500000.0
9,CDW,MRY,2011-12-31,2011-12-31,2011-12-31,2021-08-04,-2100000.0,5967700000.0,5969800000.0,1897500000.0,4070200000.0,1.608,-0.05,-45700000.0,99900000.0,99900000.0,8018900000.0,17100000.0,1.396,-818.493,4066000000.0,201000000.0,3865000000.0,4066000000.0,45900000.0,204900000.0,0.0,,0.0,352500000.0,557400000.0,0.058,557400000.0,352500000.0,28300000.0,0.12,0.12,0.12,-7300000.0,-37925000.0,-7300000.0,,,,169000000.0,1.167,1.0,1583500000.0,0.165,3844400000.0,324200000.0,4730000000.0,4966950000.0,321700000.0,0.0,0.0,0.0,5975000000.0,1359400000.0,4615600000.0,,63300000.0,0.0,-400000.0,-346500000.0,0.0,-95400000.0,-56000000.0,-10300000.0,214700000.0,0.0,17100000.0,17100000.0,17100000.0,0.0,0.0,0.002,1112800000.0,470700000.0,796500000.0,0.0,,,,154300000.0,0.0,,,,1416600000.0,-2191300000.0,9602400000.0,9602400000.0,0.0,0.003,-0.451,0.071,0.037,19500000.0,1112800000.0,1.0,144728000.0,144800000.0,144900000.0,66.315,2123300000.0,24600000.0,11200000.0,715100000.0,14.664,538100000.0
10,CDW,MRY,2010-12-31,2010-12-31,2010-12-31,2021-08-04,-2200000.0,5943800000.0,5959900000.0,1702300000.0,4241500000.0,1.477,-0.301,-41500000.0,36600000.0,36600000.0,7410400000.0,-29200000.0,1.658,-137.639,4290000000.0,132600000.0,4157400000.0,4290000000.0,28600000.0,209400000.0,0.0,,0.0,354900000.0,564300000.0,0.064,564300000.0,354900000.0,-37000000.0,-0.2,-0.2,-0.2,-43500000.0,-44100000.0,-43500000.0,,,,382200000.0,2.647,1.0,1390800000.0,0.158,4000300000.0,391900000.0,5170000000.0,5443300000.0,292800000.0,0.0,0.0,0.0,5987300000.0,1026900000.0,4960400000.0,,-51400000.0,0.0,0.0,-353300000.0,0.0,-350100000.0,-125400000.0,-84100000.0,423700000.0,400000.0,-29200000.0,-29200000.0,-29200000.0,0.0,0.0,-0.003,1038100000.0,352700000.0,565300000.0,0.0,,,,158100000.0,0.0,,,,1284300000.0,-2208000000.0,8801200000.0,8801200000.0,0.0,-0.005,0.662,0.065,0.04,11500000.0,1038100000.0,1.0,144379151.0,144400000.0,144400000.0,60.95,1943500000.0,52800000.0,-7800000.0,757700000.0,13.459,675400000.0
11,CDW,MRY,2009-12-31,2009-12-31,2009-12-31,2021-08-04,-21300000.0,5976000000.0,,1557800000.0,4418200000.0,,,-15600000.0,88000000.0,88000000.0,6029700000.0,-373400000.0,2.455,-134.691,4621900000.0,22600000.0,4599300000.0,4621900000.0,28900000.0,218200000.0,0.0,,0.0,-29500000.0,188700000.0,0.026,188700000.0,-29500000.0,-461200000.0,,,,-44700000.0,,-44700000.0,,,,92000000.0,,1.0,1132900000.0,0.158,4158800000.0,431700000.0,5716600000.0,,257800000.0,0.0,0.0,0.0,6020700000.0,634500000.0,5386200000.0,,-6400000.0,0.0,0.0,-22900000.0,0.0,-31900000.0,-82600000.0,-72200000.0,107600000.0,500000.0,-373400000.0,-373400000.0,-373400000.0,0.0,0.0,-0.052,1164800000.0,-31900000.0,292300000.0,,,,,165800000.0,0.0,,,,1134500000.0,-2178800000.0,7162600000.0,7162600000.0,0.0,,,,-0.004,15900000.0,923000000.0,1.0,,,,,1817200000.0,40000000.0,-87800000.0,714600000.0,,923300000.0
12,CDW,MRY,2008-12-31,2008-12-31,2008-12-31,2021-08-04,,,,,,,,-41100000.0,,,6710200000.0,-1765100000.0,,,,,,,,218400000.0,,,0.0,-1386900000.0,-1168500000.0,-0.145,-1168500000.0,-1386900000.0,-1777200000.0,,,,,,,,,,133100000.0,,1.0,1361000000.0,0.169,,390300000.0,,,,,,,,,,,78800000.0,0.0,0.0,-32100000.0,0.0,-34600000.0,-60300000.0,-19200000.0,174200000.0,-500000.0,-1765100000.0,-1765100000.0,-1765100000.0,0.0,0.0,-0.219,2748100000.0,-1387100000.0,,,,,,,0.0,,,,,,8071200000.0,8071200000.0,0.0,,,,-0.172,17800000.0,1036100000.0,1.0,,,,,,,-12100000.0,,,
0,CDW,MRQ,2021-06-30,2021-06-30,2021-06-30,2021-08-04,-83200000.0,8990900000.0,,5421600000.0,3569300000.0,,7.502,-17800000.0,501200000.0,501200000.0,4263600000.0,274100000.0,1.438,7.573,4090500000.0,19800000.0,4070700000.0,4090500000.0,325700000.0,46600000.0,0.0,0.009,0.4,406700000.0,453300000.0,0.088,453300000.0,406700000.0,371200000.0,1.96,1.93,1.96,1048800000.0,,1048800000.0,27703748436.0,20.0,16.745,-17500000.0,-0.125,1.0,882800000.0,0.172,3219200000.0,35500000.0,5590900000.0,,888700000.0,0.0,0.0,0.0,7942100000.0,3770100000.0,4172000000.0,24486548436.0,-377400000.0,1300000.0,-372800000.0,-3200000.0,-55800000.0,-399000000.0,19500000.0,36000000.0,300000.0,1800000.0,274100000.0,274100000.0,274100000.0,0.0,0.0,0.053,512900000.0,369900000.0,2582600000.0,0.204,23.347,26.099,26.303,300800000.0,0.0,174.65,1.243,1.24,3801400000.0,-2163500000.0,5146400000.0,5146400000.0,0.0,,,,,20600000.0,512900000.0,1.0,140203541.0,139800000.0,141700000.0,36.813,5771700000.0,0.0,97100000.0,113500000.0,41.285,1651500000.0
1,CDW,MRQ,2021-03-31,2021-03-31,2021-03-31,2021-08-04,-89100000.0,9053500000.0,,5469800000.0,3583700000.0,,8.294,-20700000.0,878600000.0,878600000.0,4042300000.0,232600000.0,1.475,6.736,4095800000.0,19600000.0,4076200000.0,4095800000.0,326500000.0,45200000.0,0.0,0.009,0.4,324500000.0,369700000.0,0.076,369700000.0,324500000.0,288900000.0,1.65,1.63,1.65,1170300000.0,,1170300000.0,26055273996.0,21.0,16.169,323900000.0,2.296,1.0,795200000.0,0.164,3231600000.0,35600000.0,5329800000.0,,745100000.0,0.0,0.0,0.0,7883200000.0,3709300000.0,4173900000.0,23369273996.0,-531600000.0,-212900000.0,-320700000.0,-42900000.0,-56500000.0,-643500000.0,-233600000.0,0.0,344600000.0,900000.0,232600000.0,232600000.0,232600000.0,0.0,0.0,0.048,471800000.0,323400000.0,2395600000.0,0.242,19.969,27.39,27.625,303800000.0,0.0,165.75,1.235,1.236,3630700000.0,-2004600000.0,4837500000.0,4837500000.0,0.0,,,,,15800000.0,471800000.0,1.0,140991095.0,141100000.0,143100000.0,34.284,5821900000.0,0.0,56300000.0,191800000.0,41.261,1760500000.0
2,CDW,MRQ,2020-12-31,2020-12-31,2020-12-31,2021-08-04,-95800000.0,9344700000.0,,5953500000.0,3391200000.0,,9.096,-24400000.0,1410200000.0,1410200000.0,4075300000.0,238300000.0,1.527,6.204,4096200000.0,70900000.0,4025300000.0,4096200000.0,243700000.0,76600000.0,0.0,0.012,0.4,332100000.0,408700000.0,0.082,408700000.0,332100000.0,295000000.0,1.67,1.65,1.67,1297100000.0,,1297100000.0,21677316328.0,19.0,13.696,551500000.0,3.867,1.0,880900000.0,0.178,3041000000.0,37100000.0,5091400000.0,,760000000.0,0.0,0.0,0.0,8047600000.0,3898300000.0,4149300000.0,18844416328.0,160700000.0,-4500000.0,-199800000.0,0.0,-57200000.0,-392900000.0,-28900000.0,0.0,575900000.0,6600000.0,238300000.0,238300000.0,238300000.0,0.0,0.0,0.048,548700000.0,332200000.0,2613000000.0,0.24,14.528,23.899,23.832,306300000.0,0.0,131.79,1.02,1.018,3592100000.0,-1813400000.0,4956200000.0,4956200000.0,0.0,,,,,16500000.0,548700000.0,1.0,142988211.0,142600000.0,145100000.0,34.756,6303700000.0,0.0,56700000.0,159500000.0,44.205,2055200000.0
3,CDW,MRQ,2020-09-30,2020-09-30,2020-09-30,2021-08-04,-130700000.0,9223700000.0,,5759600000.0,3464100000.0,,8.679,-33600000.0,1249500000.0,1249500000.0,3930900000.0,193200000.0,1.501,6.447,4082400000.0,72300000.0,4010100000.0,4082400000.0,246800000.0,132400000.0,0.0,0.013,0.38,290300000.0,422700000.0,0.089,422700000.0,290300000.0,250100000.0,1.36,1.33,1.36,1238500000.0,,1238500000.0,20132404340.0,18.0,13.262,189000000.0,1.324,1.0,825500000.0,0.174,3035200000.0,40200000.0,5184800000.0,,648100000.0,0.0,0.0,0.0,7985200000.0,3836600000.0,4148600000.0,17053304340.0,291100000.0,-38500000.0,0.0,27500000.0,-54100000.0,137400000.0,-72100000.0,0.0,222600000.0,3200000.0,193200000.0,193200000.0,193200000.0,0.0,0.0,0.041,507700000.0,317800000.0,2583200000.0,0.279,13.769,23.177,23.165,401500000.0,0.0,119.53,0.945,0.945,3671800000.0,-1794000000.0,4756400000.0,4756400000.0,0.0,,,,,11600000.0,507700000.0,1.0,142669659.0,142700000.0,144800000.0,33.331,6188500000.0,0.0,56900000.0,131900000.0,43.367,1923000000.0
4,CDW,MRQ,2020-06-30,2020-06-30,2020-06-30,2021-08-04,-151600000.0,8749500000.0,,5235800000.0,3513700000.0,,7.413,-74600000.0,958400000.0,958400000.0,3618500000.0,189100000.0,1.47,7.289,4037500000.0,37900000.0,3999600000.0,4037500000.0,275400000.0,125200000.0,0.0,0.012,0.38,285100000.0,410300000.0,0.094,410300000.0,285100000.0,245400000.0,1.32,1.31,1.32,1055600000.0,,1055600000.0,19921515929.0,18.0,13.583,218200000.0,1.532,1.0,747200000.0,0.171,3025000000.0,39700000.0,5242100000.0,,694800000.0,0.0,0.0,0.0,7693900000.0,3561500000.0,4132400000.0,16534515929.0,744000000.0,0.0,-7100000.0,437500000.0,-54100000.0,524300000.0,-74600000.0,0.0,292800000.0,1500000.0,189100000.0,189100000.0,189100000.0,0.0,0.0,0.043,463800000.0,283400000.0,2288100000.0,0.288,15.664,22.215,22.385,463800000.0,0.0,116.18,0.909,0.909,3382900000.0,-1932500000.0,4365700000.0,4365700000.0,0.0,,,,,5600000.0,463800000.0,1.0,142318092.0,142400000.0,144300000.0,30.658,5724500000.0,0.0,56300000.0,213000000.0,40.2,1674300000.0
5,CDW,MRQ,2020-03-31,2020-03-31,2020-03-31,2021-08-04,-159300000.0,8222400000.0,,4665800000.0,3556600000.0,,6.235,-25400000.0,214400000.0,214400000.0,3632700000.0,167900000.0,1.279,8.242,3601400000.0,33700000.0,3567700000.0,3601400000.0,257600000.0,91400000.0,0.0,0.014,0.38,249700000.0,341100000.0,0.078,341100000.0,249700000.0,211800000.0,1.18,1.16,1.18,889700000.0,,889700000.0,16610701443.0,15.0,11.672,197600000.0,1.385,1.0,756500000.0,0.172,3069700000.0,37900000.0,4892500000.0,,672100000.0,0.0,0.0,0.0,7332700000.0,3647200000.0,3685500000.0,13316301443.0,60400000.0,0.0,-133700000.0,161500000.0,-54200000.0,-130000000.0,-25400000.0,0.0,223000000.0,-7200000.0,167900000.0,167900000.0,167900000.0,0.0,0.0,0.038,510700000.0,245800000.0,2312600000.0,0.322,14.967,17.713,17.868,461400000.0,0.0,93.27,0.721,0.721,3591900000.0,-2067300000.0,4389200000.0,4389200000.0,0.0,,,,,8800000.0,510700000.0,1.0,142771539.0,142700000.0,144900000.0,30.758,5152700000.0,0.0,43900000.0,198200000.0,36.109,1018600000.0
6,CDW,MRQ,2019-12-31,2019-12-31,2019-12-31,2021-08-04,-117800000.0,7999400000.0,,4334100000.0,3665300000.0,,6.701,-161300000.0,154000000.0,154000000.0,3759400000.0,185600000.0,1.241,7.33,3448400000.0,34100000.0,3414300000.0,3448400000.0,252200000.0,69600000.0,0.0,0.009,0.38,274300000.0,343900000.0,0.076,343900000.0,274300000.0,236000000.0,1.3,1.27,1.3,960300000.0,,960300000.0,23722544475.0,21.0,17.238,183600000.0,1.281,1.0,777500000.0,0.171,3147100000.0,38300000.0,4655300000.0,,611200000.0,0.0,0.0,0.0,7039100000.0,3491400000.0,3547700000.0,20523344475.0,-12900000.0,-20100000.0,-163900000.0,24100000.0,-54500000.0,-181300000.0,-181400000.0,0.0,344900000.0,4900000.0,185600000.0,185600000.0,185600000.0,0.0,0.0,0.041,493700000.0,283800000.0,2264900000.0,0.292,21.372,27.855,28.118,494900000.0,0.0,142.84,1.138,1.149,3397300000.0,-2018600000.0,4536900000.0,4536900000.0,0.0,,,,,10800000.0,493700000.0,1.0,143680653.0,143300000.0,146600000.0,31.66,4852300000.0,0.0,50400000.0,151000000.0,33.861,842700000.0
7,CDW,MRQ,2019-09-30,2019-09-30,2019-09-30,2021-08-04,-154100000.0,7703100000.0,,4295300000.0,3407800000.0,,6.471,-31100000.0,166900000.0,166900000.0,4091200000.0,201700000.0,1.325,7.238,3366100000.0,25400000.0,3340700000.0,3366100000.0,212100000.0,68200000.0,0.0,0.01,0.295,303200000.0,371400000.0,0.076,371400000.0,303200000.0,260900000.0,1.39,1.37,1.39,935100000.0,,935100000.0,21005523114.0,19.0,15.642,236700000.0,1.638,1.0,816500000.0,0.166,3132000000.0,42300000.0,4529300000.0,,603600000.0,0.0,0.0,0.0,6768000000.0,3241000000.0,3527000000.0,17834623114.0,-27600000.0,0.0,-161100000.0,11900000.0,-42600000.0,-263300000.0,-31100000.0,0.0,267800000.0,-1000000.0,201700000.0,201700000.0,201700000.0,0.0,0.0,0.041,495900000.0,320600000.0,2311700000.0,0.212,19.072,25.102,25.41,255300000.0,0.0,123.24,1.015,1.014,3331700000.0,-1985400000.0,4907700000.0,4907700000.0,0.0,,,,,12800000.0,495900000.0,1.0,144714566.0,144500000.0,147200000.0,33.963,4571100000.0,0.0,59200000.0,162700000.0,31.634,1054300000.0
8,CDW,MRQ,2019-06-30,2019-06-30,2019-06-30,2021-08-04,-139400000.0,7921900000.0,,4425300000.0,3496600000.0,,6.425,-24500000.0,194500000.0,194500000.0,3856100000.0,196600000.0,1.279,7.463,3365400000.0,25500000.0,3339900000.0,3365400000.0,200800000.0,65000000.0,0.0,0.01,0.295,301700000.0,366700000.0,0.079,366700000.0,301700000.0,261200000.0,1.35,1.33,1.35,936100000.0,,936100000.0,19299841889.0,18.0,14.707,137600000.0,0.944,1.0,773800000.0,0.167,3185200000.0,40500000.0,4447300000.0,,652200000.0,0.0,0.0,0.0,6985800000.0,3460300000.0,3525500000.0,16208441889.0,-96200000.0,-6300000.0,-155100000.0,0.0,-42900000.0,-225000000.0,-30800000.0,0.0,162100000.0,-2500000.0,196600000.0,196600000.0,196600000.0,0.0,0.0,0.042,473500000.0,300300000.0,2521500000.0,0.219,17.315,23.406,23.718,280700000.0,0.0,111.0,0.951,0.949,3373300000.0,-1973600000.0,4629900000.0,4629900000.0,0.0,,,,,12200000.0,473500000.0,1.0,146021999.0,145700000.0,148300000.0,31.777,4736700000.0,0.0,64600000.0,182900000.0,32.51,965000000.0
9,CDW,MRQ,2019-03-31,2019-03-31,2019-03-31,2021-08-04,-127500000.0,7679500000.0,,4132500000.0,3547000000.0,,6.308,-19400000.0,285000000.0,285000000.0,3285800000.0,152900000.0,1.285,7.282,3376400000.0,25700000.0,3350700000.0,3376400000.0,192100000.0,64300000.0,0.0,0.01,0.295,229900000.0,294200000.0,0.074,294200000.0,229900000.0,191600000.0,1.04,1.02,1.04,927300000.0,,927300000.0,17174894622.0,17.0,13.429,233000000.0,1.585,1.0,672100000.0,0.17,3224200000.0,38300000.0,4331700000.0,,590700000.0,0.0,0.0,0.0,6752200000.0,3215000000.0,3537200000.0,14172094622.0,84900000.0,-68700000.0,-177100000.0,76000000.0,-43400000.0,-80200000.0,-88100000.0,0.0,252400000.0,800000.0,152900000.0,152900000.0,152900000.0,0.0,0.0,0.039,443200000.0,228900000.0,2245400000.0,0.284,15.283,21.187,21.559,287300000.0,0.0,96.37,0.854,0.854,3078500000.0,-1972000000.0,3957900000.0,3957900000.0,0.0,,,,,12700000.0,443200000.0,1.0,147059195.0,147000000.0,149200000.0,26.924,4455300000.0,0.0,38700000.0,234000000.0,30.308,917500000.0
10,CDW,MRQ,2018-12-31,2018-12-31,2018-12-31,2021-08-04,-130600000.0,7167700000.0,,3796800000.0,3370900000.0,,6.554,-32700000.0,205800000.0,205800000.0,3381000000.0,159300000.0,1.355,6.35,3208600000.0,25300000.0,3183300000.0,3208600000.0,178300000.0,66900000.0,0.0,0.011,0.295,243700000.0,310600000.0,0.076,310600000.0,243700000.0,206600000.0,1.07,1.05,1.07,975200000.0,,975200000.0,15120565527.0,15.0,12.051,270900000.0,1.821,1.0,693800000.0,0.17,3175000000.0,37100000.0,4192400000.0,,454300000.0,0.0,0.0,0.0,6192500000.0,2803100000.0,3389400000.0,12156265527.0,-49300000.0,0.0,-289800000.0,11200000.0,-43900000.0,-319500000.0,-32700000.0,0.0,303600000.0,-700000.0,159300000.0,159300000.0,159300000.0,0.0,0.0,0.039,450900000.0,242900000.0,2006400000.0,0.276,12.465,18.906,19.026,156100000.0,0.0,81.05,0.749,0.753,2987600000.0,-1892600000.0,4074800000.0,4074800000.0,0.0,,,,,10800000.0,450900000.0,1.0,149984769.0,148800000.0,152100000.0,27.384,3992700000.0,0.0,47300000.0,197400000.0,26.833,993700000.0
11,CDW,MRQ,2018-09-30,2018-09-30,2018-09-30,2021-08-04,-108200000.0,7375400000.0,,3949500000.0,3425900000.0,,7.692,-19800000.0,255100000.0,255100000.0,3659600000.0,183700000.0,1.409,5.354,3219400000.0,32000000.0,3187400000.0,3219400000.0,188500000.0,65800000.0,0.0,0.009,0.21,275000000.0,340800000.0,0.078,340800000.0,275000000.0,238400000.0,1.22,1.2,1.22,1160700000.0,,1160700000.0,16598930984.0,17.0,13.485,250200000.0,1.658,1.0,713600000.0,0.163,3227700000.0,36600000.0,4308100000.0,,481100000.0,0.0,0.0,0.0,6214700000.0,2803900000.0,3410800000.0,13459330984.0,154400000.0,0.0,-56100000.0,-17400000.0,-31700000.0,-97100000.0,-19800000.0,0.0,270000000.0,1300000.0,183700000.0,183700000.0,183700000.0,0.0,0.0,0.042,438800000.0,274800000.0,2017500000.0,0.172,11.596,19.837,19.937,147800000.0,0.0,88.92,0.846,0.843,3020900000.0,-1703500000.0,4373200000.0,4373200000.0,0.0,,,,,10800000.0,438800000.0,1.0,151364496.0,150900000.0,153700000.0,28.981,4147700000.0,0.0,54700000.0,204200000.0,27.486,1145600000.0
12,CDW,MRQ,2018-06-30,2018-06-30,2018-06-30,2021-08-04,-105100000.0,7330100000.0,,3844700000.0,3485400000.0,,7.051,-17700000.0,100700000.0,100700000.0,3490500000.0,173000000.0,1.363,5.858,3240300000.0,38600000.0,3201700000.0,3240300000.0,169900000.0,66300000.0,0.0,0.01,0.21,267000000.0,333300000.0,0.08,333300000.0,267000000.0,229800000.0,1.14,1.12,1.14,1068900000.0,,1068900000.0,15275135786.0,16.0,12.724,92400000.0,0.609,1.0,695600000.0,0.166,3274800000.0,37200000.0,4374900000.0,,576900000.0,0.0,0.0,0.0,6261200000.0,2820000000.0,3441200000.0,12260635786.0,-120300000.0,0.0,-67200000.0,9900000.0,-31800000.0,-207000000.0,-17700000.0,0.0,110100000.0,-5700000.0,173000000.0,173000000.0,173000000.0,0.0,0.0,0.041,430100000.0,265500000.0,2081200000.0,0.184,11.47,19.645,19.801,150300000.0,0.0,80.79,0.792,0.791,2986000000.0,-1780800000.0,4186100000.0,4186100000.0,0.0,,,,,11000000.0,430100000.0,1.0,151759324.0,151600000.0,153900000.0,27.613,4055300000.0,0.0,56800000.0,233300000.0,26.75,1024700000.0
13,CDW,MRQ,2018-03-31,2018-03-31,2018-03-31,2021-08-04,-78500000.0,7027900000.0,,3479900000.0,3548000000.0,,6.55,-15900000.0,221000000.0,221000000.0,3002500000.0,127000000.0,1.347,6.05,3235500000.0,25800000.0,3209700000.0,3235500000.0,193600000.0,66600000.0,0.0,0.011,0.21,203400000.0,270000000.0,0.075,270000000.0,203400000.0,165700000.0,0.83,0.82,0.83,996900000.0,,996900000.0,13808190871.0,15.0,11.866,206300000.0,1.355,1.0,603900000.0,0.167,3347800000.0,37700000.0,4112100000.0,,485800000.0,0.0,0.0,0.0,6031000000.0,2582500000.0,3448500000.0,10716890871.0,76800000.0,0.0,-109200000.0,-3700000.0,-32000000.0,-131200000.0,-15900000.0,0.0,222200000.0,1700000.0,127000000.0,127000000.0,127000000.0,0.0,0.0,0.035,399800000.0,204100000.0,1812200000.0,0.253,10.75,18.103,18.31,153100000.0,0.0,70.31,0.706,0.705,2584200000.0,-1854600000.0,3606400000.0,3606400000.0,0.0,,,,,8100000.0,399800000.0,1.0,152423423.0,152200000.0,154800000.0,23.695,3680100000.0,0.0,38700000.0,287600000.0,24.179,897400000.0
14,CDW,MRQ,2017-12-31,2017-12-31,2017-12-31,2021-08-04,-95900000.0,6966700000.0,,3396300000.0,3570400000.0,,6.454,-22500000.0,144200000.0,144200000.0,3138400000.0,194800000.0,1.347,6.068,3235500000.0,25500000.0,3210000000.0,3235500000.0,158800000.0,65700000.0,0.0,0.01,0.21,221100000.0,286800000.0,0.076,286800000.0,221100000.0,184000000.0,1.27,1.25,1.27,985600000.0,,985600000.0,13968335779.0,17.0,13.029,316100000.0,2.07,1.0,613700000.0,0.164,3376600000.0,37100000.0,4159300000.0,,411500000.0,0.0,0.0,0.0,5981100000.0,2522100000.0,3459000000.0,10636335779.0,46300000.0,0.0,-16700000.0,-195300000.0,-32200000.0,-271100000.0,-22500000.0,0.0,338600000.0,1300000.0,194800000.0,194800000.0,194800000.0,0.0,0.0,0.052,392800000.0,220900000.0,1815700000.0,0.165,10.792,20.333,20.62,161100000.0,0.0,69.49,0.717,0.728,2672300000.0,-1831600000.0,3752100000.0,3752100000.0,0.0,,,,,10100000.0,392800000.0,1.0,153062826.0,152700000.0,155200000.0,24.572,3590100000.0,0.0,-10800000.0,256300000.0,23.511,874200000.0
15,CDW,MRQ,2017-09-30,2017-09-30,2017-09-30,2021-08-04,-101700000.0,7101800000.0,,3492500000.0,3609300000.0,,5.244,-21800000.0,97900000.0,97900000.0,3291000000.0,129300000.0,1.365,7.806,3429900000.0,41500000.0,3388400000.0,3429900000.0,228400000.0,65700000.0,0.0,0.01,0.16,244700000.0,310400000.0,0.079,310400000.0,244700000.0,206900000.0,0.84,0.83,0.84,806500000.0,,806500000.0,13437964300.0,17.0,12.84,41100000.0,0.267,1.0,642200000.0,0.163,3414700000.0,37800000.0,4460400000.0,,549000000.0,0.0,0.0,0.0,6295300000.0,2558700000.0,3736600000.0,10220664300.0,18900000.0,0.0,-170000000.0,133900000.0,-24400000.0,-20900000.0,-21800000.0,0.0,62900000.0,-1300000.0,129300000.0,129300000.0,129300000.0,0.0,0.0,0.033,398200000.0,244000000.0,1765900000.0,0.19,12.673,23.643,24.0,162500000.0,0.0,66.0,0.717,0.712,2692100000.0,-1997200000.0,3933200000.0,3933200000.0,0.0,,,,,10000000.0,398200000.0,1.0,154858550.0,153800000.0,156200000.0,25.573,3687100000.0,0.0,77600000.0,377700000.0,23.973,933800000.0
16,CDW,MRQ,2017-06-30,2017-06-30,2017-06-30,2021-08-04,-115800000.0,7041600000.0,,3396700000.0,3644900000.0,,5.443,-17200000.0,79000000.0,79000000.0,3250900000.0,140900000.0,1.329,7.293,3296300000.0,18500000.0,3277800000.0,3296300000.0,180900000.0,65300000.0,0.0,0.009,0.16,231200000.0,296500000.0,0.076,296500000.0,231200000.0,195300000.0,0.9,0.89,0.9,849100000.0,,849100000.0,12851552972.0,17.0,12.417,-10900000.0,-0.07,1.0,640800000.0,0.165,3445900000.0,35900000.0,4257800000.0,,513600000.0,0.0,0.0,0.0,6192500000.0,2555200000.0,3637300000.0,9822752972.0,-172700000.0,0.0,-178400000.0,12200000.0,-24800000.0,-164500000.0,-17200000.0,0.0,6300000.0,2700000.0,140900000.0,140900000.0,140900000.0,0.0,0.0,0.036,410000000.0,230800000.0,1888000000.0,0.178,11.568,22.902,23.245,160700000.0,0.0,62.53,0.7,0.695,2673100000.0,-1927100000.0,3891700000.0,3891700000.0,0.0,,,,,11500000.0,410000000.0,1.0,157088645.0,156000000.0,159000000.0,24.947,3595700000.0,0.0,54400000.0,373900000.0,23.049,841500000.0
17,CDW,MRQ,2017-03-31,2017-03-31,2017-03-31,2021-08-04,-133500000.0,6774700000.0,,3097600000.0,3677100000.0,,5.692,-19600000.0,251700000.0,251700000.0,2702500000.0,58200000.0,1.394,6.467,3280500000.0,18500000.0,3262000000.0,3280500000.0,205100000.0,64200000.0,0.0,0.009,0.16,114200000.0,178400000.0,0.055,178400000.0,114200000.0,74500000.0,0.36,0.36,0.36,907300000.0,,907300000.0,12167774706.0,16.0,11.852,350300000.0,2.198,1.0,553500000.0,0.17,3474200000.0,39700000.0,4106500000.0,,493400000.0,0.0,0.0,0.0,5867400000.0,2222800000.0,3644600000.0,9197074706.0,-12000000.0,0.0,-168900000.0,-4000000.0,-25500000.0,-362200000.0,-19600000.0,0.0,369900000.0,-100000.0,58200000.0,58200000.0,58200000.0,0.0,0.0,0.018,382800000.0,170700000.0,1509300000.0,0.444,10.137,22.681,23.084,162400000.0,0.0,57.71,0.666,0.666,2225200000.0,-1835400000.0,3256000000.0,3256000000.0,0.0,,,,,12100000.0,382800000.0,1.0,159367089.0,159400000.0,162800000.0,20.427,3300500000.0,0.0,16300000.0,423100000.0,20.706,874800000.0
18,CDW,MRQ,2016-12-31,2016-12-31,2016-12-31,2021-08-04,-139600000.0,6948400000.0,,3238100000.0,3710300000.0,,6.534,-22100000.0,263700000.0,263700000.0,2604200000.0,103900000.0,1.42,5.646,3234400000.0,18500000.0,3215900000.0,3234400000.0,172600000.0,63800000.0,0.0,0.009,0.16,197500000.0,261300000.0,0.082,261300000.0,197500000.0,163600000.0,0.65,0.63,0.65,1045500000.0,,1045500000.0,11483895566.0,14.0,10.691,82600000.0,0.516,1.0,579000000.0,0.182,3510600000.0,33900000.0,4127800000.0,,452000000.0,0.0,0.0,0.0,5902900000.0,2280700000.0,3622200000.0,8360795566.0,145400000.0,0.0,-25300000.0,2600000.0,-25600000.0,66300000.0,-22400000.0,-300000.0,104700000.0,-3200000.0,103900000.0,103900000.0,103900000.0,0.0,0.0,0.033,381000000.0,198000000.0,1653300000.0,0.246,7.997,19.668,20.035,163700000.0,0.0,52.09,0.611,0.623,2403500000.0,-1673800000.0,3183200000.0,3183200000.0,0.0,,,,,11100000.0,381000000.0,1.0,160506730.0,160000000.0,163300000.0,19.895,3437800000.0,0.0,59700000.0,409800000.0,21.486,957400000.0
19,CDW,MRQ,2016-09-30,2016-09-30,2016-09-30,2021-08-04,-115800000.0,6772800000.0,,2997800000.0,3775000000.0,,6.11,-15700000.0,118300000.0,118300000.0,3093900000.0,125900000.0,1.41,5.838,3241400000.0,18500000.0,3222900000.0,3241400000.0,180100000.0,63000000.0,0.0,0.009,0.107,235800000.0,298800000.0,0.081,298800000.0,235800000.0,198200000.0,0.78,0.76,0.78,990500000.0,,990500000.0,10579449174.0,13.0,10.024,170500000.0,1.052,1.0,614300000.0,0.166,3578500000.0,37600000.0,4190600000.0,,451600000.0,0.0,0.0,0.0,5782300000.0,2126800000.0,3655500000.0,7468349174.0,-11100000.0,0.0,-127300000.0,-16400000.0,-17400000.0,-178200000.0,-17800000.0,-2100000.0,186200000.0,-1300000.0,125900000.0,125900000.0,125900000.0,0.0,0.0,0.034,376800000.0,237500000.0,1475400000.0,0.137,7.54,18.193,18.365,162500000.0,0.0,45.73,0.537,0.533,2289200000.0,-1738900000.0,3708200000.0,3708200000.0,0.0,,,,,10000000.0,376800000.0,1.0,163313999.0,162100000.0,164900000.0,22.876,3194300000.0,0.0,72300000.0,436100000.0,19.706,871000000.0
20,CDW,MRQ,2016-06-30,2016-06-30,2016-06-30,2021-08-04,-104000000.0,6887900000.0,,3075300000.0,3812600000.0,,6.146,-14700000.0,129400000.0,129400000.0,3054100000.0,117500000.0,1.412,5.797,3240500000.0,26100000.0,3214400000.0,3240500000.0,144600000.0,63700000.0,0.0,0.01,0.107,224400000.0,288100000.0,0.079,288100000.0,224400000.0,187500000.0,0.71,0.7,0.71,1013400000.0,,1013400000.0,9641327437.0,11.0,8.755,-129400000.0,-0.785,1.0,610500000.0,0.167,3637000000.0,36900000.0,4184300000.0,,487300000.0,0.0,0.0,0.0,5874500000.0,2177700000.0,3696800000.0,6637627437.0,-118800000.0,0.0,-99900000.0,-7000000.0,-17700000.0,13900000.0,-14700000.0,0.0,-114700000.0,-3300000.0,117500000.0,117500000.0,117500000.0,0.0,0.0,0.032,387000000.0,223500000.0,1587900000.0,0.151,6.55,15.241,15.415,163800000.0,0.0,40.08,0.484,0.482,2342800000.0,-1715300000.0,3664600000.0,3664600000.0,0.0,,,,,9500000.0,387000000.0,1.0,165609467.0,164900000.0,166700000.0,22.223,3250900000.0,0.0,70000000.0,467400000.0,19.714,897600000.0
21,CDW,MRQ,2016-03-31,2016-03-31,2016-03-31,2021-08-04,-68900000.0,6717900000.0,,2816300000.0,3901600000.0,,6.216,-11000000.0,248200000.0,248200000.0,2592200000.0,77800000.0,1.449,5.46,3251900000.0,26900000.0,3225000000.0,3251900000.0,166300000.0,64000000.0,0.0,0.008,0.107,162000000.0,226000000.0,0.073,226000000.0,162000000.0,123900000.0,0.47,0.46,0.47,1039900000.0,,1039900000.0,10183311784.0,12.0,9.468,416800000.0,2.491,1.0,524500000.0,0.168,3720600000.0,38100000.0,4057600000.0,,460400000.0,0.0,0.0,0.0,5678000000.0,1943400000.0,3734600000.0,6961211784.0,210600000.0,0.0,-114900000.0,-7200000.0,-18000000.0,-206600000.0,-11000000.0,0.0,427800000.0,400000.0,77800000.0,77800000.0,77800000.0,0.0,0.0,0.025,363500000.0,161000000.0,1331500000.0,0.228,6.694,16.333,16.468,168400000.0,0.0,41.5,0.521,0.52,1992900000.0,-1710000000.0,3116700000.0,3116700000.0,0.0,,,,,8600000.0,363500000.0,1.0,167740043.0,167300000.0,168900000.0,18.629,2997300000.0,0.0,46100000.0,538200000.0,17.916,872900000.0
22,CDW,MRQ,2015-12-31,2015-12-31,2015-12-31,2021-08-04,-61100000.0,6755300000.0,,2790800000.0,3964500000.0,,6.504,-46200000.0,37600000.0,37600000.0,2860800000.0,89300000.0,1.479,5.164,3259700000.0,27200000.0,3232500000.0,3259700000.0,151900000.0,62400000.0,0.0,0.007,0.107,180100000.0,242500000.0,0.071,242500000.0,180100000.0,141700000.0,0.53,0.53,0.53,1095900000.0,,1095900000.0,10286598046.0,13.0,9.949,-63600000.0,-0.377,1.0,557600000.0,0.163,3776800000.0,38400000.0,4313300000.0,,393100000.0,0.0,0.0,0.0,5659400000.0,1887300000.0,3772100000.0,7116298046.0,-59900000.0,0.0,-45100000.0,-6700000.0,-18300000.0,3400000.0,-46200000.0,0.0,-17400000.0,300000.0,89300000.0,89300000.0,89300000.0,0.0,0.0,0.026,377700000.0,179900000.0,1306100000.0,0.202,6.494,17.654,17.738,175400000.0,0.0,42.04,0.548,0.551,2215800000.0,-1651600000.0,3418400000.0,3418400000.0,0.0,,,,,11200000.0,377700000.0,1.0,169274454.0,168500000.0,170300000.0,20.287,2978500000.0,0.0,52400000.0,507700000.0,17.677,903500000.0
23,CDW,MRQ,2015-09-30,2015-09-30,2015-09-30,2021-08-04,-45300000.0,6741500000.0,,2734900000.0,4006600000.0,,6.343,-21000000.0,97500000.0,97500000.0,2933900000.0,150900000.0,1.461,5.267,3267800000.0,27500000.0,3240300000.0,3267800000.0,126400000.0,59900000.0,0.0,0.007,0.068,284700000.0,344600000.0,0.098,344600000.0,284700000.0,246200000.0,0.89,0.88,0.89,1075700000.0,,1075700000.0,9788400872.0,13.0,10.069,174800000.0,1.031,1.0,567200000.0,0.162,3842800000.0,38500000.0,4197100000.0,,411400000.0,0.0,0.0,0.0,5665800000.0,1871900000.0,3793900000.0,6954500872.0,-238200000.0,-263800000.0,-98600000.0,-18400000.0,-11400000.0,-146800000.0,-284800000.0,0.0,195800000.0,-2400000.0,150900000.0,150900000.0,150900000.0,0.0,0.0,0.043,362600000.0,204600000.0,1367400000.0,0.076,6.465,19.022,19.005,154400000.0,0.0,40.86,0.551,0.549,2090600000.0,-1674600000.0,3501100000.0,3501100000.0,0.0,,,,,7800000.0,362600000.0,1.0,170203154.0,169600000.0,171000000.0,20.643,2898700000.0,0.0,95300000.0,528100000.0,17.091,863000000.0
24,CDW,MRQ,2015-06-30,2015-06-30,2015-06-30,2021-08-04,-22900000.0,6251200000.0,,2714400000.0,3536800000.0,,5.823,-12900000.0,335700000.0,335700000.0,2779500000.0,108200000.0,1.67,5.278,3169600000.0,15400000.0,3154200000.0,3169600000.0,56500000.0,52600000.0,0.0,0.007,0.068,209900000.0,262500000.0,0.079,262500000.0,209900000.0,172100000.0,0.63,0.63,0.63,995800000.0,,995800000.0,8675979879.0,14.0,10.593,-91600000.0,-0.536,1.0,534500000.0,0.161,3305000000.0,37800000.0,4154500000.0,,436200000.0,95400000.0,0.0,95400000.0,5255400000.0,1625600000.0,3629800000.0,5917179879.0,-111700000.0,0.0,-88700000.0,-3800000.0,-11500000.0,-20400000.0,-12900000.0,0.0,-78700000.0,300000.0,108200000.0,108200000.0,108200000.0,0.0,0.0,0.033,328600000.0,205900000.0,1227200000.0,0.108,5.942,21.891,21.56,134200000.0,0.0,34.28,0.478,0.473,1901200000.0,-1712500000.0,3314000000.0,3314000000.0,0.0,,,,,7500000.0,328600000.0,1.0,172613182.0,171000000.0,172500000.0,19.38,2946200000.0,0.0,63900000.0,470200000.0,17.229,1088800000.0
25,CDW,MRQ,2015-03-31,2015-03-31,2015-03-31,2021-08-04,-27600000.0,6088600000.0,,2485900000.0,3602700000.0,,5.668,-10000000.0,447400000.0,447400000.0,2298700000.0,54700000.0,1.744,5.242,3206200000.0,15400000.0,3190800000.0,3206200000.0,82300000.0,52500000.0,0.0,0.006,0.068,131800000.0,184300000.0,0.067,184300000.0,131800000.0,87000000.0,0.32,0.32,0.32,975500000.0,,975500000.0,9261045429.0,16.0,11.661,167800000.0,0.975,1.0,456500000.0,0.166,3344000000.0,44800000.0,4077800000.0,,357000000.0,86700000.0,0.0,86700000.0,5113100000.0,1425600000.0,3687500000.0,6415545429.0,102900000.0,0.0,2200000.0,-11000000.0,-11700000.0,-62700000.0,-10500000.0,-500000.0,177800000.0,-1700000.0,54700000.0,54700000.0,54700000.0,0.0,0.0,0.02,304900000.0,151600000.0,984900000.0,0.212,6.577,25.796,25.333,135100000.0,0.0,37.24,0.527,0.526,1623000000.0,-1717500000.0,2755200000.0,2755200000.0,0.0,,,,,4700000.0,304900000.0,1.0,172275656.0,172100000.0,173500000.0,16.009,2744600000.0,0.0,32300000.0,524500000.0,15.948,1060300000.0
26,CDW,MRQ,2014-12-31,2014-12-31,2014-12-31,2021-08-04,-16600000.0,6075900000.0,,2453400000.0,3622500000.0,,5.451,-20600000.0,344500000.0,344500000.0,2558200000.0,51800000.0,1.671,5.488,3166000000.0,15400000.0,3150600000.0,3166000000.0,81300000.0,52000000.0,0.0,0.006,0.068,128700000.0,180700000.0,0.059,180700000.0,128700000.0,80100000.0,0.31,0.3,0.31,936500000.0,,936500000.0,8860591960.0,15.0,11.175,63900000.0,0.372,1.0,491900000.0,0.161,3386400000.0,48600000.0,4043000000.0,,337500000.0,86700000.0,0.0,86700000.0,5139400000.0,1468000000.0,3671400000.0,6056691960.0,-13300000.0,0.0,2300000.0,-11400000.0,-11700000.0,11700000.0,-108800000.0,-88200000.0,84500000.0,-700000.0,51800000.0,51800000.0,51800000.0,0.0,0.0,0.017,327600000.0,164300000.0,1036100000.0,0.219,6.467,24.731,24.424,137200000.0,0.0,35.17,0.502,0.497,1716700000.0,-1760500000.0,3050100000.0,3050100000.0,0.0,,,,,4900000.0,327600000.0,1.0,172211884.0,171800000.0,173100000.0,17.754,2689500000.0,0.0,28300000.0,504100000.0,15.655,985400000.0
27,CDW,MRQ,2014-09-30,2014-09-30,2014-09-30,2021-08-04,-11700000.0,6107400000.0,,2516200000.0,3591200000.0,,5.231,-13400000.0,357800000.0,357800000.0,2758800000.0,55600000.0,1.647,5.832,3161700000.0,15400000.0,3146300000.0,3161700000.0,102300000.0,51900000.0,0.0,0.005,0.043,139600000.0,191500000.0,0.059,191500000.0,139600000.0,89500000.0,0.33,0.32,0.33,894000000.0,,894000000.0,8242825236.0,14.0,10.328,161200000.0,0.943,1.0,507300000.0,0.155,3425600000.0,50100000.0,3958100000.0,,423500000.0,0.0,0.0,0.0,5213400000.0,1527600000.0,3685800000.0,5344425236.0,130200000.0,0.0,2000000.0,-12000000.0,-7300000.0,-29000000.0,-14100000.0,-700000.0,174600000.0,-1300000.0,55600000.0,55600000.0,55600000.0,0.0,0.0,0.017,322600000.0,184700000.0,1077600000.0,0.13,5.978,21.116,20.563,131700000.0,0.0,31.05,0.455,0.452,1648600000.0,-1800600000.0,3266100000.0,3266100000.0,0.0,,,,,3900000.0,322600000.0,1.0,172123196.0,170900000.0,173000000.0,19.111,2681800000.0,0.0,33900000.0,520400000.0,15.692,988600000.0
28,CDW,MRQ,2014-06-30,2014-06-30,2014-06-30,2021-08-04,-6500000.0,6045300000.0,,2415300000.0,3630000000.0,,4.964,-11700000.0,227600000.0,227600000.0,2609100000.0,86600000.0,1.579,6.156,3126000000.0,15400000.0,3110600000.0,3126000000.0,77900000.0,52000000.0,0.0,0.004,0.043,185700000.0,237700000.0,0.077,237700000.0,185700000.0,137200000.0,0.51,0.5,0.51,844800000.0,,844800000.0,8350053094.0,17.0,11.761,-82100000.0,-0.482,1.0,496900000.0,0.16,3467100000.0,48500000.0,3947200000.0,,449600000.0,0.0,0.0,0.0,5200500000.0,1529400000.0,3671100000.0,5484353094.0,-79100000.0,0.0,2700000.0,-54500000.0,-7300000.0,2300000.0,-11700000.0,0.0,-70400000.0,700000.0,86600000.0,86600000.0,86600000.0,0.0,0.0,0.028,308700000.0,188200000.0,1121700000.0,0.084,6.492,28.082,27.248,129800000.0,0.0,31.88,0.484,0.479,1685700000.0,-1848900000.0,3106000000.0,3106000000.0,0.0,,,,,4300000.0,308700000.0,1.0,172031151.0,170200000.0,172700000.0,18.249,2578200000.0,0.0,50600000.0,559400000.0,15.148,885900000.0
29,CDW,MRQ,2014-03-31,2014-03-31,2014-03-31,2021-08-04,-10200000.0,5912500000.0,,2247900000.0,3664600000.0,,4.45,-9300000.0,306700000.0,306700000.0,2227100000.0,50900000.0,1.585,6.833,3172400000.0,15400000.0,3157000000.0,3172400000.0,93600000.0,52000000.0,0.0,0.003,0.043,130900000.0,182900000.0,0.069,182900000.0,130900000.0,80800000.0,0.3,0.3,0.3,754800000.0,,754800000.0,7781525361.0,17.0,11.647,237000000.0,1.397,1.0,425200000.0,0.16,3505700000.0,50100000.0,3854000000.0,,388400000.0,0.0,0.0,0.0,5157700000.0,1418500000.0,3739200000.0,4718425361.0,118600000.0,0.0,100000.0,-83400000.0,-7300000.0,-97000000.0,-30200000.0,0.0,246300000.0,-500000.0,50900000.0,50900000.0,50900000.0,0.0,0.0,0.019,289400000.0,135800000.0,933900000.0,0.143,6.251,30.363,28.0,129900000.0,0.0,27.44,0.429,0.423,1499500000.0,-1928200000.0,2652300000.0,2652300000.0,0.0,,,,,3300000.0,289400000.0,1.0,171954277.0,169600000.0,172300000.0,15.639,2406800000.0,0.0,29900000.0,619300000.0,14.191,829400000.0
30,CDW,MRQ,2013-12-31,2013-12-31,2013-12-31,2021-08-04,-6300000.0,5924600000.0,,2213500000.0,3711100000.0,,4.214,-16600000.0,188100000.0,188100000.0,2265000000.0,60000000.0,1.578,7.325,3251200000.0,45400000.0,3205800000.0,3251200000.0,94800000.0,51900000.0,0.0,0.002,0.043,134100000.0,186000000.0,0.069,186000000.0,134100000.0,82600000.0,0.37,0.37,0.37,711700000.0,,711700000.0,7076825308.0,16.0,10.824,-21100000.0,-0.125,1.0,448300000.0,0.165,3548300000.0,51500000.0,4036800000.0,,382000000.0,0.0,0.0,0.0,5212900000.0,1402600000.0,3810300000.0,4016925308.0,-162100000.0,0.0,-100000.0,-165500000.0,-7300000.0,-140900000.0,-16600000.0,0.0,-4500000.0,-100000.0,60000000.0,60000000.0,60000000.0,0.0,0.0,0.022,306300000.0,142000000.0,919400000.0,0.116,5.644,30.248,27.482,131100000.0,0.0,23.36,0.373,0.34,1597300000.0,-1971800000.0,2713300000.0,2713300000.0,0.0,,,,,2300000.0,306300000.0,1.0,171957419.0,168900000.0,171900000.0,16.065,2376300000.0,0.0,22600000.0,599000000.0,14.069,810900000.0
31,CDW,MRQ,2013-09-30,2013-09-30,2013-09-30,2021-08-04,-3300000.0,6038800000.0,,2285700000.0,3753100000.0,,3.956,-10500000.0,350200000.0,350200000.0,2405900000.0,-2200000.0,1.527,8.152,3410100000.0,170400000.0,3239700000.0,3410100000.0,82500000.0,52000000.0,0.0,0.0,0.0,51400000.0,103400000.0,0.036,103400000.0,51400000.0,-4800000.0,-0.01,-0.01,-0.01,659800000.0,,659800000.0,7470883515.0,17.0,11.639,153200000.0,0.918,1.0,458400000.0,0.16,3588400000.0,56200000.0,4013800000.0,,353800000.0,0.0,0.0,0.0,5379000000.0,1496500000.0,3882500000.0,3925783515.0,170900000.0,0.0,424700000.0,-349700000.0,0.0,16900000.0,-10500000.0,0.0,163700000.0,800000.0,-2200000.0,-2200000.0,-2200000.0,0.0,0.0,-0.001,365500000.0,92900000.0,897800000.0,0.0,5.95,37.001,31.274,129600000.0,0.0,22.83,0.368,0.357,1507700000.0,-2024400000.0,2864300000.0,2864300000.0,0.0,,,,,40300000.0,365500000.0,1.0,171957228.0,166800000.0,166800000.0,17.172,2450400000.0,10900000.0,-2600000.0,622700000.0,14.691,789200000.0
32,CDW,MRQ,2013-06-30,2013-06-30,2013-06-30,2021-08-04,-5300000.0,6020500000.0,,2233700000.0,3786800000.0,,1.438,-11200000.0,179300000.0,179300000.0,2327700000.0,46700000.0,1.546,27.806,3724400000.0,13500000.0,3710900000.0,3724400000.0,96900000.0,52300000.0,0.0,0.0,0.0,143500000.0,195800000.0,0.07,195800000.0,143500000.0,73200000.0,0.32,0.32,0.32,209000000.0,,209000000.0,6235462000.0,12.0,8.521,-12100000.0,-0.083,1.0,451600000.0,0.162,3611100000.0,70300000.0,4509300000.0,,378500000.0,0.0,0.0,0.0,5811500000.0,1445200000.0,4366300000.0,2701762000.0,32200000.0,0.0,0.0,38900000.0,0.0,45200000.0,-11200000.0,0.0,-900000.0,-900000.0,46700000.0,46700000.0,46700000.0,0.0,0.0,0.017,298000000.0,153600000.0,1053500000.0,0.0,12.927,18.467,18.62,132700000.0,0.0,18.62,0.259,0.26,1555600000.0,-1998100000.0,2779300000.0,2779300000.0,0.0,,,,,2100000.0,298000000.0,1.0,145100000.0,145300000.0,146700000.0,19.128,2409400000.0,12100000.0,26500000.0,624100000.0,16.582,788500000.0
33,CDW,MRQ,2013-03-31,2013-03-31,2013-03-31,2021-08-04,-2000000.0,5822700000.0,,1986100000.0,3836600000.0,,1.128,-8800000.0,147100000.0,147100000.0,2009700000.0,28300000.0,1.513,34.548,3680800000.0,0.0,3680800000.0,3680800000.0,66000000.0,52000000.0,0.0,,0.0,116600000.0,168600000.0,0.07,168600000.0,116600000.0,44500000.0,0.19,0.19,0.19,163800000.0,,163800000.0,,,,199200000.0,1.372,1.0,402000000.0,0.167,3652100000.0,72100000.0,4391400000.0,,358400000.0,0.0,0.0,0.0,5658900000.0,1312900000.0,4346000000.0,,109200000.0,0.0,-100000.0,-93100000.0,0.0,-89500000.0,-8800000.0,0.0,208000000.0,-500000.0,28300000.0,28300000.0,28300000.0,0.0,0.0,0.012,281900000.0,120100000.0,895000000.0,0.0,,,,134000000.0,0.0,,,,1416000000.0,-2044800000.0,2411700000.0,2411700000.0,0.0,,,,,1900000.0,281900000.0,1.0,144989672.0,145200000.0,146100000.0,16.61,2170600000.0,13100000.0,16200000.0,649100000.0,14.949,673200000.0
34,CDW,MRQ,2012-12-31,2012-12-31,2012-12-31,2021-08-04,400000.0,5720000000.0,,1834700000.0,3885300000.0,,0.939,-16000000.0,37900000.0,37900000.0,2175600000.0,33300000.0,1.571,40.905,3771000000.0,40000000.0,3731000000.0,3771000000.0,57800000.0,51100000.0,0.0,,0.0,123000000.0,174100000.0,0.067,174100000.0,123000000.0,48100000.0,0.23,0.23,0.23,136500000.0,,136500000.0,,,,-65700000.0,-0.452,1.0,425400000.0,0.164,3687800000.0,74900000.0,4597100000.0,,314600000.0,0.0,0.0,0.0,5583500000.0,1168200000.0,4415300000.0,,-155100000.0,0.0,-300000.0,-106300000.0,0.0,-88700000.0,-16300000.0,-300000.0,-49700000.0,-400000.0,33300000.0,33300000.0,33300000.0,0.0,0.0,0.013,294500000.0,130900000.0,767800000.0,0.0,,,,142700000.0,0.0,,,,1433500000.0,-2073000000.0,2601000000.0,2601000000.0,0.0,,,,,4100000.0,294500000.0,1.0,144965234.0,145400000.0,145800000.0,17.889,2032200000.0,14100000.0,14800000.0,647100000.0,13.977,666500000.0
35,CDW,MRQ,2012-09-30,2012-09-30,2012-09-30,2021-08-04,1300000.0,5985100000.0,,2060000000.0,3925100000.0,,0.677,-9700000.0,193000000.0,193000000.0,2190600000.0,38000000.0,1.565,59.948,3871200000.0,0.0,3871200000.0,3871200000.0,49900000.0,53400000.0,0.0,,0.0,139900000.0,193300000.0,0.074,193300000.0,139900000.0,63200000.0,0.26,0.26,0.26,98200000.0,,98200000.0,,,,52700000.0,0.363,1.0,432700000.0,0.165,3726500000.0,76700000.0,4620600000.0,,346900000.0,0.0,0.0,0.0,5886900000.0,1316200000.0,4570700000.0,,34300000.0,0.0,-100000.0,0.0,0.0,-19200000.0,-9700000.0,0.0,62400000.0,800000.0,38000000.0,38000000.0,38000000.0,0.0,0.0,0.014,293000000.0,139700000.0,925100000.0,0.0,,,,139300000.0,0.0,,,,1448700000.0,-2106000000.0,2623300000.0,2623300000.0,0.0,,,,,6500000.0,293000000.0,1.0,144911642.0,145100000.0,145900000.0,18.079,2258600000.0,20200000.0,25200000.0,665900000.0,15.566,743800000.0
36,CDW,MRQ,2012-06-30,2012-06-30,2012-06-30,2021-08-04,-1800000.0,5935500000.0,,1964300000.0,3971200000.0,,0.352,-7400000.0,158700000.0,158700000.0,2157800000.0,36800000.0,1.514,115.155,3871400000.0,0.0,3871400000.0,3871400000.0,66100000.0,53200000.0,0.0,,0.0,136600000.0,189800000.0,0.073,189800000.0,136600000.0,59700000.0,0.25,0.25,0.25,51100000.0,,51100000.0,,,,74300000.0,0.512,1.0,426900000.0,0.165,3766200000.0,76900000.0,4584500000.0,,321600000.0,0.0,0.0,0.0,5884400000.0,1297500000.0,4586900000.0,,122200000.0,0.0,0.0,-200000.0,0.0,48300000.0,-7400000.0,0.0,81700000.0,-400000.0,36800000.0,36800000.0,36800000.0,0.0,0.0,0.014,290500000.0,136400000.0,941500000.0,0.0,,,,142300000.0,0.0,,,,1399000000.0,-2143900000.0,2584700000.0,2584700000.0,0.0,,,,,5800000.0,290500000.0,1.0,144728000.0,145100000.0,145800000.0,17.813,2169300000.0,21500000.0,22900000.0,684200000.0,14.95,666800000.0
37,CDW,MRQ,2012-03-31,2012-03-31,2012-03-31,2021-08-04,-200000.0,5721400000.0,,1701300000.0,4020100000.0,,0.073,-8300000.0,36500000.0,36500000.0,1934600000.0,10900000.0,1.536,538.755,3871600000.0,0.0,3871600000.0,3871600000.0,34900000.0,52500000.0,0.0,,0.0,94000000.0,146500000.0,0.063,146500000.0,94000000.0,15100000.0,,,,10600000.0,,10600000.0,,,,214700000.0,1.483,1.0,384600000.0,0.166,3808400000.0,78900000.0,4640400000.0,,346800000.0,0.0,0.0,0.0,5710800000.0,1107700000.0,4603100000.0,,-63400000.0,0.0,-300000.0,-204100000.0,0.0,-278400000.0,-8300000.0,0.0,223000000.0,300000.0,10900000.0,10900000.0,10900000.0,0.0,0.0,0.005,281000000.0,103600000.0,725400000.0,,,,,146100000.0,0.0,,,,1249900000.0,-2180700000.0,2319200000.0,2319200000.0,0.0,,,,,5700000.0,281000000.0,1.0,144728000.0,144728000.0,,16.025,1913000000.0,23100000.0,4200000.0,708100000.0,13.218,593600000.0
38,CDW,MRQ,2011-12-31,2011-12-31,2011-12-31,2021-08-04,-2100000.0,5967700000.0,,1897500000.0,4070200000.0,,-0.05,-19800000.0,99900000.0,99900000.0,2067000000.0,19000000.0,1.396,-818.493,4066000000.0,201000000.0,3865000000.0,4066000000.0,45900000.0,51300000.0,0.0,,0.0,110800000.0,162100000.0,0.065,162100000.0,110800000.0,29900000.0,,,,-7300000.0,,-7300000.0,,,,23400000.0,0.162,1.0,412300000.0,0.166,3844400000.0,80900000.0,4730000000.0,,321700000.0,0.0,0.0,0.0,5975000000.0,1359400000.0,4615600000.0,,74000000.0,0.0,-200000.0,-5100000.0,0.0,49500000.0,-19800000.0,0.0,43200000.0,1100000.0,19000000.0,19000000.0,19000000.0,0.0,0.0,0.008,301200000.0,111100000.0,796500000.0,,,,,154300000.0,0.0,,,,1416600000.0,-2191300000.0,2479300000.0,2479300000.0,0.0,,,,,7200000.0,301200000.0,1.0,144728000.0,144800000.0,,17.122,2123300000.0,24600000.0,10900000.0,715100000.0,14.664,538100000.0
39,CDW,MRQ,2011-09-30,2011-09-30,2011-09-30,2021-08-04,-4400000.0,5965000000.0,,1862100000.0,4102900000.0,,-0.245,-9200000.0,25900000.0,25900000.0,2161400000.0,37100000.0,1.588,-169.028,4071000000.0,0.0,4071000000.0,4071000000.0,39000000.0,51200000.0,0.0,,0.0,140200000.0,191400000.0,0.074,191400000.0,140200000.0,54700000.0,,,,-35500000.0,,-35500000.0,,,,32500000.0,0.225,1.0,420000000.0,0.163,3880300000.0,85500000.0,4957000000.0,,315100000.0,0.0,0.0,0.0,6000500000.0,1172800000.0,4827700000.0,,-18700000.0,0.0,0.0,-155000000.0,0.0,-49200000.0,-9700000.0,-500000.0,41700000.0,-1500000.0,37100000.0,37100000.0,37100000.0,0.0,0.0,0.014,280300000.0,139700000.0,786900000.0,,,,,147900000.0,0.0,,,,1443100000.0,-2210100000.0,2581400000.0,2581400000.0,0.0,,,,,4200000.0,280300000.0,1.0,144637965.0,144637965.0,,17.847,2084700000.0,29300000.0,17600000.0,724300000.0,14.413,689300000.0
40,CDW,MRQ,2011-06-30,2011-06-30,2011-06-30,2021-08-04,2700000.0,6021900000.0,,1866800000.0,4155100000.0,,-0.479,-8300000.0,44600000.0,44600000.0,2011300000.0,-34800000.0,1.711,-87.896,4226000000.0,0.0,4226000000.0,4226000000.0,49000000.0,50800000.0,0.0,,0.0,12500000.0,63300000.0,0.026,63300000.0,12500000.0,-53200000.0,,,,-69300000.0,,-69300000.0,,,,-20100000.0,-0.139,1.0,400800000.0,0.166,3923200000.0,65700000.0,5189000000.0,,348900000.0,0.0,0.0,0.0,6091200000.0,1091100000.0,5000100000.0,,-29100000.0,0.0,-200000.0,-42900000.0,0.0,-6900000.0,-10300000.0,-2000000.0,-11800000.0,-100000.0,-34800000.0,-34800000.0,-34800000.0,0.0,0.0,-0.014,272600000.0,128200000.0,772700000.0,,,,,150800000.0,0.0,,,,1366000000.0,-2247200000.0,2412100000.0,2412100000.0,0.0,,,,,4100000.0,272600000.0,1.0,144560792.0,144560792.0,,16.686,2098700000.0,50600000.0,-18400000.0,736200000.0,14.518,775700000.0
41,CDW,MRQ,2011-03-31,2011-03-31,2011-03-31,2021-08-04,2200000.0,5924600000.0,,1730100000.0,4194500000.0,,-0.274,-8400000.0,73700000.0,73700000.0,1779200000.0,-4200000.0,1.658,-150.611,4145700000.0,21000000.0,4124700000.0,4145700000.0,36900000.0,51600000.0,0.0,,0.0,89000000.0,140600000.0,0.066,140600000.0,89000000.0,-3100000.0,,,,-39600000.0,,-39600000.0,,,,133200000.0,0.922,1.0,350400000.0,0.165,3961200000.0,92100000.0,4991800000.0,,308700000.0,0.0,0.0,0.0,5964200000.0,1043600000.0,4920600000.0,,37100000.0,0.0,0.0,-143500000.0,0.0,-88800000.0,-16200000.0,-7800000.0,141600000.0,500000.0,-4200000.0,-4200000.0,-4200000.0,0.0,0.0,-0.002,258700000.0,91700000.0,638600000.0,,,,,154900000.0,0.0,,,,1252600000.0,-2212200000.0,2129600000.0,2129600000.0,0.0,,,,,4000000.0,258700000.0,1.0,144509344.0,144509344.0,,14.737,1963400000.0,50600000.0,1100000.0,748100000.0,13.587,686500000.0
42,CDW,MRQ,2010-12-31,2010-12-31,2010-12-31,2021-08-04,-2200000.0,5943800000.0,,1702300000.0,4241500000.0,,-0.301,-23200000.0,36600000.0,36600000.0,1912700000.0,-24100000.0,1.658,-137.639,4290000000.0,132600000.0,4157400000.0,4290000000.0,28600000.0,50900000.0,0.0,,0.0,73900000.0,124800000.0,0.055,124800000.0,73900000.0,-29300000.0,,,,-43500000.0,,-43500000.0,,,,36700000.0,0.254,1.0,356700000.0,0.157,4000300000.0,103200000.0,5170000000.0,,292800000.0,0.0,0.0,0.0,5987300000.0,1026900000.0,4960400000.0,,-30400000.0,0.0,0.0,-51300000.0,0.0,-48100000.0,-42500000.0,-19500000.0,59900000.0,300000.0,-24100000.0,-24100000.0,-24100000.0,0.0,0.0,-0.011,275500000.0,81200000.0,565300000.0,,,,,158100000.0,0.0,,,,1284300000.0,-2208000000.0,2269400000.0,2269400000.0,0.0,,,,,4100000.0,275500000.0,1.0,144379151.0,144400000.0,,15.716,1943500000.0,52800000.0,-5200000.0,757700000.0,13.459,675400000.0
43,CDW,MRQ,2010-09-30,2010-09-30,2010-09-30,2021-08-04,-16200000.0,5974900000.0,,1709600000.0,4265300000.0,,-0.257,-7800000.0,67000000.0,67000000.0,2006000000.0,-300000.0,1.699,-162.049,4293100000.0,22600000.0,4270500000.0,4293100000.0,37700000.0,53400000.0,0.0,,0.0,104800000.0,158200000.0,0.067,158200000.0,104800000.0,-300000.0,,,,-37100000.0,,-37100000.0,,,,95700000.0,0.663,1.0,368400000.0,0.155,4037700000.0,105100000.0,5157000000.0,,304900000.0,0.0,0.0,0.0,6012000000.0,1006300000.0,5005700000.0,,40900000.0,0.0,0.0,-35800000.0,0.0,-35800000.0,-27100000.0,-19300000.0,103500000.0,300000.0,-300000.0,-300000.0,-300000.0,0.0,0.0,0.0,263800000.0,104600000.0,587000000.0,,,,,147700000.0,0.0,,,,1265300000.0,-2183900000.0,2374400000.0,2374400000.0,0.0,,,,,-1000000.0,263800000.0,1.0,144379151.0,144379151.0,,16.446,1937200000.0,23200000.0,0.0,672600000.0,13.417,703300000.0
44,CDW,MRQ,2010-06-30,2010-06-30,2010-06-30,2021-08-04,,,,,,,,-6300000.0,,,1863400000.0,-7000000.0,,,,,,,,52700000.0,,,0.0,95500000.0,148200000.0,0.067,148200000.0,95500000.0,-10900000.0,,,,,,,,,,-59300000.0,,1.0,359900000.0,0.162,,106400000.0,,,,,,,,,,,-41600000.0,0.0,0.0,43300000.0,0.0,43300000.0,-31400000.0,-25100000.0,-53000000.0,-500000.0,-7000000.0,-7000000.0,-7000000.0,0.0,0.0,-0.003,264300000.0,95600000.0,,,,,,,0.0,,,,,,2223300000.0,2223300000.0,0.0,,,,,4100000.0,264300000.0,1.0,,,,,,,-3900000.0,,,
45,CDW,MRQ,2010-03-31,2010-03-31,2010-03-31,2021-08-04,,,,,,,,-4200000.0,,,1628200000.0,2200000.0,,,,,,,,52400000.0,,,0.0,80600000.0,133000000.0,0.069,133000000.0,80600000.0,3500000.0,,,,,,,,,,309100000.0,,1.0,305900000.0,0.158,,77100000.0,,,,,,,,,,,-20300000.0,0.0,0.0,-309500000.0,0.0,-309500000.0,-24400000.0,-20200000.0,313300000.0,300000.0,2200000.0,2200000.0,2200000.0,0.0,0.0,0.001,234600000.0,71300000.0,,,,,,,0.0,,,,,,1934100000.0,1934100000.0,0.0,,,,,4300000.0,234600000.0,1.0,,,,,,,1300000.0,,,
46,CDW,MRQ,2009-12-31,2009-12-31,2009-12-31,2021-08-04,-21300000.0,5976000000.0,,1557800000.0,4418200000.0,,,-8700000.0,88000000.0,88000000.0,1661900000.0,-37400000.0,2.455,-134.691,4621900000.0,22600000.0,4599300000.0,4621900000.0,28900000.0,53100000.0,0.0,,0.0,51500000.0,104600000.0,0.053,104600000.0,51500000.0,-62800000.0,,,,-44700000.0,,-44700000.0,,,,-135300000.0,,1.0,302600000.0,0.154,4158800000.0,114300000.0,5716600000.0,,257800000.0,0.0,0.0,0.0,6020700000.0,634500000.0,5386200000.0,,-157500000.0,0.0,0.0,-17000000.0,0.0,-26100000.0,-4800000.0,-1300000.0,-126600000.0,0.0,-37400000.0,-37400000.0,-37400000.0,0.0,0.0,-0.019,250800000.0,51800000.0,292300000.0,,,,,165800000.0,0.0,,,,1134500000.0,-2178800000.0,1964500000.0,1964500000.0,0.0,,,,,3800000.0,244000000.0,1.0,,,,,1817200000.0,40000000.0,-25400000.0,714600000.0,,923300000.0
47,CDW,MRQ,2009-09-30,2009-09-30,2009-09-30,2021-08-04,,,,,,,,,,,1662100000.0,-25000000.0,,,,,,,,,,,0.0,70700000.0,,,,70700000.0,-37600000.0,,,,,,,,,,,,1.0,301300000.0,0.153,,108300000.0,,,,,,,,,,,,,,,,,,,,,-25000000.0,-25000000.0,-25000000.0,0.0,0.0,-0.013,231000000.0,70300000.0,,,,,,,0.0,,,,,,1963400000.0,1963400000.0,0.0,,,,,,231000000.0,1.0,,,,,,,-12600000.0,,,
0,CDW,MRT,2021-06-30,2021-06-30,2021-06-30,2021-08-04,-83200000.0,8990900000.0,9153200000.0,5421600000.0,3569300000.0,2.152,7.502,-96500000.0,501200000.0,501200000.0,16312100000.0,938200000.0,1.438,7.573,4090500000.0,19800000.0,4070700000.0,4090500000.0,325700000.0,300800000.0,0.0,0.009,1.58,1353600000.0,1654400000.0,0.084,1654400000.0,1353600000.0,1205200000.0,6.64,6.54,6.64,1048800000.0,1188675000.0,1048800000.0,27703748436.0,20.0,16.745,1046900000.0,7.489,1.0,3384400000.0,0.172,3219200000.0,148400000.0,5590900000.0,5299225000.0,888700000.0,0.0,0.0,0.0,7942100000.0,3770100000.0,4172000000.0,24486548436.0,-457200000.0,-254600000.0,-893300000.0,-18600000.0,-223600000.0,-1298000000.0,-315100000.0,36000000.0,1143400000.0,12500000.0,938200000.0,938200000.0,938200000.0,0.0,0.0,0.048,2041100000.0,1343300000.0,2582600000.0,0.238,23.347,26.099,26.303,300800000.0,0.0,174.65,1.243,1.24,3801400000.0,-2163500000.0,19696500000.0,19696500000.0,0.0,0.102,0.789,0.255,0.069,64500000.0,2041100000.0,1.0,140203541.0,139800000.0,141700000.0,140.891,5771700000.0,0.0,267000000.0,113500000.0,41.285,1651500000.0
1,CDW,MRT,2021-03-31,2021-03-31,2021-03-31,2021-08-04,-89100000.0,9053500000.0,9092850000.0,5469800000.0,3583700000.0,2.08,8.294,-153300000.0,878600000.0,878600000.0,15667000000.0,853200000.0,1.475,6.736,4095800000.0,19600000.0,4076200000.0,4095800000.0,326500000.0,379400000.0,0.0,0.009,1.56,1232000000.0,1611400000.0,0.085,1611400000.0,1232000000.0,1079400000.0,6.0,5.92,6.0,1170300000.0,1190375000.0,1170300000.0,26055273996.0,21.0,16.169,1282600000.0,9.09,1.0,3248800000.0,0.172,3231600000.0,152600000.0,5329800000.0,5212025000.0,745100000.0,0.0,0.0,0.0,7883200000.0,3709300000.0,4173900000.0,23369273996.0,664200000.0,-255900000.0,-527600000.0,422100000.0,-221900000.0,-374700000.0,-409200000.0,0.0,1435900000.0,12200000.0,853200000.0,853200000.0,853200000.0,0.0,0.0,0.045,1992000000.0,1256800000.0,2395600000.0,0.26,19.969,27.39,27.625,303800000.0,0.0,165.75,1.235,1.236,3630700000.0,-2004600000.0,18915800000.0,18915800000.0,0.0,0.094,0.717,0.236,0.065,49500000.0,1992000000.0,1.0,140991095.0,141100000.0,143100000.0,134.06,5821900000.0,0.0,226200000.0,191800000.0,41.261,1760500000.0
2,CDW,MRT,2020-12-31,2020-12-31,2020-12-31,2021-08-04,-95800000.0,9344700000.0,8885075000.0,5953500000.0,3391200000.0,2.078,9.096,-158000000.0,1410200000.0,1410200000.0,15257400000.0,788500000.0,1.527,6.204,4096200000.0,70900000.0,4025300000.0,4096200000.0,243700000.0,425600000.0,0.0,0.012,1.54,1157200000.0,1582800000.0,0.086,1582800000.0,1157200000.0,1002300000.0,5.53,5.45,5.53,1297100000.0,1120225000.0,1297100000.0,21677316328.0,19.0,13.696,1156300000.0,8.109,1.0,3210100000.0,0.174,3041000000.0,154900000.0,5091400000.0,5102700000.0,760000000.0,0.0,0.0,0.0,8047600000.0,3898300000.0,4149300000.0,18844416328.0,1256200000.0,-43000000.0,-340600000.0,626500000.0,-219600000.0,138800000.0,-201000000.0,0.0,1314300000.0,4100000.0,788500000.0,788500000.0,788500000.0,0.0,0.0,0.043,2030900000.0,1179200000.0,2613000000.0,0.278,14.528,23.899,23.832,306300000.0,0.0,131.79,1.02,1.018,3592100000.0,-1813400000.0,18467500000.0,18467500000.0,0.0,0.089,0.704,0.227,0.063,42500000.0,2030900000.0,1.0,142988211.0,142600000.0,144800000.0,129.506,6303700000.0,0.0,213800000.0,159500000.0,44.205,2055200000.0
3,CDW,MRT,2020-09-30,2020-09-30,2020-09-30,2021-08-04,-130700000.0,9223700000.0,8548750000.0,5759600000.0,3464100000.0,2.111,8.679,-294900000.0,1249500000.0,1249500000.0,14941500000.0,735800000.0,1.501,6.447,4082400000.0,72300000.0,4010100000.0,4082400000.0,246800000.0,418600000.0,0.0,0.013,1.52,1099400000.0,1518000000.0,0.084,1518000000.0,1099400000.0,943300000.0,5.16,5.07,5.16,1238500000.0,1036025000.0,1238500000.0,20132404340.0,18.0,13.262,788400000.0,5.525,1.0,3106700000.0,0.172,3035200000.0,156100000.0,5184800000.0,4993675000.0,648100000.0,0.0,0.0,0.0,7985200000.0,3836600000.0,4148600000.0,17053304340.0,1082600000.0,-58600000.0,-304700000.0,650600000.0,-216900000.0,350400000.0,-353500000.0,0.0,1083300000.0,2400000.0,735800000.0,735800000.0,735800000.0,0.0,0.0,0.041,1975900000.0,1130800000.0,2583200000.0,0.295,13.769,23.177,23.165,401500000.0,0.0,119.53,0.945,0.945,3671800000.0,-1794000000.0,18048200000.0,18048200000.0,0.0,0.086,0.71,0.22,0.061,36800000.0,1975900000.0,1.0,142669659.0,142700000.0,144800000.0,126.477,6188500000.0,0.0,207500000.0,131900000.0,43.367,1923000000.0
4,CDW,MRT,2020-06-30,2020-06-30,2020-06-30,2021-08-04,-151600000.0,8749500000.0,8168600000.0,5235800000.0,3513700000.0,2.228,7.413,-292400000.0,958400000.0,958400000.0,15101800000.0,744300000.0,1.47,7.289,4037500000.0,37900000.0,3999600000.0,4037500000.0,275400000.0,354400000.0,0.0,0.012,1.435,1112300000.0,1466700000.0,0.081,1466700000.0,1112300000.0,954100000.0,5.19,5.11,5.19,1055600000.0,960175000.0,1055600000.0,19921515929.0,18.0,13.583,836100000.0,5.871,1.0,3097700000.0,0.17,3025000000.0,158200000.0,5242100000.0,4829800000.0,694800000.0,0.0,0.0,0.0,7693900000.0,3561500000.0,4132400000.0,16534515929.0,763900000.0,-20100000.0,-465800000.0,635000000.0,-205400000.0,-50300000.0,-312500000.0,0.0,1128500000.0,-1800000.0,744300000.0,744300000.0,744300000.0,0.0,0.0,0.041,1964100000.0,1133600000.0,2288100000.0,0.276,15.664,22.215,22.385,463800000.0,0.0,116.18,0.909,0.909,3382900000.0,-1932500000.0,18199500000.0,18199500000.0,0.0,0.091,0.775,0.23,0.061,38000000.0,1964100000.0,1.0,142318092.0,142400000.0,144300000.0,127.805,5724500000.0,0.0,209800000.0,213000000.0,40.2,1674300000.0
5,CDW,MRT,2020-03-31,2020-03-31,2020-03-31,2021-08-04,-159300000.0,8222400000.0,7961700000.0,4665800000.0,3556600000.0,2.319,6.235,-242300000.0,214400000.0,214400000.0,15339400000.0,751800000.0,1.279,8.242,3601400000.0,33700000.0,3567700000.0,3601400000.0,257600000.0,294200000.0,0.0,0.014,1.35,1128900000.0,1423100000.0,0.077,1423100000.0,1128900000.0,969900000.0,5.22,5.13,5.22,889700000.0,930300000.0,889700000.0,16610701443.0,15.0,11.672,755500000.0,5.294,1.0,3124300000.0,0.169,3069700000.0,159000000.0,4892500000.0,4631100000.0,672100000.0,0.0,0.0,0.0,7332700000.0,3647200000.0,3685500000.0,13316301443.0,-76300000.0,-26400000.0,-613800000.0,197500000.0,-194200000.0,-799600000.0,-268700000.0,0.0,997800000.0,-5800000.0,751800000.0,751800000.0,751800000.0,0.0,0.0,0.041,1973800000.0,1150500000.0,2312600000.0,0.259,14.967,17.713,17.868,461400000.0,0.0,93.27,0.721,0.721,3591900000.0,-2067300000.0,18463700000.0,18463700000.0,0.0,0.094,0.808,0.244,0.061,44600000.0,1973800000.0,1.0,142771539.0,142700000.0,144900000.0,129.388,5152700000.0,0.0,218100000.0,198200000.0,36.109,1018600000.0
6,CDW,MRT,2019-12-31,2019-12-31,2019-12-31,2021-08-04,-117800000.0,7999400000.0,7825975000.0,4334100000.0,3665300000.0,2.304,6.618,-236300000.0,154000000.0,154000000.0,14992500000.0,736800000.0,1.241,7.33,3448400000.0,34100000.0,3414300000.0,3448400000.0,252200000.0,267100000.0,0.0,0.009,1.265,1109100000.0,1376200000.0,0.076,1376200000.0,1109100000.0,949700000.0,5.08,4.99,5.08,960300000.0,939700000.0,960300000.0,23722544475.0,21.0,17.238,790900000.0,5.451,1.0,3039900000.0,0.169,3147100000.0,159400000.0,4655300000.0,4490900000.0,611200000.0,0.0,0.0,0.0,7039100000.0,3491400000.0,3547700000.0,20523344475.0,-51800000.0,-95100000.0,-657200000.0,112000000.0,-183400000.0,-749800000.0,-331400000.0,0.0,1027200000.0,2200000.0,736800000.0,736800000.0,736800000.0,0.0,0.0,0.041,1906300000.0,1133600000.0,2264900000.0,0.249,21.372,27.855,28.118,494900000.0,0.0,142.84,1.138,1.149,3397300000.0,-2018600000.0,18032400000.0,18032400000.0,0.0,0.094,0.784,0.247,0.062,48500000.0,1906300000.0,1.0,143680653.0,145100000.0,147800000.0,124.276,4852300000.0,0.0,212900000.0,151000000.0,33.441,842700000.0
7,CDW,MRT,2019-09-30,2019-09-30,2019-09-30,2021-08-04,-154100000.0,7703100000.0,7618050000.0,4295300000.0,3407800000.0,2.306,6.471,-107700000.0,166900000.0,166900000.0,14614100000.0,710500000.0,1.325,7.238,3366100000.0,25400000.0,3340700000.0,3366100000.0,212100000.0,264400000.0,0.0,0.01,1.18,1078500000.0,1342900000.0,0.076,1342900000.0,1078500000.0,920300000.0,4.85,4.77,4.85,935100000.0,943425000.0,935100000.0,21005523114.0,19.0,15.642,878200000.0,6.078,1.0,2956200000.0,0.168,3132000000.0,158200000.0,4529300000.0,4375175000.0,603600000.0,0.0,0.0,0.0,6768000000.0,3241000000.0,3527000000.0,17834623114.0,-88200000.0,-75000000.0,-783100000.0,99100000.0,-172800000.0,-888000000.0,-182700000.0,0.0,985900000.0,-3400000.0,710500000.0,710500000.0,710500000.0,0.0,0.0,0.04,1863500000.0,1092700000.0,2311700000.0,0.243,19.072,25.102,25.41,255300000.0,0.0,123.24,1.015,1.014,3331700000.0,-1985400000.0,17570300000.0,17570300000.0,0.0,0.093,0.753,0.247,0.061,48500000.0,1863500000.0,1.0,144714566.0,144500000.0,147200000.0,121.594,4571100000.0,0.0,209800000.0,162700000.0,31.634,1054300000.0
8,CDW,MRT,2019-06-30,2019-06-30,2019-06-30,2021-08-04,-139400000.0,7921900000.0,7536125000.0,4425300000.0,3496600000.0,2.261,6.425,-96400000.0,194500000.0,194500000.0,14182500000.0,692500000.0,1.279,7.463,3365400000.0,25500000.0,3339900000.0,3365400000.0,200800000.0,262000000.0,0.0,0.01,1.095,1050300000.0,1312300000.0,0.077,1312300000.0,1050300000.0,897800000.0,4.68,4.6,4.68,936100000.0,999825000.0,936100000.0,19299841889.0,18.0,14.707,891700000.0,6.12,1.0,2853300000.0,0.167,3185200000.0,152500000.0,4447300000.0,4319875000.0,652200000.0,0.0,0.0,0.0,6985800000.0,3460300000.0,3525500000.0,16208441889.0,93800000.0,-75000000.0,-678100000.0,69800000.0,-161900000.0,-721800000.0,-171400000.0,0.0,988100000.0,-1100000.0,692500000.0,692500000.0,692500000.0,0.0,0.0,0.041,1806400000.0,1046900000.0,2521500000.0,0.234,17.315,23.406,23.718,280700000.0,0.0,111.0,0.951,0.949,3373300000.0,-1973600000.0,17035800000.0,17035800000.0,0.0,0.092,0.693,0.243,0.062,46500000.0,1806400000.0,1.0,146021999.0,145700000.0,148300000.0,116.924,4736700000.0,0.0,205300000.0,182900000.0,32.51,965000000.0
9,CDW,MRT,2019-03-31,2019-03-31,2019-03-31,2021-08-04,-127500000.0,7679500000.0,7388175000.0,4132500000.0,3547000000.0,2.246,6.308,-89600000.0,285000000.0,285000000.0,13816900000.0,668900000.0,1.285,7.282,3376400000.0,25700000.0,3350700000.0,3376400000.0,192100000.0,263300000.0,0.0,0.01,1.01,1015600000.0,1278900000.0,0.077,1278900000.0,1015600000.0,866400000.0,4.47,4.39,4.47,927300000.0,1033025000.0,927300000.0,17174894622.0,17.0,13.429,846500000.0,5.759,1.0,2775100000.0,0.167,3224200000.0,149200000.0,4331700000.0,4301775000.0,590700000.0,0.0,0.0,0.0,6752200000.0,3215000000.0,3537200000.0,14172094622.0,69700000.0,-68700000.0,-590200000.0,79700000.0,-150800000.0,-703800000.0,-158300000.0,0.0,936100000.0,-4300000.0,668900000.0,668900000.0,668900000.0,0.0,0.0,0.04,1763000000.0,1012100000.0,2245400000.0,0.226,15.283,21.187,21.559,287300000.0,0.0,96.37,0.854,0.854,3078500000.0,-1972000000.0,16592000000.0,16592000000.0,0.0,0.091,0.648,0.236,0.061,45300000.0,1763000000.0,1.0,147059195.0,147000000.0,149200000.0,112.871,4455300000.0,0.0,197500000.0,234000000.0,30.308,917500000.0
10,CDW,MRT,2018-12-31,2018-12-31,2018-12-31,2021-08-04,-130600000.0,7167700000.0,7225275000.0,3796800000.0,3370900000.0,2.248,6.463,-86100000.0,205800000.0,205800000.0,13533600000.0,643000000.0,1.355,6.35,3208600000.0,25300000.0,3183300000.0,3208600000.0,178300000.0,265600000.0,0.0,0.011,0.925,989100000.0,1254700000.0,0.077,1254700000.0,989100000.0,840500000.0,4.26,4.19,4.26,975200000.0,1050425000.0,975200000.0,15120565527.0,15.0,12.051,819800000.0,5.433,1.0,2706900000.0,0.167,3175000000.0,148600000.0,4192400000.0,4246875000.0,454300000.0,0.0,0.0,0.0,6192500000.0,2803100000.0,3389400000.0,12156265527.0,61600000.0,0.0,-522300000.0,0.0,-139400000.0,-754800000.0,-86100000.0,0.0,905900000.0,-3400000.0,643000000.0,643000000.0,643000000.0,0.0,0.0,0.04,1719600000.0,987300000.0,2006400000.0,0.217,12.465,18.906,19.026,156100000.0,0.0,81.05,0.749,0.753,2987600000.0,-1892600000.0,16240500000.0,16240500000.0,0.0,0.089,0.612,0.233,0.061,40700000.0,1719600000.0,1.0,149984769.0,150900000.0,153600000.0,107.624,3992700000.0,0.0,197500000.0,197400000.0,26.459,993700000.0
11,CDW,MRT,2018-09-30,2018-09-30,2018-09-30,2021-08-04,-108200000.0,7375400000.0,7175025000.0,3949500000.0,3425900000.0,2.219,7.692,-75900000.0,255100000.0,255100000.0,13291000000.0,678500000.0,1.409,5.354,3219400000.0,32000000.0,3187400000.0,3219400000.0,188500000.0,264400000.0,0.0,0.009,0.84,966500000.0,1230900000.0,0.077,1230900000.0,966500000.0,817900000.0,4.46,4.39,4.46,1160700000.0,1053025000.0,1160700000.0,16598930984.0,17.0,13.485,865000000.0,5.732,1.0,2626800000.0,0.165,3227700000.0,148600000.0,4308100000.0,4238600000.0,481100000.0,0.0,0.0,0.0,6214700000.0,2803900000.0,3410800000.0,13459330984.0,157200000.0,0.0,-249200000.0,-206500000.0,-127700000.0,-706400000.0,-75900000.0,0.0,940900000.0,-1400000.0,678500000.0,678500000.0,678500000.0,0.0,0.0,0.043,1661500000.0,965300000.0,2017500000.0,0.188,11.596,19.837,19.937,147800000.0,0.0,88.92,0.846,0.843,3020900000.0,-1703500000.0,15917800000.0,15917800000.0,0.0,0.095,0.644,0.228,0.061,40000000.0,1661500000.0,1.0,151364496.0,150900000.0,153700000.0,105.486,4147700000.0,0.0,139400000.0,204200000.0,27.486,1145600000.0
12,CDW,MRT,2018-06-30,2018-06-30,2018-06-30,2021-08-04,-105100000.0,7330100000.0,7106625000.0,3844700000.0,3485400000.0,2.178,7.051,-77900000.0,100700000.0,100700000.0,12922400000.0,624100000.0,1.363,5.858,3240300000.0,38600000.0,3201700000.0,3240300000.0,169900000.0,264300000.0,0.0,0.01,0.79,936200000.0,1200500000.0,0.078,1200500000.0,936200000.0,786400000.0,4.08,4.02,4.08,1068900000.0,964475000.0,1068900000.0,15275135786.0,16.0,12.724,655900000.0,4.327,1.0,2555400000.0,0.165,3274800000.0,149800000.0,4374900000.0,4276675000.0,576900000.0,0.0,0.0,0.0,6261200000.0,2820000000.0,3441200000.0,12260635786.0,21700000.0,0.0,-363100000.0,-55200000.0,-120400000.0,-630200000.0,-77900000.0,0.0,733800000.0,-4000000.0,624100000.0,624100000.0,624100000.0,0.0,0.0,0.04,1620900000.0,934500000.0,2081200000.0,0.194,11.47,19.645,19.801,150300000.0,0.0,80.79,0.792,0.791,2986000000.0,-1780800000.0,15477800000.0,15477800000.0,0.0,0.088,0.647,0.219,0.06,39200000.0,1620900000.0,1.0,151759324.0,151600000.0,153900000.0,102.096,4055300000.0,0.0,162300000.0,233300000.0,26.75,1024700000.0
13,CDW,MRT,2018-03-31,2018-03-31,2018-03-31,2021-08-04,-78500000.0,7027900000.0,7034500000.0,3479900000.0,3548000000.0,2.158,6.55,-77400000.0,221000000.0,221000000.0,12682800000.0,592000000.0,1.347,6.05,3235500000.0,25800000.0,3209700000.0,3235500000.0,193600000.0,263300000.0,0.0,0.011,0.74,900400000.0,1163700000.0,0.077,1163700000.0,900400000.0,751900000.0,3.84,3.79,3.84,996900000.0,909525000.0,996900000.0,13808190871.0,15.0,11.866,552600000.0,3.631,1.0,2500600000.0,0.165,3347800000.0,148500000.0,4112100000.0,4247400000.0,485800000.0,0.0,0.0,0.0,6031000000.0,2582500000.0,3448500000.0,10716890871.0,-30700000.0,0.0,-474300000.0,-52900000.0,-113400000.0,-587700000.0,-77400000.0,0.0,630000000.0,4400000.0,592000000.0,592000000.0,592000000.0,0.0,0.0,0.039,1600800000.0,899800000.0,1812200000.0,0.193,10.75,18.103,18.31,153100000.0,0.0,70.31,0.706,0.705,2584200000.0,-1854600000.0,15183400000.0,15183400000.0,0.0,0.084,0.651,0.212,0.059,39700000.0,1600800000.0,1.0,152423423.0,152200000.0,154800000.0,99.76,3680100000.0,0.0,159900000.0,287600000.0,24.179,897400000.0
14,CDW,MRT,2017-12-31,2017-12-31,2017-12-31,2021-08-04,-95900000.0,6966700000.0,6971200000.0,3396300000.0,3570400000.0,2.128,6.342,-81100000.0,144200000.0,144200000.0,12382700000.0,523100000.0,1.347,6.068,3235500000.0,25500000.0,3210000000.0,3235500000.0,158800000.0,260900000.0,0.0,0.01,0.69,811200000.0,1072100000.0,0.072,1072100000.0,811200000.0,660700000.0,3.37,3.31,3.37,985600000.0,887125000.0,985600000.0,13968335779.0,17.0,13.029,696600000.0,4.483,1.0,2450200000.0,0.165,3376600000.0,150500000.0,4159300000.0,4246000000.0,411500000.0,0.0,0.0,0.0,5981100000.0,2522100000.0,3459000000.0,10636335779.0,-119500000.0,0.0,-534000000.0,-53200000.0,-106900000.0,-818700000.0,-81100000.0,0.0,777700000.0,2600000.0,523100000.0,523100000.0,523100000.0,0.0,0.0,0.035,1583700000.0,866500000.0,1815700000.0,0.205,10.792,20.333,20.62,161100000.0,0.0,69.49,0.717,0.728,2672300000.0,-1831600000.0,14832900000.0,14832900000.0,0.0,0.075,0.59,0.191,0.055,43700000.0,1583700000.0,1.0,153062826.0,155400000.0,158200000.0,95.45,3590100000.0,0.0,137600000.0,256300000.0,23.102,874200000.0
15,CDW,MRT,2017-09-30,2017-09-30,2017-09-30,2021-08-04,-101700000.0,7101800000.0,6966625000.0,3492500000.0,3609300000.0,2.047,5.244,-80700000.0,97900000.0,97900000.0,11848600000.0,432300000.0,1.365,7.806,3429900000.0,41500000.0,3388400000.0,3429900000.0,228400000.0,259000000.0,0.0,0.01,0.64,787600000.0,1046600000.0,0.073,1046600000.0,787600000.0,640300000.0,2.75,2.71,2.75,806500000.0,902100000.0,806500000.0,13437964300.0,17.0,12.84,463100000.0,3.011,1.0,2415500000.0,0.169,3414700000.0,147300000.0,4460400000.0,4238125000.0,549000000.0,0.0,0.0,0.0,6295300000.0,2558700000.0,3736600000.0,10220664300.0,-20400000.0,0.0,-542600000.0,144700000.0,-100300000.0,-481300000.0,-81000000.0,-300000.0,543800000.0,-1900000.0,432300000.0,432300000.0,432300000.0,0.0,0.0,0.03,1572000000.0,843500000.0,1765900000.0,0.233,12.673,23.643,24.0,162500000.0,0.0,66.0,0.717,0.712,2692100000.0,-1997200000.0,14264100000.0,14264100000.0,0.0,0.062,0.479,0.186,0.055,44700000.0,1572000000.0,1.0,154858550.0,153800000.0,156200000.0,92.744,3687100000.0,0.0,208000000.0,377700000.0,23.973,933800000.0
16,CDW,MRT,2017-06-30,2017-06-30,2017-06-30,2021-08-04,-115800000.0,7041600000.0,6884375000.0,3396700000.0,3644900000.0,2.039,5.443,-74600000.0,79000000.0,79000000.0,11651500000.0,428900000.0,1.329,7.293,3296300000.0,18500000.0,3277800000.0,3296300000.0,180900000.0,256300000.0,0.0,0.009,0.588,778700000.0,1035000000.0,0.074,1035000000.0,778700000.0,631600000.0,2.69,2.64,2.69,849100000.0,948100000.0,849100000.0,12851552972.0,17.0,12.417,592500000.0,3.798,1.0,2387600000.0,0.17,3445900000.0,147100000.0,4257800000.0,4170675000.0,513600000.0,0.0,0.0,0.0,6192500000.0,2555200000.0,3637300000.0,9822752972.0,-50400000.0,0.0,-499900000.0,-5600000.0,-93300000.0,-638600000.0,-77000000.0,-2400000.0,667100000.0,-1900000.0,428900000.0,428900000.0,428900000.0,0.0,0.0,0.031,1550600000.0,837000000.0,1888000000.0,0.219,11.568,22.902,23.245,160700000.0,0.0,62.53,0.7,0.695,2673100000.0,-1927100000.0,14039100000.0,14039100000.0,0.0,0.062,0.452,0.187,0.055,44700000.0,1550600000.0,1.0,157088645.0,156000000.0,159000000.0,89.994,3595700000.0,0.0,202700000.0,373900000.0,23.049,841500000.0
17,CDW,MRT,2017-03-31,2017-03-31,2017-03-31,2021-08-04,-133500000.0,6774700000.0,6845950000.0,3097600000.0,3677100000.0,2.018,5.692,-72100000.0,251700000.0,251700000.0,11454700000.0,405500000.0,1.394,6.467,3280500000.0,18500000.0,3262000000.0,3280500000.0,205100000.0,254700000.0,0.0,0.009,0.535,771900000.0,1026600000.0,0.074,1026600000.0,771900000.0,623800000.0,2.5,2.45,2.5,907300000.0,989175000.0,907300000.0,12167774706.0,16.0,11.852,474000000.0,2.974,1.0,2357300000.0,0.171,3474200000.0,148100000.0,4106500000.0,4152300000.0,493400000.0,0.0,0.0,0.0,5867400000.0,2222800000.0,3644600000.0,9197074706.0,3500000.0,0.0,-421400000.0,-24800000.0,-86200000.0,-460200000.0,-74500000.0,-2400000.0,546100000.0,-7900000.0,405500000.0,405500000.0,405500000.0,0.0,0.0,0.029,1527600000.0,829700000.0,1509300000.0,0.214,10.137,22.681,23.084,162400000.0,0.0,57.71,0.666,0.666,2225200000.0,-1835400000.0,13812000000.0,13812000000.0,0.0,0.059,0.41,0.186,0.056,42700000.0,1527600000.0,1.0,159367089.0,159400000.0,162800000.0,86.65,3300500000.0,0.0,218300000.0,423100000.0,20.706,874800000.0
18,CDW,MRT,2016-12-31,2016-12-31,2016-12-31,2021-08-04,-139600000.0,6948400000.0,6831750000.0,3238100000.0,3710300000.0,2.001,6.391,-63500000.0,263700000.0,263700000.0,11344400000.0,425100000.0,1.42,5.646,3234400000.0,18500000.0,3215900000.0,3234400000.0,172600000.0,254500000.0,0.0,0.009,0.482,819700000.0,1074200000.0,0.079,1074200000.0,819700000.0,673200000.0,2.6,2.56,2.6,1045500000.0,1022325000.0,1045500000.0,11483895566.0,14.0,10.691,540500000.0,3.304,1.0,2328300000.0,0.17,3510600000.0,146500000.0,4127800000.0,4140075000.0,452000000.0,0.0,0.0,0.0,5902900000.0,2280700000.0,3622200000.0,8360795566.0,226100000.0,0.0,-367400000.0,-28000000.0,-78700000.0,-304600000.0,-65900000.0,-2400000.0,604000000.0,-7400000.0,425100000.0,425100000.0,425100000.0,0.0,0.0,0.031,1508300000.0,820000000.0,1653300000.0,0.185,7.997,19.668,20.035,163700000.0,0.0,52.09,0.611,0.623,2403500000.0,-1673800000.0,13672700000.0,13672700000.0,0.0,0.062,0.416,0.198,0.06,39200000.0,1508300000.0,1.0,160506730.0,163600000.0,166000000.0,83.574,3437800000.0,0.0,248100000.0,409800000.0,21.013,957400000.0
19,CDW,MRT,2016-09-30,2016-09-30,2016-09-30,2021-08-04,-115800000.0,6772800000.0,6783475000.0,2997800000.0,3775000000.0,2.05,6.11,-87600000.0,118300000.0,118300000.0,11601000000.0,410500000.0,1.41,5.838,3241400000.0,18500000.0,3222900000.0,3241400000.0,180100000.0,253100000.0,0.0,0.009,0.43,802300000.0,1055400000.0,0.076,1055400000.0,802300000.0,651300000.0,2.49,2.45,2.49,990500000.0,1034925000.0,990500000.0,10579449174.0,13.0,10.024,394300000.0,2.432,1.0,2306900000.0,0.166,3578500000.0,151000000.0,4190600000.0,4186450000.0,451600000.0,0.0,0.0,0.0,5782300000.0,2126800000.0,3655500000.0,7468349174.0,20800000.0,0.0,-387200000.0,-37300000.0,-71400000.0,-367500000.0,-89700000.0,-2100000.0,481900000.0,-3900000.0,410500000.0,410500000.0,410500000.0,0.0,0.0,0.03,1505000000.0,801900000.0,1475400000.0,0.173,7.54,18.193,18.365,162500000.0,0.0,45.73,0.537,0.533,2289200000.0,-1738900000.0,13907900000.0,13907900000.0,0.0,0.061,0.397,0.192,0.058,39300000.0,1505000000.0,1.0,163313999.0,162100000.0,164900000.0,85.798,3194300000.0,0.0,240800000.0,436100000.0,19.706,871000000.0
20,CDW,MRT,2016-06-30,2016-06-30,2016-06-30,2021-08-04,-104000000.0,6887900000.0,6775650000.0,3075300000.0,3812600000.0,2.022,6.146,-92900000.0,129400000.0,129400000.0,11441000000.0,435500000.0,1.412,5.797,3240500000.0,26100000.0,3214400000.0,3240500000.0,144600000.0,250000000.0,0.0,0.01,0.391,851200000.0,1101200000.0,0.08,1101200000.0,851200000.0,699300000.0,2.6,2.57,2.6,1013400000.0,1056225000.0,1013400000.0,9641327437.0,11.0,8.755,398600000.0,2.417,1.0,2259800000.0,0.165,3637000000.0,151900000.0,4184300000.0,4188075000.0,487300000.0,0.0,0.0,0.0,5874500000.0,2177700000.0,3696800000.0,6637627437.0,-206300000.0,-263800000.0,-358500000.0,-39300000.0,-65400000.0,-336100000.0,-356700000.0,0.0,491500000.0,-5000000.0,435500000.0,435500000.0,435500000.0,0.0,0.0,0.032,1490800000.0,769000000.0,1587900000.0,0.15,6.55,15.241,15.415,163800000.0,0.0,40.08,0.484,0.482,2342800000.0,-1715300000.0,13700800000.0,13700800000.0,0.0,0.064,0.412,0.203,0.062,37100000.0,1490800000.0,1.0,165609467.0,164900000.0,166700000.0,83.086,3250900000.0,0.0,263800000.0,467400000.0,19.714,897600000.0
21,CDW,MRT,2016-03-31,2016-03-31,2016-03-31,2021-08-04,-68900000.0,6717900000.0,6616475000.0,2816300000.0,3901600000.0,2.018,6.216,-91100000.0,248200000.0,248200000.0,11166400000.0,426200000.0,1.449,5.46,3251900000.0,26900000.0,3225000000.0,3251900000.0,166300000.0,238900000.0,0.0,0.008,0.351,836700000.0,1075600000.0,0.081,1075600000.0,836700000.0,683900000.0,2.52,2.5,2.52,1039900000.0,1051825000.0,1039900000.0,10183311784.0,12.0,9.468,436400000.0,2.608,1.0,2183800000.0,0.164,3720600000.0,152800000.0,4057600000.0,4180625000.0,460400000.0,0.0,0.0,0.0,5678000000.0,1943400000.0,3734600000.0,6961211784.0,-199200000.0,-263800000.0,-347300000.0,-36100000.0,-59200000.0,-370400000.0,-354900000.0,0.0,527500000.0,-1400000.0,426200000.0,426200000.0,426200000.0,0.0,0.0,0.032,1432400000.0,751400000.0,1331500000.0,0.139,6.694,16.333,16.468,168400000.0,0.0,41.5,0.521,0.52,1992900000.0,-1710000000.0,13350200000.0,13350200000.0,0.0,0.064,0.405,0.2,0.063,35100000.0,1432400000.0,1.0,167740043.0,167300000.0,168900000.0,79.798,2997300000.0,0.0,257700000.0,538200000.0,17.916,872900000.0
22,CDW,MRT,2015-12-31,2015-12-31,2015-12-31,2021-08-04,-61100000.0,6755300000.0,6459150000.0,2790800000.0,3964500000.0,2.011,6.435,-90100000.0,37600000.0,37600000.0,10872900000.0,403100000.0,1.479,5.164,3259700000.0,27200000.0,3232500000.0,3259700000.0,151900000.0,227400000.0,0.0,0.007,0.311,806500000.0,1033900000.0,0.08,1033900000.0,806500000.0,647000000.0,2.37,2.35,2.37,1095900000.0,1035725000.0,1095900000.0,10286598046.0,13.0,9.949,187400000.0,1.1,1.0,2115800000.0,0.163,3776800000.0,159500000.0,4313300000.0,4185675000.0,393100000.0,0.0,0.0,0.0,5659400000.0,1887300000.0,3772100000.0,7116298046.0,-306900000.0,-263800000.0,-230200000.0,-39900000.0,-52900000.0,-226500000.0,-354400000.0,-500000.0,277500000.0,-3500000.0,403100000.0,403100000.0,403100000.0,0.0,0.0,0.031,1373800000.0,742000000.0,1306100000.0,0.131,6.494,17.654,17.738,175400000.0,0.0,42.04,0.548,0.551,2215800000.0,-1651600000.0,12988700000.0,12988700000.0,0.0,0.062,0.389,0.193,0.062,31200000.0,1373800000.0,1.0,169274454.0,170300000.0,171800000.0,76.27,2978500000.0,0.0,243900000.0,507700000.0,17.49,903500000.0
23,CDW,MRT,2015-09-30,2015-09-30,2015-09-30,2021-08-04,-45300000.0,6741500000.0,6289300000.0,2734900000.0,4006600000.0,2.007,6.343,-64500000.0,97500000.0,97500000.0,10570300000.0,365600000.0,1.461,5.267,3267800000.0,27500000.0,3240300000.0,3267800000.0,126400000.0,217000000.0,0.0,0.007,0.272,755100000.0,972100000.0,0.077,972100000.0,755100000.0,585400000.0,2.15,2.13,2.15,1075700000.0,995875000.0,1075700000.0,9788400872.0,13.0,10.069,314900000.0,1.857,1.0,2050100000.0,0.162,3842800000.0,169700000.0,4197100000.0,4118100000.0,411400000.0,0.0,0.0,0.0,5665800000.0,1871900000.0,3793900000.0,6954500872.0,-260300000.0,-263800000.0,-182800000.0,-44600000.0,-46300000.0,-218200000.0,-417000000.0,-88700000.0,379400000.0,-4500000.0,365600000.0,365600000.0,365600000.0,0.0,0.0,0.029,1323700000.0,726400000.0,1367400000.0,0.127,6.465,19.022,19.005,154400000.0,0.0,40.86,0.551,0.549,2090600000.0,-1674600000.0,12620400000.0,12620400000.0,0.0,0.058,0.367,0.183,0.06,24900000.0,1323700000.0,1.0,170203154.0,169600000.0,171000000.0,74.413,2898700000.0,0.0,219800000.0,528100000.0,17.091,863000000.0
24,CDW,MRT,2015-06-30,2015-06-30,2015-06-30,2021-08-04,-22900000.0,6251200000.0,6130775000.0,2714400000.0,3536800000.0,2.02,5.823,-56900000.0,335700000.0,335700000.0,10395200000.0,270300000.0,1.67,5.278,3169600000.0,15400000.0,3154200000.0,3169600000.0,56500000.0,209000000.0,0.0,0.007,0.246,610000000.0,819000000.0,0.066,819000000.0,610000000.0,428700000.0,1.59,1.57,1.59,995800000.0,950450000.0,995800000.0,8675979879.0,14.0,10.593,301300000.0,1.762,1.0,1990200000.0,0.161,3305000000.0,181300000.0,4154500000.0,4058350000.0,436200000.0,95400000.0,0.0,95400000.0,5255400000.0,1625600000.0,3629800000.0,5917179879.0,108100000.0,0.0,-82200000.0,-38200000.0,-42200000.0,-100400000.0,-146300000.0,-89400000.0,358200000.0,-3400000.0,270300000.0,270300000.0,270300000.0,0.0,0.0,0.022,1283700000.0,706500000.0,1227200000.0,0.155,5.942,21.891,21.56,134200000.0,0.0,34.28,0.478,0.473,1901200000.0,-1712500000.0,12385400000.0,12385400000.0,0.0,0.044,0.284,0.15,0.049,21000000.0,1283700000.0,1.0,172613182.0,171000000.0,172500000.0,72.429,2946200000.0,0.0,158400000.0,470200000.0,17.229,1088800000.0
25,CDW,MRT,2015-03-31,2015-03-31,2015-03-31,2021-08-04,-27600000.0,6088600000.0,6079300000.0,2485900000.0,3602700000.0,2.003,5.668,-55700000.0,447400000.0,447400000.0,10224800000.0,248700000.0,1.744,5.242,3206200000.0,15400000.0,3190800000.0,3206200000.0,82300000.0,208400000.0,0.0,0.006,0.221,585800000.0,794200000.0,0.065,794200000.0,585800000.0,393800000.0,1.47,1.44,1.47,975500000.0,912700000.0,975500000.0,9261045429.0,16.0,11.661,310800000.0,1.806,1.0,1952600000.0,0.16,3344000000.0,192000000.0,4077800000.0,4006525000.0,357000000.0,86700000.0,0.0,86700000.0,5113100000.0,1425600000.0,3687500000.0,6415545429.0,140700000.0,0.0,9200000.0,-88900000.0,-38000000.0,-77700000.0,-145100000.0,-89400000.0,366500000.0,-3000000.0,248700000.0,248700000.0,248700000.0,0.0,0.0,0.02,1263800000.0,688800000.0,984900000.0,0.15,6.577,25.796,25.333,135100000.0,0.0,37.24,0.527,0.526,1623000000.0,-1717500000.0,12177400000.0,12177400000.0,0.0,0.041,0.272,0.146,0.048,17800000.0,1263800000.0,1.0,172275656.0,172100000.0,173500000.0,70.758,2744600000.0,0.0,145100000.0,524500000.0,15.948,1060300000.0
26,CDW,MRT,2014-12-31,2014-12-31,2014-12-31,2021-08-04,-16600000.0,6075900000.0,6035275000.0,2453400000.0,3622500000.0,2.001,5.489,-55000000.0,344500000.0,344500000.0,10153200000.0,244900000.0,1.671,5.488,3166000000.0,15400000.0,3150600000.0,3166000000.0,81300000.0,207900000.0,0.0,0.006,0.196,585000000.0,792900000.0,0.066,792900000.0,585000000.0,387700000.0,1.44,1.42,1.44,936500000.0,857525000.0,936500000.0,8860591960.0,15.0,11.175,380000000.0,2.227,1.0,1921300000.0,0.159,3386400000.0,197300000.0,4043000000.0,3950575000.0,337500000.0,86700000.0,0.0,86700000.0,5139400000.0,1468000000.0,3671400000.0,6056691960.0,156400000.0,0.0,7100000.0,-161300000.0,-33600000.0,-112000000.0,-164800000.0,-88900000.0,435000000.0,-1800000.0,244900000.0,244900000.0,244900000.0,0.0,0.0,0.02,1248300000.0,673000000.0,1036100000.0,0.136,6.467,24.731,24.424,137200000.0,0.0,35.17,0.502,0.497,1716700000.0,-1760500000.0,12074500000.0,12074500000.0,0.0,0.041,0.286,0.148,0.048,16400000.0,1248300000.0,1.0,172211884.0,170600000.0,172800000.0,70.777,2689500000.0,0.0,142800000.0,504100000.0,15.765,985400000.0
27,CDW,MRT,2014-09-30,2014-09-30,2014-09-30,2021-08-04,-11700000.0,6107400000.0,5997450000.0,2516200000.0,3591200000.0,1.957,5.231,-51000000.0,357800000.0,357800000.0,9860000000.0,253100000.0,1.647,5.832,3161700000.0,15400000.0,3146300000.0,3161700000.0,102300000.0,207800000.0,0.0,0.005,0.17,590300000.0,798100000.0,0.068,798100000.0,590300000.0,390100000.0,1.51,1.49,1.51,894000000.0,801325000.0,894000000.0,8242825236.0,14.0,10.328,295000000.0,1.726,1.0,1877700000.0,0.16,3425600000.0,200200000.0,3958100000.0,3949025000.0,423500000.0,0.0,0.0,0.0,5213400000.0,1527600000.0,3685800000.0,5344425236.0,7600000.0,0.0,4700000.0,-315400000.0,-29200000.0,-264600000.0,-72600000.0,-700000.0,346000000.0,-1200000.0,253100000.0,253100000.0,253100000.0,0.0,0.0,0.022,1227000000.0,650700000.0,1077600000.0,0.113,5.978,21.116,20.563,131700000.0,0.0,31.05,0.455,0.452,1648600000.0,-1800600000.0,11737700000.0,11737700000.0,0.0,0.042,0.316,0.149,0.05,13800000.0,1227000000.0,1.0,172123196.0,170900000.0,173000000.0,68.682,2681800000.0,0.0,137000000.0,520400000.0,15.692,988600000.0
28,CDW,MRT,2014-06-30,2014-06-30,2014-06-30,2021-08-04,-6500000.0,6045300000.0,5980300000.0,2415300000.0,3630000000.0,1.896,4.964,-48100000.0,227600000.0,227600000.0,9507100000.0,195300000.0,1.579,6.156,3126000000.0,15400000.0,3110600000.0,3126000000.0,77900000.0,207900000.0,0.0,0.004,0.128,502100000.0,710000000.0,0.063,710000000.0,502100000.0,295800000.0,1.17,1.16,1.17,844800000.0,742775000.0,844800000.0,8350053094.0,17.0,11.761,287000000.0,1.686,1.0,1828800000.0,0.161,3467100000.0,206300000.0,3947200000.0,3962950000.0,449600000.0,0.0,0.0,0.0,5200500000.0,1529400000.0,3671100000.0,5484353094.0,48300000.0,0.0,427400000.0,-653100000.0,-21900000.0,-218700000.0,-69000000.0,0.0,335100000.0,900000.0,195300000.0,195300000.0,195300000.0,0.0,0.0,0.017,1269900000.0,558900000.0,1121700000.0,0.109,6.492,28.082,27.248,129800000.0,0.0,31.88,0.484,0.479,1685700000.0,-1848900000.0,11335900000.0,11335900000.0,0.0,0.033,0.263,0.127,0.044,50200000.0,1269900000.0,1.0,172031151.0,170200000.0,172700000.0,66.603,2578200000.0,0.0,100500000.0,559400000.0,15.148,885900000.0
29,CDW,MRT,2014-03-31,2014-03-31,2014-03-31,2021-08-04,-10200000.0,5912500000.0,5974100000.0,2247900000.0,3664600000.0,1.843,4.45,-47600000.0,306700000.0,306700000.0,9225700000.0,155400000.0,1.585,6.833,3172400000.0,15400000.0,3157000000.0,3172400000.0,93600000.0,208200000.0,0.0,0.003,0.085,459900000.0,668100000.0,0.061,668100000.0,459900000.0,231800000.0,0.98,0.98,0.98,754800000.0,583825000.0,754800000.0,7781525361.0,17.0,11.647,357000000.0,2.105,1.0,1783500000.0,0.162,3505700000.0,228100000.0,3854000000.0,4103475000.0,388400000.0,0.0,0.0,0.0,5157700000.0,1418500000.0,3739200000.0,4718425361.0,159600000.0,0.0,424700000.0,-559700000.0,-14600000.0,-175800000.0,-68500000.0,0.0,404600000.0,-700000.0,155400000.0,155400000.0,155400000.0,0.0,0.0,0.014,1259200000.0,524300000.0,933900000.0,0.087,6.251,30.363,28.0,129900000.0,0.0,27.44,0.429,0.423,1499500000.0,-1928200000.0,11009200000.0,11009200000.0,0.0,0.026,0.266,0.112,0.042,48000000.0,1259200000.0,1.0,171954277.0,169600000.0,172300000.0,64.913,2406800000.0,0.0,76400000.0,619300000.0,14.191,829400000.0
30,CDW,MRT,2013-12-31,2013-12-31,2013-12-31,2021-08-04,-6300000.0,5924600000.0,5951650000.0,2213500000.0,3711100000.0,1.809,4.545,-47100000.0,188100000.0,188100000.0,9008300000.0,132800000.0,1.578,7.325,3251200000.0,45400000.0,3205800000.0,3251200000.0,94800000.0,208200000.0,0.0,0.002,0.043,445600000.0,653800000.0,0.061,653800000.0,445600000.0,195500000.0,0.85,0.84,0.85,711700000.0,436075000.0,711700000.0,7076825308.0,16.0,10.824,319200000.0,2.038,1.0,1760300000.0,0.163,3548300000.0,250100000.0,4036800000.0,4237825000.0,382000000.0,0.0,0.0,0.0,5212900000.0,1402600000.0,3810300000.0,4016925308.0,150200000.0,0.0,424500000.0,-569400000.0,-7300000.0,-168300000.0,-47100000.0,0.0,366300000.0,-700000.0,132800000.0,132800000.0,132800000.0,0.0,0.0,0.012,1251700000.0,508600000.0,919400000.0,0.051,5.644,30.248,27.482,131100000.0,0.0,23.36,0.373,0.34,1597300000.0,-1971800000.0,10768600000.0,10768600000.0,0.0,0.022,0.305,0.105,0.041,46600000.0,1251700000.0,1.0,171957419.0,156600000.0,158700000.0,68.765,2376300000.0,0.0,62700000.0,599000000.0,15.174,810900000.0
31,CDW,MRT,2013-09-30,2013-09-30,2013-09-30,2021-08-04,-3300000.0,6038800000.0,5900500000.0,2285700000.0,3753100000.0,1.806,3.956,-46500000.0,350200000.0,350200000.0,8918900000.0,106100000.0,1.527,8.152,3410100000.0,170400000.0,3239700000.0,3410100000.0,82500000.0,207400000.0,0.0,0.0,0.0,434500000.0,641900000.0,0.06,641900000.0,434500000.0,161000000.0,0.73,0.73,0.73,659800000.0,292275000.0,659800000.0,7470883515.0,17.0,11.639,274600000.0,1.646,1.0,1737400000.0,0.163,3588400000.0,273500000.0,4013800000.0,4377900000.0,353800000.0,0.0,0.0,0.0,5379000000.0,1496500000.0,3882500000.0,3925783515.0,157200000.0,0.0,424300000.0,-510200000.0,0.0,-116100000.0,-46800000.0,-300000.0,321100000.0,-1000000.0,106100000.0,106100000.0,106100000.0,0.0,0.0,0.01,1239900000.0,497500000.0,897800000.0,0.0,5.95,37.001,31.274,129600000.0,0.0,22.83,0.368,0.357,1507700000.0,-2024400000.0,10656300000.0,10656300000.0,0.0,0.018,0.363,0.099,0.041,48400000.0,1239900000.0,1.0,171957228.0,166800000.0,166800000.0,63.887,2450400000.0,10900000.0,54900000.0,622700000.0,14.691,789200000.0
32,CDW,MRT,2013-06-30,2013-06-30,2013-06-30,2021-08-04,-5300000.0,6020500000.0,5887075000.0,2233700000.0,3786800000.0,1.769,1.438,-45700000.0,179300000.0,179300000.0,8703600000.0,146300000.0,1.546,27.806,3724400000.0,13500000.0,3710900000.0,3724400000.0,96900000.0,208800000.0,0.0,0.0,0.0,523000000.0,731800000.0,0.07,731800000.0,523000000.0,229000000.0,1.0,1.0,1.0,209000000.0,151875000.0,209000000.0,6235462000.0,12.0,8.521,174100000.0,1.198,1.0,1711700000.0,0.164,3611100000.0,294000000.0,4509300000.0,4529600000.0,378500000.0,0.0,0.0,0.0,5811500000.0,1445200000.0,4366300000.0,2701762000.0,20600000.0,0.0,-500000.0,-160500000.0,0.0,-152200000.0,-46000000.0,-300000.0,219800000.0,-1000000.0,146300000.0,146300000.0,146300000.0,0.0,0.0,0.014,1167400000.0,544300000.0,1053500000.0,0.0,12.927,18.467,18.62,132700000.0,0.0,18.62,0.259,0.26,1555600000.0,-1998100000.0,10415300000.0,10415300000.0,0.0,0.025,0.963,0.115,0.05,14600000.0,1167400000.0,1.0,145100000.0,145300000.0,146700000.0,71.681,2409400000.0,12100000.0,82700000.0,624100000.0,16.582,788500000.0
33,CDW,MRT,2013-03-31,2013-03-31,2013-03-31,2021-08-04,-2000000.0,5822700000.0,5865825000.0,1986100000.0,3836600000.0,1.742,1.128,-41900000.0,147100000.0,147100000.0,8533700000.0,136400000.0,1.513,34.548,3680800000.0,0.0,3680800000.0,3680800000.0,66000000.0,209700000.0,0.0,,0.0,516100000.0,725800000.0,0.071,725800000.0,516100000.0,215500000.0,0.93,0.93,0.93,163800000.0,112400000.0,163800000.0,,,,260500000.0,1.794,1.0,1687000000.0,0.165,3652100000.0,300600000.0,4391400000.0,4548400000.0,358400000.0,0.0,0.0,0.0,5658900000.0,1312900000.0,4346000000.0,,110600000.0,0.0,-500000.0,-199600000.0,0.0,-149100000.0,-42200000.0,-300000.0,302400000.0,-500000.0,136400000.0,136400000.0,136400000.0,0.0,0.0,0.013,1159900000.0,527100000.0,895000000.0,0.0,,,,134000000.0,0.0,,,,1416000000.0,-2044800000.0,10220700000.0,10220700000.0,0.0,0.023,1.214,0.113,0.05,18300000.0,1159900000.0,1.0,144989672.0,145200000.0,146100000.0,70.39,2170600000.0,13100000.0,79100000.0,649100000.0,14.949,673200000.0
34,CDW,MRT,2012-12-31,2012-12-31,2012-12-31,2021-08-04,400000.0,5720000000.0,5840500000.0,1834700000.0,3885300000.0,1.734,0.941,-41400000.0,37900000.0,37900000.0,8458600000.0,119000000.0,1.571,40.905,3771000000.0,40000000.0,3731000000.0,3771000000.0,57800000.0,210200000.0,0.0,,0.0,493500000.0,703700000.0,0.069,703700000.0,493500000.0,186100000.0,0.82,0.82,0.82,136500000.0,74100000.0,136500000.0,,,,276000000.0,1.902,1.0,1669600000.0,0.165,3687800000.0,307400000.0,4597100000.0,4610650000.0,314600000.0,0.0,0.0,0.0,5583500000.0,1168200000.0,4415300000.0,,-62000000.0,0.0,-700000.0,-310600000.0,0.0,-338000000.0,-41700000.0,-300000.0,317400000.0,300000.0,119000000.0,119000000.0,119000000.0,0.0,0.0,0.012,1159000000.0,510600000.0,767800000.0,0.0,,,,142700000.0,0.0,,,,1433500000.0,-2073000000.0,10128200000.0,10128200000.0,0.0,0.02,1.606,0.107,0.049,22100000.0,1159000000.0,1.0,144965234.0,145100000.0,145800000.0,69.802,2032200000.0,14100000.0,67100000.0,647100000.0,14.006,666500000.0
35,CDW,MRT,2012-09-30,2012-09-30,2012-09-30,2021-08-04,1300000.0,5985100000.0,5902425000.0,2060000000.0,3925100000.0,1.695,0.677,-45200000.0,193000000.0,193000000.0,8350000000.0,104700000.0,1.565,59.948,3871200000.0,0.0,3871200000.0,3871200000.0,49900000.0,210400000.0,0.0,,0.0,481300000.0,691700000.0,0.069,691700000.0,481300000.0,167900000.0,,,,98200000.0,38150000.0,98200000.0,,,,365100000.0,2.516,1.0,1656500000.0,0.166,3726500000.0,313400000.0,4620600000.0,4643875000.0,346900000.0,0.0,0.0,0.0,5886900000.0,1316200000.0,4570700000.0,,167100000.0,0.0,-600000.0,-209400000.0,0.0,-199800000.0,-45200000.0,0.0,410300000.0,1800000.0,104700000.0,104700000.0,104700000.0,0.0,0.0,0.01,1165700000.0,490800000.0,925100000.0,,,,,139300000.0,0.0,,,,1448700000.0,-2106000000.0,10006500000.0,10006500000.0,0.0,0.018,2.744,0.104,0.048,25200000.0,1165700000.0,1.0,144911642.0,145100000.0,,68.963,2258600000.0,20200000.0,63200000.0,665900000.0,15.566,743800000.0
36,CDW,MRT,2012-06-30,2012-06-30,2012-06-30,2021-08-04,-1800000.0,5935500000.0,5897400000.0,1964300000.0,3971200000.0,1.69,0.352,-44700000.0,158700000.0,158700000.0,8320800000.0,103800000.0,1.514,115.155,3871400000.0,0.0,3871400000.0,3871400000.0,66100000.0,208200000.0,0.0,,0.0,481600000.0,689800000.0,0.069,689800000.0,481600000.0,159400000.0,,,,51100000.0,4725000.0,51100000.0,,,,344900000.0,2.377,1.0,1643800000.0,0.165,3766200000.0,322200000.0,4584500000.0,4727975000.0,321600000.0,0.0,0.0,0.0,5884400000.0,1297500000.0,4586900000.0,,114100000.0,0.0,-500000.0,-364400000.0,0.0,-229800000.0,-45200000.0,-500000.0,389600000.0,-500000.0,103800000.0,103800000.0,103800000.0,0.0,0.0,0.01,1153000000.0,490800000.0,941500000.0,,,,,142300000.0,0.0,,,,1399000000.0,-2143900000.0,9964600000.0,9964600000.0,0.0,0.018,21.968,0.102,0.048,22900000.0,1153000000.0,1.0,144728000.0,145100000.0,,68.674,2169300000.0,21500000.0,55600000.0,684200000.0,14.95,666800000.0
37,CDW,MRT,2012-03-31,2012-03-31,2012-03-31,2021-08-04,-200000.0,5721400000.0,5919000000.0,1701300000.0,4020100000.0,1.654,0.073,-45600000.0,36500000.0,36500000.0,8174300000.0,32200000.0,1.536,538.755,3871600000.0,0.0,3871600000.0,3871600000.0,34900000.0,205800000.0,0.0,,0.0,357500000.0,563300000.0,0.058,563300000.0,357500000.0,46500000.0,,,,10600000.0,-25375000.0,10600000.0,,,,250500000.0,1.731,1.0,1617700000.0,0.165,3808400000.0,311000000.0,4640400000.0,4879100000.0,346800000.0,0.0,0.0,0.0,5710800000.0,1107700000.0,4603100000.0,,-37200000.0,0.0,-700000.0,-407100000.0,0.0,-285000000.0,-48100000.0,-2500000.0,296100000.0,-200000.0,32200000.0,32200000.0,32200000.0,0.0,0.0,0.003,1135100000.0,482600000.0,725400000.0,,,,,146100000.0,0.0,,,,1249900000.0,-2180700000.0,9792000000.0,9792000000.0,0.0,0.005,-1.269,0.073,0.037,21200000.0,1135100000.0,1.0,144728000.0,144728000.0,,67.658,1913000000.0,23100000.0,14300000.0,708100000.0,13.218,593600000.0
38,CDW,MRT,2011-12-31,2011-12-31,2011-12-31,2021-08-04,-2100000.0,5967700000.0,5969800000.0,1897500000.0,4070200000.0,1.608,-0.05,-45700000.0,99900000.0,99900000.0,8018900000.0,17100000.0,1.396,-818.493,4066000000.0,201000000.0,3865000000.0,4066000000.0,45900000.0,204900000.0,0.0,,0.0,352500000.0,557400000.0,0.058,557400000.0,352500000.0,28300000.0,0.12,0.12,0.12,-7300000.0,-37925000.0,-7300000.0,,,,169000000.0,1.167,1.0,1583500000.0,0.165,3844400000.0,324200000.0,4730000000.0,4966950000.0,321700000.0,0.0,0.0,0.0,5975000000.0,1359400000.0,4615600000.0,,63300000.0,0.0,-400000.0,-346500000.0,0.0,-95400000.0,-56000000.0,-10300000.0,214700000.0,0.0,17100000.0,17100000.0,17100000.0,0.0,0.0,0.002,1112800000.0,470700000.0,796500000.0,0.0,,,,154300000.0,0.0,,,,1416600000.0,-2191300000.0,9602400000.0,9602400000.0,0.0,0.003,-0.451,0.071,0.037,19500000.0,1112800000.0,1.0,144728000.0,144800000.0,144900000.0,66.315,2123300000.0,24600000.0,11200000.0,715100000.0,14.664,538100000.0
39,CDW,MRT,2011-09-30,2011-09-30,2011-09-30,2021-08-04,-4400000.0,5965000000.0,5963825000.0,1862100000.0,4102900000.0,1.575,-0.245,-49100000.0,25900000.0,25900000.0,7864600000.0,-26000000.0,1.588,-169.028,4071000000.0,0.0,4071000000.0,4071000000.0,39000000.0,204500000.0,0.0,,0.0,315600000.0,520100000.0,0.055,520100000.0,315600000.0,-30900000.0,,,,-35500000.0,-46975000.0,-35500000.0,,,,182300000.0,1.26,1.0,1527900000.0,0.163,3880300000.0,346500000.0,4957000000.0,5076950000.0,315100000.0,0.0,0.0,0.0,6000500000.0,1172800000.0,4827700000.0,,-41100000.0,0.0,-200000.0,-392700000.0,0.0,-193000000.0,-78700000.0,-29800000.0,231400000.0,-800000.0,-26000000.0,-26000000.0,-26000000.0,0.0,0.0,-0.003,1087100000.0,440800000.0,786900000.0,,,,,147900000.0,0.0,,,,1443100000.0,-2210100000.0,9392500000.0,9392500000.0,0.0,-0.004,0.553,0.062,0.034,16400000.0,1087100000.0,1.0,144637965.0,144637965.0,,64.938,2084700000.0,29300000.0,-4900000.0,724300000.0,14.413,689300000.0
40,CDW,MRT,2011-06-30,2011-06-30,2011-06-30,2021-08-04,2700000.0,6021900000.0,5966300000.0,1866800000.0,4155100000.0,1.54,-0.479,-47700000.0,44600000.0,44600000.0,7709200000.0,-63400000.0,1.711,-87.896,4226000000.0,0.0,4226000000.0,4226000000.0,49000000.0,206700000.0,0.0,,0.0,280200000.0,486900000.0,0.053,486900000.0,280200000.0,-85900000.0,,,,-69300000.0,-47375000.0,-69300000.0,,,,245500000.0,1.698,1.0,1476300000.0,0.161,3923200000.0,366100000.0,5189000000.0,5126950000.0,348900000.0,0.0,0.0,0.0,6091200000.0,1091100000.0,5000100000.0,,18500000.0,0.0,-200000.0,-273500000.0,0.0,-179600000.0,-96100000.0,-48600000.0,293200000.0,1000000.0,-63400000.0,-63400000.0,-63400000.0,0.0,0.0,-0.007,1070600000.0,405700000.0,772700000.0,,,,,150800000.0,0.0,,,,1366000000.0,-2247200000.0,9185500000.0,9185500000.0,0.0,-0.011,1.338,0.055,0.031,11200000.0,1070600000.0,1.0,144560792.0,144560792.0,,63.541,2098700000.0,50600000.0,-22500000.0,736200000.0,14.518,775700000.0
41,CDW,MRT,2011-03-31,2011-03-31,2011-03-31,2021-08-04,2200000.0,5924600000.0,,1730100000.0,4194500000.0,,-0.274,-45700000.0,73700000.0,73700000.0,7561300000.0,-35600000.0,1.658,-150.611,4145700000.0,21000000.0,4124700000.0,4145700000.0,36900000.0,208600000.0,0.0,,0.0,363200000.0,571800000.0,0.064,571800000.0,363200000.0,-43600000.0,,,,-39600000.0,,-39600000.0,,,,206300000.0,1.428,1.0,1435400000.0,0.16,3961200000.0,406800000.0,4991800000.0,,308700000.0,0.0,0.0,0.0,5964200000.0,1043600000.0,4920600000.0,,6000000.0,0.0,0.0,-187300000.0,0.0,-129400000.0,-117200000.0,-71700000.0,252000000.0,600000.0,-35600000.0,-35600000.0,-35600000.0,0.0,0.0,-0.004,1062300000.0,373100000.0,638600000.0,,,,,154900000.0,0.0,,,,1252600000.0,-2212200000.0,8996700000.0,8996700000.0,0.0,,,,0.04,11200000.0,1062300000.0,1.0,144509344.0,144509344.0,,62.257,1963400000.0,50600000.0,-8000000.0,748100000.0,13.587,686500000.0
42,CDW,MRT,2010-12-31,2010-12-31,2010-12-31,2021-08-04,-2200000.0,5943800000.0,5959900000.0,1702300000.0,4241500000.0,1.477,-0.301,-41500000.0,36600000.0,36600000.0,7410400000.0,-29200000.0,1.658,-137.639,4290000000.0,132600000.0,4157400000.0,4290000000.0,28600000.0,209400000.0,0.0,,0.0,354900000.0,564300000.0,0.064,564300000.0,354900000.0,-37000000.0,-0.2,-0.2,-0.2,-43500000.0,-44100000.0,-43500000.0,,,,382200000.0,2.647,1.0,1390800000.0,0.158,4000300000.0,391900000.0,5170000000.0,5443300000.0,292800000.0,0.0,0.0,0.0,5987300000.0,1026900000.0,4960400000.0,,-51400000.0,0.0,0.0,-353300000.0,0.0,-350100000.0,-125400000.0,-84100000.0,423700000.0,400000.0,-29200000.0,-29200000.0,-29200000.0,0.0,0.0,-0.003,1038100000.0,352700000.0,565300000.0,0.0,,,,158100000.0,0.0,,,,1284300000.0,-2208000000.0,8801200000.0,8801200000.0,0.0,-0.005,0.662,0.065,0.04,11500000.0,1038100000.0,1.0,144379151.0,144400000.0,144400000.0,60.95,1943500000.0,52800000.0,-7800000.0,757700000.0,13.459,675400000.0
43,CDW,MRT,2010-09-30,2010-09-30,2010-09-30,2021-08-04,-16200000.0,5974900000.0,,1709600000.0,4265300000.0,,-0.257,-27000000.0,67000000.0,67000000.0,7159500000.0,-42500000.0,1.699,-162.049,4293100000.0,22600000.0,4270500000.0,4293100000.0,37700000.0,211600000.0,0.0,,0.0,332400000.0,544000000.0,0.064,544000000.0,332400000.0,-70500000.0,,,,-37100000.0,,-37100000.0,,,,210200000.0,1.456,1.0,1336800000.0,0.157,4037700000.0,402900000.0,5157000000.0,,304900000.0,0.0,0.0,0.0,6012000000.0,1006300000.0,5005700000.0,,-178500000.0,0.0,0.0,-319000000.0,0.0,-328100000.0,-87700000.0,-65900000.0,237200000.0,100000.0,-42500000.0,-42500000.0,-42500000.0,0.0,0.0,-0.005,1013500000.0,323300000.0,587000000.0,,,,,147700000.0,0.0,,,,1265300000.0,-2183900000.0,8496300000.0,8496300000.0,0.0,,,,0.039,11200000.0,1006700000.0,1.0,144379151.0,144379151.0,,58.847,1937200000.0,23200000.0,-28000000.0,672600000.0,13.417,703300000.0
44,CDW,MRT,2010-06-30,2010-06-30,2010-06-30,2021-08-04,,,,,,,,,,,6815600000.0,-67200000.0,,,,,,,,,,,0.0,298300000.0,,,,298300000.0,-107800000.0,,,,,,,,,,,,1.0,1269700000.0,0.157,,406100000.0,,,,,,,,,,,,,,,,,,,,,-67200000.0,-67200000.0,-67200000.0,0.0,0.0,-0.008,980700000.0,289000000.0,,,,,,,0.0,,,,,,8085300000.0,8085300000.0,0.0,,,,0.037,,973900000.0,1.0,,,,,,,-40600000.0,,,
45,CDW,MRT,2010-03-31,2010-03-31,2010-03-31,2021-08-04,,,,,,,,,,,,,,,,,,,,,,,0.0,,,,,,,,,,,,,,,,,,1.0,,,,,,,,,,,,,,,,,,,,,,,,,,,,,,,,,,,,,,,,,,,,,,,,,,,,,,1.0,,,,,,,,,,
46,CDW,MRT,2009-12-31,2009-12-31,2009-12-31,2021-08-04,-21300000.0,5976000000.0,,1557800000.0,4418200000.0,,,-15600000.0,88000000.0,88000000.0,6029700000.0,-373400000.0,2.455,-134.691,4621900000.0,22600000.0,4599300000.0,4621900000.0,28900000.0,218200000.0,0.0,,0.0,-29500000.0,188700000.0,0.026,188700000.0,-29500000.0,-461200000.0,,,,-44700000.0,,-44700000.0,,,,92000000.0,,1.0,1132900000.0,0.158,4158800000.0,431700000.0,5716600000.0,,257800000.0,0.0,0.0,0.0,6020700000.0,634500000.0,5386200000.0,,-6400000.0,0.0,0.0,-22900000.0,0.0,-31900000.0,-82600000.0,-72200000.0,107600000.0,500000.0,-373400000.0,-373400000.0,-373400000.0,0.0,0.0,-0.052,1164800000.0,-31900000.0,292300000.0,,,,,165800000.0,0.0,,,,1134500000.0,-2178800000.0,7162600000.0,7162600000.0,0.0,,,,-0.004,15900000.0,923000000.0,1.0,,,,,1817200000.0,40000000.0,-87800000.0,714600000.0,,923300000.0
47,CDW,MRT,2009-09-30,2009-09-30,2009-09-30,2021-08-04,,,,,,,,,,,,,,,,,,,,,,,0.0,,,,,,,,,,,,,,,,,,1.0,,,,,,,,,,,,,,,,,,,,,,,,,,,,,,,,,,,,,,,,,,,,,,,,,,,,,,1.0,,,,,,,,,,
48,CDW,MRT,2008-12-31,2008-12-31,2008-12-31,2021-08-04,,,,,,,,-41100000.0,,,6710200000.0,-1765100000.0,,,,,,,,218400000.0,,,0.0,-1386900000.0,-1168500000.0,-0.145,-1168500000.0,-1386900000.0,-1777200000.0,,,,,,,,,,133100000.0,,1.0,1361000000.0,0.169,,390300000.0,,,,,,,,,,,78800000.0,0.0,0.0,-32100000.0,0.0,-34600000.0,-60300000.0,-19200000.0,174200000.0,-500000.0,-1765100000.0,-1765100000.0,-1765100000.0,0.0,0.0,-0.219,2748100000.0,-1387100000.0,,,,,,,0.0,,,,,,8071200000.0,8071200000.0,0.0,,,,-0.172,17800000.0,1036100000.0,1.0,,,,,,,-12100000.0,,,
