None,ticker,dimension,calendardate,datekey,reportperiod,lastupdated,accoci,assets,assetsavg,assetsc,assetsnc,assetturnover,bvps,capex,cashneq,cashnequsd,cor,consolinc,currentratio,de,debt,debtc,debtnc,debtusd,deferredrev,depamor,deposits,divyield,dps,ebit,ebitda,ebitdamargin,ebitdausd,ebitusd,ebt,eps,epsdil,epsusd,equity,equityavg,equityusd,ev,evebit,evebitda,fcf,fcfps,fxusd,gp,grossmargin,intangibles,intexp,invcap,invcapavg,inventory,investments,investmentsc,investmentsnc,liabilities,liabilitiesc,liabilitiesnc,marketcap,ncf,ncfbus,ncfcommon,ncfdebt,ncfdiv,ncff,ncfi,ncfinv,ncfo,ncfx,netinc,netinccmn,netinccmnusd,netincdis,netincnci,netmargin,opex,opinc,payables,payoutratio,pb,pe,pe1,ppnenet,prefdivis,price,ps,ps1,receivables,retearn,revenue,revenueusd,rnd,roa,roe,roic,ros,sbcomp,sgna,sharefactor,sharesbas,shareswa,shareswadil,sps,tangibles,taxassets,taxexp,taxliabilities,tbvps,workingcapital
0,NVR,MRY,2020-12-31,2020-12-31,2020-12-31,2021-08-03,0.0,5777141000.0,4973651000.0,,,1.474,840.486,-15123000.0,2809513000.0,2809513000.0,5937401000.0,901248000.0,,0.862,1590051000.0,,,1590051000.0,0.0,21992000.0,240758000.0,0.0,0.0,1118905000.0,1140897000.0,0.156,1140897000.0,1118905000.0,1078033000.0,244.11,230.11,244.11,3103074000.0,2762849500.0,3103074000.0,14180367700.0,13.0,12.429,910146000.0,246.518,1.0,1391488000.0,0.19,48927000.0,40872000.0,4508752000.0,4072763750.0,1709082000.0,449760000.0,,,2674067000.0,,,15178841700.0,1648978000.0,11190000.0,-190212000.0,917854000.0,0.0,727642000.0,-3933000.0,0.0,925269000.0,0.0,901248000.0,901248000.0,901248000.0,0.0,0.0,0.123,509734000.0,881754000.0,402587000.0,0.0,4.892,16.842,16.713,127879000.0,0.0,4079.86,2.071,2.055,18299000.0,8811120000.0,7328889000.0,7328889000.0,0.0,0.181,0.326,0.275,0.153,50794000.0,509734000.0,1.0,3720432.0,3692000.0,3917000.0,1985.073,5728214000.0,0.0,176785000.0,0.0,1551.521,
1,NVR,MRY,2019-12-31,2019-12-31,2019-12-31,2021-08-03,0.0,3809815000.0,3654796250.0,,,1.976,643.022,-20829000.0,1160523000.0,1160523000.0,5849862000.0,878539000.0,,0.627,683678000.0,,,683678000.0,0.0,20818000.0,131886000.0,0.0,0.0,1051175000.0,1071993000.0,0.148,1071993000.0,1051175000.0,1025795000.0,241.31,221.13,241.31,2341244000.0,2182729000.0,2341244000.0,13639766151.0,13.0,12.724,845706000.0,232.273,1.0,1370982000.0,0.19,48927000.0,25380000.0,3284043000.0,3284382000.0,1347288000.0,492125000.0,,,1468571000.0,,,14071713151.0,428556000.0,7545000.0,-424389000.0,-306000.0,0.0,-424695000.0,-13284000.0,0.0,866535000.0,0.0,878539000.0,878539000.0,878539000.0,0.0,0.0,0.122,527405000.0,843577000.0,306972000.0,0.0,6.01,16.017,15.782,135258000.0,0.0,3808.41,1.949,1.92,18278000.0,7909872000.0,7220844000.0,7220844000.0,0.0,0.24,0.402,0.32,0.146,78532000.0,527405000.0,1.0,3694905.0,3641000.0,3973000.0,1983.204,3760888000.0,115731000.0,147256000.0,0.0,1032.927,
2,NVR,MRY,2018-12-31,2018-12-31,2018-12-31,2021-08-03,0.0,3165933000.0,3027804000.0,,,2.313,498.089,-18408000.0,731928000.0,731928000.0,5692127000.0,797197000.0,,0.751,597681000.0,,,597681000.0,0.0,20168000.0,138246000.0,0.0,0.0,984813000.0,1004981000.0,0.143,1004981000.0,984813000.0,959732000.0,219.58,194.8,219.58,1808562000.0,1641314250.0,1808562000.0,8774901690.0,9.0,8.731,704718000.0,194.084,1.0,1312177000.0,0.187,48927000.0,25081000.0,2982759000.0,3008562750.0,1253110000.0,458324000.0,,,1357371000.0,,,8809589690.0,42691000.0,10231000.0,-672024000.0,0.0,0.0,-672258000.0,-8177000.0,0.0,723126000.0,0.0,797197000.0,797197000.0,797197000.0,0.0,0.0,0.114,512712000.0,799465000.0,288573000.0,0.0,4.871,11.051,11.098,48744000.0,0.0,2436.99,1.258,1.263,18641000.0,7031333000.0,7004304000.0,7004304000.0,0.0,0.263,0.486,0.327,0.141,75701000.0,512712000.0,1.0,3614947.0,3631000.0,4092000.0,1929.029,3117006000.0,112333000.0,162535000.0,0.0,858.443,
3,NVR,MRY,2017-12-31,2017-12-31,2017-12-31,2021-08-03,0.0,2989279000.0,2924794000.0,,,2.111,430.081,-19422000.0,688488000.0,688488000.0,4990378000.0,537521000.0,,0.862,597066000.0,,,597066000.0,0.0,22667000.0,150033000.0,0.0,0.0,871096000.0,893763000.0,0.145,893763000.0,871096000.0,846911000.0,144.0,126.77,144.0,1605492000.0,1550056250.0,1605492000.0,13074401633.0,15.0,14.628,550932000.0,147.584,1.0,1185143000.0,0.192,48927000.0,24185000.0,2848930000.0,2874334500.0,1246199000.0,352489000.0,,,1383787000.0,,,13120244633.0,273520000.0,4229000.0,-281641000.0,0.0,0.0,-281641000.0,-15193000.0,0.0,570354000.0,0.0,537521000.0,537521000.0,537521000.0,0.0,0.0,0.087,460800000.0,724343000.0,294797000.0,0.0,8.172,24.409,24.363,49518000.0,0.0,3508.22,2.125,2.121,20026000.0,6231940000.0,6175521000.0,6175521000.0,0.0,0.184,0.347,0.303,0.141,44562000.0,460800000.0,1.0,3739858.0,3733000.0,4240000.0,1654.305,2940352000.0,111953000.0,309390000.0,0.0,787.665,
4,NVR,MRY,2016-12-31,2016-12-31,2016-12-31,2021-08-03,0.0,2643943000.0,2636808500.0,,,2.165,339.08,-21369000.0,414823000.0,414823000.0,4707861000.0,425262000.0,,1.027,596455000.0,,,596455000.0,0.0,22269000.0,122236000.0,0.0,0.0,683404000.0,705673000.0,0.124,705673000.0,683404000.0,661697000.0,110.53,103.61,110.53,1304441000.0,1304411000.0,1304441000.0,6661254255.0,10.0,9.44,371619000.0,96.6,1.0,1001362000.0,0.175,48927000.0,21707000.0,2776648000.0,2842333000.0,1092100000.0,351958000.0,,,1339502000.0,,,6326169255.0,-34757000.0,11019000.0,-417245000.0,0.0,0.0,-417395000.0,-10350000.0,0.0,392988000.0,0.0,425262000.0,425262000.0,425262000.0,0.0,0.0,0.074,443320000.0,558042000.0,283611000.0,0.0,4.85,14.876,15.1,50818000.0,0.0,1669.0,1.108,1.125,18937000.0,5695376000.0,5709223000.0,5709223000.0,0.0,0.161,0.326,0.24,0.12,43598000.0,443320000.0,1.0,3790395.0,3847000.0,4104000.0,1484.071,2595016000.0,170652000.0,236435000.0,0.0,674.556,
5,NVR,MRY,2015-12-31,2015-12-31,2015-12-31,2021-08-03,0.0,2511718000.0,2513692250.0,,,2.015,308.097,-17594000.0,449804000.0,449804000.0,4118782000.0,382927000.0,,1.027,595847000.0,,,595847000.0,0.0,21534000.0,110965000.0,0.0,0.0,626771000.0,648305000.0,0.128,648305000.0,626771000.0,603212000.0,95.21,89.99,95.21,1239165000.0,1229943250.0,1239165000.0,6641528173.0,11.0,10.244,209108000.0,51.991,1.0,946418000.0,0.187,52909000.0,23559000.0,2604852000.0,2592937500.0,1006526000.0,319553000.0,,,1272553000.0,,,6428584173.0,-120103000.0,16572000.0,-345419000.0,-64000.0,0.0,-345783000.0,-1022000.0,0.0,226702000.0,0.0,382927000.0,382927000.0,382927000.0,0.0,0.0,0.076,424009000.0,522409000.0,259728000.0,0.0,5.188,16.788,17.257,49964000.0,0.0,1643.0,1.269,1.305,11482000.0,5270114000.0,5065200000.0,5065200000.0,0.0,0.152,0.311,0.242,0.124,54091000.0,424009000.0,1.0,3912711.0,4022000.0,4255000.0,1259.373,2458809000.0,161805000.0,220285000.0,0.0,611.34,
6,NVR,MRY,2014-12-31,2014-12-31,2014-12-31,2021-08-03,0.0,2351335000.0,2417806750.0,,,1.81,262.799,-30651000.0,544938000.0,544938000.0,3568586000.0,281630000.0,,1.091,599230000.0,,,599230000.0,0.0,17614000.0,106755000.0,0.0,0.0,476686000.0,494300000.0,0.113,494300000.0,476686000.0,453546000.0,65.83,63.5,65.83,1124255000.0,1175236500.0,1124255000.0,5360271336.0,11.0,10.844,153898000.0,35.974,1.0,806473000.0,0.184,54291000.0,23140000.0,2351336000.0,2353405250.0,869486000.0,205664000.0,,,1227080000.0,,,5224162336.0,-320834000.0,11569000.0,-491391000.0,-3416000.0,0.0,-486301000.0,-19082000.0,0.0,184549000.0,0.0,281630000.0,281630000.0,281630000.0,0.0,0.0,0.064,407867000.0,398606000.0,230419000.0,0.0,4.647,18.55,19.373,52431000.0,0.0,1275.33,1.194,1.247,10021000.0,4887187000.0,4375059000.0,4375059000.0,0.0,0.116,0.24,0.203,0.109,53790000.0,407867000.0,1.0,4096322.0,4278000.0,4435000.0,1022.688,2297044000.0,165189000.0,171916000.0,0.0,536.943,
7,NVR,MRY,2013-12-31,2013-12-31,2013-12-31,2021-08-03,0.0,2486148000.0,2550316750.0,,,1.621,266.277,-18409000.0,865585000.0,865585000.0,3424204000.0,266477000.0,,0.971,602440000.0,,,602440000.0,0.0,13391000.0,101022000.0,0.0,0.0,441081000.0,454472000.0,0.11,454472000.0,441081000.0,418696000.0,56.25,54.81,56.25,1261352000.0,1352204250.0,1261352000.0,4454354442.0,10.0,9.801,251813000.0,53.159,1.0,710277000.0,0.172,55674000.0,22385000.0,2167329000.0,2209197000.0,738565000.0,210641000.0,,,1224796000.0,,,4666331442.0,-287254000.0,-16068000.0,-540534000.0,-1851000.0,0.0,-522999000.0,-34477000.0,0.0,270222000.0,0.0,266477000.0,266477000.0,266477000.0,0.0,0.0,0.064,355623000.0,354654000.0,203461000.0,0.0,3.699,17.511,18.24,37298000.0,0.0,1026.01,1.129,1.176,9529000.0,4605557000.0,4134481000.0,4134481000.0,0.0,0.104,0.197,0.2,0.107,13660000.0,355623000.0,1.0,4548037.0,4737000.0,4862000.0,872.806,2430474000.0,162378000.0,152219000.0,0.0,513.083,
8,NVR,MRY,2012-12-31,2012-12-31,2012-12-31,2021-08-03,0.0,2604842000.0,2231860000.0,,,1.398,295.445,-12046000.0,1152601000.0,1152601000.0,2575639000.0,180588000.0,,0.759,603562000.0,,,603562000.0,0.0,8100000.0,99687000.0,0.0,0.0,282606000.0,290706000.0,0.093,290706000.0,282606000.0,275077000.0,36.04,35.12,36.04,1480477000.0,1449962500.0,1480477000.0,4020264680.0,14.0,13.829,252338000.0,50.357,1.0,545605000.0,0.175,58146000.0,7529000.0,1997657000.0,1633031500.0,678131000.0,188929000.0,,,1124365000.0,,,4497975680.0,672713000.0,-10565000.0,-154070000.0,575787000.0,0.0,430940000.0,-22611000.0,0.0,264384000.0,0.0,180588000.0,180588000.0,180588000.0,0.0,0.0,0.058,334959000.0,210646000.0,184132000.0,0.0,3.038,24.907,25.527,29481000.0,0.0,920.0,1.441,1.477,9421000.0,4339080000.0,3121244000.0,3121244000.0,0.0,0.081,0.125,0.173,0.091,50522000.0,334959000.0,1.0,4889104.0,5011000.0,5142000.0,622.878,2546696000.0,145618000.0,94489000.0,0.0,508.221,
9,NVR,MRY,2011-12-31,2011-12-31,2011-12-31,2021-08-03,0.0,1779485000.0,2007626000.0,,,1.301,251.38,-10919000.0,480332000.0,480332000.0,2165625000.0,129420000.0,,0.294,4983000.0,,,4983000.0,0.0,6672000.0,61223000.0,0.0,0.0,209468000.0,216140000.0,0.083,216140000.0,209468000.0,207576000.0,23.66,23.01,23.66,1374799000.0,1547453750.0,1374799000.0,2924718888.0,14.0,13.532,-9456000.0,-1.729,1.0,445570000.0,0.171,48927000.0,1892000.0,1255209000.0,1225802000.0,533150000.0,252352000.0,,,404686000.0,,,3413815888.0,-712956000.0,-50947000.0,-582303000.0,-93085000.0,0.0,-652553000.0,-61866000.0,0.0,1463000.0,0.0,129420000.0,129420000.0,129420000.0,0.0,0.0,0.05,294515000.0,151055000.0,152044000.0,0.0,2.483,26.378,28.994,24937000.0,0.0,686.0,1.307,1.437,6789000.0,4158492000.0,2611195000.0,2611195000.0,0.0,0.064,0.084,0.171,0.08,41638000.0,294515000.0,1.0,4976408.0,5469000.0,5624000.0,477.454,1730558000.0,155881000.0,78156000.0,0.0,316.43,
10,NVR,MRY,2010-12-31,2010-12-31,2010-12-31,2021-08-03,0.0,2260061000.0,2336428000.0,,,1.276,295.329,-6288000.0,1193392000.0,1193392000.0,2438292000.0,206005000.0,,0.299,99681000.0,,,99681000.0,0.0,7263000.0,53705000.0,0.0,0.0,328422000.0,335685000.0,0.113,335685000.0,328422000.0,322393000.0,34.96,33.42,34.96,1740374000.0,1777810500.0,1740374000.0,2950730235.0,9.0,8.79,49100000.0,8.332,1.0,542466000.0,0.182,48927000.0,6029000.0,1117423000.0,1237368250.0,431329000.0,177244000.0,,,519687000.0,,,3897119235.0,-56400000.0,-807000.0,-339587000.0,-48199000.0,0.0,-324228000.0,212440000.0,219535000.0,55388000.0,0.0,206005000.0,206005000.0,206005000.0,0.0,0.0,0.069,290655000.0,251811000.0,128749000.0,0.0,2.239,18.918,19.766,20473000.0,0.0,691.02,1.307,1.366,6948000.0,4029072000.0,2980758000.0,2980758000.0,0.0,0.088,0.116,0.265,0.11,-10422000.0,290655000.0,1.0,5639662.0,5893000.0,6165000.0,505.813,2211134000.0,184930000.0,116388000.0,0.0,375.214,
11,NVR,MRY,2009-12-31,2009-12-31,2009-12-31,2021-08-03,0.0,2395770000.0,2284696250.0,,,1.175,302.611,-2082000.0,1250150000.0,1250150000.0,2185733000.0,192180000.0,,0.363,147880000.0,,,147880000.0,0.0,9713000.0,63591000.0,0.0,0.0,309794000.0,319507000.0,0.119,319507000.0,309794000.0,298414000.0,33.1,31.26,33.1,1757262000.0,1613105500.0,1757262000.0,3315766841.0,11.0,10.378,239560000.0,41.254,1.0,497734000.0,0.185,48927000.0,11380000.0,1244573000.0,1571582000.0,418718000.0,259632000.0,,,638508000.0,,,4220166841.0,102507000.0,0.0,78543000.0,-62509000.0,0.0,82482000.0,-221617000.0,-219535000.0,241642000.0,0.0,192180000.0,192180000.0,192180000.0,0.0,0.0,0.072,260626000.0,237108000.0,139770000.0,0.0,2.402,21.959,21.472,20661000.0,0.0,710.71,1.573,1.538,7995000.0,3823067000.0,2683467000.0,2683467000.0,0.0,0.084,0.119,0.197,0.115,-20146000.0,260626000.0,1.0,5937959.0,5807000.0,6149000.0,462.109,2346843000.0,200340000.0,106234000.0,0.0,404.14,
12,NVR,MRY,2008-12-31,2008-12-31,2008-12-31,2021-08-03,0.0,2103236000.0,2233704750.0,,,1.629,255.399,-5498000.0,1147643000.0,1147643000.0,3181010000.0,100892000.0,,0.531,210389000.0,,,210389000.0,0.0,13641000.0,59623000.0,0.0,0.0,181111000.0,194752000.0,0.054,194752000.0,181111000.0,167455000.0,18.76,17.04,18.76,1373789000.0,1321648750.0,1373789000.0,1816537219.0,10.0,9.327,456863000.0,84.935,1.0,457692000.0,0.126,48927000.0,13656000.0,1117055000.0,1512288000.0,400570000.0,72488000.0,,,729447000.0,,,2488166219.0,483434000.0,0.0,51950000.0,-75619000.0,0.0,26571000.0,-5498000.0,0.0,462361000.0,0.0,100892000.0,100892000.0,100892000.0,0.0,0.0,0.028,352004000.0,105688000.0,155127000.0,0.0,1.811,24.662,24.32,26417000.0,0.0,456.25,0.684,0.674,11594000.0,3630887000.0,3638702000.0,3638702000.0,0.0,0.045,0.076,0.12,0.05,-9036000.0,340318000.0,1.0,5453515.0,5379000.0,5920000.0,676.464,2054309000.0,223393000.0,66563000.0,0.0,381.913,
13,NVR,MRY,2007-12-31,2007-12-31,2007-12-31,2021-08-03,0.0,2194416000.0,2353079500.0,,,2.145,208.372,-9315000.0,664209000.0,664209000.0,4227059000.0,333955000.0,,0.943,286283000.0,,,286283000.0,0.0,17036000.0,125315000.0,0.0,0.0,553336000.0,570372000.0,0.113,570372000.0,553336000.0,539505000.0,61.61,54.14,61.61,1129375000.0,1179050250.0,1129375000.0,2688419360.0,5.0,4.713,549451000.0,101.375,1.0,821128000.0,0.163,60709000.0,13831000.0,1755781000.0,2069627500.0,688854000.0,107338000.0,,,1065041000.0,,,2691075360.0,108090000.0,0.0,-440058000.0,-70349000.0,0.0,-441361000.0,-9315000.0,0.0,558766000.0,0.0,333955000.0,333955000.0,333955000.0,0.0,0.0,0.066,376025000.0,445103000.0,237599000.0,0.0,2.383,8.058,8.505,33792000.0,0.0,524.0,0.533,0.563,10855000.0,3529995000.0,5048187000.0,5048187000.0,0.0,0.142,0.283,0.267,0.11,-54857000.0,376025000.0,1.0,5135640.0,5420000.0,6168000.0,931.4,2133707000.0,211808000.0,205550000.0,0.0,393.673,
14,NVR,MRY,2006-12-31,2006-12-31,2006-12-31,2021-08-03,0.0,2473808000.0,2455520500.0,,,2.458,204.124,-22598000.0,556119000.0,556119000.0,4701265000.0,587412000.0,,1.147,356632000.0,,,356632000.0,0.0,14158000.0,165354000.0,0.0,0.0,984199000.0,998357000.0,0.165,998357000.0,984199000.0,962971000.0,104.08,88.05,104.08,1152074000.0,1003172750.0,1152074000.0,3736973455.0,4.0,3.743,660365000.0,117.003,1.0,1334971000.0,0.221,60863000.0,21228000.0,2213458000.0,2524780000.0,733616000.0,178444000.0,,,1321734000.0,,,3604375455.0,378593000.0,0.0,-271242000.0,-106509000.0,0.0,-281772000.0,-22598000.0,0.0,682963000.0,0.0,587412000.0,587412000.0,587412000.0,0.0,0.0,0.097,471307000.0,863664000.0,289720000.0,0.0,3.129,6.136,6.197,41598000.0,0.0,645.0,0.597,0.603,12213000.0,3196040000.0,6036236000.0,6036236000.0,0.0,0.239,0.586,0.39,0.163,-37845000.0,471307000.0,1.0,5588179.0,5644000.0,6672000.0,1069.496,2412945000.0,169901000.0,375559000.0,0.0,427.524,
15,NVR,MRY,2005-12-31,2005-12-31,2005-12-31,2021-08-03,0.0,2237669000.0,2103230000.0,,,2.462,107.129,-14632000.0,177526000.0,177526000.0,3738030000.0,697559000.0,,2.304,463141000.0,,,463141000.0,0.0,10690000.0,256837000.0,0.0,0.0,1159987000.0,1170677000.0,0.226,1170677000.0,1159987000.0,1144419000.0,110.36,89.61,110.36,677162000.0,796230500.0,677162000.0,4324537136.0,4.0,3.694,518140000.0,81.971,1.0,1439713000.0,0.278,60988000.0,15568000.0,2462296000.0,2160954500.0,793975000.0,193932000.0,,,1560507000.0,,,4253255136.0,-189839000.0,-7465000.0,-949852000.0,249338000.0,0.0,-700514000.0,-22097000.0,0.0,532772000.0,0.0,697559000.0,697559000.0,697559000.0,0.0,0.0,0.135,377080000.0,1062633000.0,287988000.0,0.0,6.281,6.097,6.361,32099000.0,0.0,702.0,0.821,0.857,40562000.0,2608628000.0,5177743000.0,5177743000.0,0.0,0.332,0.876,0.537,0.224,0.0,377080000.0,1.0,6058768.0,6321000.0,7784000.0,819.134,2176681000.0,97511000.0,446860000.0,0.0,344.357,
16,NVR,MRY,2004-12-31,2004-12-31,2004-12-31,2021-08-03,0.0,1777967000.0,1607382250.0,,,2.642,128.997,-8978000.0,367365000.0,367365000.0,3156286000.0,523204000.0,,1.129,213803000.0,,,213803000.0,0.0,8858000.0,203835000.0,0.0,0.0,885027000.0,893885000.0,0.21,893885000.0,885027000.0,872005000.0,80.83,66.42,80.83,834995000.0,627946000.0,834995000.0,4940025672.0,6.0,5.526,467484000.0,72.221,1.0,1091217000.0,0.257,55306000.0,13022000.0,1569099000.0,1584139500.0,588540000.0,138595000.0,,,942972000.0,,,4894342672.0,135146000.0,0.0,-288307000.0,-44056000.0,0.0,-332363000.0,-8953000.0,0.0,476462000.0,0.0,523204000.0,523204000.0,523204000.0,0.0,0.0,0.123,286388000.0,804829000.0,226951000.0,0.0,5.862,9.355,9.519,26326000.0,0.0,769.4,1.152,1.173,14020000.0,1911069000.0,4247503000.0,4247503000.0,0.0,0.326,0.833,0.559,0.208,0.0,286388000.0,1.0,6361246.0,6473000.0,7877000.0,656.188,1722661000.0,73191000.0,348801000.0,0.0,266.13,
17,NVR,MRY,2003-12-31,2003-12-31,2003-12-31,2021-08-03,0.0,1363105000.0,1370671250.0,,,2.627,69.877,-8846000.0,232219000.0,232219000.0,2711861000.0,419791000.0,,1.754,257859000.0,,,257859000.0,0.0,8427000.0,157005000.0,0.0,0.0,711019000.0,719446000.0,0.2,719446000.0,711019000.0,696172000.0,59.28,48.39,59.28,494868000.0,510979750.0,494868000.0,3381737002.0,5.0,4.7,552272000.0,77.982,1.0,889056000.0,0.247,55306000.0,14847000.0,1333439000.0,1392185000.0,523773000.0,96953000.0,,,868237000.0,,,3302727002.0,89374000.0,0.0,-468847000.0,-5901000.0,0.0,-474748000.0,3004000.0,0.0,561118000.0,0.0,419791000.0,419791000.0,419791000.0,0.0,0.0,0.117,255789000.0,633267000.0,198079000.0,0.0,6.674,7.868,7.861,25406000.0,0.0,466.0,0.917,0.916,9550000.0,1387865000.0,3600917000.0,3600917000.0,0.0,0.306,0.822,0.511,0.197,0.0,255789000.0,1.0,7087397.0,7082000.0,8674000.0,508.46,1307799000.0,73985000.0,276381000.0,0.0,184.665,
18,NVR,MRY,2002-12-31,2002-12-31,2002-12-31,2021-08-03,0.0,1182288000.0,1081131750.0,,,2.831,55.406,-12262000.0,142845000.0,142845000.0,2335369000.0,331470000.0,,1.932,259160000.0,,,259160000.0,0.0,7657000.0,118174000.0,0.0,0.0,550887000.0,558544000.0,0.182,558544000.0,550887000.0,536023000.0,45.54,36.05,45.54,403245000.0,365114500.0,403245000.0,2561456426.0,5.0,4.586,368954000.0,50.694,1.0,725302000.0,0.237,55306000.0,14864000.0,1243297000.0,1179444250.0,436674000.0,169021000.0,,,779043000.0,,,2370417426.0,4234000.0,0.0,-391084000.0,18065000.0,0.0,-373019000.0,-3963000.0,794000.0,381216000.0,0.0,331470000.0,331470000.0,331470000.0,0.0,0.0,0.108,250018000.0,475284000.0,161691000.0,0.0,5.878,7.151,7.17,23067000.0,0.0,326.5,0.774,0.776,10807000.0,968074000.0,3060671000.0,3060671000.0,0.0,0.307,0.908,0.467,0.18,0.0,250018000.0,1.0,7260084.0,7278000.0,9194000.0,420.537,1126982000.0,74642000.0,204553000.0,0.0,154.848,
19,NVR,MRY,2001-12-31,2001-12-31,2001-12-31,2021-08-03,0.0,995047000.0,942030000.0,,,2.717,44.042,-6694000.0,138611000.0,138611000.0,2002290000.0,236794000.0,,1.85,238970000.0,,,238970000.0,0.0,15162000.0,81924000.0,0.0,0.0,408244000.0,423406000.0,0.165,423406000.0,408244000.0,394658000.0,29.87,24.86,29.87,349118000.0,310266000.0,349118000.0,1664539852.0,4.0,3.931,148551000.0,18.74,1.0,557454000.0,0.218,55306000.0,13586000.0,1040100000.0,1007887000.0,402375000.0,143387000.0,,,645929000.0,,,1525779852.0,903000.0,0.0,-225912000.0,55694000.0,0.0,-170218000.0,15876000.0,4632000.0,155245000.0,0.0,236794000.0,236794000.0,236794000.0,0.0,0.0,0.093,204876000.0,352578000.0,138013000.0,0.0,4.37,6.443,6.83,16178000.0,0.0,204.0,0.596,0.632,5745000.0,636604000.0,2559744000.0,2559744000.0,0.0,0.251,0.763,0.405,0.159,0.0,204876000.0,1.0,7479313.0,7927000.0,9526000.0,322.915,939741000.0,51283000.0,157864000.0,0.0,118.549,
20,NVR,MRY,2000-12-31,2000-12-31,2000-12-31,2021-08-03,0.0,841260000.0,808692000.0,,,2.804,28.014,-5027000.0,137708000.0,137708000.0,1834059000.0,158246000.0,,2.137,173655000.0,,,173655000.0,0.0,13840000.0,63486000.0,0.0,0.0,282484000.0,296324000.0,0.131,296324000.0,282484000.0,266854000.0,17.42,14.98,17.42,247480000.0,240639250.0,247480000.0,1188619524.0,4.0,4.011,188679000.0,21.358,1.0,433751000.0,0.191,63648000.0,15630000.0,813559000.0,849134750.0,334681000.0,122478000.0,,,528752000.0,,,1091904524.0,48582000.0,0.0,-52223000.0,-105034000.0,0.0,-157257000.0,12133000.0,826000.0,193706000.0,0.0,158246000.0,158246000.0,158246000.0,0.0,0.0,0.07,191358000.0,242393000.0,117824000.0,0.0,4.412,6.9,7.095,15865000.0,0.0,123.6,0.481,0.481,6670000.0,399810000.0,2267810000.0,2267810000.0,0.0,0.196,0.658,0.333,0.125,0.0,185632000.0,1.0,8834179.0,8834179.0,,256.709,777612000.0,43844000.0,108608000.0,0.0,88.023,
21,NVR,MRY,1999-12-31,1999-12-31,1999-12-31,2021-08-03,0.0,767281000.0,811042500.0,,,2.395,21.425,-9070000.0,89126000.0,89126000.0,1610727000.0,108881000.0,,2.824,278133000.0,,,278133000.0,0.0,14727000.0,50348000.0,0.004,0.2,206249000.0,220976000.0,0.114,220976000.0,206249000.0,185212000.0,10.69,9.01,10.69,200640000.0,193434500.0,200640000.0,719589697.0,3.0,3.256,206283000.0,22.027,1.0,331933000.0,0.171,74729000.0,21037000.0,881559000.0,982530000.0,323455000.0,139695000.0,,,566641000.0,,,447176697.0,20622000.0,-3697000.0,-100236000.0,-120590000.0,0.0,-220826000.0,26095000.0,1765000.0,215353000.0,0.0,108881000.0,108881000.0,108881000.0,0.0,0.0,0.056,180825000.0,151108000.0,112988000.0,0.019,2.229,4.107,4.467,17353000.0,0.0,47.75,0.23,0.23,2171000.0,241564000.0,1942660000.0,1942660000.0,0.0,0.134,0.563,0.21,0.106,0.0,180825000.0,1.0,9364957.0,9364957.0,,207.439,692552000.0,36819000.0,76331000.0,0.0,73.951,
22,NVR,MRY,1998-12-31,1998-12-31,1998-12-31,2021-08-03,0.0,724359000.0,699255000.0,,,2.152,15.385,-3964000.0,68504000.0,68504000.0,1273815000.0,56706000.0,,3.371,320337000.0,,,320337000.0,0.0,13408000.0,34639000.0,0.0,0.0,124614000.0,138022000.0,0.092,138022000.0,124614000.0,100966000.0,5.1,4.26,5.1,165719000.0,162324250.0,165719000.0,740084361.0,6.0,5.362,-15615000.0,-1.45,1.0,230929000.0,0.153,80332000.0,23648000.0,895860000.0,866538500.0,288638000.0,182375000.0,,,558640000.0,,,513653361.0,22779000.0,0.0,-50199000.0,45609000.0,0.0,-5154000.0,39584000.0,14645000.0,-11651000.0,0.0,56706000.0,56706000.0,56706000.0,0.0,0.0,0.038,143351000.0,87578000.0,99981000.0,0.0,3.1,9.058,9.351,17597000.0,0.0,47.688,0.341,0.341,1515000.0,132683000.0,1504744000.0,1504744000.0,0.0,0.081,0.349,0.144,0.083,0.0,143351000.0,1.0,10771124.0,10771124.0,,139.702,644027000.0,0.0,44260000.0,0.0,59.792,
23,NVR,MRY,1997-12-31,1997-12-31,1997-12-31,2021-08-03,0.0,564621000.0,529104500.0,,,2.181,12.806,-3053000.0,45725000.0,45725000.0,995855000.0,28879000.0,,2.904,248138000.0,,,248138000.0,0.0,13338000.0,19835000.0,0.0,0.0,73844000.0,87182000.0,0.076,87182000.0,73844000.0,53890000.0,2.44,2.18,2.44,144640000.0,139534750.0,144640000.0,,,,-18078000.0,-1.601,1.0,158167000.0,0.137,91819000.0,19954000.0,675215000.0,622769000.0,224041000.0,117964000.0,,,419981000.0,,,247076419.0,-29055000.0,-12533000.0,-45545000.0,11504000.0,0.0,-33195000.0,19165000.0,19316000.0,-15025000.0,0.0,28879000.0,28879000.0,28879000.0,0.0,0.0,0.025,110867000.0,47300000.0,76912000.0,0.0,1.708,8.556,8.965,17878000.0,0.0,21.875,0.214,0.214,3398000.0,75977000.0,1154022000.0,1154022000.0,0.0,0.055,0.207,0.119,0.064,0.0,110867000.0,1.0,11294922.0,11294922.0,,102.172,472802000.0,0.0,25011000.0,0.0,41.86,
24,NVR,MRY,1996-12-31,1996-12-31,1996-12-31,2021-08-03,0.0,501165000.0,,,,,,-4267000.0,74780000.0,74780000.0,906255000.0,25781000.0,,2.297,201592000.0,,,201592000.0,0.0,15417000.0,0.0,0.0,0.0,67587000.0,83004000.0,0.079,83004000.0,67587000.0,48727000.0,1.76,1.7,1.76,152010000.0,,152010000.0,,,,34515000.0,,1.0,139675000.0,0.134,88606000.0,18860000.0,539371000.0,,171693000.0,82044000.0,,,349155000.0,,,,19213000.0,0.0,-35137000.0,-82241000.0,0.0,-104431000.0,84862000.0,61346000.0,38782000.0,0.0,25781000.0,25781000.0,25781000.0,0.0,0.0,0.025,95779000.0,43896000.0,62303000.0,0.0,,,7.386,18833000.0,0.0,13.0,,,2927000.0,47098000.0,1045930000.0,1045930000.0,0.0,,,,0.065,0.0,94691000.0,1.0,,,,,412559000.0,0.0,22946000.0,0.0,,
25,NVR,MRY,1995-12-31,1995-12-31,1995-12-31,2021-08-03,,,,,,,,-3590000.0,,,751035000.0,17327000.0,,,,,,,,14814000.0,,0.0,0.0,53592000.0,68406000.0,0.079,68406000.0,53592000.0,34336000.0,1.13,1.12,1.13,,,,,,,-61678000.0,,1.0,118084000.0,0.136,,19256000.0,,,,,,,,,,,-15909000.0,0.0,-2581000.0,18597000.0,0.0,16140000.0,26039000.0,23001000.0,-58088000.0,0.0,17327000.0,17327000.0,17327000.0,0.0,0.0,0.02,91035000.0,27049000.0,,0.0,,,8.85,,0.0,10.0,,,,,869119000.0,869119000.0,0.0,,,,0.062,0.0,89947000.0,1.0,,,,,,,17009000.0,,,
0,NVR,MRQ,2021-06-30,2021-06-30,2021-06-30,2021-08-03,0.0,5854436000.0,,,,,839.715,-3228000.0,2664553000.0,2664553000.0,1721673000.0,321295000.0,,0.924,1596689000.0,,,1596689000.0,0.0,4835000.0,365443000.0,0.0,0.0,430735000.0,435570000.0,0.196,435570000.0,430735000.0,417465000.0,88.69,82.45,88.69,3042288000.0,,3042288000.0,16858471620.0,11.0,11.175,189534000.0,52.314,1.0,502887000.0,0.226,48927000.0,13270000.0,4737645000.0,,1973373000.0,344680000.0,,,2812148000.0,,,18085932620.0,-149691000.0,0.0,-338893000.0,-332000.0,0.0,-339225000.0,-3228000.0,0.0,192762000.0,0.0,321295000.0,321295000.0,321295000.0,0.0,0.0,0.144,136019000.0,366868000.0,430562000.0,0.0,5.945,15.984,16.154,131982000.0,0.0,4973.3,2.16,2.152,24484000.0,9381177000.0,2224560000.0,2224560000.0,0.0,,,,,13379000.0,136019000.0,1.0,3636606.0,3623000.0,3897000.0,614.01,5805509000.0,0.0,96170000.0,0.0,1602.404,
1,NVR,MRQ,2021-03-31,2021-03-31,2021-03-31,2021-08-03,0.0,5820808000.0,,,,,829.433,-2735000.0,2814244000.0,2814244000.0,1577453000.0,248762000.0,,0.911,1586783000.0,,,1586783000.0,0.0,5203000.0,314453000.0,0.0,0.0,325403000.0,330606000.0,0.168,330606000.0,325403000.0,312006000.0,67.72,63.21,67.72,3046507000.0,,3046507000.0,16122324008.0,13.0,12.421,325523000.0,88.626,1.0,386258000.0,0.197,48927000.0,13397000.0,4544420000.0,,1829792000.0,334782000.0,,,2774301000.0,,,17341786008.0,4735000.0,-659000.0,-319800000.0,-329000.0,0.0,-320129000.0,-3394000.0,0.0,328258000.0,0.0,248762000.0,248762000.0,248762000.0,0.0,0.0,0.127,143075000.0,243183000.0,414216000.0,0.0,5.692,17.799,17.863,123037000.0,0.0,4710.93,2.241,2.236,22059000.0,9059882000.0,1963711000.0,1963711000.0,0.0,,,,,14471000.0,143075000.0,1.0,3681181.0,3673000.0,3935000.0,534.634,5771881000.0,0.0,63244000.0,0.0,1571.435,
2,NVR,MRQ,2020-12-31,2020-12-31,2020-12-31,2021-08-03,0.0,5777141000.0,,,,,835.058,-3459000.0,2809513000.0,2809513000.0,1822121000.0,305004000.0,,0.862,1590051000.0,,,1590051000.0,0.0,5191000.0,240758000.0,0.0,0.0,398544000.0,403735000.0,0.178,403735000.0,398544000.0,385370000.0,82.26,77.08,82.26,3103074000.0,,3103074000.0,14180367700.0,13.0,12.429,342470000.0,92.161,1.0,441552000.0,0.195,48927000.0,13174000.0,4508752000.0,,1709082000.0,449760000.0,,,2674067000.0,,,15178841700.0,217307000.0,11625000.0,-136152000.0,-636000.0,0.0,-136788000.0,8166000.0,0.0,345929000.0,0.0,305004000.0,305004000.0,305004000.0,0.0,0.0,0.135,133975000.0,307577000.0,402587000.0,0.0,4.892,16.842,16.713,127879000.0,0.0,4079.86,2.071,2.055,18299000.0,8811120000.0,2263673000.0,2263673000.0,0.0,,,,,15229000.0,133975000.0,1.0,3720432.0,3716000.0,3980000.0,609.169,5728214000.0,0.0,80366000.0,0.0,1541.5,
3,NVR,MRQ,2020-09-30,2020-09-30,2020-09-30,2021-08-03,0.0,5499920000.0,,,,,787.64,-3896000.0,2592204000.0,2592204000.0,1536044000.0,256466000.0,,0.884,1593730000.0,,,1593730000.0,0.0,5547000.0,211122000.0,0.0,0.0,333144000.0,338691000.0,0.176,338691000.0,333144000.0,321457000.0,69.19,65.11,69.19,2918993000.0,,2918993000.0,14363282241.0,14.0,13.752,204775000.0,55.255,1.0,384707000.0,0.2,48927000.0,11687000.0,4452519000.0,,1763186000.0,340927000.0,,,2580927000.0,,,15117282241.0,564478000.0,-397000.0,36476000.0,323624000.0,0.0,360100000.0,-4293000.0,0.0,208671000.0,0.0,256466000.0,256466000.0,256466000.0,0.0,0.0,0.134,125921000.0,258786000.0,388318000.0,0.0,5.179,17.735,17.63,131806000.0,0.0,4083.12,2.156,2.158,21461000.0,8506116000.0,1920751000.0,1920751000.0,0.0,,,,,13639000.0,125921000.0,1.0,3702385.0,3706000.0,3939000.0,518.281,5450993000.0,0.0,64991000.0,0.0,1470.856,
4,NVR,MRQ,2020-06-30,2020-06-30,2020-06-30,2021-08-03,0.0,4730020000.0,,,,,709.509,-4510000.0,2027725000.0,2027725000.0,1284493000.0,164075000.0,,0.811,1273725000.0,,,1273725000.0,0.0,5632000.0,158016000.0,0.0,0.0,219356000.0,224988000.0,0.142,224988000.0,219356000.0,209831000.0,44.56,42.5,44.56,2612412000.0,,2612412000.0,11558976951.0,12.0,11.741,297718000.0,80.858,1.0,304265000.0,0.192,48927000.0,9525000.0,3927093000.0,,1602540000.0,325208000.0,,,2117608000.0,,,11994881951.0,909730000.0,-38000.0,16984000.0,595066000.0,0.0,612050000.0,-4548000.0,0.0,302228000.0,0.0,164075000.0,164075000.0,164075000.0,0.0,0.0,0.103,121460000.0,182805000.0,336754000.0,0.0,4.591,14.633,14.59,127644000.0,0.0,3258.75,1.722,1.723,20801000.0,8249650000.0,1588758000.0,1588758000.0,0.0,,,,,14434000.0,121460000.0,1.0,3680823.0,3682000.0,3861000.0,431.493,4681093000.0,0.0,45756000.0,0.0,1271.345,
5,NVR,MRQ,2020-03-31,2020-03-31,2020-03-31,2021-08-03,0.0,3887523000.0,,,,,659.82,-3258000.0,1117993000.0,1117993000.0,1294743000.0,175703000.0,,0.608,682088000.0,,,682088000.0,0.0,5622000.0,147161000.0,0.0,0.0,167861000.0,173483000.0,0.112,173483000.0,167861000.0,161375000.0,47.97,44.96,47.97,2416919000.0,,2416919000.0,8971509188.0,9.0,8.834,65183000.0,17.795,1.0,260964000.0,0.168,48927000.0,6486000.0,3402691000.0,,1515640000.0,430942000.0,,,1470604000.0,,,9448354188.0,-42537000.0,0.0,-107520000.0,-200000.0,0.0,-107720000.0,-3258000.0,0.0,68441000.0,0.0,175703000.0,175703000.0,175703000.0,0.0,0.0,0.113,128378000.0,132586000.0,367228000.0,0.0,3.909,10.912,10.841,132100000.0,0.0,2569.11,1.325,1.319,27089000.0,8085575000.0,1555707000.0,1555707000.0,0.0,,,,,7492000.0,128378000.0,1.0,3677676.0,3663000.0,3908000.0,424.708,3838596000.0,0.0,-14328000.0,0.0,1047.938,
6,NVR,MRQ,2019-12-31,2019-12-31,2019-12-31,2021-08-03,0.0,3809815000.0,,,,,637.767,-5606000.0,1160523000.0,1160523000.0,1567392000.0,256137000.0,,0.627,683678000.0,,,683678000.0,0.0,5449000.0,131886000.0,0.0,0.0,301873000.0,307322000.0,0.158,307322000.0,301873000.0,295302000.0,69.88,64.52,69.88,2341244000.0,,2341244000.0,13639766151.0,13.0,12.724,351493000.0,95.749,1.0,379467000.0,0.195,48927000.0,6571000.0,3284043000.0,,1347288000.0,492125000.0,,,1468571000.0,,,14071713151.0,44744000.0,-357000.0,-306202000.0,-190000.0,0.0,-306392000.0,-5963000.0,0.0,357099000.0,0.0,256137000.0,256137000.0,256137000.0,0.0,0.0,0.132,131493000.0,247974000.0,306972000.0,0.0,6.01,16.017,15.782,135258000.0,0.0,3808.41,1.949,1.92,18278000.0,7909872000.0,1946859000.0,1946859000.0,0.0,,,,,19852000.0,131493000.0,1.0,3694905.0,3671000.0,3970000.0,530.335,3760888000.0,115731000.0,39165000.0,0.0,1024.486,
7,NVR,MRQ,2019-09-30,2019-09-30,2019-09-30,2021-08-03,0.0,3843359000.0,,,,,645.822,-5593000.0,1115767000.0,1115767000.0,1518276000.0,223787000.0,,0.621,683820000.0,,,683820000.0,0.0,5223000.0,142937000.0,0.0,0.0,273467000.0,278690000.0,0.149,278690000.0,273467000.0,267174000.0,60.94,56.11,60.94,2371457000.0,,2371457000.0,13367117500.0,13.0,12.688,201224000.0,54.8,1.0,355055000.0,0.19,48927000.0,6293000.0,3362485000.0,,1496449000.0,411223000.0,,,1471902000.0,,,13587910500.0,209651000.0,1070000.0,7461000.0,-104000.0,0.0,7357000.0,-4523000.0,0.0,206817000.0,0.0,223787000.0,223787000.0,223787000.0,0.0,0.0,0.119,130376000.0,224679000.0,325798000.0,0.0,5.73,15.9,15.77,133883000.0,0.0,3717.35,1.88,1.888,29276000.0,7653735000.0,1873331000.0,1873331000.0,0.0,,,,,20770000.0,130376000.0,1.0,3655268.0,3672000.0,3988000.0,510.166,3794432000.0,0.0,43387000.0,0.0,1033.342,
8,NVR,MRQ,2019-06-30,2019-06-30,2019-06-30,2021-08-03,0.0,3603240000.0,,,,,586.777,-4829000.0,906115000.0,906115000.0,1425388000.0,210209000.0,,0.7,685322000.0,,,685322000.0,0.0,5084000.0,146207000.0,0.0,0.0,251013000.0,256097000.0,0.146,256097000.0,251013000.0,244712000.0,58.2,53.09,58.2,2119439000.0,,2119439000.0,11943295224.0,12.0,11.531,69935000.0,19.362,1.0,332060000.0,0.189,48927000.0,6301000.0,3333520000.0,,1397728000.0,462693000.0,,,1483801000.0,,,12099659224.0,65710000.0,3910000.0,-8123000.0,-12000.0,0.0,-8135000.0,-919000.0,0.0,74764000.0,0.0,210209000.0,210209000.0,210209000.0,0.0,0.0,0.12,133044000.0,199016000.0,352806000.0,0.0,5.709,14.638,14.717,133624000.0,0.0,3370.25,1.689,1.699,28943000.0,7429948000.0,1757448000.0,1757448000.0,0.0,,,,,18577000.0,133044000.0,1.0,3590137.0,3612000.0,3959000.0,486.558,3554313000.0,0.0,34503000.0,0.0,984.029,
9,NVR,MRQ,2019-03-31,2019-03-31,2019-03-31,2021-08-03,0.0,3362771000.0,,,,,526.414,-4801000.0,840399000.0,840399000.0,1338806000.0,188406000.0,,0.771,684035000.0,,,684035000.0,0.0,5062000.0,142634000.0,0.0,0.0,224822000.0,229884000.0,0.14,229884000.0,224822000.0,218607000.0,52.23,47.64,52.23,1898776000.0,,1898776000.0,9873762339.0,10.0,9.563,223054000.0,61.839,1.0,304400000.0,0.185,48927000.0,6215000.0,3157480000.0,,1281169000.0,422557000.0,,,1463995000.0,,,10008009339.0,108451000.0,2922000.0,-117525000.0,0.0,0.0,-117525000.0,-1879000.0,0.0,227855000.0,0.0,188406000.0,188406000.0,188406000.0,0.0,0.0,0.115,132492000.0,171908000.0,326446000.0,0.0,5.271,12.212,12.206,127432000.0,0.0,2767.0,1.398,1.394,30488000.0,7219739000.0,1643206000.0,1643206000.0,0.0,,,,,19333000.0,132492000.0,1.0,3616917.0,3607000.0,3955000.0,455.56,3313844000.0,0.0,30201000.0,0.0,918.726,
10,NVR,MRQ,2018-12-31,2018-12-31,2018-12-31,2021-08-03,0.0,3165933000.0,,,,,501.821,-4332000.0,731928000.0,731928000.0,1590735000.0,232158000.0,,0.751,597681000.0,,,597681000.0,0.0,5115000.0,138246000.0,0.0,0.0,283711000.0,288826000.0,0.148,288826000.0,283711000.0,277438000.0,64.36,58.27,64.36,1808562000.0,,1808562000.0,8774901690.0,9.0,8.731,226979000.0,62.98,1.0,363668000.0,0.186,48927000.0,6273000.0,2982759000.0,,1253110000.0,458324000.0,,,1357371000.0,,,8809589690.0,99698000.0,2642000.0,-129923000.0,0.0,0.0,-129923000.0,-1690000.0,0.0,231311000.0,0.0,232158000.0,232158000.0,232158000.0,0.0,0.0,0.119,128905000.0,234763000.0,288573000.0,0.0,4.871,11.051,11.098,48744000.0,0.0,2436.99,1.258,1.263,18641000.0,7031333000.0,1954403000.0,1954403000.0,0.0,,,,,24011000.0,128905000.0,1.0,3614947.0,3604000.0,3951000.0,542.287,3117006000.0,112333000.0,45280000.0,0.0,864.874,
11,NVR,MRQ,2018-09-30,2018-09-30,2018-09-30,2021-08-03,0.0,3089823000.0,,,,,465.757,-5250000.0,632215000.0,632215000.0,1472649000.0,195816000.0,,0.837,597527000.0,,,597527000.0,0.0,5029000.0,167676000.0,0.0,0.0,255907000.0,260936000.0,0.144,260936000.0,255907000.0,249710000.0,54.21,48.28,54.21,1682316000.0,,1682316000.0,9101733669.0,9.0,9.2,317115000.0,87.795,1.0,336696000.0,0.186,48927000.0,6197000.0,3006208000.0,,1421070000.0,322944000.0,,,1407507000.0,,,8961712669.0,174070000.0,1846000.0,-144657000.0,0.0,0.0,-144891000.0,-3404000.0,0.0,322365000.0,0.0,195816000.0,195816000.0,195816000.0,0.0,0.0,0.108,130712000.0,205984000.0,319744000.0,0.0,5.327,12.994,13.094,49162000.0,0.0,2470.8,1.312,1.306,26363000.0,6799175000.0,1809345000.0,1809345000.0,0.0,,,,,23586000.0,130712000.0,1.0,3627049.0,3612000.0,4056000.0,500.926,3040896000.0,0.0,53894000.0,0.0,841.887,
12,NVR,MRQ,2018-06-30,2018-06-30,2018-06-30,2021-08-03,0.0,3009395000.0,,,,,442.248,-5908000.0,457352000.0,457352000.0,1416797000.0,203174000.0,,0.872,597373000.0,,,597373000.0,0.0,4988000.0,172033000.0,0.0,0.0,247915000.0,252903000.0,0.144,252903000.0,247915000.0,241586000.0,55.9,49.05,55.9,1607571000.0,,1607571000.0,10908061762.0,11.0,11.079,85514000.0,23.525,1.0,333666000.0,0.191,48927000.0,6329000.0,3100489000.0,,1433615000.0,399806000.0,,,1401824000.0,,,10760404762.0,7769000.0,3261000.0,-81006000.0,0.0,0.0,-81006000.0,-2647000.0,0.0,91422000.0,0.0,203174000.0,203174000.0,203174000.0,0.0,0.0,0.116,128313000.0,205353000.0,325966000.0,0.0,6.694,16.404,16.711,48630000.0,0.0,2970.35,1.617,1.622,30179000.0,6603359000.0,1750463000.0,1750463000.0,0.0,,,,,18595000.0,128313000.0,1.0,3622605.0,3635000.0,4142000.0,481.558,2960468000.0,0.0,38412000.0,0.0,814.434,
13,NVR,MRQ,2018-03-31,2018-03-31,2018-03-31,2021-08-03,0.0,2846065000.0,,,,,399.131,-2918000.0,449563000.0,449563000.0,1211946000.0,166049000.0,,0.94,597220000.0,,,597220000.0,0.0,5036000.0,167486000.0,0.0,0.0,197280000.0,202316000.0,0.136,202316000.0,197280000.0,190998000.0,45.19,39.34,45.19,1466808000.0,,1466808000.0,10221238400.0,11.0,10.732,75110000.0,20.438,1.0,278147000.0,0.187,48927000.0,6282000.0,2944795000.0,,1344392000.0,344023000.0,,,1379257000.0,,,10312660400.0,-238846000.0,2482000.0,-316438000.0,0.0,0.0,-316438000.0,-436000.0,0.0,78028000.0,0.0,166049000.0,166049000.0,166049000.0,0.0,0.0,0.111,124782000.0,153365000.0,299654000.0,0.0,7.031,17.169,17.358,47563000.0,0.0,2800.0,1.607,1.603,22374000.0,6400185000.0,1490093000.0,1490093000.0,0.0,,,,,9509000.0,124782000.0,1.0,3683093.0,3675000.0,4220000.0,405.467,2797138000.0,0.0,24949000.0,0.0,761.126,
14,NVR,MRQ,2017-12-31,2017-12-31,2017-12-31,2021-08-03,0.0,2989279000.0,,,,,430.081,-4416000.0,688488000.0,688488000.0,1438307000.0,124619000.0,,0.862,597066000.0,,,597066000.0,0.0,5580000.0,150033000.0,0.0,0.0,267633000.0,273213000.0,0.153,273213000.0,267633000.0,261318000.0,33.4,28.44,33.4,1605492000.0,,1605492000.0,13074401633.0,15.0,14.628,230292000.0,61.691,1.0,343187000.0,0.193,48927000.0,6315000.0,2848930000.0,,1246199000.0,352489000.0,,,1383787000.0,,,13120244633.0,45624000.0,-2981000.0,-181687000.0,0.0,0.0,-181687000.0,-7397000.0,0.0,234708000.0,0.0,124619000.0,124619000.0,124619000.0,0.0,0.0,0.07,116000000.0,227187000.0,294797000.0,0.0,8.172,24.409,24.363,49518000.0,0.0,3508.22,2.125,2.121,20026000.0,6231940000.0,1781494000.0,1781494000.0,0.0,,,,,11884000.0,116000000.0,1.0,3739858.0,3733000.0,4363000.0,477.229,2940352000.0,111953000.0,136699000.0,0.0,787.665,
15,NVR,MRQ,2017-09-30,2017-09-30,2017-09-30,2021-08-03,0.0,3049511000.0,,,,,440.533,-5694000.0,642756000.0,642756000.0,1307971000.0,162102000.0,,0.847,596913000.0,,,596913000.0,0.0,5593000.0,162285000.0,0.0,0.0,250584000.0,256177000.0,0.157,256177000.0,250584000.0,244464000.0,43.26,38.02,43.26,1650676000.0,,1650676000.0,10737818100.0,13.0,12.47,151744000.0,40.497,1.0,325755000.0,0.199,50490000.0,6120000.0,2953178000.0,,1376559000.0,258554000.0,,,1398835000.0,,,10688035100.0,95757000.0,2427000.0,-58414000.0,0.0,0.0,-58414000.0,-3267000.0,0.0,157438000.0,0.0,162102000.0,162102000.0,162102000.0,0.0,0.0,0.099,113616000.0,212139000.0,300852000.0,0.0,6.475,18.957,18.992,50130000.0,0.0,2855.0,1.749,1.75,20448000.0,6107321000.0,1633726000.0,1633726000.0,0.0,,,,,11211000.0,113616000.0,1.0,3743620.0,3747000.0,4263000.0,436.009,2999021000.0,0.0,82362000.0,0.0,800.379,
16,NVR,MRQ,2017-06-30,2017-06-30,2017-06-30,2021-08-03,0.0,2918087000.0,,,,,409.759,-4328000.0,546977000.0,546977000.0,1218083000.0,147877000.0,,0.9,596760000.0,,,596760000.0,0.0,5795000.0,165684000.0,0.0,0.0,214882000.0,220677000.0,0.146,220677000.0,214882000.0,208968000.0,39.46,35.19,39.46,1535777000.0,,1535777000.0,9121508125.0,12.0,11.385,65618000.0,17.507,1.0,294631000.0,0.195,50835000.0,5914000.0,2917035000.0,,1364951000.0,241398000.0,,,1382310000.0,,,9034431125.0,37436000.0,3076000.0,-31258000.0,0.0,0.0,-31258000.0,-1252000.0,0.0,69946000.0,0.0,147877000.0,147877000.0,147877000.0,0.0,0.0,0.098,115034000.0,179597000.0,301824000.0,0.0,5.883,17.405,17.532,49525000.0,0.0,2410.61,1.509,1.509,22110000.0,5945219000.0,1512714000.0,1512714000.0,0.0,,,,,10878000.0,115034000.0,1.0,3747778.0,3748000.0,4202000.0,403.606,2867252000.0,0.0,61091000.0,0.0,765.009,
17,NVR,MRQ,2017-03-31,2017-03-31,2017-03-31,2021-08-03,0.0,2742299000.0,,,,,380.103,-4984000.0,509530000.0,509530000.0,1026017000.0,102923000.0,,0.947,596607000.0,,,596607000.0,0.0,5699000.0,148353000.0,0.0,0.0,137997000.0,143696000.0,0.115,143696000.0,137997000.0,132161000.0,27.78,25.12,27.78,1408280000.0,,1408280000.0,7985949537.0,11.0,10.858,103278000.0,27.875,1.0,221570000.0,0.178,51181000.0,5836000.0,2778195000.0,,1232434000.0,213433000.0,,,1334019000.0,,,7804317537.0,94703000.0,1707000.0,-10282000.0,0.0,0.0,-10282000.0,-3277000.0,0.0,108262000.0,0.0,102923000.0,102923000.0,102923000.0,0.0,0.0,0.082,116150000.0,105420000.0,270352000.0,0.0,5.542,16.86,17.333,50550000.0,0.0,2106.88,1.337,1.338,19876000.0,5797342000.0,1247587000.0,1247587000.0,0.0,,,,,10589000.0,116150000.0,1.0,3704206.0,3705000.0,4097000.0,336.731,2691118000.0,0.0,29238000.0,0.0,726.348,
18,NVR,MRQ,2016-12-31,2016-12-31,2016-12-31,2021-08-03,0.0,2643943000.0,,,,,348.315,-5557000.0,414823000.0,414823000.0,1413440000.0,150891000.0,,1.027,596455000.0,,,596455000.0,0.0,5678000.0,122236000.0,0.0,0.0,234843000.0,240521000.0,0.14,240521000.0,234843000.0,228662000.0,39.83,37.37,39.83,1304441000.0,,1304441000.0,6661254255.0,10.0,9.44,284994000.0,76.1,1.0,305087000.0,0.178,48927000.0,6181000.0,2776648000.0,,1092100000.0,351958000.0,,,1339502000.0,,,6326169255.0,128131000.0,2510000.0,-159440000.0,0.0,0.0,-159373000.0,-3047000.0,0.0,290551000.0,0.0,150891000.0,150891000.0,150891000.0,0.0,0.0,0.088,108050000.0,197037000.0,283611000.0,0.0,4.85,14.876,15.1,50818000.0,0.0,1669.0,1.108,1.125,18937000.0,5695376000.0,1718527000.0,1718527000.0,0.0,,,,,11139000.0,108050000.0,1.0,3790395.0,3745000.0,3990000.0,458.886,2595016000.0,170652000.0,77771000.0,0.0,692.928,
19,NVR,MRQ,2016-09-30,2016-09-30,2016-09-30,2021-08-03,0.0,2663216000.0,,,,,336.739,-4485000.0,261218000.0,261218000.0,1242292000.0,117392000.0,,1.05,596303000.0,,,596303000.0,0.0,5657000.0,144697000.0,0.0,0.0,190627000.0,196284000.0,0.13,196284000.0,190627000.0,185003000.0,30.43,28.46,30.43,1299139000.0,,1299139000.0,6621816925.0,10.0,9.691,85380000.0,22.131,1.0,265159000.0,0.176,51872000.0,5624000.0,2946429000.0,,1316730000.0,291303000.0,,,1364077000.0,,,6388867925.0,-102066000.0,1827000.0,-189206000.0,0.0,0.0,-189273000.0,-2658000.0,0.0,89865000.0,0.0,117392000.0,117392000.0,117392000.0,0.0,0.0,0.078,107826000.0,157333000.0,312261000.0,0.0,4.918,15.645,15.675,50406000.0,0.0,1639.87,1.158,1.146,13921000.0,5544485000.0,1507451000.0,1507451000.0,0.0,,,,,11081000.0,107826000.0,1.0,3895960.0,3858000.0,4125000.0,390.734,2611344000.0,0.0,67611000.0,0.0,676.865,
20,NVR,MRQ,2016-06-30,2016-06-30,2016-06-30,2021-08-03,0.0,2698424000.0,,,,,348.103,-6095000.0,363202000.0,363202000.0,1126369000.0,91676000.0,,0.988,596151000.0,,,596151000.0,0.0,5487000.0,141746000.0,0.0,0.0,149534000.0,155021000.0,0.114,155021000.0,149534000.0,144720000.0,23.51,22.01,23.51,1357601000.0,,1357601000.0,7215799362.0,11.0,10.557,46470000.0,11.915,1.0,235372000.0,0.173,52218000.0,4814000.0,2879155000.0,,1247614000.0,275145000.0,,,1340823000.0,,,6937787362.0,45512000.0,2803000.0,-3761000.0,0.0,0.0,-3761000.0,-3292000.0,0.0,52565000.0,0.0,91676000.0,91676000.0,91676000.0,0.0,0.0,0.067,114879000.0,120493000.0,307371000.0,0.0,5.11,17.027,17.295,51146000.0,0.0,1780.34,1.288,1.289,17464000.0,5427093000.0,1361741000.0,1361741000.0,0.0,,,,,10829000.0,114879000.0,1.0,3896889.0,3900000.0,4165000.0,349.164,2646206000.0,0.0,53044000.0,0.0,678.514,
21,NVR,MRQ,2016-03-31,2016-03-31,2016-03-31,2021-08-03,0.0,2541651000.0,,,,,323.497,-5232000.0,317987000.0,317987000.0,925760000.0,65303000.0,,1.023,595999000.0,,,595999000.0,0.0,5447000.0,126552000.0,0.0,0.0,108400000.0,113847000.0,0.102,113847000.0,108400000.0,103312000.0,16.81,15.79,16.81,1256463000.0,,1256463000.0,6898622668.0,10.0,10.018,-45225000.0,-11.644,1.0,195744000.0,0.175,52563000.0,5088000.0,2767100000.0,,1261135000.0,189191000.0,,,1285188000.0,,,6723688668.0,-106334000.0,3879000.0,-64838000.0,0.0,0.0,-64988000.0,-1353000.0,0.0,-39993000.0,0.0,65303000.0,65303000.0,65303000.0,0.0,0.0,0.058,112565000.0,83179000.0,263362000.0,0.0,5.351,16.432,16.918,50026000.0,0.0,1732.4,1.282,1.283,13829000.0,5335417000.0,1121504000.0,1121504000.0,0.0,,,,,10549000.0,112565000.0,1.0,3881141.0,3884000.0,4135000.0,288.75,2489088000.0,0.0,38009000.0,0.0,640.857,
22,NVR,MRQ,2015-12-31,2015-12-31,2015-12-31,2021-08-03,0.0,2511718000.0,,,,,316.598,-4602000.0,449804000.0,449804000.0,1238588000.0,134004000.0,,1.027,595847000.0,,,595847000.0,0.0,5352000.0,110965000.0,0.0,0.0,212773000.0,218125000.0,0.143,218125000.0,212773000.0,207169000.0,33.87,31.67,33.87,1239165000.0,,1239165000.0,6641528173.0,11.0,10.244,206518000.0,52.764,1.0,289496000.0,0.189,52909000.0,5604000.0,2604852000.0,,1006526000.0,319553000.0,,,1272553000.0,,,6428584173.0,37854000.0,4193000.0,-158392000.0,0.0,0.0,-172857000.0,-409000.0,0.0,211120000.0,0.0,134004000.0,134004000.0,134004000.0,0.0,0.0,0.088,106914000.0,182582000.0,259728000.0,0.0,5.188,16.788,17.257,49964000.0,0.0,1643.0,1.269,1.305,11482000.0,5270114000.0,1528084000.0,1528084000.0,0.0,,,,,28682000.0,106914000.0,1.0,3912711.0,3914000.0,4216000.0,390.415,2458809000.0,161805000.0,73165000.0,0.0,628.209,
23,NVR,MRQ,2015-09-30,2015-09-30,2015-09-30,2021-08-03,0.0,2570682000.0,,,,,306.294,-4745000.0,386293000.0,386293000.0,1111672000.0,116470000.0,,1.072,599237000.0,,,599237000.0,0.0,5441000.0,132072000.0,0.0,0.0,191077000.0,196518000.0,0.143,196518000.0,191077000.0,184996000.0,28.75,27.11,28.75,1240490000.0,,1240490000.0,6297688687.0,11.0,10.633,51246000.0,12.653,1.0,262795000.0,0.191,53254000.0,6081000.0,2730372000.0,,1161455000.0,260074000.0,,,1330192000.0,,,6194206687.0,-110123000.0,3063000.0,-168998000.0,0.0,0.0,-164432000.0,-1682000.0,0.0,55991000.0,0.0,116470000.0,116470000.0,116470000.0,0.0,0.0,0.085,102580000.0,160215000.0,295670000.0,0.0,4.993,17.78,17.908,50413000.0,0.0,1525.22,1.279,1.275,9850000.0,5136110000.0,1374467000.0,1374467000.0,0.0,,,,,9005000.0,102580000.0,1.0,4061189.0,4050000.0,4296000.0,339.375,2517428000.0,0.0,68526000.0,0.0,621.587,
24,NVR,MRQ,2015-06-30,2015-06-30,2015-06-30,2021-08-03,0.0,2596235000.0,,,,,313.547,-3492000.0,495731000.0,495731000.0,986854000.0,93395000.0,,1.036,599213000.0,,,599213000.0,0.0,5460000.0,138383000.0,0.0,0.0,154640000.0,160100000.0,0.131,160100000.0,154640000.0,148684000.0,22.97,21.91,22.97,1274881000.0,,1274881000.0,5514786340.0,10.0,10.027,-42298000.0,-10.403,1.0,234257000.0,0.192,53600000.0,5956000.0,2646117000.0,,1085091000.0,265418000.0,,,1321354000.0,,,5446565340.0,-34928000.0,4025000.0,1444000.0,0.0,0.0,3345000.0,533000.0,0.0,-38806000.0,0.0,93395000.0,93395000.0,93395000.0,0.0,0.0,0.076,104807000.0,129450000.0,282553000.0,0.0,4.272,16.912,17.199,50746000.0,0.0,1340.0,1.17,1.171,15987000.0,5019640000.0,1221111000.0,1221111000.0,0.0,,,,,11003000.0,104807000.0,1.0,4064601.0,4066000.0,4262000.0,300.322,2542635000.0,0.0,55289000.0,0.0,625.341,
25,NVR,MRQ,2015-03-31,2015-03-31,2015-03-31,2021-08-03,0.0,2376134000.0,,,,,287.216,-4755000.0,530968000.0,530968000.0,781668000.0,39058000.0,,1.039,599189000.0,,,599189000.0,0.0,5281000.0,125965000.0,0.0,0.0,68281000.0,73562000.0,0.078,73562000.0,68281000.0,62363000.0,9.63,9.22,9.63,1165237000.0,,1165237000.0,5433599211.0,11.0,10.682,-6358000.0,-1.567,1.0,159870000.0,0.17,53946000.0,5918000.0,2390409000.0,,954581000.0,154785000.0,,,1210897000.0,,,5379307211.0,-12906000.0,5291000.0,-19473000.0,-64000.0,0.0,-11839000.0,536000.0,0.0,-1603000.0,0.0,39058000.0,39058000.0,39058000.0,0.0,0.0,0.041,109708000.0,50162000.0,218046000.0,0.0,4.616,18.122,18.814,52300000.0,0.0,1328.66,1.191,1.193,10024000.0,4926245000.0,941538000.0,941538000.0,0.0,,,,,5401000.0,109708000.0,1.0,4048671.0,4057000.0,4235000.0,232.077,2322188000.0,0.0,23305000.0,0.0,572.39,
26,NVR,MRQ,2014-12-31,2014-12-31,2014-12-31,2021-08-03,0.0,2351335000.0,,,,,273.941,-3953000.0,544938000.0,544938000.0,1070601000.0,99451000.0,,1.091,599230000.0,,,599230000.0,0.0,5031000.0,106755000.0,0.0,0.0,157072000.0,162103000.0,0.124,162103000.0,157072000.0,151224000.0,23.82,22.91,23.82,1124255000.0,,1124255000.0,5360271336.0,11.0,10.844,222457000.0,54.205,1.0,236031000.0,0.181,54291000.0,5848000.0,2351336000.0,,869486000.0,205664000.0,,,1227080000.0,,,5224162336.0,79126000.0,2859000.0,-147594000.0,-597000.0,0.0,-146190000.0,-1094000.0,0.0,226410000.0,0.0,99451000.0,99451000.0,99451000.0,0.0,0.0,0.076,102707000.0,133324000.0,230419000.0,0.0,4.647,18.55,19.373,52431000.0,0.0,1275.33,1.194,1.247,10021000.0,4887187000.0,1306632000.0,1306632000.0,0.0,,,,,15702000.0,102707000.0,1.0,4096322.0,4104000.0,4273000.0,318.38,2297044000.0,165189000.0,51773000.0,0.0,559.709,
27,NVR,MRQ,2014-09-30,2014-09-30,2014-09-30,2021-08-03,0.0,2413076000.0,,,,,274.403,-6256000.0,463695000.0,463695000.0,960055000.0,90152000.0,,1.096,599804000.0,,,599804000.0,0.0,4657000.0,119423000.0,0.0,0.0,149566000.0,154223000.0,0.13,154223000.0,149566000.0,143791000.0,21.49,20.7,21.49,1151394000.0,,1151394000.0,4788624064.0,10.0,9.698,-31037000.0,-7.397,1.0,225105000.0,0.19,54637000.0,5775000.0,2494548000.0,,1013733000.0,198597000.0,,,1261682000.0,,,4740105064.0,-87412000.0,428000.0,-56942000.0,-597000.0,0.0,-56803000.0,-5828000.0,0.0,-24781000.0,0.0,90152000.0,90152000.0,90152000.0,0.0,0.0,0.076,96063000.0,129042000.0,250439000.0,0.0,4.117,16.93,17.726,52824000.0,0.0,1130.02,1.104,1.105,11465000.0,4787736000.0,1185160000.0,1185160000.0,0.0,,,,,17497000.0,96063000.0,1.0,4194709.0,4196000.0,4354000.0,282.45,2358439000.0,0.0,53639000.0,0.0,562.068,
28,NVR,MRQ,2014-06-30,2014-06-30,2014-06-30,2021-08-03,0.0,2382063000.0,,,,,252.751,-15151000.0,551859000.0,551859000.0,882778000.0,68178000.0,,1.167,600378000.0,,,600378000.0,0.0,4216000.0,128320000.0,0.0,0.0,114547000.0,118763000.0,0.11,118763000.0,114547000.0,108824000.0,15.68,15.17,15.68,1099215000.0,,1099215000.0,4809176324.0,10.0,10.011,-16445000.0,-3.781,1.0,201302000.0,0.186,54982000.0,5723000.0,2375600000.0,,952505000.0,170470000.0,,,1282848000.0,,,5086464324.0,-325618000.0,2986000.0,-311337000.0,-895000.0,0.0,-312159000.0,-12165000.0,0.0,-1294000.0,0.0,68178000.0,68178000.0,68178000.0,0.0,0.0,0.063,106200000.0,95102000.0,255828000.0,0.0,4.627,18.647,19.069,50685000.0,0.0,1150.6,1.19,1.171,15196000.0,4697584000.0,1084080000.0,1084080000.0,0.0,,,,,15584000.0,106200000.0,1.0,4420706.0,4349000.0,4495000.0,249.271,2327081000.0,0.0,40646000.0,0.0,535.084,
29,NVR,MRQ,2014-03-31,2014-03-31,2014-03-31,2021-08-03,0.0,2524753000.0,,,,,296.862,-5291000.0,878539000.0,878539000.0,655152000.0,23849000.0,,0.904,601251000.0,,,601251000.0,0.0,3710000.0,119101000.0,0.0,0.0,55501000.0,59211000.0,0.074,59211000.0,55501000.0,49707000.0,5.34,5.16,5.34,1326082000.0,,1326082000.0,4867039606.0,11.0,10.81,-21077000.0,-4.718,1.0,144035000.0,0.18,55328000.0,5794000.0,2192137000.0,,841998000.0,123833000.0,,,1198671000.0,,,5130184606.0,13070000.0,5296000.0,24482000.0,-1327000.0,0.0,28851000.0,5000.0,0.0,-15786000.0,0.0,23849000.0,23849000.0,23849000.0,0.0,0.0,0.03,102897000.0,41138000.0,204755000.0,0.0,3.869,20.096,20.843,39320000.0,0.0,1147.0,1.226,1.225,10055000.0,4629406000.0,799187000.0,799187000.0,0.0,,,,,5007000.0,102897000.0,1.0,4472698.0,4467000.0,4620000.0,178.909,2469425000.0,0.0,25858000.0,0.0,552.815,
30,NVR,MRQ,2013-12-31,2013-12-31,2013-12-31,2021-08-03,0.0,2486148000.0,,,,,280.487,-4721000.0,865585000.0,865585000.0,1001415000.0,97811000.0,,0.971,602440000.0,,,602440000.0,0.0,4016000.0,101022000.0,0.0,0.0,157583000.0,161599000.0,0.132,161599000.0,157583000.0,151820000.0,21.24,20.68,21.24,1261352000.0,,1261352000.0,4454354442.0,10.0,9.801,177336000.0,39.434,1.0,222393000.0,0.182,55674000.0,5763000.0,2167329000.0,,738565000.0,210641000.0,,,1224796000.0,,,4666331442.0,52056000.0,-11203000.0,-112289000.0,2637000.0,0.0,-114077000.0,-15924000.0,0.0,182057000.0,0.0,97811000.0,97811000.0,97811000.0,0.0,0.0,0.08,85734000.0,136659000.0,203461000.0,0.0,3.699,17.511,18.24,37298000.0,0.0,1026.01,1.129,1.176,9529000.0,4605557000.0,1223808000.0,1223808000.0,0.0,,,,,7086000.0,85734000.0,1.0,4548037.0,4497000.0,4622000.0,272.139,2430474000.0,162378000.0,54009000.0,0.0,540.466,
31,NVR,MRQ,2013-09-30,2013-09-30,2013-09-30,2021-08-03,0.0,2518897000.0,,,,,277.919,-5857000.0,811589000.0,811589000.0,964416000.0,82935000.0,,0.975,599612000.0,,,599612000.0,0.0,3527000.0,122227000.0,0.0,0.0,137272000.0,140799000.0,0.121,140799000.0,137272000.0,131590000.0,18.08,17.67,18.08,1275094000.0,,1275094000.0,4082662986.0,11.0,10.292,172822000.0,37.668,1.0,203179000.0,0.174,56447000.0,5682000.0,2250473000.0,,917070000.0,153928000.0,,,1243803000.0,,,4259292986.0,35773000.0,4011000.0,-139937000.0,-1207000.0,0.0,-141060000.0,-1846000.0,0.0,178679000.0,0.0,82935000.0,82935000.0,82935000.0,0.0,0.0,0.071,89923000.0,113256000.0,248738000.0,0.0,3.34,18.576,19.242,35787000.0,0.0,919.19,1.11,1.099,13137000.0,4507746000.0,1167595000.0,1167595000.0,0.0,,,,,11649000.0,89923000.0,1.0,4633746.0,4588000.0,4695000.0,254.489,2462450000.0,0.0,48655000.0,0.0,536.715,
32,NVR,MRQ,2013-06-30,2013-06-30,2013-06-30,2021-08-03,0.0,2531167000.0,,,,,270.051,-4492000.0,777265000.0,777265000.0,834288000.0,50690000.0,,0.917,600635000.0,,,600635000.0,0.0,3076000.0,137765000.0,0.0,0.0,85555000.0,88631000.0,0.089,88631000.0,85555000.0,80181000.0,10.37,10.11,10.37,1320279000.0,,1320279000.0,4107523436.0,12.0,11.954,-16913000.0,-3.459,1.0,157922000.0,0.159,57221000.0,5374000.0,2297316000.0,,940280000.0,176285000.0,,,1210888000.0,,,4593162436.0,-309307000.0,1791000.0,-293720000.0,-1093000.0,0.0,-294185000.0,-2701000.0,0.0,-12421000.0,0.0,50690000.0,50690000.0,50690000.0,0.0,0.0,0.051,92372000.0,65550000.0,222223000.0,0.0,3.479,23.04,22.884,32701000.0,0.0,922.0,1.304,1.28,14822000.0,4424811000.0,992210000.0,992210000.0,0.0,,,,,9961000.0,92372000.0,1.0,4981738.0,4889000.0,5013000.0,202.947,2473946000.0,0.0,29491000.0,0.0,506.023,
33,NVR,MRQ,2013-03-31,2013-03-31,2013-03-31,2021-08-03,0.0,2665055000.0,,,,,311.728,-3339000.0,1087188000.0,1087188000.0,624085000.0,35041000.0,,0.717,601549000.0,,,601549000.0,0.0,2772000.0,124862000.0,0.0,0.0,60671000.0,63443000.0,0.084,63443000.0,60671000.0,55105000.0,7.04,6.84,7.04,1552092000.0,,1552092000.0,4847443306.0,16.0,15.095,-81432000.0,-16.355,1.0,126783000.0,0.169,57746000.0,5566000.0,2121670000.0,,841850000.0,128050000.0,,,1112963000.0,,,5396482306.0,-65776000.0,-10667000.0,5412000.0,-2188000.0,0.0,26323000.0,-14006000.0,0.0,-78093000.0,0.0,35041000.0,35041000.0,35041000.0,0.0,0.0,0.047,87594000.0,39189000.0,191373000.0,0.0,3.477,27.603,27.631,30569000.0,0.0,1080.11,1.642,1.637,14536000.0,4374121000.0,750868000.0,750868000.0,0.0,,,,,-15036000.0,87594000.0,1.0,4996234.0,4979000.0,5122000.0,150.807,2607309000.0,0.0,20064000.0,0.0,523.661,
34,NVR,MRQ,2012-12-31,2012-12-31,2012-12-31,2021-08-03,0.0,2604842000.0,,,,,302.323,-2032000.0,1152601000.0,1152601000.0,756396000.0,60627000.0,,0.759,603562000.0,,,603562000.0,0.0,2278000.0,99687000.0,0.0,0.0,101526000.0,103804000.0,0.112,103804000.0,101526000.0,96031000.0,12.28,11.9,12.28,1480477000.0,,1480477000.0,4020264680.0,14.0,13.829,83902000.0,17.133,1.0,168967000.0,0.183,58146000.0,5495000.0,1997657000.0,,678131000.0,188929000.0,,,1124365000.0,,,4497975680.0,74959000.0,-15311000.0,17205000.0,-18397000.0,0.0,6368000.0,-17343000.0,0.0,85934000.0,0.0,60627000.0,60627000.0,60627000.0,0.0,0.0,0.066,88447000.0,80520000.0,184132000.0,0.0,3.038,24.907,25.527,29481000.0,0.0,920.0,1.441,1.477,9421000.0,4339080000.0,925363000.0,925363000.0,0.0,,,,,6073000.0,88447000.0,1.0,4889104.0,4897000.0,5067000.0,188.965,2546696000.0,145618000.0,35404000.0,0.0,520.052,
35,NVR,MRQ,2012-09-30,2012-09-30,2012-09-30,2021-08-03,0.0,2480726000.0,,,,,275.917,-4278000.0,1077543000.0,1077543000.0,702436000.0,53000000.0,,0.799,599832000.0,,,599832000.0,0.0,2092000.0,94940000.0,0.0,0.0,85644000.0,87736000.0,0.103,87736000.0,85644000.0,84133000.0,10.6,10.33,10.6,1379308000.0,,1379308000.0,3754731258.0,16.0,15.681,101781000.0,20.36,1.0,151960000.0,0.178,48927000.0,1511000.0,1954088000.0,,700176000.0,128452000.0,,,1101418000.0,,,4346333258.0,485285000.0,1325000.0,-213457000.0,598682000.0,0.0,382179000.0,-2953000.0,0.0,106059000.0,0.0,53000000.0,53000000.0,53000000.0,0.0,0.0,0.062,84342000.0,67618000.0,178540000.0,0.0,3.151,28.528,27.964,29313000.0,0.0,844.5,1.486,1.443,9973000.0,4278453000.0,854396000.0,854396000.0,0.0,,,,,15985000.0,84342000.0,1.0,5146635.0,4999000.0,5132000.0,170.913,2431799000.0,0.0,31133000.0,0.0,486.457,
36,NVR,MRQ,2012-06-30,2012-06-30,2012-06-30,2021-08-03,0.0,1990960000.0,,,,,298.046,-2996000.0,592652000.0,592652000.0,624978000.0,46838000.0,,0.308,1050000.0,,,1050000.0,0.0,1925000.0,90255000.0,0.0,0.0,64213000.0,66138000.0,0.088,66138000.0,64213000.0,63955000.0,9.17,8.97,9.17,1521824000.0,,1521824000.0,3735841500.0,17.0,16.765,-21443000.0,-4.2,1.0,130312000.0,0.173,48927000.0,258000.0,1350431000.0,,701163000.0,150378000.0,,,469136000.0,,,4307876500.0,18104000.0,972000.0,36179000.0,-1437000.0,0.0,38575000.0,-2024000.0,0.0,-18447000.0,0.0,46838000.0,46838000.0,46838000.0,0.0,0.0,0.062,82081000.0,48231000.0,185711000.0,0.0,2.831,30.175,30.587,27061000.0,0.0,850.0,1.557,1.568,9612000.0,4225453000.0,755290000.0,755290000.0,0.0,,,,,12900000.0,82081000.0,1.0,5068090.0,5106000.0,5221000.0,147.922,1942033000.0,0.0,17117000.0,0.0,380.343,
37,NVR,MRQ,2012-03-31,2012-03-31,2012-03-31,2021-08-03,0.0,1850912000.0,,,,,281.174,-2740000.0,574383000.0,574383000.0,491829000.0,20123000.0,,0.305,2348000.0,,,2348000.0,0.0,1805000.0,79374000.0,0.0,0.0,31223000.0,33028000.0,0.056,33028000.0,31223000.0,30958000.0,3.99,3.9,3.99,1418241000.0,,1418241000.0,3200608404.0,15.0,14.402,88098000.0,17.466,1.0,94366000.0,0.161,48927000.0,265000.0,1229950000.0,,635746000.0,113723000.0,,,432671000.0,,,3674344404.0,94365000.0,2449000.0,6003000.0,-3061000.0,0.0,3818000.0,-291000.0,0.0,90838000.0,0.0,20123000.0,20123000.0,20123000.0,0.0,0.0,0.034,80089000.0,14277000.0,163797000.0,0.0,2.591,27.345,28.743,25966000.0,0.0,726.33,1.364,1.36,6028000.0,4178615000.0,586195000.0,586195000.0,0.0,,,,,15564000.0,80089000.0,1.0,5058781.0,5044000.0,5159000.0,116.216,1801985000.0,0.0,10835000.0,0.0,357.253,
38,NVR,MRQ,2011-12-31,2011-12-31,2011-12-31,2021-08-03,0.0,1779485000.0,,,,,276.397,-2646000.0,480332000.0,480332000.0,616722000.0,32392000.0,,0.294,4983000.0,,,4983000.0,0.0,1724000.0,61223000.0,0.0,0.0,50814000.0,52538000.0,0.072,52538000.0,50814000.0,50445000.0,6.44,6.26,6.44,1374799000.0,,1374799000.0,2924718888.0,14.0,13.532,3398000.0,0.683,1.0,112086000.0,0.154,48927000.0,369000.0,1255209000.0,,533150000.0,252352000.0,,,404686000.0,,,3413815888.0,-16328000.0,1148000.0,-21682000.0,-755000.0,0.0,-20874000.0,-1498000.0,0.0,6044000.0,0.0,32392000.0,32392000.0,32392000.0,0.0,0.0,0.044,76449000.0,35637000.0,152044000.0,0.0,2.483,26.378,28.994,24937000.0,0.0,686.0,1.307,1.437,6789000.0,4158492000.0,728808000.0,728808000.0,0.0,,,,,14944000.0,76449000.0,1.0,4976408.0,4974000.0,5120000.0,146.524,1730558000.0,155881000.0,18053000.0,0.0,347.921,
39,NVR,MRQ,2011-09-30,2011-09-30,2011-09-30,2021-08-03,0.0,1799616000.0,,,,,253.918,-1102000.0,496448000.0,496448000.0,572382000.0,43409000.0,,0.337,7351000.0,,,7351000.0,0.0,1712000.0,66640000.0,0.0,0.0,69418000.0,71130000.0,0.102,71130000.0,69418000.0,68942000.0,8.19,7.98,8.19,1346019000.0,,1346019000.0,2448766948.0,10.0,9.7,19540000.0,3.686,1.0,124598000.0,0.179,48927000.0,476000.0,1261592000.0,,581213000.0,192203000.0,,,453597000.0,,,3280331948.0,-433274000.0,2162000.0,-364328000.0,-90529000.0,0.0,-454976000.0,1060000.0,0.0,20642000.0,0.0,43409000.0,43409000.0,43409000.0,0.0,0.0,0.062,68258000.0,56340000.0,175257000.0,0.0,2.437,21.065,21.749,24052000.0,0.0,603.98,1.225,1.196,7281000.0,4126100000.0,696980000.0,696980000.0,0.0,,,,,16380000.0,68258000.0,1.0,5431193.0,5301000.0,5437000.0,131.481,1750689000.0,0.0,25533000.0,0.0,330.256,
40,NVR,MRQ,2011-06-30,2011-06-30,2011-06-30,2021-08-03,0.0,2175675000.0,,,,,285.358,-6329000.0,929445000.0,929445000.0,558601000.0,38445000.0,,0.318,97880000.0,,,97880000.0,0.0,1638000.0,67593000.0,0.0,0.0,63905000.0,65543000.0,0.096,65543000.0,63905000.0,63354000.0,6.65,6.48,6.65,1650796000.0,,1650796000.0,3132592328.0,13.0,12.59,-22519000.0,-3.893,1.0,124062000.0,0.182,48927000.0,551000.0,1295183000.0,,535179000.0,181525000.0,,,524879000.0,,,4268169328.0,-289899000.0,-58637000.0,-225555000.0,13232000.0,0.0,-208743000.0,-64966000.0,0.0,-16190000.0,0.0,38445000.0,38445000.0,38445000.0,0.0,0.0,0.056,75943000.0,48119000.0,173549000.0,0.0,2.586,27.314,26.643,24611000.0,0.0,725.48,1.616,1.589,7871000.0,4082691000.0,682663000.0,682663000.0,0.0,,,,,12545000.0,75943000.0,1.0,5883235.0,5785000.0,5929000.0,118.006,2126748000.0,0.0,24909000.0,0.0,367.631,
41,NVR,MRQ,2011-03-31,2011-03-31,2011-03-31,2021-08-03,0.0,2275728000.0,,,,,312.245,-842000.0,1220225000.0,1220225000.0,417920000.0,15174000.0,,0.252,84648000.0,,,84648000.0,0.0,1598000.0,62894000.0,0.0,0.0,25331000.0,26929000.0,0.054,26929000.0,25331000.0,24835000.0,2.61,2.52,2.61,1818201000.0,,1818201000.0,3361550468.0,11.0,11.001,-9875000.0,-1.696,1.0,84824000.0,0.169,48927000.0,496000.0,1091224000.0,,492244000.0,105611000.0,,,457527000.0,,,4455261468.0,26545000.0,4380000.0,29262000.0,-15033000.0,0.0,32040000.0,3538000.0,0.0,-9033000.0,0.0,15174000.0,15174000.0,15174000.0,0.0,0.0,0.03,73865000.0,10959000.0,136382000.0,0.0,2.45,23.561,23.464,19850000.0,0.0,756.0,1.533,1.515,7378000.0,4044246000.0,502744000.0,502744000.0,0.0,,,,,-2231000.0,73865000.0,1.0,5893203.0,5823000.0,6020000.0,86.338,2226801000.0,0.0,9661000.0,0.0,382.415,
42,NVR,MRQ,2010-12-31,2010-12-31,2010-12-31,2021-08-03,0.0,2260061000.0,,,,,308.686,-2486000.0,1193392000.0,1193392000.0,654965000.0,58698000.0,,0.299,99681000.0,,,99681000.0,0.0,1715000.0,53705000.0,0.0,0.0,87136000.0,88851000.0,0.112,88851000.0,87136000.0,86513000.0,10.32,9.93,10.32,1740374000.0,,1740374000.0,2950730235.0,9.0,8.79,138501000.0,24.566,1.0,139505000.0,0.176,48927000.0,623000.0,1117423000.0,,431329000.0,177244000.0,,,519687000.0,,,3897119235.0,137907000.0,1193000.0,-19287000.0,-9399000.0,0.0,-26787000.0,23707000.0,25000000.0,140987000.0,0.0,58698000.0,58698000.0,58698000.0,0.0,0.0,0.074,72236000.0,67269000.0,128749000.0,0.0,2.239,18.918,19.766,20473000.0,0.0,691.02,1.307,1.366,6948000.0,4029072000.0,794470000.0,794470000.0,0.0,,,,,10487000.0,72236000.0,1.0,5639662.0,5638000.0,5847000.0,140.913,2211134000.0,184930000.0,27815000.0,0.0,392.184,
43,NVR,MRQ,2010-09-30,2010-09-30,2010-09-30,2021-08-03,0.0,2249819000.0,,,,,293.437,-1146000.0,1055469000.0,1055469000.0,540783000.0,43944000.0,,0.334,109080000.0,,,109080000.0,0.0,1820000.0,70462000.0,0.0,0.0,65668000.0,67488000.0,0.102,67488000.0,65668000.0,64890000.0,7.65,7.31,7.65,1686678000.0,,1686678000.0,2778078535.0,8.0,8.273,-20439000.0,-3.556,1.0,121152000.0,0.183,48927000.0,778000.0,1254503000.0,,562314000.0,195601000.0,,,563141000.0,,,3787936535.0,-35039000.0,0.0,-195753000.0,28056000.0,0.0,-164600000.0,148854000.0,150000000.0,-19293000.0,0.0,43944000.0,43944000.0,43944000.0,0.0,0.0,0.066,74737000.0,46415000.0,168092000.0,0.0,2.246,18.216,18.58,19600000.0,0.0,647.53,1.299,1.276,10714000.0,3970374000.0,661935000.0,661935000.0,0.0,,,,,16827000.0,74737000.0,1.0,5849824.0,5748000.0,6011000.0,115.159,2200892000.0,0.0,20946000.0,0.0,382.897,
44,NVR,MRQ,2010-06-30,2010-06-30,2010-06-30,2021-08-03,0.0,2359435000.0,,,,,296.499,-1890000.0,1090882000.0,1090882000.0,771475000.0,71276000.0,,0.3,81024000.0,,,81024000.0,0.0,1847000.0,69344000.0,0.0,0.0,120452000.0,122299000.0,0.129,122299000.0,120452000.0,118259000.0,11.64,11.13,11.64,1815466000.0,,1815466000.0,2889101815.0,8.0,7.454,49967000.0,8.161,1.0,175497000.0,0.185,48927000.0,2193000.0,1300650000.0,,420701000.0,419313000.0,,,543969000.0,,,4039674815.0,-251410000.0,-1000000.0,-166333000.0,-110695000.0,0.0,-250377000.0,-52890000.0,-50000000.0,51857000.0,0.0,71276000.0,71276000.0,71276000.0,0.0,0.0,0.075,76412000.0,99085000.0,186320000.0,0.0,2.225,17.108,16.587,19896000.0,0.0,655.03,1.326,1.316,15011000.0,3926430000.0,946972000.0,946972000.0,0.0,,,,,-11503000.0,76412000.0,1.0,6167160.0,6123000.0,6405000.0,154.658,2310508000.0,0.0,46983000.0,0.0,377.349,
45,NVR,MRQ,2010-03-31,2010-03-31,2010-03-31,2021-08-03,0.0,2476397000.0,,,,,308.065,-766000.0,1342292000.0,1342292000.0,471069000.0,32087000.0,,0.325,191719000.0,,,191719000.0,0.0,1881000.0,72261000.0,0.0,0.0,55166000.0,57047000.0,0.099,57047000.0,55166000.0,52731000.0,5.29,5.01,5.29,1868724000.0,,1868724000.0,3340530322.0,10.0,9.818,-118929000.0,-19.606,1.0,106312000.0,0.184,48927000.0,2435000.0,1276897000.0,,499909000.0,208385000.0,,,607673000.0,,,4442800322.0,92142000.0,-1000000.0,41786000.0,43839000.0,0.0,117536000.0,92769000.0,94535000.0,-118163000.0,0.0,32087000.0,32087000.0,32087000.0,0.0,0.0,0.056,67270000.0,39042000.0,159499000.0,0.0,2.377,21.538,20.745,19804000.0,0.0,726.5,1.638,1.625,8091000.0,3855154000.0,577381000.0,577381000.0,0.0,,,,,-26233000.0,67270000.0,1.0,6115348.0,6066000.0,6399000.0,95.183,2427470000.0,0.0,20644000.0,0.0,400.176,
46,NVR,MRQ,2009-12-31,2009-12-31,2009-12-31,2021-08-03,0.0,2395770000.0,,,,,295.736,-1289000.0,1250150000.0,1250150000.0,592221000.0,60639000.0,,0.363,147880000.0,,,147880000.0,0.0,2017000.0,63591000.0,0.0,0.0,86948000.0,88965000.0,0.122,88965000.0,86948000.0,84527000.0,10.27,9.69,10.27,1757262000.0,,1757262000.0,3315766841.0,11.0,10.378,122417000.0,20.602,1.0,137919000.0,0.189,48927000.0,2421000.0,1244573000.0,,418718000.0,259632000.0,,,638508000.0,,,4220166841.0,134479000.0,22000000.0,5790000.0,-63391000.0,0.0,-49809000.0,60582000.0,39871000.0,123706000.0,0.0,60639000.0,60639000.0,60639000.0,0.0,0.0,0.083,69887000.0,68032000.0,139770000.0,0.0,2.402,21.959,21.472,20661000.0,0.0,710.71,1.573,1.538,7995000.0,3823067000.0,730140000.0,730140000.0,0.0,,,,,3662000.0,69887000.0,1.0,5937959.0,5942000.0,6302000.0,122.878,2346843000.0,200340000.0,23888000.0,0.0,394.958,
47,NVR,MRQ,2009-09-30,2009-09-30,2009-09-30,2021-08-03,0.0,2374780000.0,,,,,284.962,-786000.0,1115671000.0,1115671000.0,636642000.0,72127000.0,,0.421,211271000.0,,,211271000.0,0.0,2719000.0,66819000.0,0.0,0.0,116550000.0,119269000.0,0.15,119269000.0,116550000.0,113440000.0,12.29,11.59,12.29,1671587000.0,,1671587000.0,3354354081.0,19.0,18.219,139543000.0,23.788,1.0,155868000.0,0.197,48927000.0,3110000.0,1421453000.0,,478839000.0,369501000.0,,,703193000.0,,,3702843081.0,532403000.0,-22000000.0,27203000.0,-23508000.0,0.0,15904000.0,376170000.0,398956000.0,140329000.0,0.0,72127000.0,72127000.0,72127000.0,0.0,0.0,0.091,64148000.0,91720000.0,174101000.0,0.0,2.215,36.631,37.916,21168000.0,0.0,637.37,1.298,1.311,9015000.0,3762428000.0,792510000.0,792510000.0,0.0,,,,,-763000.0,64148000.0,1.0,5809566.0,5866000.0,6223000.0,135.102,2325853000.0,0.0,41313000.0,0.0,396.497,
48,NVR,MRQ,2009-06-30,2009-06-30,2009-06-30,2021-08-03,0.0,2237085000.0,,,,,268.063,-52000.0,583268000.0,583268000.0,494240000.0,41426000.0,,0.445,234779000.0,,,234779000.0,0.0,2396000.0,70163000.0,0.0,0.0,72567000.0,74963000.0,0.122,74963000.0,72567000.0,69829000.0,7.17,6.79,7.17,1548602000.0,,1548602000.0,2604888877.0,22.0,19.706,-23672000.0,-4.098,1.0,118248000.0,0.193,48927000.0,2738000.0,1839669000.0,,460570000.0,781539000.0,,,688483000.0,,,2906478877.0,40499000.0,0.0,14077000.0,-6400000.0,0.0,14171000.0,49948000.0,50000000.0,-23620000.0,0.0,41426000.0,41426000.0,41426000.0,0.0,0.0,0.068,61139000.0,57109000.0,159604000.0,0.0,1.877,44.368,44.697,22246000.0,0.0,502.39,0.973,0.971,9227000.0,3690301000.0,612488000.0,612488000.0,0.0,,,,,5140000.0,61139000.0,1.0,5785304.0,5777000.0,6101000.0,106.022,2188158000.0,0.0,28403000.0,0.0,378.771,
49,NVR,MRQ,2009-03-31,2009-03-31,2009-03-31,2021-08-03,0.0,2131150000.0,,,,,261.427,45000.0,542769000.0,542769000.0,462630000.0,17988000.0,,0.445,241179000.0,,,241179000.0,0.0,2581000.0,58264000.0,0.0,0.0,33729000.0,36310000.0,0.066,36310000.0,33729000.0,30618000.0,3.19,3.02,3.19,1474971000.0,,1474971000.0,1503315972.0,11.0,9.977,1272000.0,0.225,1.0,85699000.0,0.156,48927000.0,3111000.0,1780633000.0,,370529000.0,808905000.0,,,656179000.0,,,2440569972.0,-604874000.0,0.0,31473000.0,30790000.0,0.0,102216000.0,-708317000.0,-708362000.0,1227000.0,0.0,17988000.0,17988000.0,17988000.0,0.0,0.0,0.033,65452000.0,20247000.0,134240000.0,0.0,1.655,32.362,31.337,24208000.0,0.0,427.75,0.736,0.728,9251000.0,3648875000.0,548329000.0,548329000.0,0.0,,,,,-28185000.0,65452000.0,1.0,5705599.0,5642000.0,5958000.0,97.187,2082223000.0,0.0,12630000.0,0.0,369.058,
50,NVR,MRQ,2008-12-31,2008-12-31,2008-12-31,2021-08-03,0.0,2103236000.0,,,,,249.962,-418000.0,1147643000.0,1147643000.0,875779000.0,-30457000.0,,0.531,210389000.0,,,210389000.0,0.0,2929000.0,59623000.0,0.0,0.0,-49362000.0,-46433000.0,-0.052,-46433000.0,-49362000.0,-52744000.0,-5.84,-5.17,-5.84,1373789000.0,,1373789000.0,1816537219.0,10.0,9.327,246383000.0,44.83,1.0,23756000.0,0.026,48927000.0,3382000.0,1117055000.0,,400570000.0,72488000.0,,,729447000.0,,,2488166219.0,182602000.0,0.0,7842000.0,-82748000.0,0.0,-62593000.0,-1606000.0,0.0,246801000.0,0.0,-30457000.0,-30457000.0,-30457000.0,0.0,0.0,-0.034,87348000.0,-63592000.0,155127000.0,0.0,1.811,24.662,24.32,26417000.0,0.0,456.25,0.684,0.674,11594000.0,3630887000.0,899535000.0,899535000.0,0.0,,,,,-825000.0,75662000.0,1.0,5453515.0,5496000.0,5935000.0,163.671,2054309000.0,223393000.0,-22287000.0,0.0,373.783,
51,NVR,MRQ,2008-09-30,2008-09-30,2008-09-30,2021-08-03,0.0,2308152000.0,,,,,252.386,-1330000.0,965041000.0,965041000.0,805931000.0,36551000.0,,0.682,293412000.0,,,293412000.0,0.0,3249000.0,93117000.0,0.0,0.0,64096000.0,67345000.0,0.073,67345000.0,64096000.0,60607000.0,6.72,6.12,6.72,1372475000.0,,1372475000.0,2555019584.0,7.0,7.164,113282000.0,20.832,1.0,122334000.0,0.132,60634000.0,3489000.0,1575889000.0,,611020000.0,113839000.0,,,935677000.0,,,3104256584.0,96902000.0,0.0,3944000.0,-25490000.0,0.0,-16803000.0,-907000.0,0.0,114612000.0,0.0,36551000.0,36551000.0,36551000.0,0.0,0.0,0.039,74557000.0,47777000.0,195261000.0,0.0,2.262,15.629,15.1,27737000.0,0.0,572.0,0.749,0.75,10444000.0,3661344000.0,928265000.0,928265000.0,0.0,,,,,6541000.0,74557000.0,1.0,5427022.0,5438000.0,5968000.0,170.7,2247518000.0,0.0,24056000.0,0.0,413.299,
52,NVR,MRQ,2008-06-30,2008-06-30,2008-06-30,2021-08-03,0.0,2313855000.0,,,,,245.651,-1786000.0,868139000.0,868139000.0,772369000.0,51332000.0,,0.758,318902000.0,,,318902000.0,0.0,3626000.0,108379000.0,0.0,0.0,89829000.0,93455000.0,0.099,93455000.0,89829000.0,86417000.0,9.58,8.64,9.58,1315953000.0,,1315953000.0,2148235115.0,5.0,4.85,24121000.0,4.503,1.0,168664000.0,0.179,60655000.0,3412000.0,1703963000.0,,625637000.0,134714000.0,,,997902000.0,,,2644891115.0,100481000.0,0.0,13143000.0,47900000.0,0.0,76044000.0,-1470000.0,0.0,25907000.0,0.0,51332000.0,51332000.0,51332000.0,0.0,0.0,0.055,98279000.0,70385000.0,203310000.0,0.0,2.01,10.446,10.33,30097000.0,0.0,500.08,0.589,0.597,16189000.0,3624793000.0,941033000.0,941033000.0,0.0,,,,,-2902000.0,98279000.0,1.0,5288936.0,5357000.0,5938000.0,175.664,2253200000.0,0.0,35085000.0,0.0,420.609,
53,NVR,MRQ,2008-03-31,2008-03-31,2008-03-31,2021-08-03,0.0,2209576000.0,,,,,234.376,-1964000.0,767658000.0,767658000.0,726931000.0,43466000.0,,0.805,271002000.0,,,271002000.0,0.0,3837000.0,116993000.0,0.0,0.0,76548000.0,80385000.0,0.092,80385000.0,76548000.0,73175000.0,8.32,7.42,8.32,1224378000.0,,1224378000.0,2765621282.0,6.0,5.477,73077000.0,13.989,1.0,142938000.0,0.164,60675000.0,3373000.0,1652245000.0,,631077000.0,92115000.0,,,985198000.0,,,3143547282.0,103449000.0,0.0,27021000.0,-15281000.0,0.0,29923000.0,-1515000.0,0.0,75041000.0,0.0,43466000.0,43466000.0,43466000.0,0.0,0.0,0.05,91820000.0,51118000.0,192738000.0,0.0,2.567,10.743,10.86,31970000.0,0.0,597.5,0.649,0.645,8622000.0,3573461000.0,869869000.0,869869000.0,0.0,,,,,-11850000.0,91820000.0,1.0,5261167.0,5224000.0,5859000.0,166.514,2148901000.0,0.0,29709000.0,0.0,411.352,
54,NVR,MRQ,2007-12-31,2007-12-31,2007-12-31,2021-08-03,0.0,2194416000.0,,,,,220.065,-2327000.0,664209000.0,664209000.0,1224313000.0,67274000.0,,0.943,286283000.0,,,286283000.0,0.0,4140000.0,125315000.0,0.0,0.0,111305000.0,115445000.0,0.082,115445000.0,111305000.0,107982000.0,13.26,11.89,13.26,1129375000.0,,1129375000.0,2688419360.0,5.0,4.713,375572000.0,73.182,1.0,181153000.0,0.129,60709000.0,3323000.0,1755781000.0,,688854000.0,107338000.0,,,1065041000.0,,,2691075360.0,347018000.0,0.0,516000.0,-28252000.0,0.0,-27012000.0,-3869000.0,0.0,377899000.0,0.0,67274000.0,67274000.0,67274000.0,0.0,0.0,0.048,98237000.0,82916000.0,237599000.0,0.0,2.383,8.058,8.505,33792000.0,0.0,524.0,0.533,0.563,10855000.0,3529995000.0,1405466000.0,1405466000.0,0.0,,,,,7890000.0,98237000.0,1.0,5135640.0,5132000.0,5736000.0,273.863,2133707000.0,211808000.0,40708000.0,0.0,415.765,
55,NVR,MRQ,2007-09-30,2007-09-30,2007-09-30,2021-08-03,0.0,2246674000.0,,,,,199.144,-2910000.0,317191000.0,317191000.0,1087399000.0,91113000.0,,1.135,314535000.0,,,314535000.0,0.0,4264000.0,174324000.0,0.0,0.0,149389000.0,153653000.0,0.121,153653000.0,149389000.0,145814000.0,17.25,15.26,17.25,1052078000.0,,1052078000.0,2324277076.0,3.0,3.405,63090000.0,11.942,1.0,183072000.0,0.144,60743000.0,3575000.0,2183275000.0,,979397000.0,137749000.0,,,1194596000.0,,,2559281076.0,-256891000.0,0.0,-297384000.0,-24543000.0,0.0,-320264000.0,-2627000.0,0.0,66000000.0,0.0,91113000.0,91113000.0,91113000.0,0.0,0.0,0.072,60907000.0,122165000.0,281716000.0,0.0,2.433,6.369,6.451,35523000.0,0.0,470.25,0.488,0.474,17666000.0,3462721000.0,1270471000.0,1270471000.0,0.0,,,,,-24597000.0,60907000.0,1.0,5442384.0,5283000.0,5969000.0,240.483,2185931000.0,0.0,54701000.0,0.0,413.767,
56,NVR,MRQ,2007-06-30,2007-06-30,2007-06-30,2021-08-03,0.0,2503281000.0,,,,,228.259,-2481000.0,574082000.0,574082000.0,1061937000.0,90747000.0,,0.956,339078000.0,,,339078000.0,0.0,4295000.0,195165000.0,0.0,0.0,151136000.0,155431000.0,0.12,155431000.0,151136000.0,147677000.0,16.19,14.14,16.19,1279620000.0,,1279620000.0,3536001842.0,5.0,4.723,39822000.0,7.103,1.0,235203000.0,0.181,60776000.0,3459000.0,2207501000.0,,886562000.0,158882000.0,,,1223661000.0,,,3811163842.0,16840000.0,0.0,-106677000.0,56998000.0,0.0,-23443000.0,-2020000.0,0.0,42303000.0,0.0,90747000.0,90747000.0,90747000.0,0.0,0.0,0.07,110152000.0,125051000.0,286506000.0,0.0,2.978,8.66,8.688,36785000.0,0.0,679.75,0.693,0.693,13474000.0,3371608000.0,1297140000.0,1297140000.0,0.0,,,,,-12050000.0,110152000.0,1.0,5606714.0,5606000.0,6420000.0,231.384,2442505000.0,0.0,56930000.0,0.0,435.695,
57,NVR,MRQ,2007-03-31,2007-03-31,2007-03-31,2021-08-03,0.0,2467947000.0,,,,,221.637,-1597000.0,557242000.0,557242000.0,853410000.0,84821000.0,,0.966,282080000.0,,,282080000.0,0.0,4337000.0,190721000.0,0.0,0.0,141506000.0,145843000.0,0.136,145843000.0,141506000.0,138032000.0,14.98,12.96,14.98,1255128000.0,,1255128000.0,3576244680.0,4.0,3.901,70967000.0,12.532,1.0,221700000.0,0.206,60832000.0,3474000.0,2131953000.0,,802360000.0,101548000.0,,,1212819000.0,,,3775731680.0,1123000.0,0.0,-36513000.0,-74552000.0,0.0,-70642000.0,-799000.0,0.0,72564000.0,0.0,84821000.0,84821000.0,84821000.0,0.0,0.0,0.079,106729000.0,114971000.0,247961000.0,0.0,3.008,6.996,6.977,38609000.0,0.0,665.0,0.637,0.635,12179000.0,3280861000.0,1075110000.0,1075110000.0,0.0,,,,,-26100000.0,106729000.0,1.0,5677792.0,5663000.0,6545000.0,189.848,2407115000.0,0.0,53211000.0,0.0,425.06,
58,NVR,MRQ,2006-12-31,2006-12-31,2006-12-31,2021-08-03,0.0,2473808000.0,,,,,208.332,-6558000.0,556119000.0,556119000.0,1297372000.0,135167000.0,,1.147,356632000.0,,,356632000.0,0.0,4069000.0,165354000.0,0.0,0.0,223595000.0,227664000.0,0.142,227664000.0,223595000.0,219759000.0,24.48,20.82,24.48,1152074000.0,,1152074000.0,3736973455.0,4.0,3.743,424007000.0,76.674,1.0,303361000.0,0.19,60863000.0,3836000.0,2213458000.0,,733616000.0,178444000.0,,,1321734000.0,,,3604375455.0,317514000.0,0.0,-104532000.0,-14571000.0,0.0,-105933000.0,-7118000.0,0.0,430565000.0,0.0,135167000.0,135167000.0,135167000.0,0.0,0.0,0.084,114309000.0,189052000.0,289720000.0,0.0,3.129,6.136,6.197,41598000.0,0.0,645.0,0.597,0.603,12213000.0,3196040000.0,1600733000.0,1600733000.0,0.0,,,,,3954000.0,114309000.0,1.0,5588179.0,5530000.0,6507000.0,289.463,2412945000.0,169901000.0,84592000.0,0.0,436.337,
59,NVR,MRQ,2006-09-30,2006-09-30,2006-09-30,2021-08-03,0.0,2472745000.0,,,,,189.784,-6088000.0,238605000.0,238605000.0,1238671000.0,129333000.0,,1.276,371203000.0,,,371203000.0,0.0,3767000.0,213379000.0,0.0,0.0,215946000.0,219713000.0,0.144,219713000.0,215946000.0,212107000.0,22.59,19.63,22.59,1086516000.0,,1086516000.0,3273939470.0,3.0,2.861,119480000.0,20.87,1.0,290293000.0,0.19,60894000.0,3839000.0,2544449000.0,,1011139000.0,203443000.0,,,1386229000.0,,,3078519470.0,62637000.0,0.0,-60525000.0,-185000.0,0.0,-57063000.0,-5868000.0,0.0,125568000.0,0.0,129333000.0,129333000.0,129333000.0,0.0,0.0,0.085,104421000.0,185872000.0,292327000.0,0.0,2.833,4.562,4.605,38245000.0,0.0,535.0,0.507,0.505,16762000.0,3060873000.0,1528964000.0,1528964000.0,0.0,,,,,10207000.0,104421000.0,1.0,5754242.0,5725000.0,6588000.0,267.068,2411851000.0,0.0,82774000.0,0.0,421.284,
60,NVR,MRQ,2006-06-30,2006-06-30,2006-06-30,2021-08-03,0.0,2527826000.0,,,,,174.8,-5105000.0,175968000.0,175968000.0,1304183000.0,190352000.0,,1.527,371388000.0,,,371388000.0,0.0,3311000.0,246967000.0,0.0,0.0,320150000.0,323461000.0,0.188,323461000.0,320150000.0,313078000.0,33.27,28.08,33.27,1000207000.0,,1000207000.0,3189613338.0,3.0,2.575,174109000.0,30.428,1.0,418614000.0,0.243,60925000.0,7072000.0,2662321000.0,,1018029000.0,200251000.0,,,1527619000.0,,,2797467338.0,71460000.0,0.0,3697000.0,-125266000.0,0.0,-102901000.0,-4853000.0,0.0,179214000.0,0.0,190352000.0,190352000.0,190352000.0,0.0,0.0,0.11,129403000.0,289211000.0,331489000.0,0.0,2.797,3.807,3.972,36104000.0,0.0,491.25,0.475,0.477,19172000.0,2931540000.0,1722797000.0,1722797000.0,0.0,,,,,-5072000.0,129403000.0,1.0,5694590.0,5722000.0,6779000.0,301.083,2466901000.0,0.0,122726000.0,0.0,431.126,
61,NVR,MRQ,2006-03-31,2006-03-31,2006-03-31,2021-08-03,0.0,2347703000.0,,,,,138.294,-4847000.0,104508000.0,104508000.0,861039000.0,132560000.0,,2.034,496654000.0,,,496654000.0,0.0,3011000.0,270352000.0,0.0,0.0,224508000.0,227519000.0,0.192,227519000.0,224508000.0,218027000.0,23.69,19.48,23.69,773894000.0,,773894000.0,4389274067.0,4.0,3.665,-57231000.0,-10.227,1.0,322703000.0,0.273,60957000.0,6481000.0,2678892000.0,,1022310000.0,132281000.0,,,1573809000.0,,,4103659067.0,-73018000.0,0.0,-109882000.0,33513000.0,0.0,-15875000.0,-4759000.0,0.0,-52384000.0,0.0,132560000.0,132560000.0,132560000.0,0.0,0.0,0.112,123174000.0,199529000.0,299084000.0,0.0,5.303,5.762,6.332,34109000.0,0.0,738.95,0.757,0.763,12573000.0,2741188000.0,1183742000.0,1183742000.0,0.0,,,,,-46934000.0,123174000.0,1.0,5553365.0,5596000.0,6805000.0,211.534,2286746000.0,0.0,85467000.0,0.0,408.639,
62,NVR,MRQ,2005-12-31,2005-12-31,2005-12-31,2021-08-03,0.0,2237669000.0,,,,,113.713,-4560000.0,177526000.0,177526000.0,1180762000.0,222537000.0,,2.304,463141000.0,,,463141000.0,0.0,3272000.0,256837000.0,0.0,0.0,370419000.0,373691000.0,0.229,373691000.0,370419000.0,364416000.0,36.63,29.74,36.63,677162000.0,,677162000.0,4324537136.0,4.0,3.694,240641000.0,40.41,1.0,450016000.0,0.276,60988000.0,6003000.0,2462296000.0,,793975000.0,193932000.0,,,1560507000.0,,,4253255136.0,-68240000.0,0.0,-451327000.0,146093000.0,0.0,-305234000.0,-8207000.0,0.0,245201000.0,0.0,222537000.0,222537000.0,222537000.0,0.0,0.0,0.136,111318000.0,338698000.0,287988000.0,0.0,6.281,6.097,6.361,32099000.0,0.0,702.0,0.821,0.857,40562000.0,2608628000.0,1630778000.0,1630778000.0,0.0,,,,,-2674000.0,111318000.0,1.0,6058768.0,5955000.0,7334000.0,273.85,2176681000.0,97511000.0,141879000.0,0.0,365.522,
63,NVR,MRQ,2005-09-30,2005-09-30,2005-09-30,2021-08-03,0.0,2216114000.0,,,,,143.76,-2217000.0,245766000.0,245766000.0,970437000.0,189443000.0,,1.448,317048000.0,,,317048000.0,0.0,2621000.0,289152000.0,0.0,0.0,311153000.0,313774000.0,0.232,313774000.0,311153000.0,307971000.0,30.08,24.33,30.08,905399000.0,,905399000.0,5653150773.0,5.0,5.296,108188000.0,17.178,1.0,380028000.0,0.281,59912000.0,3182000.0,2227484000.0,,916581000.0,143628000.0,,,1310715000.0,,,5586993773.0,-19313000.0,0.0,-113380000.0,-14188000.0,0.0,-127568000.0,-2150000.0,0.0,110405000.0,0.0,189443000.0,189443000.0,189443000.0,0.0,0.0,0.14,94583000.0,285445000.0,299268000.0,0.0,6.171,8.813,8.964,26157000.0,0.0,884.95,1.163,1.16,19212000.0,2386091000.0,1350465000.0,1350465000.0,0.0,,,,,2674000.0,94583000.0,1.0,6313344.0,6298000.0,7787000.0,214.428,2156202000.0,0.0,118528000.0,0.0,342.363,
64,NVR,MRQ,2005-06-30,2005-06-30,2005-06-30,2021-08-03,0.0,2114611000.0,,,,,128.121,-5689000.0,265079000.0,265079000.0,907284000.0,167649000.0,,1.59,331236000.0,,,331236000.0,0.0,2391000.0,287813000.0,0.0,0.0,280391000.0,282782000.0,0.225,282782000.0,280391000.0,277107000.0,26.31,21.42,26.31,816390000.0,,816390000.0,5201029880.0,5.0,5.174,124502000.0,19.539,1.0,349964000.0,0.278,59943000.0,3284000.0,2120825000.0,,809393000.0,153719000.0,,,1298221000.0,,,5152367880.0,11380000.0,0.0,-145436000.0,28875000.0,0.0,-116561000.0,-2250000.0,0.0,130191000.0,0.0,167649000.0,167649000.0,167649000.0,0.0,0.0,0.133,92128000.0,257836000.0,253875000.0,0.0,6.311,8.7,8.824,26481000.0,0.0,810.0,1.12,1.122,36346000.0,2196648000.0,1257248000.0,1257248000.0,0.0,,,,,0.0,92128000.0,1.0,6360948.0,6372000.0,7825000.0,197.308,2054668000.0,0.0,109458000.0,0.0,322.453,
65,NVR,MRQ,2005-03-31,2005-03-31,2005-03-31,2021-08-03,0.0,1844526000.0,,,,,118.031,-2166000.0,253699000.0,253699000.0,679547000.0,117930000.0,,1.347,302361000.0,,,302361000.0,0.0,2406000.0,230580000.0,0.0,0.0,198024000.0,200430000.0,0.213,200430000.0,198024000.0,194925000.0,17.71,14.38,17.71,785971000.0,,785971000.0,5119611130.0,6.0,5.556,44809000.0,6.729,1.0,259705000.0,0.277,59975000.0,3099000.0,1833213000.0,,692380000.0,114105000.0,,,1058555000.0,,,5273173130.0,-113666000.0,-7465000.0,-239709000.0,88558000.0,0.0,-151151000.0,-9490000.0,0.0,46975000.0,0.0,117930000.0,117930000.0,117930000.0,0.0,0.0,0.126,79051000.0,180654000.0,209821000.0,0.0,6.709,9.756,9.412,26229000.0,0.0,785.0,1.219,1.208,17119000.0,2028999000.0,939252000.0,939252000.0,0.0,,,,,0.0,79051000.0,1.0,6717418.0,6659000.0,8200000.0,141.05,1784551000.0,0.0,76995000.0,0.0,267.991,
66,NVR,MRQ,2004-12-31,2004-12-31,2004-12-31,2021-08-03,0.0,1777967000.0,,,,,129.477,-3077000.0,367365000.0,367365000.0,929102000.0,158938000.0,,1.129,213803000.0,,,213803000.0,0.0,2382000.0,203835000.0,0.0,0.0,268160000.0,270542000.0,0.215,270542000.0,268160000.0,264895000.0,24.62,20.06,24.62,834995000.0,,834995000.0,4940025672.0,6.0,5.526,225865000.0,35.023,1.0,326612000.0,0.26,55306000.0,3265000.0,1569099000.0,,588540000.0,138595000.0,,,942972000.0,,,4894342672.0,106475000.0,0.0,-26645000.0,-92770000.0,0.0,-119415000.0,-3052000.0,0.0,228942000.0,0.0,158938000.0,158938000.0,158938000.0,0.0,0.0,0.127,80046000.0,246566000.0,226951000.0,0.0,5.862,9.355,9.519,26326000.0,0.0,769.4,1.152,1.173,14020000.0,1911069000.0,1255714000.0,1255714000.0,0.0,,,,,0.0,80046000.0,1.0,6361246.0,6449000.0,7934000.0,194.715,1722661000.0,73191000.0,105957000.0,0.0,267.121,
67,NVR,MRQ,2004-09-30,2004-09-30,2004-09-30,2021-08-03,0.0,1706444000.0,,,,,101.612,-2610000.0,260890000.0,260890000.0,848195000.0,147679000.0,,1.633,306573000.0,,,306573000.0,0.0,2237000.0,212136000.0,0.0,0.0,249318000.0,251555000.0,0.219,251555000.0,249318000.0,246131000.0,23.16,19.04,23.16,647980000.0,,647980000.0,3672930588.0,4.0,4.371,133908000.0,20.999,1.0,298076000.0,0.26,55306000.0,3187000.0,1696821000.0,,706306000.0,127615000.0,,,1058464000.0,,,3519891588.0,118039000.0,0.0,-26552000.0,10683000.0,0.0,-15869000.0,-2610000.0,0.0,136518000.0,0.0,147679000.0,147679000.0,147679000.0,0.0,0.0,0.129,71037000.0,227039000.0,238597000.0,0.0,5.432,7.158,7.39,25476000.0,0.0,551.0,0.862,0.86,16001000.0,1752131000.0,1146271000.0,1146271000.0,0.0,,,,,0.0,71037000.0,1.0,6388188.0,6377000.0,7758000.0,179.751,1651138000.0,0.0,98452000.0,0.0,258.921,
68,NVR,MRQ,2004-06-30,2004-06-30,2004-06-30,2021-08-03,0.0,1495481000.0,,,,,78.985,-1374000.0,142851000.0,142851000.0,735978000.0,115970000.0,,1.924,295890000.0,,,295890000.0,0.0,2163000.0,213800000.0,0.0,0.0,196693000.0,198856000.0,0.202,198856000.0,196693000.0,193284000.0,17.91,14.82,17.91,511428000.0,,511428000.0,3218833209.0,4.0,4.132,59937000.0,9.257,1.0,248855000.0,0.253,55306000.0,3409000.0,1593214000.0,,650706000.0,113822000.0,,,984053000.0,,,3135740209.0,-68447000.0,0.0,-129553000.0,1499000.0,0.0,-128054000.0,-1704000.0,0.0,61311000.0,0.0,115970000.0,115970000.0,115970000.0,0.0,0.0,0.118,70611000.0,178244000.0,207806000.0,0.0,6.131,6.915,7.259,24906000.0,0.0,484.2,0.805,0.805,22795000.0,1604452000.0,984833000.0,984833000.0,0.0,,,,,0.0,70611000.0,1.0,6476126.0,6475000.0,7825000.0,152.098,1440175000.0,0.0,77314000.0,0.0,222.421,
69,NVR,MRQ,2004-03-31,2004-03-31,2004-03-31,2021-08-03,0.0,1449637000.0,,,,,78.498,-1917000.0,211298000.0,211298000.0,643011000.0,100617000.0,,1.802,294391000.0,,,294391000.0,0.0,2076000.0,180042000.0,0.0,0.0,170856000.0,172932000.0,0.201,172932000.0,170856000.0,167695000.0,15.27,12.58,15.27,517381000.0,,517381000.0,3023030820.0,4.0,4.071,47774000.0,7.248,1.0,217674000.0,0.253,55306000.0,3161000.0,1477424000.0,,559377000.0,116828000.0,,,932256000.0,,,2997390820.0,-20921000.0,0.0,-105557000.0,36532000.0,0.0,-69025000.0,-1587000.0,0.0,49691000.0,0.0,100617000.0,100617000.0,100617000.0,0.0,0.0,0.117,64694000.0,152980000.0,190522000.0,0.0,5.793,6.929,7.403,25211000.0,0.0,460.0,0.802,0.811,19860000.0,1488482000.0,860685000.0,860685000.0,0.0,,,,,0.0,64694000.0,1.0,6516067.0,6591000.0,7997000.0,130.585,1394331000.0,0.0,67078000.0,0.0,211.551,
70,NVR,MRQ,2003-12-31,2003-12-31,2003-12-31,2021-08-03,0.0,1363105000.0,,,,,70.959,-3629000.0,232219000.0,232219000.0,829707000.0,127490000.0,,1.754,257859000.0,,,257859000.0,0.0,2069000.0,157005000.0,0.0,0.0,214818000.0,216887000.0,0.199,216887000.0,214818000.0,211548000.0,18.22,14.86,18.22,494868000.0,,494868000.0,3381737002.0,5.0,4.7,277701000.0,39.819,1.0,262424000.0,0.24,55306000.0,3270000.0,1333439000.0,,523773000.0,96953000.0,,,868237000.0,,,3302727002.0,8930000.0,0.0,-219608000.0,-44440000.0,0.0,-264048000.0,-8352000.0,-4418000.0,281330000.0,0.0,127490000.0,127490000.0,127490000.0,0.0,0.0,0.117,70192000.0,192232000.0,198079000.0,0.0,6.674,7.868,7.861,25406000.0,0.0,466.0,0.917,0.916,9550000.0,1387865000.0,1092131000.0,1092131000.0,0.0,,,,,0.0,70192000.0,1.0,7087397.0,6974000.0,8542000.0,156.6,1307799000.0,73985000.0,84058000.0,0.0,187.525,
71,NVR,MRQ,2003-09-30,2003-09-30,2003-09-30,2021-08-03,0.0,1446477000.0,,,,,79.02,-1817000.0,223289000.0,223289000.0,719507000.0,109403000.0,,1.56,302299000.0,,,302299000.0,0.0,1878000.0,165515000.0,0.0,0.0,188499000.0,190377000.0,0.199,190377000.0,188499000.0,184792000.0,15.3,12.55,15.3,565072000.0,,565072000.0,3377159876.0,5.0,5.297,86886000.0,12.15,1.0,237341000.0,0.248,55306000.0,3707000.0,1470181000.0,,608976000.0,130794000.0,,,881405000.0,,,3336569876.0,-170497000.0,0.0,-123053000.0,-136677000.0,0.0,-259730000.0,530000.0,2274000.0,88703000.0,0.0,109403000.0,109403000.0,109403000.0,0.0,0.0,0.114,63871000.0,173470000.0,190848000.0,0.0,5.905,8.987,8.93,23024000.0,0.0,466.5,1.018,1.018,15444000.0,1260375000.0,956848000.0,956848000.0,0.0,,,,,0.0,63871000.0,1.0,7152347.0,7151000.0,8716000.0,133.806,1391171000.0,0.0,75389000.0,0.0,194.542,
72,NVR,MRQ,2003-06-30,2003-06-30,2003-06-30,2021-08-03,0.0,1529852000.0,,,,,78.058,-1820000.0,393786000.0,393786000.0,623210000.0,95092000.0,,1.751,434376000.0,,,434376000.0,0.0,2312000.0,160549000.0,0.0,0.0,159992000.0,162304000.0,0.196,162304000.0,159992000.0,155889000.0,13.35,10.9,13.35,556084000.0,,556084000.0,3117565893.0,5.0,5.175,114803000.0,16.115,1.0,205353000.0,0.248,55306000.0,4103000.0,1515136000.0,,544092000.0,143950000.0,,,973768000.0,,,2955526893.0,298122000.0,0.0,1251000.0,176673000.0,0.0,177924000.0,3575000.0,1180000.0,116623000.0,0.0,95092000.0,95092000.0,95092000.0,0.0,0.0,0.115,65299000.0,140054000.0,184745000.0,0.0,5.315,8.353,8.3,22990000.0,0.0,411.0,0.933,0.924,14374000.0,1150972000.0,828563000.0,828563000.0,0.0,,,,,0.0,65299000.0,1.0,7191063.0,7124000.0,8725000.0,116.306,1474546000.0,0.0,60797000.0,0.0,206.983,
73,NVR,MRQ,2003-03-31,2003-03-31,2003-03-31,2021-08-03,0.0,1143251000.0,,,,,60.454,-1580000.0,95664000.0,95664000.0,539437000.0,87806000.0,,1.672,257703000.0,,,257703000.0,0.0,2168000.0,132523000.0,0.0,0.0,147710000.0,149878000.0,0.207,149878000.0,147710000.0,143943000.0,12.41,10.1,12.41,427895000.0,,427895000.0,2464124142.0,4.0,4.248,72882000.0,10.297,1.0,183938000.0,0.254,55306000.0,3767000.0,1249984000.0,,449511000.0,161706000.0,,,715356000.0,,,2347809142.0,-47181000.0,0.0,-127437000.0,-1457000.0,0.0,-128894000.0,7251000.0,964000.0,74462000.0,0.0,87806000.0,87806000.0,87806000.0,0.0,0.0,0.121,56427000.0,127511000.0,150847000.0,0.0,5.487,6.854,6.913,22967000.0,0.0,329.0,0.755,0.749,10142000.0,1055880000.0,723375000.0,723375000.0,0.0,,,,,0.0,56427000.0,1.0,7136198.0,7078000.0,8697000.0,102.2,1087945000.0,0.0,56137000.0,0.0,153.708,
74,NVR,MRQ,2002-12-31,2002-12-31,2002-12-31,2021-08-03,0.0,1182288000.0,,,,,57.076,-3522000.0,142845000.0,142845000.0,590441000.0,78947000.0,,1.932,259160000.0,,,259160000.0,0.0,2165000.0,118174000.0,0.0,0.0,132819000.0,134984000.0,0.176,134984000.0,132819000.0,129014000.0,11.18,8.89,11.18,403245000.0,,403245000.0,2561456426.0,5.0,4.586,119522000.0,16.917,1.0,178294000.0,0.232,55306000.0,3805000.0,1243297000.0,,436674000.0,169021000.0,,,779043000.0,,,2370417426.0,60156000.0,0.0,-48001000.0,-14568000.0,0.0,-62569000.0,-319000.0,1000.0,123044000.0,0.0,78947000.0,78947000.0,78947000.0,0.0,0.0,0.103,65085000.0,113209000.0,161691000.0,0.0,5.878,7.151,7.17,23067000.0,0.0,326.5,0.774,0.776,10807000.0,968074000.0,768735000.0,768735000.0,0.0,,,,,0.0,65085000.0,1.0,7260084.0,7065000.0,8879000.0,108.809,1126982000.0,74642000.0,50067000.0,0.0,159.516,
75,NVR,MRQ,2002-09-30,2002-09-30,2002-09-30,2021-08-03,0.0,1087459000.0,,,,,48.801,-6968000.0,82689000.0,82689000.0,645869000.0,91980000.0,,2.048,273728000.0,,,273728000.0,0.0,1879000.0,111806000.0,0.0,0.0,153366000.0,155245000.0,0.183,155245000.0,153366000.0,149316000.0,12.58,10.14,12.58,356738000.0,,356738000.0,2422818745.0,5.0,4.461,118743000.0,16.244,1.0,201175000.0,0.238,55306000.0,4050000.0,1223192000.0,,436522000.0,179116000.0,,,730721000.0,,,2274572745.0,-13866000.0,0.0,-163554000.0,28927000.0,0.0,-134627000.0,-4950000.0,3000.0,125711000.0,0.0,91980000.0,91980000.0,91980000.0,0.0,0.0,0.109,68000000.0,133175000.0,159689000.0,0.0,6.376,7.118,6.932,21060000.0,0.0,299.83,0.757,0.729,13068000.0,889127000.0,847044000.0,847044000.0,0.0,,,,,0.0,68000000.0,1.0,7586208.0,7310000.0,9074000.0,115.875,1032153000.0,0.0,57336000.0,0.0,141.197,
76,NVR,MRQ,2002-06-30,2002-06-30,2002-06-30,2021-08-03,0.0,1078183000.0,,,,,52.811,-787000.0,96555000.0,96555000.0,585828000.0,83830000.0,,1.781,244801000.0,,,244801000.0,0.0,1836000.0,113859000.0,0.0,0.0,138176000.0,140012000.0,0.182,140012000.0,138176000.0,134558000.0,11.42,8.9,11.42,387685000.0,,387685000.0,2488626488.0,5.0,4.987,52801000.0,7.193,1.0,184082000.0,0.239,55306000.0,3618000.0,1171123000.0,,467101000.0,147575000.0,,,690498000.0,,,2329752488.0,19041000.0,0.0,-44085000.0,8413000.0,0.0,-35672000.0,1125000.0,102000.0,53588000.0,0.0,83830000.0,83830000.0,83830000.0,0.0,0.0,0.109,64435000.0,119647000.0,163031000.0,0.0,6.009,8.032,8.348,15352000.0,0.0,323.0,0.821,0.836,8059000.0,797147000.0,769910000.0,769910000.0,0.0,,,,,0.0,64435000.0,1.0,7212856.0,7341000.0,9422000.0,104.878,1022877000.0,0.0,50728000.0,0.0,139.338,
77,NVR,MRQ,2002-03-31,2002-03-31,2002-03-31,2021-08-03,0.0,976597000.0,,,,,42.286,-985000.0,77514000.0,77514000.0,513231000.0,76713000.0,,2.122,236388000.0,,,236388000.0,0.0,1777000.0,98698000.0,0.0,0.0,126526000.0,128303000.0,0.19,128303000.0,126526000.0,123135000.0,10.37,8.17,10.37,312790000.0,,312790000.0,2486904484.0,6.0,5.343,77888000.0,10.53,1.0,161751000.0,0.24,55306000.0,3391000.0,1080165000.0,,429309000.0,141409000.0,,,663807000.0,,,2386545484.0,-61097000.0,0.0,-135444000.0,-4707000.0,0.0,-140151000.0,181000.0,688000.0,78873000.0,0.0,76713000.0,76713000.0,76713000.0,0.0,0.0,0.114,52498000.0,109253000.0,141472000.0,0.0,7.63,8.986,9.126,15806000.0,0.0,315.5,0.879,0.859,6387000.0,713317000.0,674982000.0,674982000.0,0.0,,,,,0.0,52498000.0,1.0,7564328.0,7397000.0,9385000.0,91.251,921291000.0,0.0,46422000.0,0.0,124.549,
78,NVR,MRQ,2001-12-31,2001-12-31,2001-12-31,2021-08-03,0.0,995047000.0,,,,,44.042,-2065000.0,138611000.0,138611000.0,559408000.0,67020000.0,,1.85,238970000.0,,,238970000.0,0.0,4328000.0,81924000.0,0.0,0.0,115221000.0,119549000.0,0.167,119549000.0,115221000.0,111701000.0,8.88,7.29,8.88,349118000.0,,349118000.0,1664539852.0,4.0,3.931,56038000.0,7.069,1.0,154660000.0,0.217,55306000.0,3520000.0,1040100000.0,,402375000.0,143387000.0,,,645929000.0,,,1525779852.0,24670000.0,0.0,-23865000.0,-17734000.0,0.0,-41599000.0,8166000.0,4233000.0,58103000.0,0.0,67020000.0,67020000.0,67020000.0,0.0,0.0,0.094,50398000.0,104262000.0,138013000.0,0.0,4.37,6.443,6.83,16178000.0,0.0,204.0,0.596,0.632,5745000.0,636604000.0,714068000.0,714068000.0,0.0,,,,,0.0,56654000.0,1.0,7479313.0,7927000.0,,90.08,939741000.0,51283000.0,44681000.0,0.0,118.549,
79,NVR,MRQ,2001-09-30,2001-09-30,2001-09-30,2021-08-03,0.0,985592000.0,,,,,37.375,-2605000.0,113941000.0,113941000.0,530041000.0,62492000.0,,2.307,252701000.0,,,252701000.0,0.0,3572000.0,84796000.0,0.0,0.0,107610000.0,111182000.0,0.164,111182000.0,107610000.0,104154000.0,8.02,6.68,8.02,298032000.0,,298032000.0,1261585156.0,3.0,3.243,65649000.0,8.233,1.0,147921000.0,0.218,57391000.0,3456000.0,1066961000.0,,422095000.0,149648000.0,,,687560000.0,,,1120453156.0,24644000.0,0.0,-69630000.0,22108000.0,0.0,-47522000.0,3912000.0,0.0,68254000.0,0.0,62492000.0,62492000.0,62492000.0,0.0,0.0,0.092,56832000.0,91089000.0,144008000.0,0.0,3.76,5.179,5.345,16872000.0,0.0,140.51,0.455,0.455,12159000.0,569584000.0,677962000.0,677962000.0,0.0,,,,,0.0,54747000.0,1.0,7974188.0,7974188.0,,85.02,928201000.0,0.0,41662000.0,0.0,116.401,
80,NVR,MRQ,2001-06-30,2001-06-30,2001-06-30,2021-08-03,0.0,913389000.0,,,,,37.338,-1391000.0,89297000.0,89297000.0,505676000.0,59362000.0,,2.005,230429000.0,,,230429000.0,0.0,4022000.0,85561000.0,0.0,0.0,102401000.0,106423000.0,0.164,106423000.0,102401000.0,98936000.0,7.3,6.1,7.3,303963000.0,,303963000.0,1321755064.0,4.0,3.681,25033000.0,3.075,1.0,142789000.0,0.22,59477000.0,3465000.0,995044000.0,,395145000.0,141031000.0,,,609426000.0,,,1204841064.0,-19981000.0,0.0,-50073000.0,3897000.0,0.0,-46176000.0,-229000.0,212000.0,26424000.0,0.0,59362000.0,59362000.0,59362000.0,0.0,0.0,0.092,56127000.0,86662000.0,136448000.0,0.0,3.964,6.093,6.379,15433000.0,0.0,148.0,0.505,0.505,13314000.0,507092000.0,648465000.0,648465000.0,0.0,,,,,0.0,54041000.0,1.0,8140818.0,8140818.0,,79.656,853912000.0,0.0,39574000.0,0.0,104.893,
81,NVR,MRQ,2001-03-31,2001-03-31,2001-03-31,2021-08-03,0.0,874092000.0,,,,,34.655,-633000.0,109278000.0,109278000.0,407165000.0,47920000.0,,2.015,226192000.0,,,226192000.0,0.0,3240000.0,72834000.0,0.0,0.0,83012000.0,86252000.0,0.166,86252000.0,83012000.0,79867000.0,5.74,4.84,5.74,289951000.0,,289951000.0,1399745506.0,5.0,4.33,1831000.0,0.219,1.0,112084000.0,0.216,61563000.0,3145000.0,929443000.0,,373716000.0,119909000.0,,,584141000.0,,,1363798506.0,-28430000.0,0.0,-82344000.0,47423000.0,0.0,-34921000.0,4027000.0,187000.0,2464000.0,0.0,47920000.0,47920000.0,47920000.0,0.0,0.0,0.092,39434000.0,72650000.0,122245000.0,0.0,4.704,7.767,8.154,15249000.0,0.0,163.0,0.594,0.594,10231000.0,447730000.0,519249000.0,519249000.0,0.0,,,,,0.0,39434000.0,1.0,8366862.0,8366862.0,,62.06,812529000.0,43844000.0,31947000.0,0.0,97.113,
82,NVR,MRQ,2000-12-31,2000-12-31,2000-12-31,2021-08-03,0.0,841260000.0,,,,,28.014,-1841000.0,137708000.0,137708000.0,493986000.0,46554000.0,,2.137,173655000.0,,,173655000.0,0.0,3574000.0,63486000.0,0.0,0.0,81624000.0,85198000.0,0.138,85198000.0,81624000.0,78504000.0,5.23,4.2,5.23,247480000.0,,247480000.0,1188619524.0,4.0,4.011,56570000.0,6.404,1.0,122252000.0,0.198,63648000.0,3120000.0,813559000.0,,334681000.0,122478000.0,,,528752000.0,,,1091904524.0,19310000.0,0.0,-464000.0,-41694000.0,0.0,-42158000.0,3057000.0,322000.0,58411000.0,0.0,46554000.0,46554000.0,46554000.0,0.0,0.0,0.076,45946000.0,76306000.0,117824000.0,0.0,4.412,6.9,7.095,15865000.0,0.0,123.6,0.481,0.481,6670000.0,399810000.0,616238000.0,616238000.0,0.0,,,,,0.0,52366000.0,1.0,8834179.0,8834179.0,,69.756,777612000.0,43844000.0,31950000.0,0.0,88.023,
83,NVR,MRQ,2000-09-30,2000-09-30,2000-09-30,2021-08-03,0.0,813969000.0,,,,,29.786,-1049000.0,118398000.0,118398000.0,485414000.0,43914000.0,,2.066,215113000.0,,,215113000.0,0.0,3349000.0,63826000.0,0.002,0.0,77822000.0,81171000.0,0.135,81171000.0,77822000.0,74054000.0,4.93,4.3,4.93,265475000.0,,265475000.0,883900217.0,4.0,3.429,68545000.0,7.691,1.0,117071000.0,0.194,65734000.0,3768000.0,844950000.0,,360018000.0,96237000.0,,,548494000.0,,,721925217.0,27898000.0,0.0,-7493000.0,-37286000.0,0.0,-44779000.0,3083000.0,136000.0,69594000.0,0.0,43914000.0,43914000.0,43914000.0,0.0,0.0,0.073,51633000.0,65438000.0,117597000.0,0.0,2.719,5.31,5.451,15397000.0,0.0,81.0,0.336,0.336,9362000.0,353256000.0,602485000.0,602485000.0,0.0,,,,,0.0,49548000.0,1.0,8912657.0,8912657.0,,67.599,748235000.0,0.0,30140000.0,0.0,83.952,
84,NVR,MRQ,2000-06-30,2000-06-30,2000-06-30,2021-08-03,0.0,795934000.0,,,,,24.778,-1289000.0,90500000.0,90500000.0,454982000.0,37204000.0,,2.488,252475000.0,,,252475000.0,0.0,3478000.0,65057000.0,0.004,0.0,67177000.0,70655000.0,0.127,70655000.0,67177000.0,62738000.0,4.09,3.62,4.09,228190000.0,,228190000.0,659183692.0,3.0,2.761,2239000.0,0.243,1.0,103524000.0,0.185,67819000.0,4439000.0,890090000.0,,366381000.0,105512000.0,,,567744000.0,,,524944692.0,-31419000.0,0.0,-31170000.0,-3911000.0,0.0,-35888000.0,941000.0,211000.0,3528000.0,0.0,37204000.0,37204000.0,37204000.0,0.0,0.0,0.067,48053000.0,55471000.0,124154000.0,0.0,2.3,4.289,4.388,15776000.0,0.0,57.0,0.254,0.254,13438000.0,309342000.0,558506000.0,558506000.0,0.0,,,,,0.0,46167000.0,1.0,9209556.0,9209556.0,,60.644,728115000.0,0.0,25534000.0,0.0,79.061,
85,NVR,MRQ,2000-03-31,2000-03-31,2000-03-31,2021-08-03,0.0,783605000.0,,,,,23.253,-848000.0,121919000.0,121919000.0,399677000.0,30574000.0,,2.539,256158000.0,,,256158000.0,0.0,3439000.0,58019000.0,0.004,0.0,55861000.0,59300000.0,0.121,59300000.0,55861000.0,51558000.0,3.22,2.9,3.22,221412000.0,,221412000.0,703187224.0,3.0,3.101,61325000.0,6.44,1.0,90904000.0,0.185,69904000.0,4303000.0,847940000.0,,330295000.0,110508000.0,,,562193000.0,,,514180224.0,32793000.0,0.0,-13096000.0,-22143000.0,0.0,-34432000.0,5052000.0,157000.0,62173000.0,0.0,30574000.0,30574000.0,30574000.0,0.0,0.0,0.062,43477000.0,47427000.0,114056000.0,0.0,2.322,4.532,4.671,15647000.0,0.0,54.0,0.257,0.257,9583000.0,272138000.0,490581000.0,490581000.0,0.0,,,,,0.0,37551000.0,1.0,9521856.0,9521856.0,,51.522,713701000.0,0.0,20984000.0,0.0,74.954,
86,NVR,MRQ,1999-12-31,1999-12-31,1999-12-31,2021-08-03,0.0,767281000.0,,,,,21.425,-2676000.0,89126000.0,89126000.0,412636000.0,24270000.0,,2.824,278133000.0,,,278133000.0,0.0,4266000.0,50348000.0,0.004,0.2,42379000.0,46645000.0,0.094,46645000.0,42379000.0,37549000.0,2.62,2.19,2.62,200640000.0,,200640000.0,719589697.0,3.0,3.256,93433000.0,9.977,1.0,84727000.0,0.17,74729000.0,4830000.0,881559000.0,,323455000.0,139695000.0,,,566641000.0,,,447176697.0,17071000.0,0.0,-12694000.0,-67010000.0,0.0,-81192000.0,2154000.0,-460000.0,96109000.0,0.0,24270000.0,24270000.0,24270000.0,0.0,0.0,0.049,41798000.0,42929000.0,112988000.0,0.076,2.229,4.107,4.467,17353000.0,0.0,47.75,0.23,0.23,2171000.0,241564000.0,497363000.0,497363000.0,0.0,,,,,0.0,48438000.0,1.0,9364957.0,9364957.0,,53.109,692552000.0,36819000.0,13279000.0,0.0,73.951,
87,NVR,MRQ,1999-09-30,1999-09-30,1999-09-30,2021-08-03,0.0,814855000.0,,,,,18.244,-2674000.0,72055000.0,72055000.0,433380000.0,30341000.0,,3.409,344468000.0,,,344468000.0,0.0,3708000.0,48941000.0,0.0,0.0,58402000.0,62110000.0,0.119,62110000.0,58402000.0,52951000.0,3.06,2.52,3.06,184802000.0,,184802000.0,768318458.0,4.0,3.758,22257000.0,2.197,1.0,90172000.0,0.172,76978000.0,5451000.0,1010290000.0,,328868000.0,206968000.0,,,630053000.0,,,511535458.0,-22228000.0,0.0,-46926000.0,-7510000.0,0.0,-54278000.0,7119000.0,341000.0,24931000.0,0.0,30341000.0,30341000.0,30341000.0,0.0,0.0,0.058,51157000.0,39015000.0,111917000.0,0.0,2.768,5.276,5.454,15920000.0,0.0,50.5,0.279,0.279,9415000.0,217294000.0,523552000.0,523552000.0,0.0,,,,,0.0,48916000.0,1.0,10129415.0,10129415.0,,51.686,737877000.0,0.0,22610000.0,0.0,72.845,
88,NVR,MRQ,1999-06-30,1999-06-30,1999-06-30,2021-08-03,0.0,834010000.0,,,,,18.162,-2583000.0,94283000.0,94283000.0,408167000.0,28263000.0,,3.25,351066000.0,,,351066000.0,0.0,3546000.0,47935000.0,0.0,0.0,55187000.0,58733000.0,0.119,58733000.0,55187000.0,49483000.0,2.66,2.26,2.66,196242000.0,,196242000.0,843966389.0,5.0,4.477,45246000.0,4.187,1.0,83891000.0,0.17,79346000.0,5704000.0,1011447000.0,,314801000.0,227025000.0,,,637768000.0,,,563910389.0,-9262000.0,0.0,-29624000.0,-33248000.0,0.0,-62536000.0,5445000.0,1054000.0,47829000.0,0.0,28263000.0,28263000.0,28263000.0,0.0,0.0,0.057,45587000.0,38304000.0,124037000.0,0.0,2.874,6.172,6.176,14539000.0,0.0,52.188,0.322,0.322,7222000.0,186953000.0,492058000.0,492058000.0,0.0,,,,,0.0,43361000.0,1.0,10805365.0,10805365.0,,45.538,754664000.0,0.0,21220000.0,0.0,69.842,
89,NVR,MRQ,1999-03-31,1999-03-31,1999-03-31,2021-08-03,0.0,828024000.0,,,,,17.502,-1137000.0,103545000.0,103545000.0,356544000.0,26007000.0,,3.311,383601000.0,,,383601000.0,0.0,3207000.0,40262000.0,0.0,0.0,50281000.0,53488000.0,0.124,53488000.0,50281000.0,45229000.0,2.38,2.02,2.38,192054000.0,,192054000.0,714080187.0,5.0,4.401,45347000.0,4.133,1.0,73143000.0,0.17,81256000.0,5052000.0,1026824000.0,,286066000.0,247567000.0,,,635970000.0,,,462247187.0,35041000.0,-3697000.0,-10992000.0,-12822000.0,0.0,-22820000.0,11377000.0,830000.0,46484000.0,0.0,26007000.0,26007000.0,26007000.0,0.0,0.0,0.061,37545000.0,35598000.0,99305000.0,0.0,2.407,6.433,6.421,13238000.0,0.0,42.125,0.281,0.281,9380000.0,158690000.0,429687000.0,429687000.0,0.0,,,,,0.0,37545000.0,1.0,10973227.0,10973227.0,,39.158,746768000.0,0.0,19222000.0,0.0,68.054,
90,NVR,MRQ,1998-12-31,1998-12-31,1998-12-31,2021-08-03,0.0,724359000.0,,,,,15.385,-2297000.0,68504000.0,68504000.0,327063000.0,12341000.0,,3.371,320337000.0,,,320337000.0,0.0,3296000.0,34639000.0,0.0,0.0,26843000.0,30139000.0,0.078,30139000.0,26843000.0,21809000.0,1.16,0.94,1.16,165719000.0,,165719000.0,740084361.0,6.0,5.362,-13699000.0,-1.272,1.0,59362000.0,0.154,80332000.0,5034000.0,895860000.0,,288638000.0,182375000.0,,,558640000.0,,,513653361.0,-41198000.0,0.0,-20964000.0,-21611000.0,0.0,-41783000.0,11987000.0,610000.0,-11402000.0,0.0,12341000.0,12341000.0,12341000.0,0.0,0.0,0.032,37352000.0,22010000.0,99981000.0,0.0,3.1,9.058,9.351,17597000.0,0.0,47.688,0.341,0.341,1515000.0,132683000.0,386425000.0,386425000.0,0.0,,,,,0.0,43827000.0,1.0,10771124.0,10771124.0,,35.876,644027000.0,0.0,9468000.0,0.0,59.792,
91,NVR,MRQ,1998-09-30,1998-09-30,1998-09-30,2021-08-03,0.0,727178000.0,,,,,14.956,-428000.0,109702000.0,109702000.0,372950000.0,24753000.0,,3.297,336133000.0,,,336133000.0,0.0,3313000.0,0.0,0.0,0.0,42826000.0,46139000.0,0.105,46139000.0,42826000.0,36976000.0,2.25,1.87,2.25,169213000.0,,169213000.0,648535779.0,6.0,5.148,61922000.0,5.473,1.0,68084000.0,0.154,85342000.0,5850000.0,868267000.0,,264025000.0,175006000.0,,,557965000.0,,,373360779.0,36962000.0,0.0,-21740000.0,-21735000.0,0.0,-42872000.0,17484000.0,10580000.0,62350000.0,0.0,24753000.0,24753000.0,24753000.0,0.0,0.0,0.056,40169000.0,27915000.0,93329000.0,0.0,2.206,7.553,7.449,16187000.0,0.0,33.0,0.26,0.26,7086000.0,120342000.0,441034000.0,441034000.0,0.0,,,,,0.0,38011000.0,1.0,11313963.0,11313963.0,,38.981,641836000.0,0.0,12223000.0,0.0,56.73,
92,NVR,MRQ,1998-06-30,1998-06-30,1998-06-30,2021-08-03,0.0,711490000.0,,,,,13.956,-307000.0,72740000.0,72740000.0,325846000.0,8752000.0,,3.502,347915000.0,,,347915000.0,0.0,3349000.0,0.0,0.0,0.0,29141000.0,32490000.0,0.084,32490000.0,29141000.0,22021000.0,0.77,0.65,0.77,158036000.0,,158036000.0,723518035.0,8.0,6.893,-4093000.0,-0.361,1.0,59892000.0,0.155,87500000.0,7120000.0,899165000.0,,274737000.0,184974000.0,,,553454000.0,,,464989035.0,33462000.0,0.0,-7495000.0,39816000.0,0.0,30347000.0,6901000.0,1829000.0,-3786000.0,0.0,8752000.0,8752000.0,8752000.0,0.0,0.0,0.023,38124000.0,21768000.0,90832000.0,0.0,2.942,13.804,13.92,16890000.0,0.0,41.063,0.355,0.355,5965000.0,95589000.0,385738000.0,385738000.0,0.0,,,,,0.0,35965000.0,1.0,11323796.0,11323796.0,,34.064,623990000.0,0.0,13269000.0,0.0,55.104,
93,NVR,MRQ,1998-03-31,1998-03-31,1998-03-31,2021-08-03,0.0,633993000.0,,,,,13.575,-932000.0,39278000.0,39278000.0,247956000.0,10860000.0,,3.056,297807000.0,,,297807000.0,0.0,3450000.0,0.0,0.0,0.0,25804000.0,29254000.0,0.1,29254000.0,25804000.0,20160000.0,0.95,0.81,0.95,156329000.0,,156329000.0,565878683.0,7.0,5.782,-59745000.0,-5.188,1.0,43591000.0,0.15,89660000.0,5644000.0,802862000.0,,245883000.0,170488000.0,,,477664000.0,,,363465683.0,-6447000.0,0.0,0.0,49139000.0,0.0,49154000.0,3212000.0,1626000.0,-58813000.0,0.0,10860000.0,10860000.0,10860000.0,0.0,0.0,0.037,25548000.0,18043000.0,74890000.0,0.0,2.325,10.698,10.699,17544000.0,0.0,31.563,0.301,0.301,4674000.0,86837000.0,291547000.0,291547000.0,0.0,,,,,0.0,25548000.0,1.0,11515562.0,11515562.0,,25.318,544333000.0,0.0,9300000.0,0.0,47.269,
94,NVR,MRQ,1997-12-31,1997-12-31,1997-12-31,2021-08-03,0.0,564621000.0,,,,,12.806,-945000.0,45725000.0,45725000.0,273269000.0,5067000.0,,2.904,248138000.0,,,248138000.0,0.0,3581000.0,19835000.0,0.0,0.0,14503000.0,18084000.0,0.057,18084000.0,14503000.0,9139000.0,0.46,0.38,0.46,144640000.0,,144640000.0,,,,1356000.0,0.12,1.0,43455000.0,0.137,91819000.0,5364000.0,675215000.0,,224041000.0,117964000.0,,,419981000.0,,,247076419.0,-11370000.0,-12533000.0,-10070000.0,5240000.0,0.0,-4641000.0,-9030000.0,1189000.0,2301000.0,0.0,5067000.0,5067000.0,5067000.0,0.0,0.0,0.016,32129000.0,11326000.0,76912000.0,0.0,1.708,8.556,8.965,17878000.0,0.0,21.875,0.214,0.214,3398000.0,75977000.0,316724000.0,316724000.0,0.0,,,,,0.0,37784000.0,1.0,11294922.0,11294922.0,,28.041,472802000.0,0.0,4072000.0,0.0,41.86,
95,NVR,MRQ,1997-09-30,1997-09-30,1997-09-30,2021-08-03,0.0,530279000.0,,,,,12.484,-977000.0,57095000.0,57095000.0,272308000.0,9006000.0,,2.761,224439000.0,,,224439000.0,0.0,3205000.0,0.0,0.0,0.0,21936000.0,25141000.0,0.079,25141000.0,21936000.0,16926000.0,0.77,0.68,0.77,141004000.0,,141004000.0,,,,22462000.0,1.989,1.0,44566000.0,0.141,82951000.0,5010000.0,614672000.0,,201211000.0,100091000.0,,,389275000.0,,,293667972.0,11372000.0,0.0,-6074000.0,-9762000.0,0.0,-15587000.0,3520000.0,1812000.0,23439000.0,0.0,9006000.0,9006000.0,9006000.0,0.0,0.0,0.028,30886000.0,13680000.0,68118000.0,0.0,2.083,10.194,10.924,17852000.0,0.0,26.0,0.27,0.27,9095000.0,70910000.0,316874000.0,316874000.0,0.0,,,,,0.0,29001000.0,1.0,11294922.0,11294922.0,,28.055,447328000.0,0.0,7920000.0,0.0,39.604,
96,NVR,MRQ,1997-06-30,1997-06-30,1997-06-30,2021-08-03,0.0,522685000.0,,,,,,-447000.0,45723000.0,45723000.0,242809000.0,9043000.0,,2.792,233134000.0,,,233134000.0,0.0,3266000.0,0.0,0.0,0.0,22128000.0,25394000.0,0.09,25394000.0,22128000.0,16995000.0,0.77,0.71,0.77,137823000.0,,137823000.0,,,,-25770000.0,,1.0,38628000.0,0.137,84836000.0,5133000.0,625260000.0,,194747000.0,109007000.0,,,384862000.0,,,,-11536000.0,0.0,-5926000.0,3633000.0,0.0,-2259000.0,16046000.0,8392000.0,-25323000.0,0.0,9043000.0,9043000.0,9043000.0,0.0,0.0,0.032,24844000.0,13784000.0,66554000.0,0.0,,,6.932,17897000.0,0.0,15.25,,,8470000.0,61904000.0,281437000.0,281437000.0,0.0,,,,,0.0,22959000.0,1.0,,,,,437849000.0,0.0,7952000.0,0.0,,
97,NVR,MRQ,1997-03-31,1997-03-31,1997-03-31,2021-08-03,0.0,498833000.0,,,,,,-684000.0,57259000.0,57259000.0,207469000.0,5763000.0,,2.704,221076000.0,,,221076000.0,0.0,3286000.0,0.0,0.0,0.0,15277000.0,18563000.0,0.078,18563000.0,15277000.0,10830000.0,0.45,0.42,0.45,134672000.0,,134672000.0,,,,-16126000.0,,1.0,31518000.0,0.132,86721000.0,4447000.0,575929000.0,,170727000.0,97776000.0,,,364161000.0,,,,-17521000.0,0.0,-23475000.0,12393000.0,0.0,-10708000.0,8629000.0,7923000.0,-15442000.0,0.0,5763000.0,5763000.0,5763000.0,0.0,0.0,0.024,21395000.0,10123000.0,57557000.0,0.0,,,7.678,18472000.0,0.0,15.125,,,5902000.0,52861000.0,238987000.0,238987000.0,0.0,,,,,0.0,21123000.0,1.0,,,,,412112000.0,0.0,5067000.0,0.0,,
98,NVR,MRQ,1996-12-31,1996-12-31,1996-12-31,2021-08-03,0.0,501165000.0,,,,,,-1377000.0,74780000.0,74780000.0,216678000.0,4997000.0,,2.297,201592000.0,,,201592000.0,0.0,6181000.0,0.0,0.0,0.0,12174000.0,18355000.0,0.074,18355000.0,12174000.0,7651000.0,0.39,0.33,0.39,152010000.0,,152010000.0,,,,11515000.0,,1.0,32827000.0,0.132,88606000.0,4523000.0,539371000.0,,171693000.0,82044000.0,,,349155000.0,,,,1140000.0,0.0,-11958000.0,-36215000.0,0.0,-38540000.0,26788000.0,14622000.0,12892000.0,0.0,4997000.0,4997000.0,4997000.0,0.0,0.0,0.02,20491000.0,12336000.0,62303000.0,0.0,,,7.386,18833000.0,0.0,13.0,,,2927000.0,47098000.0,249505000.0,249505000.0,0.0,,,,,0.0,25502000.0,1.0,,,,,412559000.0,0.0,2654000.0,0.0,,
99,NVR,MRQ,1996-09-30,1996-09-30,1996-09-30,2021-08-03,,,,,,,,-864000.0,,,270375000.0,8274000.0,,,,,,,,1868000.0,,0.0,0.0,21261000.0,23129000.0,0.074,23129000.0,21261000.0,16353000.0,0.59,0.59,0.59,,,,,,,49680000.0,,1.0,42283000.0,0.135,,4908000.0,,,,,,,,,,,26471000.0,0.0,-14628000.0,-35240000.0,0.0,-46643000.0,22570000.0,17341000.0,50544000.0,0.0,8274000.0,8274000.0,8274000.0,0.0,0.0,0.026,29127000.0,13156000.0,,0.0,,,,,0.0,9.438,,,,,312658000.0,312658000.0,0.0,,,,,0.0,27094000.0,1.0,,,,,,,8079000.0,,,
100,NVR,MRQ,1996-06-30,1996-06-30,1996-06-30,2021-08-03,,,,,,,,-1125000.0,,,245357000.0,8770000.0,,,,,,,,3620000.0,,0.0,0.0,22096000.0,25716000.0,0.091,25716000.0,22096000.0,17331000.0,0.54,,0.54,,,,,,,-17925000.0,,1.0,38175000.0,0.135,,4765000.0,,,,,,,,,,,1938000.0,0.0,-8551000.0,-730000.0,0.0,-9281000.0,28019000.0,23854000.0,-16800000.0,0.0,8770000.0,8770000.0,8770000.0,0.0,0.0,0.031,24257000.0,13918000.0,,0.0,,,,,0.0,11.125,,,,,283532000.0,283532000.0,0.0,,,,,0.0,22224000.0,1.0,,,,,,,8561000.0,,,
101,NVR,MRQ,1996-03-31,1996-03-31,1996-03-31,2021-08-03,,,,,,,,-901000.0,,,173845000.0,3740000.0,,,,,,,,3748000.0,,0.0,0.0,12056000.0,15804000.0,0.079,15804000.0,12056000.0,7392000.0,0.24,,0.24,,,,,,,-8755000.0,,1.0,26390000.0,0.132,,4664000.0,,,,,,,,,,,-10336000.0,0.0,0.0,-10056000.0,0.0,-9967000.0,7485000.0,5529000.0,-7854000.0,0.0,3740000.0,3740000.0,3740000.0,0.0,0.0,0.019,21904000.0,4486000.0,,0.0,,,,,0.0,9.563,,,,,200235000.0,200235000.0,0.0,,,,,0.0,19871000.0,1.0,,,,,,,3652000.0,,,
0,NVR,MRT,2021-06-30,2021-06-30,2021-06-30,2021-08-03,0.0,5854436000.0,5738076250.0,,,1.459,839.715,-13318000.0,2664553000.0,2664553000.0,6657291000.0,1131527000.0,,0.924,1596689000.0,,,1596689000.0,0.0,20776000.0,365443000.0,0.0,0.0,1487826000.0,1508602000.0,0.18,1508602000.0,1487826000.0,1436298000.0,307.86,287.85,307.86,3042288000.0,3027715500.0,3042288000.0,16858471620.0,11.0,11.175,1062302000.0,293.211,1.0,1715404000.0,0.205,48927000.0,51528000.0,4737645000.0,4560834000.0,1973373000.0,344680000.0,,,2812148000.0,,,18085932620.0,636829000.0,10569000.0,-758369000.0,322327000.0,0.0,-436042000.0,-2749000.0,0.0,1075620000.0,0.0,1131527000.0,1131527000.0,1131527000.0,0.0,0.0,0.135,538990000.0,1176414000.0,430562000.0,0.0,5.945,15.984,16.154,131982000.0,0.0,4973.3,2.16,2.152,24484000.0,9381177000.0,8372695000.0,8372695000.0,0.0,0.197,0.374,0.326,0.178,56718000.0,538990000.0,1.0,3636606.0,3623000.0,3897000.0,2310.984,5805509000.0,0.0,304771000.0,0.0,1602.404,
1,NVR,MRT,2021-03-31,2021-03-31,2021-03-31,2021-08-03,0.0,5820808000.0,5456972250.0,,,1.418,829.433,-14600000.0,2814244000.0,2814244000.0,6220111000.0,974307000.0,,0.911,1586783000.0,,,1586783000.0,0.0,21573000.0,314453000.0,0.0,0.0,1276447000.0,1298020000.0,0.168,1298020000.0,1276447000.0,1228664000.0,263.73,247.9,263.73,3046507000.0,2920246500.0,3046507000.0,16122324008.0,13.0,12.421,1170486000.0,318.673,1.0,1516782000.0,0.196,48927000.0,47783000.0,4544420000.0,4358196000.0,1829792000.0,334782000.0,,,2774301000.0,,,17341786008.0,1696250000.0,10531000.0,-402492000.0,917725000.0,0.0,515233000.0,-4069000.0,0.0,1185086000.0,0.0,974307000.0,974307000.0,974307000.0,0.0,0.0,0.126,524431000.0,992351000.0,414216000.0,0.0,5.692,17.799,17.863,123037000.0,0.0,4710.93,2.241,2.236,22059000.0,9059882000.0,7736893000.0,7736893000.0,0.0,0.179,0.334,0.293,0.165,57773000.0,524431000.0,1.0,3681181.0,3673000.0,3935000.0,2106.423,5771881000.0,0.0,254357000.0,0.0,1571.435,
2,NVR,MRT,2020-12-31,2020-12-31,2020-12-31,2021-08-03,0.0,5777141000.0,4973651000.0,,,1.474,840.486,-15123000.0,2809513000.0,2809513000.0,5937401000.0,901248000.0,,0.862,1590051000.0,,,1590051000.0,0.0,21992000.0,240758000.0,0.0,0.0,1118905000.0,1140897000.0,0.156,1140897000.0,1118905000.0,1078033000.0,244.11,230.11,244.11,3103074000.0,2762849500.0,3103074000.0,14180367700.0,13.0,12.429,910146000.0,246.518,1.0,1391488000.0,0.19,48927000.0,40872000.0,4508752000.0,4072763750.0,1709082000.0,449760000.0,,,2674067000.0,,,15178841700.0,1648978000.0,11190000.0,-190212000.0,917854000.0,0.0,727642000.0,-3933000.0,0.0,925269000.0,0.0,901248000.0,901248000.0,901248000.0,0.0,0.0,0.123,509734000.0,881754000.0,402587000.0,0.0,4.892,16.842,16.713,127879000.0,0.0,4079.86,2.071,2.055,18299000.0,8811120000.0,7328889000.0,7328889000.0,0.0,0.181,0.326,0.275,0.153,50794000.0,509734000.0,1.0,3720432.0,3692000.0,3917000.0,1985.073,5728214000.0,0.0,176785000.0,0.0,1551.521,
3,NVR,MRT,2020-09-30,2020-09-30,2020-09-30,2021-08-03,0.0,5499920000.0,4481819500.0,,,1.565,787.64,-17270000.0,2592204000.0,2592204000.0,5682672000.0,852381000.0,,0.884,1593730000.0,,,1593730000.0,0.0,22250000.0,211122000.0,0.0,0.0,1022234000.0,1044484000.0,0.149,1044484000.0,1022234000.0,987965000.0,231.6,217.09,231.6,2918993000.0,2572392000.0,2918993000.0,14363282241.0,14.0,13.752,919169000.0,248.022,1.0,1329403000.0,0.19,48927000.0,34269000.0,4452519000.0,3766586500.0,1763186000.0,340927000.0,,,2580927000.0,,,15117282241.0,1476415000.0,-792000.0,-360262000.0,918300000.0,0.0,558038000.0,-18062000.0,0.0,936439000.0,0.0,852381000.0,852381000.0,852381000.0,0.0,0.0,0.122,507252000.0,822151000.0,388318000.0,0.0,5.179,17.735,17.63,131806000.0,0.0,4083.12,2.156,2.158,21461000.0,8506116000.0,7012075000.0,7012075000.0,0.0,0.19,0.331,0.271,0.146,55417000.0,507252000.0,1.0,3702385.0,3706000.0,3939000.0,1892.087,5450993000.0,0.0,135584000.0,0.0,1470.856,
4,NVR,MRT,2020-06-30,2020-06-30,2020-06-30,2021-08-03,0.0,4730020000.0,4067679250.0,,,1.712,709.509,-18967000.0,2027725000.0,2027725000.0,5664904000.0,819702000.0,,0.811,1273725000.0,,,1273725000.0,0.0,21926000.0,158016000.0,0.0,0.0,962557000.0,984483000.0,0.141,984483000.0,962557000.0,933682000.0,223.35,208.09,223.35,2612412000.0,2435508000.0,2612412000.0,11558976951.0,12.0,11.741,915618000.0,248.674,1.0,1299751000.0,0.187,48927000.0,28875000.0,3927093000.0,3494078000.0,1602540000.0,325208000.0,,,2117608000.0,,,11994881951.0,1121588000.0,675000.0,-389277000.0,594572000.0,0.0,205295000.0,-18292000.0,0.0,934585000.0,0.0,819702000.0,819702000.0,819702000.0,0.0,0.0,0.118,511707000.0,788044000.0,336754000.0,0.0,4.591,14.633,14.59,127644000.0,0.0,3258.75,1.722,1.723,20801000.0,8249650000.0,6964655000.0,6964655000.0,0.0,0.202,0.337,0.275,0.138,62548000.0,511707000.0,1.0,3680823.0,3682000.0,3861000.0,1891.541,4681093000.0,0.0,113980000.0,0.0,1271.345,
5,NVR,MRT,2020-03-31,2020-03-31,2020-03-31,2021-08-03,0.0,3887523000.0,3785984250.0,,,1.884,659.82,-19286000.0,1117993000.0,1117993000.0,5805799000.0,865836000.0,,0.608,682088000.0,,,682088000.0,0.0,21378000.0,147161000.0,0.0,0.0,994214000.0,1015592000.0,0.142,1015592000.0,994214000.0,968563000.0,236.99,218.68,236.99,2416919000.0,2312264750.0,2416919000.0,8971509188.0,9.0,8.834,687835000.0,187.779,1.0,1327546000.0,0.186,48927000.0,25651000.0,3402691000.0,3345684750.0,1515640000.0,430942000.0,,,1470604000.0,,,9448354188.0,277568000.0,4623000.0,-414384000.0,-506000.0,0.0,-414890000.0,-14663000.0,0.0,707121000.0,0.0,865836000.0,865836000.0,865836000.0,0.0,0.0,0.121,523291000.0,804255000.0,367228000.0,0.0,3.909,10.912,10.841,132100000.0,0.0,2569.11,1.325,1.319,27089000.0,8085575000.0,7133345000.0,7133345000.0,0.0,0.229,0.374,0.297,0.139,66691000.0,523291000.0,1.0,3677676.0,3663000.0,3908000.0,1947.405,3838596000.0,0.0,102727000.0,0.0,1047.938,
6,NVR,MRT,2019-12-31,2019-12-31,2019-12-31,2021-08-03,0.0,3809815000.0,3654796250.0,,,1.976,643.022,-20829000.0,1160523000.0,1160523000.0,5849862000.0,878539000.0,,0.627,683678000.0,,,683678000.0,0.0,20818000.0,131886000.0,0.0,0.0,1051175000.0,1071993000.0,0.148,1071993000.0,1051175000.0,1025795000.0,241.31,221.13,241.31,2341244000.0,2182729000.0,2341244000.0,13639766151.0,13.0,12.724,845706000.0,232.273,1.0,1370982000.0,0.19,48927000.0,25380000.0,3284043000.0,3284382000.0,1347288000.0,492125000.0,,,1468571000.0,,,14071713151.0,428556000.0,7545000.0,-424389000.0,-306000.0,0.0,-424695000.0,-13284000.0,0.0,866535000.0,0.0,878539000.0,878539000.0,878539000.0,0.0,0.0,0.122,527405000.0,843577000.0,306972000.0,0.0,6.01,16.017,15.782,135258000.0,0.0,3808.41,1.949,1.92,18278000.0,7909872000.0,7220844000.0,7220844000.0,0.0,0.24,0.402,0.32,0.146,78532000.0,527405000.0,1.0,3694905.0,3641000.0,3973000.0,1983.204,3760888000.0,115731000.0,147256000.0,0.0,1032.927,
7,NVR,MRT,2019-09-30,2019-09-30,2019-09-30,2021-08-03,0.0,3843359000.0,3493825750.0,,,2.069,645.822,-19555000.0,1115767000.0,1115767000.0,5873205000.0,854560000.0,,0.621,683820000.0,,,683820000.0,0.0,20484000.0,142937000.0,0.0,0.0,1033013000.0,1053497000.0,0.146,1053497000.0,1033013000.0,1007931000.0,235.73,215.11,235.73,2371457000.0,2049558500.0,2371457000.0,13367117500.0,13.0,12.688,721192000.0,196.403,1.0,1355183000.0,0.187,48927000.0,25082000.0,3362485000.0,3209061000.0,1496449000.0,411223000.0,,,1471902000.0,,,13587910500.0,483510000.0,10544000.0,-248110000.0,-116000.0,0.0,-248226000.0,-9011000.0,0.0,740747000.0,0.0,854560000.0,854560000.0,854560000.0,0.0,0.0,0.118,524817000.0,830366000.0,325798000.0,0.0,5.73,15.9,15.77,133883000.0,0.0,3717.35,1.88,1.888,29276000.0,7653735000.0,7228388000.0,7228388000.0,0.0,0.245,0.417,0.322,0.143,82691000.0,524817000.0,1.0,3655268.0,3672000.0,3988000.0,1968.515,3794432000.0,0.0,153371000.0,0.0,1033.342,
8,NVR,MRT,2019-06-30,2019-06-30,2019-06-30,2021-08-03,0.0,3603240000.0,3305441750.0,,,2.167,586.777,-19212000.0,906115000.0,906115000.0,5827578000.0,826589000.0,,0.7,685322000.0,,,685322000.0,0.0,20290000.0,146207000.0,0.0,0.0,1015453000.0,1035743000.0,0.145,1035743000.0,1015453000.0,990467000.0,229.0,207.28,229.0,2119439000.0,1877273250.0,2119439000.0,11943295224.0,12.0,11.531,837083000.0,231.751,1.0,1336824000.0,0.187,48927000.0,24986000.0,3333520000.0,3119991750.0,1397728000.0,462693000.0,,,1483801000.0,,,12099659224.0,447929000.0,11320000.0,-400228000.0,-12000.0,0.0,-400474000.0,-7892000.0,0.0,856295000.0,0.0,826589000.0,826589000.0,826589000.0,0.0,0.0,0.115,525153000.0,811671000.0,352806000.0,0.0,5.709,14.638,14.717,133624000.0,0.0,3370.25,1.689,1.699,28943000.0,7429948000.0,7164402000.0,7164402000.0,0.0,0.25,0.44,0.325,0.142,85507000.0,525153000.0,1.0,3590137.0,3612000.0,3959000.0,1983.5,3554313000.0,0.0,163878000.0,0.0,984.029,
9,NVR,MRT,2019-03-31,2019-03-31,2019-03-31,2021-08-03,0.0,3362771000.0,3156980500.0,,,2.267,526.414,-20291000.0,840399000.0,840399000.0,5818987000.0,819554000.0,,0.771,684035000.0,,,684035000.0,0.0,20194000.0,142634000.0,0.0,0.0,1012355000.0,1032549000.0,0.144,1032549000.0,1012355000.0,987341000.0,226.7,203.24,226.7,1898776000.0,1749306250.0,1898776000.0,9873762339.0,10.0,9.563,852662000.0,236.391,1.0,1338430000.0,0.187,48927000.0,25014000.0,3157480000.0,3061734000.0,1281169000.0,422557000.0,,,1463995000.0,,,10008009339.0,389988000.0,10671000.0,-473111000.0,0.0,0.0,-473345000.0,-9620000.0,0.0,872953000.0,0.0,819554000.0,819554000.0,819554000.0,0.0,0.0,0.115,520422000.0,818008000.0,326446000.0,0.0,5.271,12.212,12.206,127432000.0,0.0,2767.0,1.398,1.394,30488000.0,7219739000.0,7157417000.0,7157417000.0,0.0,0.26,0.469,0.331,0.141,85525000.0,520422000.0,1.0,3616917.0,3607000.0,3955000.0,1984.313,3313844000.0,0.0,167787000.0,0.0,918.726,
10,NVR,MRT,2018-12-31,2018-12-31,2018-12-31,2021-08-03,0.0,3165933000.0,3027804000.0,,,2.313,498.089,-18408000.0,731928000.0,731928000.0,5692127000.0,797197000.0,,0.751,597681000.0,,,597681000.0,0.0,20168000.0,138246000.0,0.0,0.0,984813000.0,1004981000.0,0.143,1004981000.0,984813000.0,959732000.0,219.58,194.8,219.58,1808562000.0,1641314250.0,1808562000.0,8774901690.0,9.0,8.731,704718000.0,194.084,1.0,1312177000.0,0.187,48927000.0,25081000.0,2982759000.0,3008562750.0,1253110000.0,458324000.0,,,1357371000.0,,,8809589690.0,42691000.0,10231000.0,-672024000.0,0.0,0.0,-672258000.0,-8177000.0,0.0,723126000.0,0.0,797197000.0,797197000.0,797197000.0,0.0,0.0,0.114,512712000.0,799465000.0,288573000.0,0.0,4.871,11.051,11.098,48744000.0,0.0,2436.99,1.258,1.263,18641000.0,7031333000.0,7004304000.0,7004304000.0,0.0,0.263,0.486,0.327,0.141,75701000.0,512712000.0,1.0,3614947.0,3631000.0,4092000.0,1929.029,3117006000.0,112333000.0,162535000.0,0.0,858.443,
11,NVR,MRT,2018-09-30,2018-09-30,2018-09-30,2021-08-03,0.0,3089823000.0,2983640500.0,,,2.29,465.757,-18492000.0,632215000.0,632215000.0,5539699000.0,689658000.0,,0.837,597527000.0,,,597527000.0,0.0,20633000.0,167676000.0,0.0,0.0,968735000.0,989368000.0,0.145,989368000.0,968735000.0,943612000.0,188.7,165.11,188.7,1682316000.0,1590546750.0,1682316000.0,9101733669.0,9.0,9.2,708031000.0,196.022,1.0,1291696000.0,0.189,48927000.0,25123000.0,3006208000.0,2975105500.0,1421070000.0,322944000.0,,,1407507000.0,,,8961712669.0,-11383000.0,4608000.0,-723788000.0,0.0,0.0,-724022000.0,-13884000.0,0.0,726523000.0,0.0,689658000.0,689658000.0,689658000.0,0.0,0.0,0.101,499807000.0,791889000.0,319744000.0,0.0,5.327,12.994,13.094,49162000.0,0.0,2470.8,1.312,1.306,26363000.0,6799175000.0,6831395000.0,6831395000.0,0.0,0.231,0.434,0.326,0.142,63574000.0,499807000.0,1.0,3627049.0,3612000.0,4056000.0,1891.305,3040896000.0,0.0,253954000.0,0.0,841.887,
12,NVR,MRT,2018-06-30,2018-06-30,2018-06-30,2021-08-03,0.0,3009395000.0,2973562500.0,,,2.238,442.248,-18936000.0,457352000.0,457352000.0,5375021000.0,655944000.0,,0.872,597373000.0,,,597373000.0,0.0,21197000.0,172033000.0,0.0,0.0,963412000.0,984609000.0,0.148,984609000.0,963412000.0,938366000.0,177.75,154.85,177.75,1607571000.0,1582636750.0,1607571000.0,10908061762.0,11.0,11.079,542660000.0,149.287,1.0,1280755000.0,0.192,48927000.0,25046000.0,3100489000.0,2961848000.0,1433615000.0,399806000.0,,,1401824000.0,,,10760404762.0,-89696000.0,5189000.0,-637545000.0,0.0,0.0,-637545000.0,-13747000.0,0.0,561596000.0,0.0,655944000.0,655944000.0,655944000.0,0.0,0.0,0.099,482711000.0,798044000.0,325966000.0,0.0,6.694,16.404,16.711,48630000.0,0.0,2970.35,1.617,1.622,30179000.0,6603359000.0,6655776000.0,6655776000.0,0.0,0.221,0.414,0.325,0.145,51199000.0,482711000.0,1.0,3622605.0,3635000.0,4142000.0,1831.025,2960468000.0,0.0,282422000.0,0.0,814.434,
13,NVR,MRT,2018-03-31,2018-03-31,2018-03-31,2021-08-03,0.0,2846065000.0,2950735500.0,,,2.175,399.131,-17356000.0,449563000.0,449563000.0,5176307000.0,600647000.0,,0.94,597220000.0,,,597220000.0,0.0,22004000.0,167486000.0,0.0,0.0,930379000.0,952383000.0,0.148,952383000.0,930379000.0,905748000.0,161.31,140.99,161.31,1466808000.0,1564688250.0,1466808000.0,10221238400.0,11.0,10.732,522764000.0,142.249,1.0,1241720000.0,0.193,48927000.0,24631000.0,2944795000.0,2915984500.0,1344392000.0,344023000.0,,,1379257000.0,,,10312660400.0,-60029000.0,5004000.0,-587797000.0,0.0,0.0,-587797000.0,-12352000.0,0.0,540120000.0,0.0,600647000.0,600647000.0,600647000.0,0.0,0.0,0.094,469432000.0,772288000.0,299654000.0,0.0,7.031,17.169,17.358,47563000.0,0.0,2800.0,1.607,1.603,22374000.0,6400185000.0,6418027000.0,6418027000.0,0.0,0.204,0.384,0.319,0.145,43482000.0,469432000.0,1.0,3683093.0,3675000.0,4220000.0,1746.402,2797138000.0,0.0,305101000.0,0.0,761.126,
14,NVR,MRT,2017-12-31,2017-12-31,2017-12-31,2021-08-03,0.0,2989279000.0,2924794000.0,,,2.111,430.081,-19422000.0,688488000.0,688488000.0,4990378000.0,537521000.0,,0.862,597066000.0,,,597066000.0,0.0,22667000.0,150033000.0,0.0,0.0,871096000.0,893763000.0,0.145,893763000.0,871096000.0,846911000.0,144.0,126.77,144.0,1605492000.0,1550056250.0,1605492000.0,13074401633.0,15.0,14.628,550932000.0,147.584,1.0,1185143000.0,0.192,48927000.0,24185000.0,2848930000.0,2874334500.0,1246199000.0,352489000.0,,,1383787000.0,,,13120244633.0,273520000.0,4229000.0,-281641000.0,0.0,0.0,-281641000.0,-15193000.0,0.0,570354000.0,0.0,537521000.0,537521000.0,537521000.0,0.0,0.0,0.087,460800000.0,724343000.0,294797000.0,0.0,8.172,24.409,24.363,49518000.0,0.0,3508.22,2.125,2.121,20026000.0,6231940000.0,6175521000.0,6175521000.0,0.0,0.184,0.347,0.303,0.141,44562000.0,460800000.0,1.0,3739858.0,3733000.0,4240000.0,1654.305,2940352000.0,111953000.0,309390000.0,0.0,787.665,
15,NVR,MRT,2017-09-30,2017-09-30,2017-09-30,2021-08-03,0.0,3049511000.0,2838460000.0,,,2.153,440.533,-20563000.0,642756000.0,642756000.0,4965511000.0,563793000.0,,0.847,596913000.0,,,596913000.0,0.0,22765000.0,162285000.0,0.0,0.0,838306000.0,861071000.0,0.141,861071000.0,838306000.0,814255000.0,150.33,135.7,150.33,1650676000.0,1474793500.0,1650676000.0,10737818100.0,13.0,12.47,605634000.0,161.632,1.0,1147043000.0,0.188,50490000.0,24051000.0,2953178000.0,2856264000.0,1376559000.0,258554000.0,,,1398835000.0,,,10688035100.0,356027000.0,9720000.0,-259394000.0,0.0,0.0,-259327000.0,-10843000.0,0.0,626197000.0,0.0,563793000.0,563793000.0,563793000.0,0.0,0.0,0.092,452850000.0,694193000.0,300852000.0,0.0,6.475,18.957,18.992,50130000.0,0.0,2855.0,1.749,1.75,20448000.0,6107321000.0,6112554000.0,6112554000.0,0.0,0.199,0.382,0.293,0.137,43817000.0,452850000.0,1.0,3743620.0,3747000.0,4263000.0,1631.319,2999021000.0,0.0,250462000.0,0.0,800.379,
16,NVR,MRT,2017-06-30,2017-06-30,2017-06-30,2021-08-03,0.0,2918087000.0,2741886250.0,,,2.183,409.759,-19354000.0,546977000.0,546977000.0,4899832000.0,519083000.0,,0.9,596760000.0,,,596760000.0,0.0,22829000.0,165684000.0,0.0,0.0,778349000.0,801178000.0,0.134,801178000.0,778349000.0,754794000.0,137.5,126.14,137.5,1535777000.0,1386909250.0,1535777000.0,9121508125.0,12.0,11.385,539270000.0,143.882,1.0,1086447000.0,0.181,50835000.0,23555000.0,2917035000.0,2854576750.0,1364951000.0,241398000.0,,,1382310000.0,,,9034431125.0,158204000.0,9120000.0,-390186000.0,0.0,0.0,-390186000.0,-10234000.0,0.0,558624000.0,0.0,519083000.0,519083000.0,519083000.0,0.0,0.0,0.087,447060000.0,639387000.0,301824000.0,0.0,5.883,17.405,17.532,49525000.0,0.0,2410.61,1.509,1.509,22110000.0,5945219000.0,5986279000.0,5986279000.0,0.0,0.189,0.374,0.273,0.13,43687000.0,447060000.0,1.0,3747778.0,3748000.0,4202000.0,1597.193,2867252000.0,0.0,235711000.0,0.0,765.009,
17,NVR,MRT,2017-03-31,2017-03-31,2017-03-31,2021-08-03,0.0,2742299000.0,2686970500.0,,,2.172,380.103,-21121000.0,509530000.0,509530000.0,4808118000.0,462882000.0,,0.947,596607000.0,,,596607000.0,0.0,22521000.0,148353000.0,0.0,0.0,713001000.0,735522000.0,0.126,735522000.0,713001000.0,690546000.0,121.55,112.96,121.55,1408280000.0,1342365250.0,1408280000.0,7985949537.0,11.0,10.858,520122000.0,140.384,1.0,1027188000.0,0.176,51181000.0,22455000.0,2778195000.0,2845106750.0,1232434000.0,213433000.0,,,1334019000.0,,,7804317537.0,166280000.0,8847000.0,-362689000.0,0.0,0.0,-362689000.0,-12274000.0,0.0,541243000.0,0.0,462882000.0,462882000.0,462882000.0,0.0,0.0,0.079,446905000.0,580283000.0,270352000.0,0.0,5.542,16.86,17.333,50550000.0,0.0,2106.88,1.337,1.338,19876000.0,5797342000.0,5835306000.0,5835306000.0,0.0,0.172,0.345,0.251,0.122,43638000.0,446905000.0,1.0,3704206.0,3705000.0,4097000.0,1574.981,2691118000.0,0.0,227664000.0,0.0,726.348,
18,NVR,MRT,2016-12-31,2016-12-31,2016-12-31,2021-08-03,0.0,2643943000.0,2636808500.0,,,2.165,339.08,-21369000.0,414823000.0,414823000.0,4707861000.0,425262000.0,,1.027,596455000.0,,,596455000.0,0.0,22269000.0,122236000.0,0.0,0.0,683404000.0,705673000.0,0.124,705673000.0,683404000.0,661697000.0,110.53,103.61,110.53,1304441000.0,1304411000.0,1304441000.0,6661254255.0,10.0,9.44,371619000.0,96.6,1.0,1001362000.0,0.175,48927000.0,21707000.0,2776648000.0,2842333000.0,1092100000.0,351958000.0,,,1339502000.0,,,6326169255.0,-34757000.0,11019000.0,-417245000.0,0.0,0.0,-417395000.0,-10350000.0,0.0,392988000.0,0.0,425262000.0,425262000.0,425262000.0,0.0,0.0,0.074,443320000.0,558042000.0,283611000.0,0.0,4.85,14.876,15.1,50818000.0,0.0,1669.0,1.108,1.125,18937000.0,5695376000.0,5709223000.0,5709223000.0,0.0,0.161,0.326,0.24,0.12,43598000.0,443320000.0,1.0,3790395.0,3847000.0,4104000.0,1484.071,2595016000.0,170652000.0,236435000.0,0.0,674.556,
19,NVR,MRT,2016-09-30,2016-09-30,2016-09-30,2021-08-03,0.0,2663216000.0,2603752250.0,,,2.12,336.739,-20414000.0,261218000.0,261218000.0,4533009000.0,408375000.0,,1.05,596303000.0,,,596303000.0,0.0,21943000.0,144697000.0,0.0,0.0,661334000.0,683277000.0,0.124,683277000.0,661334000.0,640204000.0,104.62,97.93,104.62,1299139000.0,1288092000.0,1299139000.0,6621816925.0,10.0,9.691,293143000.0,75.983,1.0,985771000.0,0.179,51872000.0,21130000.0,2946429000.0,2799384000.0,1316730000.0,291303000.0,,,1364077000.0,,,6388867925.0,-125034000.0,12702000.0,-416197000.0,0.0,0.0,-430879000.0,-7712000.0,0.0,313557000.0,0.0,408375000.0,408375000.0,408375000.0,0.0,0.0,0.074,442184000.0,543587000.0,312261000.0,0.0,4.918,15.645,15.675,50406000.0,0.0,1639.87,1.158,1.146,13921000.0,5544485000.0,5518780000.0,5518780000.0,0.0,0.157,0.317,0.236,0.12,61141000.0,442184000.0,1.0,3895960.0,3858000.0,4125000.0,1430.477,2611344000.0,0.0,231829000.0,0.0,676.865,
20,NVR,MRT,2016-06-30,2016-06-30,2016-06-30,2021-08-03,0.0,2698424000.0,2580618750.0,,,2.087,348.103,-20674000.0,363202000.0,363202000.0,4402389000.0,407453000.0,,0.988,596151000.0,,,596151000.0,0.0,21727000.0,141746000.0,0.0,0.0,661784000.0,683511000.0,0.127,683511000.0,661784000.0,640197000.0,102.94,96.58,102.94,1357601000.0,1273429750.0,1357601000.0,7215799362.0,11.0,10.557,259009000.0,66.413,1.0,983407000.0,0.183,52218000.0,21587000.0,2879155000.0,2745369750.0,1247614000.0,275145000.0,,,1340823000.0,,,6937787362.0,-133091000.0,13938000.0,-395989000.0,0.0,0.0,-406038000.0,-6736000.0,0.0,279683000.0,0.0,407453000.0,407453000.0,407453000.0,0.0,0.0,0.076,436938000.0,546469000.0,307371000.0,0.0,5.11,17.027,17.295,51146000.0,0.0,1780.34,1.288,1.289,17464000.0,5427093000.0,5385796000.0,5385796000.0,0.0,0.158,0.32,0.241,0.123,59065000.0,436938000.0,1.0,3896889.0,3900000.0,4165000.0,1380.973,2646206000.0,0.0,232744000.0,0.0,678.514,
21,NVR,MRT,2016-03-31,2016-03-31,2016-03-31,2021-08-03,0.0,2541651000.0,2555071500.0,,,2.053,323.497,-18071000.0,317987000.0,317987000.0,4262874000.0,409172000.0,,1.023,595999000.0,,,595999000.0,0.0,21700000.0,126552000.0,0.0,0.0,666890000.0,688590000.0,0.131,688590000.0,666890000.0,644161000.0,102.4,96.48,102.4,1256463000.0,1252749750.0,1256463000.0,6898622668.0,10.0,10.018,170241000.0,43.831,1.0,982292000.0,0.187,52563000.0,22729000.0,2767100000.0,2687110250.0,1261135000.0,189191000.0,,,1285188000.0,,,6723688668.0,-213531000.0,15160000.0,-390784000.0,0.0,0.0,-398932000.0,-2911000.0,0.0,188312000.0,0.0,409172000.0,409172000.0,409172000.0,0.0,0.0,0.078,426866000.0,555426000.0,263362000.0,0.0,5.351,16.432,16.918,50026000.0,0.0,1732.4,1.282,1.283,13829000.0,5335417000.0,5245166000.0,5245166000.0,0.0,0.16,0.327,0.248,0.127,59239000.0,426866000.0,1.0,3881141.0,3884000.0,4135000.0,1350.455,2489088000.0,0.0,234989000.0,0.0,640.857,
22,NVR,MRT,2015-12-31,2015-12-31,2015-12-31,2021-08-03,0.0,2511718000.0,2513692250.0,,,2.015,308.097,-17594000.0,449804000.0,449804000.0,4118782000.0,382927000.0,,1.027,595847000.0,,,595847000.0,0.0,21534000.0,110965000.0,0.0,0.0,626771000.0,648305000.0,0.128,648305000.0,626771000.0,603212000.0,95.21,89.99,95.21,1239165000.0,1229943250.0,1239165000.0,6641528173.0,11.0,10.244,209108000.0,51.991,1.0,946418000.0,0.187,52909000.0,23559000.0,2604852000.0,2592937500.0,1006526000.0,319553000.0,,,1272553000.0,,,6428584173.0,-120103000.0,16572000.0,-345419000.0,-64000.0,0.0,-345783000.0,-1022000.0,0.0,226702000.0,0.0,382927000.0,382927000.0,382927000.0,0.0,0.0,0.076,424009000.0,522409000.0,259728000.0,0.0,5.188,16.788,17.257,49964000.0,0.0,1643.0,1.269,1.305,11482000.0,5270114000.0,5065200000.0,5065200000.0,0.0,0.152,0.311,0.242,0.124,54091000.0,424009000.0,1.0,3912711.0,4022000.0,4255000.0,1259.373,2458809000.0,161805000.0,220285000.0,0.0,611.34,
23,NVR,MRT,2015-09-30,2015-09-30,2015-09-30,2021-08-03,0.0,2570682000.0,2473596500.0,,,1.958,306.294,-16945000.0,386293000.0,386293000.0,3950795000.0,348374000.0,,1.072,599237000.0,,,599237000.0,0.0,21213000.0,132072000.0,0.0,0.0,571070000.0,592283000.0,0.122,592283000.0,571070000.0,547267000.0,85.17,81.15,85.17,1240490000.0,1201215750.0,1240490000.0,6297688687.0,11.0,10.633,225047000.0,55.567,1.0,892953000.0,0.184,53254000.0,23803000.0,2730372000.0,2529558500.0,1161455000.0,260074000.0,,,1330192000.0,,,6194206687.0,-78831000.0,15238000.0,-334621000.0,-661000.0,0.0,-319116000.0,-1707000.0,0.0,241992000.0,0.0,348374000.0,348374000.0,348374000.0,0.0,0.0,0.072,419802000.0,473151000.0,295670000.0,0.0,4.993,17.78,17.908,50413000.0,0.0,1525.22,1.279,1.275,9850000.0,5136110000.0,4843748000.0,4843748000.0,0.0,0.141,0.29,0.226,0.118,41111000.0,419802000.0,1.0,4061189.0,4050000.0,4296000.0,1195.987,2517428000.0,0.0,198893000.0,0.0,621.587,
24,NVR,MRT,2015-06-30,2015-06-30,2015-06-30,2021-08-03,0.0,2596235000.0,2434195000.0,,,1.912,313.547,-18456000.0,495731000.0,495731000.0,3799178000.0,322056000.0,,1.036,599213000.0,,,599213000.0,0.0,20429000.0,138383000.0,0.0,0.0,529559000.0,549988000.0,0.118,549988000.0,529559000.0,506062000.0,77.91,74.74,77.91,1274881000.0,1178941750.0,1274881000.0,5514786340.0,10.0,10.027,142764000.0,35.112,1.0,855263000.0,0.184,53600000.0,23497000.0,2646117000.0,2470602500.0,1085091000.0,265418000.0,,,1321354000.0,,,5446565340.0,-56120000.0,12603000.0,-222565000.0,-1258000.0,0.0,-211487000.0,-5853000.0,0.0,161220000.0,0.0,322056000.0,322056000.0,322056000.0,0.0,0.0,0.069,413285000.0,441978000.0,282553000.0,0.0,4.272,16.912,17.199,50746000.0,0.0,1340.0,1.17,1.171,15987000.0,5019640000.0,4654441000.0,4654441000.0,0.0,0.132,0.273,0.214,0.114,49603000.0,413285000.0,1.0,4064601.0,4066000.0,4262000.0,1144.722,2542635000.0,0.0,184006000.0,0.0,625.341,
25,NVR,MRT,2015-03-31,2015-03-31,2015-03-31,2021-08-03,0.0,2376134000.0,2380652000.0,,,1.898,287.216,-30115000.0,530968000.0,530968000.0,3695102000.0,296839000.0,,1.039,599189000.0,,,599189000.0,0.0,19185000.0,125965000.0,0.0,0.0,489466000.0,508651000.0,0.113,508651000.0,489466000.0,466202000.0,70.62,68.0,70.62,1165237000.0,1135025250.0,1165237000.0,5433599211.0,11.0,10.682,168617000.0,41.562,1.0,822308000.0,0.182,53946000.0,23264000.0,2390409000.0,2402973250.0,954581000.0,154785000.0,,,1210897000.0,,,5379307211.0,-346810000.0,11564000.0,-535346000.0,-2153000.0,0.0,-526991000.0,-18551000.0,0.0,198732000.0,0.0,296839000.0,296839000.0,296839000.0,0.0,0.0,0.066,414678000.0,407630000.0,218046000.0,0.0,4.616,18.122,18.814,52300000.0,0.0,1328.66,1.191,1.193,10024000.0,4926245000.0,4517410000.0,4517410000.0,0.0,0.125,0.262,0.204,0.108,54184000.0,414678000.0,1.0,4048671.0,4057000.0,4235000.0,1113.485,2322188000.0,0.0,169363000.0,0.0,572.39,
26,NVR,MRT,2014-12-31,2014-12-31,2014-12-31,2021-08-03,0.0,2351335000.0,2417806750.0,,,1.81,262.799,-30651000.0,544938000.0,544938000.0,3568586000.0,281630000.0,,1.091,599230000.0,,,599230000.0,0.0,17614000.0,106755000.0,0.0,0.0,476686000.0,494300000.0,0.113,494300000.0,476686000.0,453546000.0,65.83,63.5,65.83,1124255000.0,1175236500.0,1124255000.0,5360271336.0,11.0,10.844,153898000.0,35.974,1.0,806473000.0,0.184,54291000.0,23140000.0,2351336000.0,2353405250.0,869486000.0,205664000.0,,,1227080000.0,,,5224162336.0,-320834000.0,11569000.0,-491391000.0,-3416000.0,0.0,-486301000.0,-19082000.0,0.0,184549000.0,0.0,281630000.0,281630000.0,281630000.0,0.0,0.0,0.064,407867000.0,398606000.0,230419000.0,0.0,4.647,18.55,19.373,52431000.0,0.0,1275.33,1.194,1.247,10021000.0,4887187000.0,4375059000.0,4375059000.0,0.0,0.116,0.24,0.203,0.109,53790000.0,407867000.0,1.0,4096322.0,4278000.0,4435000.0,1022.688,2297044000.0,165189000.0,171916000.0,0.0,536.943,
27,NVR,MRT,2014-09-30,2014-09-30,2014-09-30,2021-08-03,0.0,2413076000.0,2451510000.0,,,1.751,274.403,-31419000.0,463695000.0,463695000.0,3499400000.0,279990000.0,,1.096,599804000.0,,,599804000.0,0.0,16599000.0,119423000.0,0.0,0.0,477197000.0,493796000.0,0.115,493796000.0,477197000.0,454142000.0,63.75,61.71,63.75,1151394000.0,1209510750.0,1151394000.0,4788624064.0,10.0,9.698,108777000.0,25.924,1.0,792835000.0,0.185,54637000.0,23055000.0,2494548000.0,2307403500.0,1013733000.0,198597000.0,,,1261682000.0,,,4740105064.0,-347904000.0,-2493000.0,-456086000.0,-182000.0,0.0,-454188000.0,-33912000.0,0.0,140196000.0,0.0,279990000.0,279990000.0,279990000.0,0.0,0.0,0.065,390894000.0,401941000.0,250439000.0,0.0,4.117,16.93,17.726,52824000.0,0.0,1130.02,1.104,1.105,11465000.0,4787736000.0,4292235000.0,4292235000.0,0.0,0.114,0.231,0.207,0.111,45174000.0,390894000.0,1.0,4194709.0,4196000.0,4354000.0,1022.935,2358439000.0,0.0,174152000.0,0.0,562.068,
28,NVR,MRT,2014-06-30,2014-06-30,2014-06-30,2021-08-03,0.0,2382063000.0,2477965250.0,,,1.725,252.751,-31020000.0,551859000.0,551859000.0,3503761000.0,272773000.0,,1.167,600378000.0,,,600378000.0,0.0,15469000.0,128320000.0,0.0,0.0,464903000.0,480372000.0,0.112,480372000.0,464903000.0,441941000.0,60.34,58.68,60.34,1099215000.0,1240435750.0,1099215000.0,4809176324.0,10.0,10.011,312636000.0,71.887,1.0,770909000.0,0.18,54982000.0,22962000.0,2375600000.0,2246384750.0,952505000.0,170470000.0,,,1282848000.0,,,5086464324.0,-224719000.0,1090000.0,-539081000.0,-792000.0,0.0,-538445000.0,-29930000.0,0.0,343656000.0,0.0,272773000.0,272773000.0,272773000.0,0.0,0.0,0.064,384754000.0,386155000.0,255828000.0,0.0,4.627,18.647,19.069,50685000.0,0.0,1150.6,1.19,1.171,15196000.0,4697584000.0,4274670000.0,4274670000.0,0.0,0.11,0.22,0.207,0.109,39326000.0,384754000.0,1.0,4420706.0,4349000.0,4495000.0,982.909,2327081000.0,0.0,169168000.0,0.0,535.084,
29,NVR,MRT,2014-03-31,2014-03-31,2014-03-31,2021-08-03,0.0,2524753000.0,2515241250.0,,,1.663,296.862,-20361000.0,878539000.0,878539000.0,3455271000.0,255285000.0,,0.904,601251000.0,,,601251000.0,0.0,14329000.0,119101000.0,0.0,0.0,435911000.0,450240000.0,0.108,450240000.0,435911000.0,413298000.0,55.03,53.62,55.03,1326082000.0,1295701750.0,1326082000.0,4867039606.0,11.0,10.81,312168000.0,69.883,1.0,727529000.0,0.174,55328000.0,22613000.0,2192137000.0,2226813750.0,841998000.0,123833000.0,,,1198671000.0,,,5130184606.0,-208408000.0,-105000.0,-521464000.0,-990000.0,0.0,-520471000.0,-20466000.0,0.0,332529000.0,0.0,255285000.0,255285000.0,255285000.0,0.0,0.0,0.061,370926000.0,356603000.0,204755000.0,0.0,3.869,20.096,20.843,39320000.0,0.0,1147.0,1.226,1.225,10055000.0,4629406000.0,4182800000.0,4182800000.0,0.0,0.101,0.197,0.196,0.104,33703000.0,370926000.0,1.0,4472698.0,4467000.0,4620000.0,936.378,2469425000.0,0.0,158013000.0,0.0,552.815,
30,NVR,MRT,2013-12-31,2013-12-31,2013-12-31,2021-08-03,0.0,2486148000.0,2550316750.0,,,1.621,266.277,-18409000.0,865585000.0,865585000.0,3424204000.0,266477000.0,,0.971,602440000.0,,,602440000.0,0.0,13391000.0,101022000.0,0.0,0.0,441081000.0,454472000.0,0.11,454472000.0,441081000.0,418696000.0,56.25,54.81,56.25,1261352000.0,1352204250.0,1261352000.0,4454354442.0,10.0,9.801,251813000.0,53.159,1.0,710277000.0,0.172,55674000.0,22385000.0,2167329000.0,2209197000.0,738565000.0,210641000.0,,,1224796000.0,,,4666331442.0,-287254000.0,-16068000.0,-540534000.0,-1851000.0,0.0,-522999000.0,-34477000.0,0.0,270222000.0,0.0,266477000.0,266477000.0,266477000.0,0.0,0.0,0.064,355623000.0,354654000.0,203461000.0,0.0,3.699,17.511,18.24,37298000.0,0.0,1026.01,1.129,1.176,9529000.0,4605557000.0,4134481000.0,4134481000.0,0.0,0.104,0.197,0.2,0.107,13660000.0,355623000.0,1.0,4548037.0,4737000.0,4862000.0,872.806,2430474000.0,162378000.0,152219000.0,0.0,513.083,
31,NVR,MRT,2013-09-30,2013-09-30,2013-09-30,2021-08-03,0.0,2518897000.0,2579990250.0,,,1.487,277.919,-15720000.0,811589000.0,811589000.0,3179185000.0,229293000.0,,0.975,599612000.0,,,599612000.0,0.0,11653000.0,122227000.0,0.0,0.0,385024000.0,396677000.0,0.103,396677000.0,385024000.0,362907000.0,47.77,46.52,47.77,1275094000.0,1406985500.0,1275094000.0,4082662986.0,11.0,10.292,158379000.0,34.52,1.0,656851000.0,0.171,56447000.0,22117000.0,2250473000.0,2166779000.0,917070000.0,153928000.0,,,1243803000.0,,,4259292986.0,-264351000.0,-20176000.0,-411040000.0,-22885000.0,0.0,-402554000.0,-35896000.0,0.0,174099000.0,0.0,229293000.0,229293000.0,229293000.0,0.0,0.0,0.06,358336000.0,298515000.0,248738000.0,0.0,3.34,18.576,19.242,35787000.0,0.0,919.19,1.11,1.099,13137000.0,4507746000.0,3836036000.0,3836036000.0,0.0,0.089,0.163,0.178,0.1,12647000.0,358336000.0,1.0,4633746.0,4588000.0,4695000.0,836.102,2462450000.0,0.0,133614000.0,0.0,536.715,
32,NVR,MRT,2013-06-30,2013-06-30,2013-06-30,2021-08-03,0.0,2531167000.0,2570447500.0,,,1.371,270.051,-14141000.0,777265000.0,777265000.0,2917205000.0,199358000.0,,0.917,600635000.0,,,600635000.0,0.0,10218000.0,137765000.0,0.0,0.0,333396000.0,343614000.0,0.098,343614000.0,333396000.0,315450000.0,40.29,39.18,40.29,1320279000.0,1433039000.0,1320279000.0,4107523436.0,12.0,11.954,87338000.0,17.864,1.0,605632000.0,0.172,57221000.0,17946000.0,2297316000.0,2092682750.0,940280000.0,176285000.0,,,1210888000.0,,,4593162436.0,185161000.0,-22862000.0,-484560000.0,577004000.0,0.0,120685000.0,-37003000.0,0.0,101479000.0,0.0,199358000.0,199358000.0,199358000.0,0.0,0.0,0.057,352755000.0,252877000.0,222223000.0,0.0,3.479,23.04,22.884,32701000.0,0.0,922.0,1.304,1.28,14822000.0,4424811000.0,3522837000.0,3522837000.0,0.0,0.078,0.139,0.159,0.095,16983000.0,352755000.0,1.0,4981738.0,4889000.0,5013000.0,720.564,2473946000.0,0.0,116092000.0,0.0,506.023,
33,NVR,MRT,2013-03-31,2013-03-31,2013-03-31,2021-08-03,0.0,2665055000.0,2435395750.0,,,1.349,311.728,-12645000.0,1087188000.0,1087188000.0,2707895000.0,195506000.0,,0.717,601549000.0,,,601549000.0,0.0,9067000.0,124862000.0,0.0,0.0,312054000.0,321121000.0,0.098,321121000.0,312054000.0,299224000.0,39.09,38.04,39.09,1552092000.0,1483425250.0,1552092000.0,4847443306.0,16.0,15.095,82808000.0,16.631,1.0,578022000.0,0.176,57746000.0,12830000.0,2121670000.0,1855961500.0,841850000.0,128050000.0,,,1112963000.0,,,5396482306.0,512572000.0,-23681000.0,-154661000.0,576660000.0,0.0,453445000.0,-36326000.0,0.0,95453000.0,0.0,195506000.0,195506000.0,195506000.0,0.0,0.0,0.059,342464000.0,235558000.0,191373000.0,0.0,3.477,27.603,27.631,30569000.0,0.0,1080.11,1.642,1.637,14536000.0,4374121000.0,3285917000.0,3285917000.0,0.0,0.08,0.132,0.168,0.095,19922000.0,342464000.0,1.0,4996234.0,4979000.0,5122000.0,659.955,2607309000.0,0.0,103718000.0,0.0,523.661,
34,NVR,MRT,2012-12-31,2012-12-31,2012-12-31,2021-08-03,0.0,2604842000.0,2231860000.0,,,1.398,295.445,-12046000.0,1152601000.0,1152601000.0,2575639000.0,180588000.0,,0.759,603562000.0,,,603562000.0,0.0,8100000.0,99687000.0,0.0,0.0,282606000.0,290706000.0,0.093,290706000.0,282606000.0,275077000.0,36.04,35.12,36.04,1480477000.0,1449962500.0,1480477000.0,4020264680.0,14.0,13.829,252338000.0,50.357,1.0,545605000.0,0.175,58146000.0,7529000.0,1997657000.0,1633031500.0,678131000.0,188929000.0,,,1124365000.0,,,4497975680.0,672713000.0,-10565000.0,-154070000.0,575787000.0,0.0,430940000.0,-22611000.0,0.0,264384000.0,0.0,180588000.0,180588000.0,180588000.0,0.0,0.0,0.058,334959000.0,210646000.0,184132000.0,0.0,3.038,24.907,25.527,29481000.0,0.0,920.0,1.441,1.477,9421000.0,4339080000.0,3121244000.0,3121244000.0,0.0,0.081,0.125,0.173,0.091,50522000.0,334959000.0,1.0,4889104.0,5011000.0,5142000.0,622.878,2546696000.0,145618000.0,94489000.0,0.0,508.221,
35,NVR,MRT,2012-09-30,2012-09-30,2012-09-30,2021-08-03,0.0,2480726000.0,2025520750.0,,,1.444,275.917,-12660000.0,1077543000.0,1077543000.0,2435965000.0,152353000.0,,0.799,599832000.0,,,599832000.0,0.0,7546000.0,94940000.0,0.0,0.0,231894000.0,239440000.0,0.082,239440000.0,231894000.0,229491000.0,30.2,29.46,30.2,1379308000.0,1423543000.0,1379308000.0,3754731258.0,16.0,15.681,171834000.0,34.374,1.0,488724000.0,0.167,48927000.0,2403000.0,1954088000.0,1447419500.0,700176000.0,128452000.0,,,1101418000.0,,,4346333258.0,581426000.0,5894000.0,-192957000.0,593429000.0,0.0,403698000.0,-6766000.0,0.0,184494000.0,0.0,152353000.0,152353000.0,152353000.0,0.0,0.0,0.052,322961000.0,165763000.0,178540000.0,0.0,3.151,28.528,27.964,29313000.0,0.0,844.5,1.486,1.443,9973000.0,4278453000.0,2924689000.0,2924689000.0,0.0,0.075,0.107,0.16,0.079,59393000.0,322961000.0,1.0,5146635.0,4999000.0,5132000.0,585.055,2431799000.0,0.0,77138000.0,0.0,486.457,
36,NVR,MRT,2012-06-30,2012-06-30,2012-06-30,2021-08-03,0.0,1990960000.0,1855243250.0,,,1.492,298.046,-9484000.0,592652000.0,592652000.0,2305911000.0,142762000.0,,0.308,1050000.0,,,1050000.0,0.0,7166000.0,90255000.0,0.0,0.0,215668000.0,222834000.0,0.081,222834000.0,215668000.0,214300000.0,27.79,27.11,27.79,1521824000.0,1415220750.0,1521824000.0,3735841500.0,17.0,16.765,89593000.0,17.547,1.0,461362000.0,0.167,48927000.0,1368000.0,1350431000.0,1274295500.0,701163000.0,150378000.0,,,469136000.0,,,4307876500.0,-337133000.0,6731000.0,-343828000.0,-95782000.0,0.0,-433457000.0,-2753000.0,0.0,99077000.0,0.0,142762000.0,142762000.0,142762000.0,0.0,0.0,0.052,306877000.0,154485000.0,185711000.0,0.0,2.831,30.175,30.587,27061000.0,0.0,850.0,1.557,1.568,9612000.0,4225453000.0,2767273000.0,2767273000.0,0.0,0.077,0.101,0.169,0.078,59788000.0,306877000.0,1.0,5068090.0,5106000.0,5221000.0,541.965,1942033000.0,0.0,71538000.0,0.0,380.343,
37,NVR,MRT,2012-03-31,2012-03-31,2012-03-31,2021-08-03,0.0,1850912000.0,1901422000.0,,,1.417,281.174,-12817000.0,574383000.0,574383000.0,2239534000.0,134369000.0,,0.305,2348000.0,,,2348000.0,0.0,6879000.0,79374000.0,0.0,0.0,215360000.0,222239000.0,0.082,222239000.0,215360000.0,213699000.0,25.27,24.62,25.27,1418241000.0,1447463750.0,1418241000.0,3200608404.0,15.0,14.402,88517000.0,17.549,1.0,455112000.0,0.169,48927000.0,1661000.0,1229950000.0,1260483500.0,635746000.0,113723000.0,,,432671000.0,,,3674344404.0,-645136000.0,-52878000.0,-605562000.0,-81113000.0,0.0,-680775000.0,-65695000.0,0.0,101334000.0,0.0,134369000.0,134369000.0,134369000.0,0.0,0.0,0.05,300739000.0,154373000.0,163797000.0,0.0,2.591,27.345,28.743,25966000.0,0.0,726.33,1.364,1.36,6028000.0,4178615000.0,2694646000.0,2694646000.0,0.0,0.071,0.093,0.171,0.08,59433000.0,300739000.0,1.0,5058781.0,5044000.0,5159000.0,534.228,1801985000.0,0.0,79330000.0,0.0,357.253,
38,NVR,MRT,2011-12-31,2011-12-31,2011-12-31,2021-08-03,0.0,1779485000.0,2007626000.0,,,1.301,251.38,-10919000.0,480332000.0,480332000.0,2165625000.0,129420000.0,,0.294,4983000.0,,,4983000.0,0.0,6672000.0,61223000.0,0.0,0.0,209468000.0,216140000.0,0.083,216140000.0,209468000.0,207576000.0,23.66,23.01,23.66,1374799000.0,1547453750.0,1374799000.0,2924718888.0,14.0,13.532,-9456000.0,-1.729,1.0,445570000.0,0.171,48927000.0,1892000.0,1255209000.0,1225802000.0,533150000.0,252352000.0,,,404686000.0,,,3413815888.0,-712956000.0,-50947000.0,-582303000.0,-93085000.0,0.0,-652553000.0,-61866000.0,0.0,1463000.0,0.0,129420000.0,129420000.0,129420000.0,0.0,0.0,0.05,294515000.0,151055000.0,152044000.0,0.0,2.483,26.378,28.994,24937000.0,0.0,686.0,1.307,1.437,6789000.0,4158492000.0,2611195000.0,2611195000.0,0.0,0.064,0.084,0.171,0.08,41638000.0,294515000.0,1.0,4976408.0,5469000.0,5624000.0,477.454,1730558000.0,155881000.0,78156000.0,0.0,316.43,
39,NVR,MRT,2011-09-30,2011-09-30,2011-09-30,2021-08-03,0.0,1799616000.0,2127770000.0,,,1.258,253.918,-10759000.0,496448000.0,496448000.0,2203868000.0,155726000.0,,0.337,7351000.0,,,7351000.0,0.0,6663000.0,66640000.0,0.0,0.0,245790000.0,252453000.0,0.094,252453000.0,245790000.0,243644000.0,27.77,26.91,27.77,1346019000.0,1638847500.0,1346019000.0,2448766948.0,10.0,9.7,125647000.0,23.703,1.0,472989000.0,0.177,48927000.0,2146000.0,1261592000.0,1191355500.0,581213000.0,192203000.0,,,453597000.0,,,3280331948.0,-558721000.0,-50902000.0,-579908000.0,-101729000.0,0.0,-658466000.0,-36661000.0,25000000.0,136406000.0,0.0,155726000.0,155726000.0,155726000.0,0.0,0.0,0.058,290302000.0,182687000.0,175257000.0,0.0,2.437,21.065,21.749,24052000.0,0.0,603.98,1.225,1.196,7281000.0,4126100000.0,2676857000.0,2676857000.0,0.0,0.073,0.095,0.206,0.092,37181000.0,290302000.0,1.0,5431193.0,5301000.0,5437000.0,504.972,1750689000.0,0.0,87918000.0,0.0,330.256,
40,NVR,MRT,2011-06-30,2011-06-30,2011-06-30,2021-08-03,0.0,2175675000.0,2240320750.0,,,1.179,285.358,-10803000.0,929445000.0,929445000.0,2172269000.0,156261000.0,,0.318,97880000.0,,,97880000.0,0.0,6771000.0,67593000.0,0.0,0.0,242040000.0,248811000.0,0.094,248811000.0,242040000.0,239592000.0,27.23,26.24,27.23,1650796000.0,1724012250.0,1650796000.0,3132592328.0,13.0,12.59,85668000.0,14.809,1.0,469543000.0,0.178,48927000.0,2448000.0,1295183000.0,1189583250.0,535179000.0,181525000.0,,,524879000.0,,,4268169328.0,-160486000.0,-53064000.0,-411333000.0,16856000.0,0.0,-368090000.0,111133000.0,175000000.0,96471000.0,0.0,156261000.0,156261000.0,156261000.0,0.0,0.0,0.059,296781000.0,172762000.0,173549000.0,0.0,2.586,27.314,26.643,24611000.0,0.0,725.48,1.616,1.589,7871000.0,4082691000.0,2641812000.0,2641812000.0,0.0,0.07,0.091,0.203,0.092,37628000.0,296781000.0,1.0,5883235.0,5785000.0,5929000.0,456.666,2126748000.0,0.0,83331000.0,0.0,367.631,
41,NVR,MRT,2011-03-31,2011-03-31,2011-03-31,2021-08-03,0.0,2275728000.0,2286260750.0,,,1.271,312.245,-6364000.0,1220225000.0,1220225000.0,2385143000.0,189092000.0,,0.252,84648000.0,,,84648000.0,0.0,6980000.0,62894000.0,0.0,0.0,298587000.0,305567000.0,0.105,305567000.0,298587000.0,294497000.0,32.22,30.89,32.22,1818201000.0,1765179750.0,1818201000.0,3361550468.0,11.0,11.001,158154000.0,27.16,1.0,520978000.0,0.179,48927000.0,4090000.0,1091224000.0,1190950000.0,492244000.0,105611000.0,,,457527000.0,,,4455261468.0,-121997000.0,4573000.0,-352111000.0,-107071000.0,0.0,-409724000.0,123209000.0,125000000.0,164518000.0,0.0,189092000.0,189092000.0,189092000.0,0.0,0.0,0.065,297250000.0,223728000.0,136382000.0,0.0,2.45,23.561,23.464,19850000.0,0.0,756.0,1.533,1.515,7378000.0,4044246000.0,2906121000.0,2906121000.0,0.0,0.083,0.107,0.251,0.103,13580000.0,297250000.0,1.0,5893203.0,5823000.0,6020000.0,499.076,2226801000.0,0.0,105405000.0,0.0,382.415,
42,NVR,MRT,2010-12-31,2010-12-31,2010-12-31,2021-08-03,0.0,2260061000.0,2336428000.0,,,1.276,295.329,-6288000.0,1193392000.0,1193392000.0,2438292000.0,206005000.0,,0.299,99681000.0,,,99681000.0,0.0,7263000.0,53705000.0,0.0,0.0,328422000.0,335685000.0,0.113,335685000.0,328422000.0,322393000.0,34.96,33.42,34.96,1740374000.0,1777810500.0,1740374000.0,2950730235.0,9.0,8.79,49100000.0,8.332,1.0,542466000.0,0.182,48927000.0,6029000.0,1117423000.0,1237368250.0,431329000.0,177244000.0,,,519687000.0,,,3897119235.0,-56400000.0,-807000.0,-339587000.0,-48199000.0,0.0,-324228000.0,212440000.0,219535000.0,55388000.0,0.0,206005000.0,206005000.0,206005000.0,0.0,0.0,0.069,290655000.0,251811000.0,128749000.0,0.0,2.239,18.918,19.766,20473000.0,0.0,691.02,1.307,1.366,6948000.0,4029072000.0,2980758000.0,2980758000.0,0.0,0.088,0.116,0.265,0.11,-10422000.0,290655000.0,1.0,5639662.0,5893000.0,6165000.0,505.813,2211134000.0,184930000.0,116388000.0,0.0,375.214,
43,NVR,MRT,2010-09-30,2010-09-30,2010-09-30,2021-08-03,0.0,2249819000.0,2370355250.0,,,1.23,293.437,-5091000.0,1055469000.0,1055469000.0,2375548000.0,207946000.0,,0.334,109080000.0,,,109080000.0,0.0,7565000.0,70462000.0,0.0,0.0,328234000.0,335799000.0,0.115,335799000.0,328234000.0,320407000.0,34.85,33.14,34.85,1686678000.0,1782032500.0,1686678000.0,2778078535.0,8.0,8.273,33016000.0,5.744,1.0,540880000.0,0.185,48927000.0,7827000.0,1254503000.0,1269155750.0,562314000.0,195601000.0,,,563141000.0,,,3787936535.0,-59828000.0,20000000.0,-314510000.0,-102191000.0,0.0,-347250000.0,249315000.0,234406000.0,38107000.0,0.0,207946000.0,207946000.0,207946000.0,0.0,0.0,0.071,288306000.0,252574000.0,168092000.0,0.0,2.246,18.216,18.58,19600000.0,0.0,647.53,1.299,1.276,10714000.0,3970374000.0,2916428000.0,2916428000.0,0.0,0.088,0.117,0.259,0.113,-17247000.0,288306000.0,1.0,5849824.0,5748000.0,6011000.0,507.381,2200892000.0,0.0,112461000.0,0.0,382.897,
44,NVR,MRT,2010-06-30,2010-06-30,2010-06-30,2021-08-03,0.0,2359435000.0,2401595500.0,,,1.269,296.499,-4731000.0,1090882000.0,1090882000.0,2471407000.0,236129000.0,,0.3,81024000.0,,,81024000.0,0.0,8464000.0,69344000.0,0.0,0.0,379116000.0,387580000.0,0.127,387580000.0,379116000.0,368957000.0,39.49,37.42,39.49,1815466000.0,1778259750.0,1815466000.0,2889101815.0,8.0,7.454,192998000.0,31.52,1.0,575596000.0,0.189,48927000.0,10159000.0,1300650000.0,1310893250.0,420701000.0,419313000.0,,,543969000.0,,,4039674815.0,507614000.0,-2000000.0,-91554000.0,-153755000.0,0.0,-166746000.0,476631000.0,483362000.0,197729000.0,0.0,236129000.0,236129000.0,236129000.0,0.0,0.0,0.077,277717000.0,297879000.0,186320000.0,0.0,2.225,17.108,16.587,19896000.0,0.0,655.03,1.326,1.316,15011000.0,3926430000.0,3047003000.0,3047003000.0,0.0,0.098,0.133,0.289,0.124,-34837000.0,277717000.0,1.0,6167160.0,6123000.0,6405000.0,497.632,2310508000.0,0.0,132828000.0,0.0,377.349,
45,NVR,MRT,2010-03-31,2010-03-31,2010-03-31,2021-08-03,0.0,2476397000.0,2371008000.0,,,1.144,308.065,-2893000.0,1342292000.0,1342292000.0,2194172000.0,206279000.0,,0.325,191719000.0,,,191719000.0,0.0,9013000.0,72261000.0,0.0,0.0,331231000.0,340244000.0,0.125,340244000.0,331231000.0,320527000.0,35.02,33.08,35.02,1868724000.0,1711543750.0,1868724000.0,3340530322.0,10.0,9.818,119359000.0,19.677,1.0,518347000.0,0.191,48927000.0,10704000.0,1276897000.0,1445648000.0,499909000.0,208385000.0,,,607673000.0,,,4442800322.0,799523000.0,-1000000.0,88856000.0,-49460000.0,0.0,97802000.0,579469000.0,583362000.0,122252000.0,0.0,206279000.0,206279000.0,206279000.0,0.0,0.0,0.076,262444000.0,255903000.0,159499000.0,0.0,2.377,21.538,20.745,19804000.0,0.0,726.5,1.638,1.625,8091000.0,3855154000.0,2712519000.0,2712519000.0,0.0,0.087,0.121,0.229,0.122,-18194000.0,262444000.0,1.0,6115348.0,6066000.0,6399000.0,447.168,2427470000.0,0.0,114248000.0,0.0,400.176,
46,NVR,MRT,2009-12-31,2009-12-31,2009-12-31,2021-08-03,0.0,2395770000.0,2284696250.0,,,1.175,302.611,-2082000.0,1250150000.0,1250150000.0,2185733000.0,192180000.0,,0.363,147880000.0,,,147880000.0,0.0,9713000.0,63591000.0,0.0,0.0,309794000.0,319507000.0,0.119,319507000.0,309794000.0,298414000.0,33.1,31.26,33.1,1757262000.0,1613105500.0,1757262000.0,3315766841.0,11.0,10.378,239560000.0,41.254,1.0,497734000.0,0.185,48927000.0,11380000.0,1244573000.0,1571582000.0,418718000.0,259632000.0,,,638508000.0,,,4220166841.0,102507000.0,0.0,78543000.0,-62509000.0,0.0,82482000.0,-221617000.0,-219535000.0,241642000.0,0.0,192180000.0,192180000.0,192180000.0,0.0,0.0,0.072,260626000.0,237108000.0,139770000.0,0.0,2.402,21.959,21.472,20661000.0,0.0,710.71,1.573,1.538,7995000.0,3823067000.0,2683467000.0,2683467000.0,0.0,0.084,0.119,0.197,0.115,-20146000.0,260626000.0,1.0,5937959.0,5807000.0,6149000.0,462.109,2346843000.0,200340000.0,106234000.0,0.0,404.14,
47,NVR,MRT,2009-09-30,2009-09-30,2009-09-30,2021-08-03,0.0,2374780000.0,2211562750.0,,,1.29,284.962,-1211000.0,1115671000.0,1115671000.0,2469291000.0,101084000.0,,0.421,211271000.0,,,211271000.0,0.0,10625000.0,66819000.0,0.0,0.0,173484000.0,184109000.0,0.065,184109000.0,173484000.0,161143000.0,16.81,16.23,16.81,1671587000.0,1517237250.0,1671587000.0,3354354081.0,19.0,18.219,363526000.0,61.972,1.0,383571000.0,0.134,48927000.0,12341000.0,1421453000.0,1539702500.0,478839000.0,369501000.0,,,703193000.0,,,3702843081.0,150630000.0,-22000000.0,80595000.0,-81866000.0,0.0,69698000.0,-283805000.0,-259406000.0,364737000.0,0.0,101084000.0,101084000.0,101084000.0,0.0,0.0,0.035,278087000.0,105484000.0,174101000.0,0.0,2.215,36.631,37.916,21168000.0,0.0,637.37,1.298,1.311,9015000.0,3762428000.0,2852862000.0,2852862000.0,0.0,0.046,0.067,0.113,0.061,-24633000.0,266401000.0,1.0,5809566.0,5866000.0,6223000.0,486.339,2325853000.0,0.0,60059000.0,0.0,396.497,
48,NVR,MRT,2009-06-30,2009-06-30,2009-06-30,2021-08-03,0.0,2237085000.0,2194905750.0,,,1.362,268.063,-1755000.0,583268000.0,583268000.0,2638580000.0,65508000.0,,0.445,234779000.0,,,234779000.0,0.0,11155000.0,70163000.0,0.0,0.0,121030000.0,132185000.0,0.044,132185000.0,121030000.0,108310000.0,11.24,10.76,11.24,1548602000.0,1442459250.0,1548602000.0,2604888877.0,22.0,19.706,337265000.0,58.381,1.0,350037000.0,0.117,48927000.0,12720000.0,1839669000.0,1578311500.0,460570000.0,781539000.0,,,688483000.0,,,2906478877.0,-284871000.0,0.0,57336000.0,-83848000.0,0.0,36991000.0,-660882000.0,-658362000.0,339020000.0,0.0,65508000.0,65508000.0,65508000.0,0.0,0.0,0.022,288496000.0,61541000.0,159604000.0,0.0,1.877,44.368,44.697,22246000.0,0.0,502.39,0.973,0.971,9227000.0,3690301000.0,2988617000.0,2988617000.0,0.0,0.03,0.045,0.077,0.04,-17329000.0,276810000.0,1.0,5785304.0,5777000.0,6101000.0,517.33,2188158000.0,0.0,42802000.0,0.0,378.771,
49,NVR,MRT,2009-03-31,2009-03-31,2009-03-31,2021-08-03,0.0,2131150000.0,2214098250.0,,,1.498,261.427,-3489000.0,542769000.0,542769000.0,2916709000.0,75414000.0,,0.445,241179000.0,,,241179000.0,0.0,12385000.0,58264000.0,0.0,0.0,138292000.0,150677000.0,0.045,150677000.0,138292000.0,124898000.0,13.65,12.61,13.65,1474971000.0,1384297000.0,1474971000.0,1503315972.0,11.0,9.977,385058000.0,68.248,1.0,400453000.0,0.121,48927000.0,13394000.0,1780633000.0,1544385000.0,370529000.0,808905000.0,,,656179000.0,,,2440569972.0,-224889000.0,0.0,56402000.0,-29548000.0,0.0,98864000.0,-712300000.0,-708362000.0,388547000.0,0.0,75414000.0,75414000.0,75414000.0,0.0,0.0,0.023,325636000.0,74817000.0,134240000.0,0.0,1.655,32.362,31.337,24208000.0,0.0,427.75,0.736,0.728,9251000.0,3648875000.0,3317162000.0,3317162000.0,0.0,0.034,0.054,0.09,0.042,-25371000.0,313950000.0,1.0,5705599.0,5642000.0,5958000.0,587.941,2082223000.0,0.0,49484000.0,0.0,369.058,
50,NVR,MRT,2008-12-31,2008-12-31,2008-12-31,2021-08-03,0.0,2103236000.0,2233704750.0,,,1.629,255.399,-5498000.0,1147643000.0,1147643000.0,3181010000.0,100892000.0,,0.531,210389000.0,,,210389000.0,0.0,13641000.0,59623000.0,0.0,0.0,181111000.0,194752000.0,0.054,194752000.0,181111000.0,167455000.0,18.76,17.04,18.76,1373789000.0,1321648750.0,1373789000.0,1816537219.0,10.0,9.327,456863000.0,84.935,1.0,457692000.0,0.126,48927000.0,13656000.0,1117055000.0,1512288000.0,400570000.0,72488000.0,,,729447000.0,,,2488166219.0,483434000.0,0.0,51950000.0,-75619000.0,0.0,26571000.0,-5498000.0,0.0,462361000.0,0.0,100892000.0,100892000.0,100892000.0,0.0,0.0,0.028,352004000.0,105688000.0,155127000.0,0.0,1.811,24.662,24.32,26417000.0,0.0,456.25,0.684,0.674,11594000.0,3630887000.0,3638702000.0,3638702000.0,0.0,0.045,0.076,0.12,0.05,-9036000.0,340318000.0,1.0,5453515.0,5379000.0,5920000.0,676.464,2054309000.0,223393000.0,66563000.0,0.0,381.913,
51,NVR,MRT,2008-09-30,2008-09-30,2008-09-30,2021-08-03,0.0,2308152000.0,2256499750.0,,,1.837,252.386,-7407000.0,965041000.0,965041000.0,3529544000.0,198623000.0,,0.682,293412000.0,,,293412000.0,0.0,14852000.0,93117000.0,0.0,0.0,341778000.0,356630000.0,0.086,356630000.0,341778000.0,328181000.0,37.88,34.07,37.88,1372475000.0,1260545250.0,1372475000.0,2555019584.0,7.0,7.164,586052000.0,107.77,1.0,615089000.0,0.148,60634000.0,13597000.0,1575889000.0,1671969500.0,611020000.0,113839000.0,,,935677000.0,,,3104256584.0,647850000.0,0.0,44624000.0,-21123000.0,0.0,62152000.0,-7761000.0,0.0,593459000.0,0.0,198623000.0,198623000.0,198623000.0,0.0,0.0,0.048,362893000.0,252196000.0,195261000.0,0.0,2.262,15.629,15.1,27737000.0,0.0,572.0,0.749,0.75,10444000.0,3661344000.0,4144633000.0,4144633000.0,0.0,0.088,0.158,0.204,0.082,-321000.0,362893000.0,1.0,5427022.0,5438000.0,5968000.0,762.161,2247518000.0,0.0,129558000.0,0.0,413.299,
52,NVR,MRT,2008-06-30,2008-06-30,2008-06-30,2021-08-03,0.0,2313855000.0,2241130250.0,,,2.002,245.651,-8987000.0,868139000.0,868139000.0,3811012000.0,253185000.0,,0.758,318902000.0,,,318902000.0,0.0,15867000.0,108379000.0,0.0,0.0,427071000.0,442938000.0,0.099,442938000.0,427071000.0,413388000.0,48.41,43.21,48.41,1315953000.0,1180446000.0,1315953000.0,2148235115.0,5.0,4.85,535860000.0,100.03,1.0,675827000.0,0.151,60655000.0,13683000.0,1703963000.0,1823816000.0,625637000.0,134714000.0,,,997902000.0,,,2644891115.0,294057000.0,0.0,-256704000.0,-20176000.0,0.0,-241309000.0,-9481000.0,0.0,544847000.0,0.0,253185000.0,253185000.0,253185000.0,0.0,0.0,0.056,349243000.0,326584000.0,203310000.0,0.0,2.01,10.446,10.33,30097000.0,0.0,500.08,0.589,0.597,16189000.0,3624793000.0,4486839000.0,4486839000.0,0.0,0.113,0.214,0.234,0.095,-31459000.0,349243000.0,1.0,5288936.0,5357000.0,5938000.0,837.566,2253200000.0,0.0,160203000.0,0.0,420.609,
53,NVR,MRT,2008-03-31,2008-03-31,2008-03-31,2021-08-03,0.0,2209576000.0,2288486750.0,,,2.116,234.376,-9682000.0,767658000.0,767658000.0,4100580000.0,292600000.0,,0.805,271002000.0,,,271002000.0,0.0,16536000.0,116993000.0,0.0,0.0,488378000.0,504914000.0,0.104,504914000.0,488378000.0,474648000.0,55.02,48.71,55.02,1224378000.0,1171362750.0,1224378000.0,2765621282.0,6.0,5.477,551561000.0,105.582,1.0,742366000.0,0.153,60675000.0,13730000.0,1652245000.0,1949700500.0,631077000.0,92115000.0,,,985198000.0,,,3143547282.0,210416000.0,0.0,-376524000.0,-11078000.0,0.0,-340796000.0,-10031000.0,0.0,561243000.0,0.0,292600000.0,292600000.0,292600000.0,0.0,0.0,0.06,361116000.0,381250000.0,192738000.0,0.0,2.567,10.743,10.86,31970000.0,0.0,597.5,0.649,0.645,8622000.0,3573461000.0,4842946000.0,4842946000.0,0.0,0.128,0.25,0.25,0.101,-40607000.0,361116000.0,1.0,5261167.0,5224000.0,5859000.0,927.057,2148901000.0,0.0,182048000.0,0.0,411.352,
54,NVR,MRT,2007-12-31,2007-12-31,2007-12-31,2021-08-03,0.0,2194416000.0,2353079500.0,,,2.145,208.372,-9315000.0,664209000.0,664209000.0,4227059000.0,333955000.0,,0.943,286283000.0,,,286283000.0,0.0,17036000.0,125315000.0,0.0,0.0,553336000.0,570372000.0,0.113,570372000.0,553336000.0,539505000.0,61.61,54.14,61.61,1129375000.0,1179050250.0,1129375000.0,2688419360.0,5.0,4.713,549451000.0,101.375,1.0,821128000.0,0.163,60709000.0,13831000.0,1755781000.0,2069627500.0,688854000.0,107338000.0,,,1065041000.0,,,2691075360.0,108090000.0,0.0,-440058000.0,-70349000.0,0.0,-441361000.0,-9315000.0,0.0,558766000.0,0.0,333955000.0,333955000.0,333955000.0,0.0,0.0,0.066,376025000.0,445103000.0,237599000.0,0.0,2.383,8.058,8.505,33792000.0,0.0,524.0,0.533,0.563,10855000.0,3529995000.0,5048187000.0,5048187000.0,0.0,0.142,0.283,0.267,0.11,-54857000.0,376025000.0,1.0,5135640.0,5420000.0,6168000.0,931.4,2133707000.0,211808000.0,205550000.0,0.0,393.673,
55,NVR,MRT,2007-09-30,2007-09-30,2007-09-30,2021-08-03,0.0,2246674000.0,2422927500.0,,,2.164,199.144,-13546000.0,317191000.0,317191000.0,4300118000.0,401848000.0,,1.135,314535000.0,,,314535000.0,0.0,16965000.0,174324000.0,0.0,0.0,665626000.0,682591000.0,0.13,682591000.0,665626000.0,651282000.0,72.9,63.18,72.9,1052078000.0,1184725000.0,1052078000.0,2324277076.0,3.0,3.405,597886000.0,113.172,1.0,943336000.0,0.18,60743000.0,14344000.0,2183275000.0,2184046750.0,979397000.0,137749000.0,,,1194596000.0,,,2559281076.0,78586000.0,0.0,-545106000.0,-56668000.0,0.0,-520282000.0,-12564000.0,0.0,611432000.0,0.0,401848000.0,401848000.0,401848000.0,0.0,0.0,0.077,392097000.0,551239000.0,281716000.0,0.0,2.433,6.369,6.451,35523000.0,0.0,470.25,0.488,0.474,17666000.0,3462721000.0,5243454000.0,5243454000.0,0.0,0.166,0.339,0.305,0.127,-58793000.0,392097000.0,1.0,5442384.0,5283000.0,5969000.0,992.514,2185931000.0,0.0,249434000.0,0.0,413.767,
56,NVR,MRT,2007-06-30,2007-06-30,2007-06-30,2021-08-03,0.0,2503281000.0,2479445250.0,,,2.219,228.259,-16724000.0,574082000.0,574082000.0,4451390000.0,440068000.0,,0.956,339078000.0,,,339078000.0,0.0,16468000.0,195165000.0,0.0,0.0,732183000.0,748651000.0,0.136,748651000.0,732183000.0,717575000.0,78.24,67.55,78.24,1279620000.0,1193334500.0,1279620000.0,3536001842.0,5.0,4.723,654276000.0,116.71,1.0,1050557000.0,0.191,60776000.0,14608000.0,2207501000.0,2274340250.0,886562000.0,158882000.0,,,1223661000.0,,,3811163842.0,398114000.0,0.0,-308247000.0,-32310000.0,0.0,-257081000.0,-15805000.0,0.0,671000000.0,0.0,440068000.0,440068000.0,440068000.0,0.0,0.0,0.08,435611000.0,614946000.0,286506000.0,0.0,2.978,8.66,8.688,36785000.0,0.0,679.75,0.693,0.693,13474000.0,3371608000.0,5501947000.0,5501947000.0,0.0,0.177,0.369,0.322,0.133,-23989000.0,435611000.0,1.0,5606714.0,5606000.0,6420000.0,981.439,2442505000.0,0.0,277507000.0,0.0,435.695,
57,NVR,MRT,2007-03-31,2007-03-31,2007-03-31,2021-08-03,0.0,2467947000.0,2485581500.0,,,2.385,221.637,-19348000.0,557242000.0,557242000.0,4693636000.0,539673000.0,,0.966,282080000.0,,,282080000.0,0.0,15484000.0,190721000.0,0.0,0.0,901197000.0,916681000.0,0.155,916681000.0,901197000.0,882976000.0,95.32,81.49,95.32,1255128000.0,1123481250.0,1255128000.0,3576244680.0,4.0,3.901,788563000.0,139.248,1.0,1233968000.0,0.208,60832000.0,18221000.0,2131953000.0,2388045250.0,802360000.0,101548000.0,,,1212819000.0,,,3775731680.0,452734000.0,0.0,-197873000.0,-214574000.0,0.0,-336539000.0,-18638000.0,0.0,807911000.0,0.0,539673000.0,539673000.0,539673000.0,0.0,0.0,0.091,454862000.0,779106000.0,247961000.0,0.0,3.008,6.996,6.977,38609000.0,0.0,665.0,0.637,0.635,12179000.0,3280861000.0,5927604000.0,5927604000.0,0.0,0.217,0.48,0.377,0.152,-17011000.0,454862000.0,1.0,5677792.0,5663000.0,6545000.0,1046.725,2407115000.0,0.0,343303000.0,0.0,425.06,
58,NVR,MRT,2006-12-31,2006-12-31,2006-12-31,2021-08-03,0.0,2473808000.0,2455520500.0,,,2.458,204.124,-22598000.0,556119000.0,556119000.0,4701265000.0,587412000.0,,1.147,356632000.0,,,356632000.0,0.0,14158000.0,165354000.0,0.0,0.0,984199000.0,998357000.0,0.165,998357000.0,984199000.0,962971000.0,104.08,88.05,104.08,1152074000.0,1003172750.0,1152074000.0,3736973455.0,4.0,3.743,660365000.0,117.003,1.0,1334971000.0,0.221,60863000.0,21228000.0,2213458000.0,2524780000.0,733616000.0,178444000.0,,,1321734000.0,,,3604375455.0,378593000.0,0.0,-271242000.0,-106509000.0,0.0,-281772000.0,-22598000.0,0.0,682963000.0,0.0,587412000.0,587412000.0,587412000.0,0.0,0.0,0.097,471307000.0,863664000.0,289720000.0,0.0,3.129,6.136,6.197,41598000.0,0.0,645.0,0.597,0.603,12213000.0,3196040000.0,6036236000.0,6036236000.0,0.0,0.239,0.586,0.39,0.163,-37845000.0,471307000.0,1.0,5588179.0,5644000.0,6672000.0,1069.496,2412945000.0,169901000.0,375559000.0,0.0,427.524,
59,NVR,MRT,2006-09-30,2006-09-30,2006-09-30,2021-08-03,0.0,2472745000.0,2396485750.0,,,2.531,189.784,-20600000.0,238605000.0,238605000.0,4584655000.0,674782000.0,,1.276,371203000.0,,,371203000.0,0.0,13361000.0,213379000.0,0.0,0.0,1131023000.0,1144384000.0,0.189,1144384000.0,1131023000.0,1107628000.0,116.18,96.93,116.18,1086516000.0,884444750.0,1086516000.0,3273939470.0,3.0,2.861,476999000.0,83.319,1.0,1481626000.0,0.244,60894000.0,23395000.0,2544449000.0,2586989500.0,1011139000.0,203443000.0,,,1386229000.0,,,3078519470.0,-7161000.0,0.0,-618037000.0,54155000.0,0.0,-481073000.0,-23687000.0,0.0,497599000.0,0.0,674782000.0,674782000.0,674782000.0,0.0,0.0,0.111,468316000.0,1013310000.0,292327000.0,0.0,2.833,4.562,4.605,38245000.0,0.0,535.0,0.507,0.505,16762000.0,3060873000.0,6066281000.0,6066281000.0,0.0,0.282,0.763,0.437,0.186,-44473000.0,468316000.0,1.0,5754242.0,5725000.0,6588000.0,1059.612,2411851000.0,0.0,432846000.0,0.0,421.284,
60,NVR,MRT,2006-06-30,2006-06-30,2006-06-30,2021-08-03,0.0,2527826000.0,2332328000.0,,,2.524,174.8,-16729000.0,175968000.0,175968000.0,4316421000.0,734892000.0,,1.527,371388000.0,,,371388000.0,0.0,12215000.0,246967000.0,0.0,0.0,1226230000.0,1238445000.0,0.21,1238445000.0,1226230000.0,1203492000.0,123.67,101.63,123.67,1000207000.0,839165500.0,1000207000.0,3189613338.0,3.0,2.575,465707000.0,81.389,1.0,1571361000.0,0.267,60925000.0,22738000.0,2662321000.0,2507748250.0,1018029000.0,200251000.0,,,1527619000.0,,,2797467338.0,-89111000.0,0.0,-670892000.0,40152000.0,0.0,-551578000.0,-19969000.0,0.0,482436000.0,0.0,734892000.0,734892000.0,734892000.0,0.0,0.0,0.125,458478000.0,1112883000.0,331489000.0,0.0,2.797,3.807,3.972,36104000.0,0.0,491.25,0.475,0.477,19172000.0,2931540000.0,5887782000.0,5887782000.0,0.0,0.315,0.876,0.489,0.208,-52006000.0,458478000.0,1.0,5694590.0,5722000.0,6779000.0,1028.973,2466901000.0,0.0,468600000.0,0.0,431.126,
61,NVR,MRT,2006-03-31,2006-03-31,2006-03-31,2021-08-03,0.0,2347703000.0,2229024250.0,,,2.433,138.294,-17313000.0,104508000.0,104508000.0,3919522000.0,712189000.0,,2.034,496654000.0,,,496654000.0,0.0,11295000.0,270352000.0,0.0,0.0,1186471000.0,1197766000.0,0.221,1197766000.0,1186471000.0,1167521000.0,116.71,94.97,116.71,773894000.0,793211250.0,773894000.0,4389274067.0,4.0,3.665,416100000.0,74.357,1.0,1502711000.0,0.277,60957000.0,18950000.0,2678892000.0,2372374250.0,1022310000.0,132281000.0,,,1573809000.0,,,4103659067.0,-149191000.0,0.0,-820025000.0,194293000.0,0.0,-565238000.0,-17366000.0,0.0,433413000.0,0.0,712189000.0,712189000.0,712189000.0,0.0,0.0,0.131,421203000.0,1081508000.0,299084000.0,0.0,5.303,5.762,6.332,34109000.0,0.0,738.95,0.757,0.763,12573000.0,2741188000.0,5422233000.0,5422233000.0,0.0,0.32,0.898,0.5,0.219,-46934000.0,421203000.0,1.0,5553365.0,5596000.0,6805000.0,968.948,2286746000.0,0.0,455332000.0,0.0,408.639,
62,NVR,MRT,2005-12-31,2005-12-31,2005-12-31,2021-08-03,0.0,2237669000.0,2103230000.0,,,2.462,107.129,-14632000.0,177526000.0,177526000.0,3738030000.0,697559000.0,,2.304,463141000.0,,,463141000.0,0.0,10690000.0,256837000.0,0.0,0.0,1159987000.0,1170677000.0,0.226,1170677000.0,1159987000.0,1144419000.0,110.36,89.61,110.36,677162000.0,796230500.0,677162000.0,4324537136.0,4.0,3.694,518140000.0,81.971,1.0,1439713000.0,0.278,60988000.0,15568000.0,2462296000.0,2160954500.0,793975000.0,193932000.0,,,1560507000.0,,,4253255136.0,-189839000.0,-7465000.0,-949852000.0,249338000.0,0.0,-700514000.0,-22097000.0,0.0,532772000.0,0.0,697559000.0,697559000.0,697559000.0,0.0,0.0,0.135,377080000.0,1062633000.0,287988000.0,0.0,6.281,6.097,6.361,32099000.0,0.0,702.0,0.821,0.857,40562000.0,2608628000.0,5177743000.0,5177743000.0,0.0,0.332,0.876,0.537,0.224,0.0,377080000.0,1.0,6058768.0,6321000.0,7784000.0,819.134,2176681000.0,97511000.0,446860000.0,0.0,344.357,
63,NVR,MRT,2005-09-30,2005-09-30,2005-09-30,2021-08-03,0.0,2216114000.0,1988304500.0,,,2.415,143.76,-13149000.0,245766000.0,245766000.0,3486370000.0,633960000.0,,1.448,317048000.0,,,317048000.0,0.0,9800000.0,289152000.0,0.0,0.0,1057728000.0,1067528000.0,0.222,1067528000.0,1057728000.0,1044898000.0,98.72,80.19,98.72,905399000.0,835688750.0,905399000.0,5653150773.0,5.0,5.296,503364000.0,79.924,1.0,1316309000.0,0.274,59912000.0,12830000.0,2227484000.0,1937655250.0,916581000.0,143628000.0,,,1310715000.0,,,5586993773.0,-15124000.0,-7465000.0,-525170000.0,10475000.0,0.0,-514695000.0,-16942000.0,0.0,516513000.0,0.0,633960000.0,633960000.0,633960000.0,0.0,0.0,0.132,345808000.0,970501000.0,299268000.0,0.0,6.171,8.813,8.964,26157000.0,0.0,884.95,1.163,1.16,19212000.0,2386091000.0,4802679000.0,4802679000.0,0.0,0.319,0.759,0.546,0.22,2674000.0,345808000.0,1.0,6313344.0,6298000.0,7787000.0,762.572,2156202000.0,0.0,410938000.0,0.0,342.363,
64,NVR,MRT,2005-06-30,2005-06-30,2005-06-30,2021-08-03,0.0,2114611000.0,1860887000.0,,,2.471,128.121,-13542000.0,265079000.0,265079000.0,3364128000.0,592196000.0,,1.59,331236000.0,,,331236000.0,0.0,9416000.0,287813000.0,0.0,0.0,995893000.0,1005309000.0,0.219,1005309000.0,995893000.0,983058000.0,91.8,74.9,91.8,816390000.0,771334000.0,816390000.0,5201029880.0,5.0,5.174,529084000.0,83.033,1.0,1234357000.0,0.268,59943000.0,12835000.0,2120825000.0,1804989500.0,809393000.0,153719000.0,,,1298221000.0,,,5152367880.0,122228000.0,-7465000.0,-438342000.0,35346000.0,0.0,-402996000.0,-17402000.0,0.0,542626000.0,0.0,592196000.0,592196000.0,592196000.0,0.0,0.0,0.129,322262000.0,912095000.0,253875000.0,0.0,6.311,8.7,8.824,26481000.0,0.0,810.0,1.12,1.122,36346000.0,2196648000.0,4598485000.0,4598485000.0,0.0,0.318,0.768,0.552,0.217,0.0,322262000.0,1.0,6360948.0,6372000.0,7825000.0,721.671,2054668000.0,0.0,390862000.0,0.0,322.453,
65,NVR,MRT,2005-03-31,2005-03-31,2005-03-31,2021-08-03,0.0,1844526000.0,1706104500.0,,,2.536,118.031,-9227000.0,253699000.0,253699000.0,3192822000.0,540517000.0,,1.347,302361000.0,,,302361000.0,0.0,9188000.0,230580000.0,0.0,0.0,912195000.0,921383000.0,0.213,921383000.0,912195000.0,899235000.0,83.4,68.3,83.4,785971000.0,695093500.0,785971000.0,5119611130.0,6.0,5.556,464519000.0,69.758,1.0,1133248000.0,0.262,59975000.0,12960000.0,1833213000.0,1673086750.0,692380000.0,114105000.0,,,1058555000.0,,,5273173130.0,42401000.0,-7465000.0,-422459000.0,7970000.0,0.0,-414489000.0,-16856000.0,0.0,473746000.0,0.0,540517000.0,540517000.0,540517000.0,0.0,0.0,0.125,300745000.0,832503000.0,209821000.0,0.0,6.709,9.756,9.412,26229000.0,0.0,785.0,1.219,1.208,17119000.0,2028999000.0,4326070000.0,4326070000.0,0.0,0.317,0.778,0.545,0.211,0.0,300745000.0,1.0,6717418.0,6659000.0,8200000.0,649.658,1784551000.0,0.0,358718000.0,0.0,267.991,
66,NVR,MRT,2004-12-31,2004-12-31,2004-12-31,2021-08-03,0.0,1777967000.0,1607382250.0,,,2.642,128.997,-8978000.0,367365000.0,367365000.0,3156286000.0,523204000.0,,1.129,213803000.0,,,213803000.0,0.0,8858000.0,203835000.0,0.0,0.0,885027000.0,893885000.0,0.21,893885000.0,885027000.0,872005000.0,80.83,66.42,80.83,834995000.0,627946000.0,834995000.0,4940025672.0,6.0,5.526,467484000.0,72.221,1.0,1091217000.0,0.257,55306000.0,13022000.0,1569099000.0,1584139500.0,588540000.0,138595000.0,,,942972000.0,,,4894342672.0,135146000.0,0.0,-288307000.0,-44056000.0,0.0,-332363000.0,-8953000.0,0.0,476462000.0,0.0,523204000.0,523204000.0,523204000.0,0.0,0.0,0.123,286388000.0,804829000.0,226951000.0,0.0,5.862,9.355,9.519,26326000.0,0.0,769.4,1.152,1.173,14020000.0,1911069000.0,4247503000.0,4247503000.0,0.0,0.326,0.833,0.559,0.208,0.0,286388000.0,1.0,6361246.0,6473000.0,7877000.0,656.188,1722661000.0,73191000.0,348801000.0,0.0,266.13,
67,NVR,MRT,2004-09-30,2004-09-30,2004-09-30,2021-08-03,0.0,1706444000.0,1503666750.0,,,2.716,101.612,-9530000.0,260890000.0,260890000.0,3056891000.0,491756000.0,,1.633,306573000.0,,,306573000.0,0.0,8545000.0,212136000.0,0.0,0.0,831685000.0,840230000.0,0.206,840230000.0,831685000.0,818658000.0,74.56,61.3,74.56,647980000.0,542914250.0,647980000.0,3672930588.0,4.0,4.371,519320000.0,81.436,1.0,1027029000.0,0.251,55306000.0,13027000.0,1696821000.0,1525224500.0,706306000.0,127615000.0,,,1058464000.0,,,3519891588.0,37601000.0,0.0,-481270000.0,4274000.0,0.0,-476996000.0,-14253000.0,-4418000.0,528850000.0,0.0,491756000.0,491756000.0,491756000.0,0.0,0.0,0.12,276534000.0,750495000.0,238597000.0,0.0,5.432,7.158,7.39,25476000.0,0.0,551.0,0.862,0.86,16001000.0,1752131000.0,4083920000.0,4083920000.0,0.0,0.327,0.906,0.545,0.204,0.0,276534000.0,1.0,6388188.0,6377000.0,7758000.0,640.414,1651138000.0,0.0,326902000.0,0.0,258.921,
68,NVR,MRT,2004-06-30,2004-06-30,2004-06-30,2021-08-03,0.0,1495481000.0,1438675000.0,,,2.707,78.985,-8737000.0,142851000.0,142851000.0,2928203000.0,453480000.0,,1.924,295890000.0,,,295890000.0,0.0,8186000.0,213800000.0,0.0,0.0,770866000.0,779052000.0,0.2,779052000.0,770866000.0,757319000.0,66.7,54.81,66.7,511428000.0,522187250.0,511428000.0,3218833209.0,4.0,4.132,472298000.0,72.942,1.0,966294000.0,0.248,55306000.0,13547000.0,1593214000.0,1468564500.0,650706000.0,113822000.0,,,984053000.0,,,3135740209.0,-250935000.0,0.0,-577771000.0,-143086000.0,0.0,-720857000.0,-11113000.0,-2144000.0,481035000.0,0.0,453480000.0,453480000.0,453480000.0,0.0,0.0,0.116,269368000.0,696926000.0,207806000.0,0.0,6.131,6.915,7.259,24906000.0,0.0,484.2,0.805,0.805,22795000.0,1604452000.0,3894497000.0,3894497000.0,0.0,0.315,0.868,0.525,0.198,0.0,269368000.0,1.0,6476126.0,6475000.0,7825000.0,601.467,1440175000.0,0.0,303839000.0,0.0,222.421,
69,NVR,MRT,2004-03-31,2004-03-31,2004-03-31,2021-08-03,0.0,1449637000.0,1447267750.0,,,2.583,78.498,-9183000.0,211298000.0,211298000.0,2815435000.0,432602000.0,,1.802,294391000.0,,,294391000.0,0.0,8335000.0,180042000.0,0.0,0.0,734165000.0,742500000.0,0.199,742500000.0,734165000.0,719924000.0,62.14,50.89,62.14,517381000.0,533351250.0,517381000.0,3023030820.0,4.0,4.071,527164000.0,79.982,1.0,922792000.0,0.247,55306000.0,14241000.0,1477424000.0,1449045000.0,559377000.0,116828000.0,,,932256000.0,,,2997390820.0,115634000.0,0.0,-446967000.0,32088000.0,0.0,-414879000.0,-5834000.0,-964000.0,536347000.0,0.0,432602000.0,432602000.0,432602000.0,0.0,0.0,0.116,264056000.0,658736000.0,190522000.0,0.0,5.793,6.929,7.403,25211000.0,0.0,460.0,0.802,0.811,19860000.0,1488482000.0,3738227000.0,3738227000.0,0.0,0.299,0.811,0.507,0.196,0.0,264056000.0,1.0,6516067.0,6591000.0,7997000.0,567.171,1394331000.0,0.0,287322000.0,0.0,211.551,
70,NVR,MRT,2003-12-31,2003-12-31,2003-12-31,2021-08-03,0.0,1363105000.0,1370671250.0,,,2.627,69.877,-8846000.0,232219000.0,232219000.0,2711861000.0,419791000.0,,1.754,257859000.0,,,257859000.0,0.0,8427000.0,157005000.0,0.0,0.0,711019000.0,719446000.0,0.2,719446000.0,711019000.0,696172000.0,59.28,48.39,59.28,494868000.0,510979750.0,494868000.0,3381737002.0,5.0,4.7,552272000.0,77.982,1.0,889056000.0,0.247,55306000.0,14847000.0,1333439000.0,1392185000.0,523773000.0,96953000.0,,,868237000.0,,,3302727002.0,89374000.0,0.0,-468847000.0,-5901000.0,0.0,-474748000.0,3004000.0,0.0,561118000.0,0.0,419791000.0,419791000.0,419791000.0,0.0,0.0,0.117,255789000.0,633267000.0,198079000.0,0.0,6.674,7.868,7.861,25406000.0,0.0,466.0,0.917,0.916,9550000.0,1387865000.0,3600917000.0,3600917000.0,0.0,0.306,0.822,0.511,0.197,0.0,255789000.0,1.0,7087397.0,7082000.0,8674000.0,508.46,1307799000.0,73985000.0,276381000.0,0.0,184.665,
71,NVR,MRT,2003-09-30,2003-09-30,2003-09-30,2021-08-03,0.0,1446477000.0,1325467000.0,,,2.473,79.02,-8739000.0,223289000.0,223289000.0,2472595000.0,371248000.0,,1.56,302299000.0,,,302299000.0,0.0,8523000.0,165515000.0,0.0,0.0,629020000.0,637543000.0,0.195,637543000.0,629020000.0,613638000.0,52.24,42.44,52.24,565072000.0,488074000.0,565072000.0,3377159876.0,5.0,5.297,394093000.0,55.11,1.0,804926000.0,0.246,55306000.0,15382000.0,1470181000.0,1369649500.0,608976000.0,130794000.0,,,881405000.0,,,3336569876.0,140600000.0,0.0,-297240000.0,23971000.0,0.0,-273269000.0,11037000.0,4419000.0,402832000.0,0.0,371248000.0,371248000.0,371248000.0,0.0,0.0,0.113,250682000.0,554244000.0,190848000.0,0.0,5.905,8.987,8.93,23024000.0,0.0,466.5,1.018,1.018,15444000.0,1260375000.0,3277521000.0,3277521000.0,0.0,0.28,0.761,0.459,0.192,0.0,250682000.0,1.0,7152347.0,7151000.0,8716000.0,458.33,1391171000.0,0.0,242390000.0,0.0,194.542,
72,NVR,MRT,2003-06-30,2003-06-30,2003-06-30,2021-08-03,0.0,1529852000.0,1235712500.0,,,2.563,78.058,-13890000.0,393786000.0,393786000.0,2398957000.0,353825000.0,,1.751,434376000.0,,,434376000.0,0.0,8524000.0,160549000.0,0.0,0.0,593887000.0,602411000.0,0.19,602411000.0,593887000.0,578162000.0,49.52,40.03,49.52,556084000.0,435990500.0,556084000.0,3117565893.0,5.0,5.175,425950000.0,59.791,1.0,768760000.0,0.243,55306000.0,15725000.0,1515136000.0,1307902250.0,544092000.0,143950000.0,,,973768000.0,,,2955526893.0,297231000.0,0.0,-337741000.0,189575000.0,0.0,-148166000.0,5557000.0,2148000.0,439840000.0,0.0,353825000.0,353825000.0,353825000.0,0.0,0.0,0.112,254811000.0,513949000.0,184745000.0,0.0,5.315,8.353,8.3,22990000.0,0.0,411.0,0.933,0.924,14374000.0,1150972000.0,3167717000.0,3167717000.0,0.0,0.286,0.812,0.454,0.187,0.0,254811000.0,1.0,7191063.0,7124000.0,8725000.0,444.654,1474546000.0,0.0,224337000.0,0.0,206.983,
73,NVR,MRT,2003-03-31,2003-03-31,2003-03-31,2021-08-03,0.0,1143251000.0,1122795250.0,,,2.769,60.454,-12857000.0,95664000.0,95664000.0,2361575000.0,342563000.0,,1.672,257703000.0,,,257703000.0,0.0,8048000.0,132523000.0,0.0,0.0,572071000.0,580119000.0,0.187,580119000.0,572071000.0,556831000.0,47.59,38.03,47.59,427895000.0,393890750.0,427895000.0,2464124142.0,4.0,4.248,363948000.0,51.42,1.0,747489000.0,0.24,55306000.0,15240000.0,1249984000.0,1221899000.0,449511000.0,161706000.0,,,715356000.0,,,2347809142.0,18150000.0,0.0,-383077000.0,21315000.0,0.0,-361762000.0,3107000.0,1070000.0,376805000.0,0.0,342563000.0,342563000.0,342563000.0,0.0,0.0,0.11,253947000.0,493542000.0,150847000.0,0.0,5.487,6.854,6.913,22967000.0,0.0,329.0,0.755,0.749,10142000.0,1055880000.0,3109064000.0,3109064000.0,0.0,0.305,0.87,0.468,0.184,0.0,253947000.0,1.0,7136198.0,7078000.0,8697000.0,439.257,1087945000.0,0.0,214268000.0,0.0,153.708,
74,NVR,MRT,2002-12-31,2002-12-31,2002-12-31,2021-08-03,0.0,1182288000.0,1081131750.0,,,2.831,55.406,-12262000.0,142845000.0,142845000.0,2335369000.0,331470000.0,,1.932,259160000.0,,,259160000.0,0.0,7657000.0,118174000.0,0.0,0.0,550887000.0,558544000.0,0.182,558544000.0,550887000.0,536023000.0,45.54,36.05,45.54,403245000.0,365114500.0,403245000.0,2561456426.0,5.0,4.586,368954000.0,50.694,1.0,725302000.0,0.237,55306000.0,14864000.0,1243297000.0,1179444250.0,436674000.0,169021000.0,,,779043000.0,,,2370417426.0,4234000.0,0.0,-391084000.0,18065000.0,0.0,-373019000.0,-3963000.0,794000.0,381216000.0,0.0,331470000.0,331470000.0,331470000.0,0.0,0.0,0.108,250018000.0,475284000.0,161691000.0,0.0,5.878,7.151,7.17,23067000.0,0.0,326.5,0.774,0.776,10807000.0,968074000.0,3060671000.0,3060671000.0,0.0,0.307,0.908,0.467,0.18,0.0,250018000.0,1.0,7260084.0,7278000.0,9194000.0,420.537,1126982000.0,74642000.0,204553000.0,0.0,154.848,
75,NVR,MRT,2002-09-30,2002-09-30,2002-09-30,2021-08-03,0.0,1087459000.0,1034321500.0,,,2.906,48.801,-10805000.0,82689000.0,82689000.0,2304336000.0,319543000.0,,2.048,273728000.0,,,273728000.0,0.0,9820000.0,111806000.0,0.0,0.0,533289000.0,543109000.0,0.181,543109000.0,533289000.0,518710000.0,43.25,34.5,43.25,356738000.0,351582750.0,356738000.0,2422818745.0,5.0,4.461,305470000.0,41.788,1.0,701668000.0,0.233,55306000.0,14579000.0,1223192000.0,1128645000.0,436522000.0,179116000.0,,,730721000.0,,,2274572745.0,-31252000.0,0.0,-366948000.0,14899000.0,0.0,-352049000.0,4522000.0,5026000.0,316275000.0,0.0,319543000.0,319543000.0,319543000.0,0.0,0.0,0.106,235331000.0,466337000.0,159689000.0,0.0,6.376,7.118,6.932,21060000.0,0.0,299.83,0.757,0.729,13068000.0,889127000.0,3006004000.0,3006004000.0,0.0,0.309,0.909,0.473,0.177,0.0,241587000.0,1.0,7586208.0,7310000.0,,411.218,1032153000.0,0.0,199167000.0,0.0,141.197,
76,NVR,MRT,2002-06-30,2002-06-30,2002-06-30,2021-08-03,0.0,1078183000.0,1008854750.0,,,2.812,52.811,-6442000.0,96555000.0,96555000.0,2188508000.0,290055000.0,,1.781,244801000.0,,,244801000.0,0.0,11513000.0,113859000.0,0.0,0.0,487533000.0,499046000.0,0.176,499046000.0,487533000.0,473548000.0,38.69,31.04,38.69,387685000.0,336906250.0,387685000.0,2488626488.0,5.0,4.987,252376000.0,34.379,1.0,648414000.0,0.229,55306000.0,13985000.0,1171123000.0,1089587250.0,467101000.0,147575000.0,,,690498000.0,,,2329752488.0,7258000.0,0.0,-273024000.0,8080000.0,0.0,-264944000.0,13384000.0,5023000.0,258818000.0,0.0,290055000.0,290055000.0,290055000.0,0.0,0.0,0.102,224163000.0,424251000.0,163031000.0,0.0,6.009,8.032,8.348,15352000.0,0.0,323.0,0.821,0.836,8059000.0,797147000.0,2836922000.0,2836922000.0,0.0,0.288,0.861,0.447,0.172,0.0,228334000.0,1.0,7212856.0,7341000.0,,386.449,1022877000.0,0.0,183493000.0,0.0,139.338,
77,NVR,MRT,2002-03-31,2002-03-31,2002-03-31,2021-08-03,0.0,976597000.0,967656250.0,,,2.806,42.286,-7046000.0,77514000.0,77514000.0,2108356000.0,265587000.0,,2.122,236388000.0,,,236388000.0,0.0,13699000.0,98698000.0,0.0,0.0,451758000.0,465457000.0,0.171,465457000.0,451758000.0,437926000.0,34.57,28.24,34.57,312790000.0,315975750.0,312790000.0,2486904484.0,6.0,5.343,224608000.0,30.365,1.0,607121000.0,0.224,55306000.0,13832000.0,1080165000.0,1045567500.0,429309000.0,141409000.0,,,663807000.0,,,2386545484.0,-31764000.0,0.0,-279012000.0,3564000.0,0.0,-275448000.0,12030000.0,5133000.0,231654000.0,0.0,265587000.0,265587000.0,265587000.0,0.0,0.0,0.098,215855000.0,391266000.0,141472000.0,0.0,7.63,8.986,9.126,15806000.0,0.0,315.5,0.879,0.859,6387000.0,713317000.0,2715477000.0,2715477000.0,0.0,0.274,0.841,0.432,0.166,0.0,217940000.0,1.0,7564328.0,7397000.0,,367.105,921291000.0,0.0,172339000.0,0.0,124.549,
78,NVR,MRT,2001-12-31,2001-12-31,2001-12-31,2021-08-03,0.0,995047000.0,942030000.0,,,2.717,44.042,-6694000.0,138611000.0,138611000.0,2002290000.0,236794000.0,,1.85,238970000.0,,,238970000.0,0.0,15162000.0,81924000.0,0.0,0.0,408244000.0,423406000.0,0.165,423406000.0,408244000.0,394658000.0,29.87,24.86,29.87,349118000.0,310266000.0,349118000.0,1664539852.0,4.0,3.931,148551000.0,18.74,1.0,557454000.0,0.218,55306000.0,13586000.0,1040100000.0,1007887000.0,402375000.0,143387000.0,,,645929000.0,,,1525779852.0,903000.0,0.0,-225912000.0,55694000.0,0.0,-170218000.0,15876000.0,4632000.0,155245000.0,0.0,236794000.0,236794000.0,236794000.0,0.0,0.0,0.093,204876000.0,352578000.0,138013000.0,0.0,4.37,6.443,6.83,16178000.0,0.0,204.0,0.596,0.632,5745000.0,636604000.0,2559744000.0,2559744000.0,0.0,0.251,0.763,0.405,0.159,0.0,204876000.0,1.0,7479313.0,7927000.0,9526000.0,322.915,939741000.0,51283000.0,157864000.0,0.0,118.549,
79,NVR,MRT,2001-09-30,2001-09-30,2001-09-30,2021-08-03,0.0,985592000.0,903583250.0,,,2.725,37.375,-6470000.0,113941000.0,113941000.0,1936868000.0,216328000.0,,2.307,252701000.0,,,252701000.0,0.0,14408000.0,84796000.0,0.0,0.0,374647000.0,389055000.0,0.158,389055000.0,374647000.0,361461000.0,26.29,21.82,26.29,298032000.0,284856500.0,298032000.0,1261585156.0,3.0,3.243,149083000.0,18.696,1.0,525046000.0,0.213,57391000.0,13186000.0,1066961000.0,951251750.0,422095000.0,149648000.0,,,687560000.0,,,1120453156.0,-4457000.0,0.0,-202511000.0,31734000.0,0.0,-170777000.0,10767000.0,721000.0,155553000.0,0.0,216328000.0,216328000.0,216328000.0,0.0,0.0,0.088,198339000.0,326707000.0,144008000.0,0.0,3.76,5.179,5.345,16872000.0,0.0,140.51,0.455,0.455,12159000.0,569584000.0,2461914000.0,2461914000.0,0.0,0.239,0.759,0.394,0.152,0.0,200588000.0,1.0,7974188.0,7974188.0,,308.735,928201000.0,0.0,145133000.0,0.0,116.401,
80,NVR,MRT,2001-06-30,2001-06-30,2001-06-30,2021-08-03,0.0,913389000.0,860677500.0,,,2.773,37.338,-4914000.0,89297000.0,89297000.0,1892241000.0,197750000.0,,2.005,230429000.0,,,230429000.0,0.0,14185000.0,85561000.0,0.0,0.0,344859000.0,359044000.0,0.15,359044000.0,344859000.0,331361000.0,23.2,19.44,23.2,303963000.0,276717250.0,303963000.0,1321755064.0,4.0,3.681,151979000.0,18.669,1.0,494196000.0,0.207,59477000.0,13498000.0,995044000.0,895749000.0,395145000.0,141031000.0,,,609426000.0,,,1204841064.0,-1203000.0,0.0,-140374000.0,-27660000.0,0.0,-168034000.0,9938000.0,857000.0,156893000.0,0.0,197750000.0,197750000.0,197750000.0,0.0,0.0,0.083,193140000.0,301056000.0,136448000.0,0.0,3.964,6.093,6.379,15433000.0,0.0,148.0,0.505,0.505,13314000.0,507092000.0,2386437000.0,2386437000.0,0.0,0.23,0.715,0.385,0.145,0.0,195389000.0,1.0,8140818.0,8140818.0,,293.145,853912000.0,0.0,133611000.0,0.0,104.893,
81,NVR,MRT,2001-03-31,2001-03-31,2001-03-31,2021-08-03,0.0,874092000.0,831313750.0,,,2.762,34.655,-4812000.0,109278000.0,109278000.0,1841547000.0,175592000.0,,2.015,226192000.0,,,226192000.0,0.0,13641000.0,72834000.0,0.0,0.0,309635000.0,323276000.0,0.141,323276000.0,309635000.0,295163000.0,19.99,16.96,19.99,289951000.0,257774000.0,289951000.0,1399745506.0,5.0,4.33,129185000.0,15.44,1.0,454931000.0,0.198,61563000.0,14472000.0,929443000.0,869510500.0,373716000.0,119909000.0,,,584141000.0,,,1363798506.0,-12641000.0,0.0,-121471000.0,-35468000.0,0.0,-157746000.0,11108000.0,856000.0,133997000.0,0.0,175592000.0,175592000.0,175592000.0,0.0,0.0,0.076,185066000.0,269865000.0,122245000.0,0.0,4.704,7.767,8.154,15249000.0,0.0,163.0,0.594,0.594,10231000.0,447730000.0,2296478000.0,2296478000.0,0.0,0.211,0.681,0.356,0.135,0.0,187515000.0,1.0,8366862.0,8366862.0,,274.473,812529000.0,43844000.0,119571000.0,0.0,97.113,
82,NVR,MRT,2000-12-31,2000-12-31,2000-12-31,2021-08-03,0.0,841260000.0,808692000.0,,,2.804,28.014,-5027000.0,137708000.0,137708000.0,1834059000.0,158246000.0,,2.137,173655000.0,,,173655000.0,0.0,13840000.0,63486000.0,0.0,0.0,282484000.0,296324000.0,0.131,296324000.0,282484000.0,266854000.0,17.42,14.98,17.42,247480000.0,240639250.0,247480000.0,1188619524.0,4.0,4.011,188679000.0,21.358,1.0,433751000.0,0.191,63648000.0,15630000.0,813559000.0,849134750.0,334681000.0,122478000.0,,,528752000.0,,,1091904524.0,48582000.0,0.0,-52223000.0,-105034000.0,0.0,-157257000.0,12133000.0,826000.0,193706000.0,0.0,158246000.0,158246000.0,158246000.0,0.0,0.0,0.07,191358000.0,242393000.0,117824000.0,0.0,4.412,6.9,7.095,15865000.0,0.0,123.6,0.481,0.481,6670000.0,399810000.0,2267810000.0,2267810000.0,0.0,0.196,0.658,0.333,0.125,0.0,185632000.0,1.0,8834179.0,8834179.0,,256.709,777612000.0,43844000.0,108608000.0,0.0,88.023,
83,NVR,MRT,2000-09-30,2000-09-30,2000-09-30,2021-08-03,0.0,813969000.0,790197250.0,,,2.719,29.786,-5862000.0,118398000.0,118398000.0,1752709000.0,135962000.0,,2.066,215113000.0,,,215113000.0,0.0,14532000.0,63826000.0,0.002,0.2,243239000.0,257771000.0,0.12,257771000.0,243239000.0,225899000.0,14.86,13.01,14.86,265475000.0,228929250.0,265475000.0,883900217.0,4.0,3.429,225542000.0,25.306,1.0,396226000.0,0.184,65734000.0,17340000.0,844950000.0,866134750.0,360018000.0,96237000.0,,,548494000.0,,,721925217.0,46343000.0,0.0,-64453000.0,-130350000.0,0.0,-196291000.0,11230000.0,44000.0,231404000.0,0.0,135962000.0,135962000.0,135962000.0,0.0,0.0,0.063,184961000.0,211265000.0,117597000.0,0.013,2.719,5.31,5.451,15397000.0,0.0,81.0,0.336,0.336,9362000.0,353256000.0,2148935000.0,2148935000.0,0.0,0.172,0.594,0.281,0.113,0.0,181704000.0,1.0,8912657.0,8912657.0,,241.11,748235000.0,0.0,89937000.0,0.0,83.952,
84,NVR,MRT,2000-06-30,2000-06-30,2000-06-30,2021-08-03,0.0,795934000.0,790418750.0,,,2.619,24.778,-7487000.0,90500000.0,90500000.0,1700675000.0,122389000.0,,2.488,252475000.0,,,252475000.0,0.0,14891000.0,65057000.0,0.004,0.2,223819000.0,238710000.0,0.115,238710000.0,223819000.0,204796000.0,12.99,11.23,12.99,228190000.0,208761000.0,228190000.0,659183692.0,3.0,2.761,179254000.0,19.464,1.0,369327000.0,0.178,67819000.0,19023000.0,890090000.0,907469750.0,366381000.0,105512000.0,,,567744000.0,,,524944692.0,-3783000.0,0.0,-103886000.0,-100574000.0,0.0,-205790000.0,15266000.0,249000.0,186741000.0,0.0,122389000.0,122389000.0,122389000.0,0.0,0.0,0.059,184485000.0,184842000.0,124154000.0,0.015,2.3,4.289,4.388,15776000.0,0.0,57.0,0.254,0.254,13438000.0,309342000.0,2070002000.0,2070002000.0,0.0,0.155,0.586,0.247,0.108,0.0,181072000.0,1.0,9209556.0,9209556.0,,224.767,728115000.0,0.0,82407000.0,0.0,79.061,
85,NVR,MRT,2000-03-31,2000-03-31,2000-03-31,2021-08-03,0.0,783605000.0,799937750.0,,,2.505,23.253,-8781000.0,121919000.0,121919000.0,1653860000.0,113448000.0,,2.539,256158000.0,,,256158000.0,0.0,14959000.0,58019000.0,0.004,0.2,211829000.0,226788000.0,0.113,226788000.0,211829000.0,191541000.0,11.56,9.87,11.56,221412000.0,200774000.0,221412000.0,703187224.0,3.0,3.101,222261000.0,23.342,1.0,349694000.0,0.175,69904000.0,20288000.0,847940000.0,937809000.0,330295000.0,110508000.0,,,562193000.0,,,514180224.0,18374000.0,0.0,-102340000.0,-129911000.0,0.0,-232438000.0,19770000.0,1092000.0,231042000.0,0.0,113448000.0,113448000.0,113448000.0,0.0,0.0,0.057,182019000.0,167675000.0,114056000.0,0.017,2.322,4.532,4.671,15647000.0,0.0,54.0,0.257,0.257,9583000.0,272138000.0,2003554000.0,2003554000.0,0.0,0.142,0.565,0.226,0.106,0.0,178266000.0,1.0,9521856.0,9521856.0,,210.416,713701000.0,0.0,78093000.0,0.0,74.954,
86,NVR,MRT,1999-12-31,1999-12-31,1999-12-31,2021-08-03,0.0,767281000.0,811042500.0,,,2.395,21.425,-9070000.0,89126000.0,89126000.0,1610727000.0,108881000.0,,2.824,278133000.0,,,278133000.0,0.0,14727000.0,50348000.0,0.004,0.2,206249000.0,220976000.0,0.114,220976000.0,206249000.0,185212000.0,10.69,9.01,10.69,200640000.0,193434500.0,200640000.0,719589697.0,3.0,3.256,206283000.0,22.027,1.0,331933000.0,0.171,74729000.0,21037000.0,881559000.0,982530000.0,323455000.0,139695000.0,,,566641000.0,,,447176697.0,20622000.0,-3697000.0,-100236000.0,-120590000.0,0.0,-220826000.0,26095000.0,1765000.0,215353000.0,0.0,108881000.0,108881000.0,108881000.0,0.0,0.0,0.056,180825000.0,151108000.0,112988000.0,0.019,2.229,4.107,4.467,17353000.0,0.0,47.75,0.23,0.23,2171000.0,241564000.0,1942660000.0,1942660000.0,0.0,0.134,0.563,0.21,0.106,0.0,180825000.0,1.0,9364957.0,9364957.0,,207.439,692552000.0,36819000.0,76331000.0,0.0,73.951,
87,NVR,MRT,1999-09-30,1999-09-30,1999-09-30,2021-08-03,0.0,814855000.0,800312000.0,,,2.289,18.244,-8691000.0,72055000.0,72055000.0,1525154000.0,96952000.0,,3.409,344468000.0,,,344468000.0,0.0,13757000.0,48941000.0,0.0,0.0,190713000.0,204470000.0,0.112,204470000.0,190713000.0,169472000.0,9.26,7.74,9.26,184802000.0,184704250.0,184802000.0,768318458.0,4.0,3.758,99151000.0,9.788,1.0,306568000.0,0.167,76978000.0,21241000.0,1010290000.0,986105250.0,328868000.0,206968000.0,,,630053000.0,,,511535458.0,-37647000.0,-3697000.0,-108506000.0,-75191000.0,0.0,-181417000.0,35928000.0,2835000.0,107842000.0,0.0,96952000.0,96952000.0,96952000.0,0.0,0.0,0.053,171641000.0,134927000.0,111917000.0,0.0,2.768,5.276,5.454,15920000.0,0.0,50.5,0.279,0.279,9415000.0,217294000.0,1831722000.0,1831722000.0,0.0,0.121,0.525,0.193,0.104,0.0,173649000.0,1.0,10129415.0,10129415.0,,180.832,737877000.0,0.0,72520000.0,0.0,72.845,
88,NVR,MRT,1999-06-30,1999-06-30,1999-06-30,2021-08-03,0.0,834010000.0,778392750.0,,,2.247,18.162,-6445000.0,94283000.0,94283000.0,1464724000.0,91364000.0,,3.25,351066000.0,,,351066000.0,0.0,13362000.0,47935000.0,0.0,0.0,175137000.0,188499000.0,0.108,188499000.0,175137000.0,153497000.0,8.45,7.09,8.45,196242000.0,180807000.0,196242000.0,843966389.0,5.0,4.477,138816000.0,12.847,1.0,284480000.0,0.163,79346000.0,21640000.0,1011447000.0,950599500.0,314801000.0,227025000.0,,,637768000.0,,,563910389.0,21543000.0,-3697000.0,-83320000.0,-89416000.0,0.0,-170011000.0,46293000.0,13074000.0,145261000.0,0.0,91364000.0,91364000.0,91364000.0,0.0,0.0,0.052,160653000.0,123827000.0,124037000.0,0.0,2.874,6.172,6.176,14539000.0,0.0,52.188,0.322,0.322,7222000.0,186953000.0,1749204000.0,1749204000.0,0.0,0.117,0.505,0.184,0.1,0.0,162744000.0,1.0,10805365.0,10805365.0,,161.883,754664000.0,0.0,62133000.0,0.0,69.842,
89,NVR,MRT,1999-03-31,1999-03-31,1999-03-31,2021-08-03,0.0,828024000.0,747762750.0,,,2.197,17.502,-4169000.0,103545000.0,103545000.0,1382403000.0,71853000.0,,3.311,383601000.0,,,383601000.0,0.0,13165000.0,40262000.0,0.0,0.0,149091000.0,162256000.0,0.099,162256000.0,149091000.0,126035000.0,6.56,5.48,6.56,192054000.0,171255500.0,192054000.0,714080187.0,5.0,4.401,89477000.0,8.154,1.0,260481000.0,0.159,81256000.0,23056000.0,1026824000.0,922529000.0,286066000.0,247567000.0,,,635970000.0,,,462247187.0,64267000.0,-3697000.0,-61191000.0,-16352000.0,0.0,-77128000.0,47749000.0,13849000.0,93646000.0,0.0,71853000.0,71853000.0,71853000.0,0.0,0.0,0.044,153190000.0,107291000.0,99305000.0,0.0,2.407,6.433,6.421,13238000.0,0.0,42.125,0.281,0.281,9380000.0,158690000.0,1642884000.0,1642884000.0,0.0,0.096,0.42,0.162,0.091,0.0,155348000.0,1.0,10973227.0,10973227.0,,149.717,746768000.0,0.0,54182000.0,0.0,68.054,
90,NVR,MRT,1998-12-31,1998-12-31,1998-12-31,2021-08-03,0.0,724359000.0,699255000.0,,,2.152,15.385,-3964000.0,68504000.0,68504000.0,1273815000.0,56706000.0,,3.371,320337000.0,,,320337000.0,0.0,13408000.0,34639000.0,0.0,0.0,124614000.0,138022000.0,0.092,138022000.0,124614000.0,100966000.0,5.1,4.26,5.1,165719000.0,162324250.0,165719000.0,740084361.0,6.0,5.362,-15615000.0,-1.45,1.0,230929000.0,0.153,80332000.0,23648000.0,895860000.0,866538500.0,288638000.0,182375000.0,,,558640000.0,,,513653361.0,22779000.0,0.0,-50199000.0,45609000.0,0.0,-5154000.0,39584000.0,14645000.0,-11651000.0,0.0,56706000.0,56706000.0,56706000.0,0.0,0.0,0.038,143351000.0,87578000.0,99981000.0,0.0,3.1,9.058,9.351,17597000.0,0.0,47.688,0.341,0.341,1515000.0,132683000.0,1504744000.0,1504744000.0,0.0,0.081,0.349,0.144,0.083,0.0,143351000.0,1.0,10771124.0,10771124.0,,139.702,644027000.0,0.0,44260000.0,0.0,59.792,
91,NVR,MRT,1998-09-30,1998-09-30,1998-09-30,2021-08-03,0.0,727178000.0,659320500.0,,,2.177,14.956,-2612000.0,109702000.0,109702000.0,1220021000.0,49432000.0,,3.297,336133000.0,,,336133000.0,0.0,13693000.0,0.0,0.0,0.0,112274000.0,125967000.0,0.088,125967000.0,112274000.0,88296000.0,4.43,3.71,4.43,169213000.0,157054500.0,169213000.0,648535779.0,6.0,5.148,-560000.0,-0.049,1.0,215022000.0,0.15,85342000.0,23978000.0,868267000.0,811377250.0,264025000.0,175006000.0,,,557965000.0,,,373360779.0,52607000.0,-12533000.0,-39305000.0,72460000.0,0.0,31988000.0,18567000.0,15224000.0,2052000.0,0.0,49432000.0,49432000.0,49432000.0,0.0,0.0,0.034,135970000.0,79052000.0,93329000.0,0.0,2.206,7.553,7.449,16187000.0,0.0,33.0,0.26,0.26,7086000.0,120342000.0,1435043000.0,1435043000.0,0.0,0.075,0.315,0.138,0.078,0.0,137308000.0,1.0,11313963.0,11313963.0,,126.838,641836000.0,0.0,38864000.0,0.0,56.73,
92,NVR,MRT,1998-06-30,1998-06-30,1998-06-30,2021-08-03,0.0,711490000.0,610095750.0,,,2.149,13.956,-3161000.0,72740000.0,72740000.0,1119379000.0,33685000.0,,3.502,347915000.0,,,347915000.0,0.0,13585000.0,0.0,0.0,0.0,91384000.0,104969000.0,0.08,104969000.0,91384000.0,68246000.0,2.95,2.52,2.95,158036000.0,150002250.0,158036000.0,723518035.0,8.0,6.893,-40020000.0,-3.534,1.0,191504000.0,0.146,87500000.0,23138000.0,899165000.0,747978500.0,274737000.0,184974000.0,,,553454000.0,,,464989035.0,27017000.0,-12533000.0,-23639000.0,84433000.0,0.0,59273000.0,4603000.0,6456000.0,-36859000.0,0.0,33685000.0,33685000.0,33685000.0,0.0,0.0,0.026,126687000.0,64817000.0,90832000.0,0.0,2.942,13.804,13.92,16890000.0,0.0,41.063,0.355,0.355,5965000.0,95589000.0,1310883000.0,1310883000.0,0.0,0.055,0.225,0.122,0.07,0.0,128298000.0,1.0,11323796.0,11323796.0,,115.764,623990000.0,0.0,34561000.0,0.0,55.104,
93,NVR,MRT,1998-03-31,1998-03-31,1998-03-31,2021-08-03,0.0,633993000.0,562894500.0,,,2.144,13.575,-3301000.0,39278000.0,39278000.0,1036342000.0,33976000.0,,3.056,297807000.0,,,297807000.0,0.0,13502000.0,0.0,0.0,0.0,84371000.0,97873000.0,0.081,97873000.0,84371000.0,63220000.0,2.95,2.58,2.95,156329000.0,144949000.0,156329000.0,565878683.0,7.0,5.782,-61697000.0,-5.358,1.0,170240000.0,0.141,89660000.0,21151000.0,802862000.0,679502250.0,245883000.0,170488000.0,,,477664000.0,,,363465683.0,-17981000.0,-12533000.0,-22070000.0,48250000.0,0.0,26667000.0,13748000.0,13019000.0,-58396000.0,0.0,33976000.0,33976000.0,33976000.0,0.0,0.0,0.028,113407000.0,56833000.0,74890000.0,0.0,2.325,10.698,10.699,17544000.0,0.0,31.563,0.301,0.301,4674000.0,86837000.0,1206582000.0,1206582000.0,0.0,0.06,0.234,0.124,0.07,0.0,115292000.0,1.0,11515562.0,11515562.0,,104.778,544333000.0,0.0,29244000.0,0.0,47.269,
94,NVR,MRT,1997-12-31,1997-12-31,1997-12-31,2021-08-03,0.0,564621000.0,529104500.0,,,2.181,12.806,-3053000.0,45725000.0,45725000.0,995855000.0,28879000.0,,2.904,248138000.0,,,248138000.0,0.0,13338000.0,19835000.0,0.0,0.0,73844000.0,87182000.0,0.076,87182000.0,73844000.0,53890000.0,2.44,2.18,2.44,144640000.0,139534750.0,144640000.0,,,,-18078000.0,-1.601,1.0,158167000.0,0.137,91819000.0,19954000.0,675215000.0,622769000.0,224041000.0,117964000.0,,,419981000.0,,,247076419.0,-29055000.0,-12533000.0,-45545000.0,11504000.0,0.0,-33195000.0,19165000.0,19316000.0,-15025000.0,0.0,28879000.0,28879000.0,28879000.0,0.0,0.0,0.025,110867000.0,47300000.0,76912000.0,0.0,1.708,8.556,8.965,17878000.0,0.0,21.875,0.214,0.214,3398000.0,75977000.0,1154022000.0,1154022000.0,0.0,0.055,0.207,0.119,0.064,0.0,110867000.0,1.0,11294922.0,11294922.0,,102.172,472802000.0,0.0,25011000.0,0.0,41.86,
95,NVR,MRT,1997-09-30,1997-09-30,1997-09-30,2021-08-03,0.0,530279000.0,513240500.0,,,2.118,12.484,-3485000.0,57095000.0,57095000.0,939264000.0,28809000.0,,2.761,224439000.0,,,224439000.0,0.0,15938000.0,0.0,0.0,0.0,71515000.0,87453000.0,0.08,87453000.0,71515000.0,52402000.0,2.38,2.14,2.38,141004000.0,141377250.0,141004000.0,,,,-7919000.0,-0.701,1.0,147539000.0,0.136,82951000.0,19113000.0,614672000.0,588808000.0,201211000.0,100091000.0,,,389275000.0,,,293667972.0,-16545000.0,0.0,-47433000.0,-29951000.0,0.0,-67094000.0,54983000.0,32749000.0,-4434000.0,0.0,28809000.0,28809000.0,28809000.0,0.0,0.0,0.027,97616000.0,49923000.0,68118000.0,0.0,2.083,10.194,10.924,17852000.0,0.0,26.0,0.27,0.27,9095000.0,70910000.0,1086803000.0,1086803000.0,0.0,0.056,0.204,0.121,0.066,0.0,98585000.0,1.0,11294922.0,11294922.0,,96.22,447328000.0,0.0,23593000.0,0.0,39.604,
96,NVR,MRT,1997-06-30,1997-06-30,1997-06-30,2021-08-03,0.0,522685000.0,,,,,,-3372000.0,45723000.0,45723000.0,937331000.0,28077000.0,,2.792,233134000.0,,,233134000.0,0.0,14601000.0,0.0,0.0,0.0,70840000.0,85441000.0,0.079,85441000.0,70840000.0,51829000.0,2.2,2.05,2.2,137823000.0,,137823000.0,,,,19299000.0,,1.0,145256000.0,0.134,84836000.0,19011000.0,625260000.0,,194747000.0,109007000.0,,,384862000.0,,,,-1446000.0,0.0,-55987000.0,-55429000.0,0.0,-98150000.0,74033000.0,48278000.0,22671000.0,0.0,28077000.0,28077000.0,28077000.0,0.0,0.0,0.026,95857000.0,49399000.0,66554000.0,0.0,,,6.932,17897000.0,0.0,15.25,,,8470000.0,61904000.0,1082587000.0,1082587000.0,0.0,,,,0.065,0.0,96678000.0,1.0,,,,,437849000.0,0.0,23752000.0,0.0,,
97,NVR,MRT,1997-03-31,1997-03-31,1997-03-31,2021-08-03,0.0,498833000.0,,,,,,-4050000.0,57259000.0,57259000.0,939879000.0,27804000.0,,2.704,221076000.0,,,221076000.0,0.0,14955000.0,0.0,0.0,0.0,70808000.0,85763000.0,0.079,85763000.0,70808000.0,52165000.0,1.97,,1.97,134672000.0,,134672000.0,,,,27144000.0,,1.0,144803000.0,0.133,86721000.0,18643000.0,575929000.0,,170727000.0,97776000.0,,,364161000.0,,,,12028000.0,0.0,-58612000.0,-59792000.0,0.0,-105172000.0,86006000.0,63740000.0,31194000.0,0.0,27804000.0,27804000.0,27804000.0,0.0,0.0,0.026,95270000.0,49533000.0,57557000.0,0.0,,,7.678,18472000.0,0.0,15.125,,,5902000.0,52861000.0,1084682000.0,1084682000.0,0.0,,,,0.065,0.0,95943000.0,1.0,,,,,412112000.0,0.0,24361000.0,0.0,,
98,NVR,MRT,1996-12-31,1996-12-31,1996-12-31,2021-08-03,0.0,501165000.0,,,,,,-4267000.0,74780000.0,74780000.0,906255000.0,25781000.0,,2.297,201592000.0,,,201592000.0,0.0,15417000.0,0.0,0.0,0.0,67587000.0,83004000.0,0.079,83004000.0,67587000.0,48727000.0,1.76,1.7,1.76,152010000.0,,152010000.0,,,,34515000.0,,1.0,139675000.0,0.134,88606000.0,18860000.0,539371000.0,,171693000.0,82044000.0,,,349155000.0,,,,19213000.0,0.0,-35137000.0,-82241000.0,0.0,-104431000.0,84862000.0,61346000.0,38782000.0,0.0,25781000.0,25781000.0,25781000.0,0.0,0.0,0.025,95779000.0,43896000.0,62303000.0,0.0,,,7.386,18833000.0,0.0,13.0,,,2927000.0,47098000.0,1045930000.0,1045930000.0,0.0,,,,0.065,0.0,94691000.0,1.0,,,,,412559000.0,0.0,22946000.0,0.0,,
99,NVR,MRT,1996-09-30,1996-09-30,1996-09-30,2021-08-03,,,,,,,,,,,,,,,,,,,,,,0.0,0.0,,,,,,,,,,,,,,,,,,1.0,,,,,,,,,,,,,,,,,,,,,,,,,,,,,,,,,,,,,,,,9.438,,,,,,,,,,,,,,1.0,,,,,,,,,,
100,NVR,MRT,1996-06-30,1996-06-30,1996-06-30,2021-08-03,,,,,,,,,,,,,,,,,,,,,,0.0,0.0,,,,,,,,,,,,,,,,,,1.0,,,,,,,,,,,,,,,,,,,,,,,,,,,,,,,,,,,,,,,,11.125,,,,,,,,,,,,,,1.0,,,,,,,,,,
101,NVR,MRT,1996-03-31,1996-03-31,1996-03-31,2021-08-03,,,,,,,,,,,,,,,,,,,,,,0.0,0.0,,,,,,,,,,,,,,,,,,1.0,,,,,,,,,,,,,,,,,,,,,,,,,,,,,,,,,,,,,,,,9.563,,,,,,,,,,,,,,1.0,,,,,,,,,,
102,NVR,MRT,1995-12-31,1995-12-31,1995-12-31,2021-08-03,,,,,,,,-3590000.0,,,751035000.0,17327000.0,,,,,,,,14814000.0,,0.0,0.0,53592000.0,68406000.0,0.079,68406000.0,53592000.0,34336000.0,1.13,1.12,1.13,,,,,,,-61678000.0,,1.0,118084000.0,0.136,,19256000.0,,,,,,,,,,,-15909000.0,0.0,-2581000.0,18597000.0,0.0,16140000.0,26039000.0,23001000.0,-58088000.0,0.0,17327000.0,17327000.0,17327000.0,0.0,0.0,0.02,91035000.0,27049000.0,,0.0,,,8.85,,0.0,10.0,,,,,869119000.0,869119000.0,0.0,,,,0.062,0.0,89947000.0,1.0,,,,,,,17009000.0,,,
