None,ticker,dimension,calendardate,datekey,reportperiod,lastupdated,accoci,assets,assetsavg,assetsc,assetsnc,assetturnover,bvps,capex,cashneq,cashnequsd,cor,consolinc,currentratio,de,debt,debtc,debtnc,debtusd,deferredrev,depamor,deposits,divyield,dps,ebit,ebitda,ebitdamargin,ebitdausd,ebitusd,ebt,eps,epsdil,epsusd,equity,equityavg,equityusd,ev,evebit,evebitda,fcf,fcfps,fxusd,gp,grossmargin,intangibles,intexp,invcap,invcapavg,inventory,investments,investmentsc,investmentsnc,liabilities,liabilitiesc,liabilitiesnc,marketcap,ncf,ncfbus,ncfcommon,ncfdebt,ncfdiv,ncff,ncfi,ncfinv,ncfo,ncfx,netinc,netinccmn,netinccmnusd,netincdis,netincnci,netmargin,opex,opinc,payables,payoutratio,pb,pe,pe1,ppnenet,prefdivis,price,ps,ps1,receivables,retearn,revenue,revenueusd,rnd,roa,roe,roic,ros,sbcomp,sgna,sharefactor,sharesbas,shareswa,shareswadil,sps,tangibles,taxassets,taxexp,taxliabilities,tbvps,workingcapital
0,WDC,MRY,2021-12-31,2021-07-02,2021-07-02,2021-08-27,-197000000.0,26132000000.0,25623750000.0,9757000000.0,16375000000.0,0.66,35.151,-1003000000.0,3370000000.0,3370000000.0,12401000000.0,821000000.0,2.003,1.437,8725000000.0,251000000.0,8474000000.0,8725000000.0,0.0,1212000000.0,0.0,0.0,0.0,1253000000.0,2465000000.0,0.146,2465000000.0,1253000000.0,927000000.0,2.69,2.66,2.69,10721000000.0,10018750000.0,10721000000.0,27711057126.0,22.0,11.242,895000000.0,2.934,1.0,4521000000.0,0.267,10508000000.0,326000000.0,16109000000.0,16421500000.0,3616000000.0,1586000000.0,0.0,1586000000.0,15411000000.0,4870000000.0,10541000000.0,21516057126.0,322000000.0,238000000.0,134000000.0,-886000000.0,0.0,-817000000.0,-765000000.0,0.0,1898000000.0,6000000.0,821000000.0,821000000.0,821000000.0,0.0,0.0,0.049,3301000000.0,1220000000.0,2332000000.0,0.0,2.007,26.207,26.1,3188000000.0,0.0,70.21,1.271,1.265,2257000000.0,7539000000.0,16922000000.0,16922000000.0,2243000000.0,0.032,0.082,0.076,0.074,318000000.0,1105000000.0,1.0,306452886.0,305000000,309000000.0,55.482,15624000000.0,0.0,106000000.0,0.0,51.226,4887000000.0
1,WDC,MRY,2020-12-31,2020-07-03,2020-07-03,2021-08-27,-157000000.0,25662000000.0,25827750000.0,9048000000.0,16614000000.0,0.648,32.05,-647000000.0,3048000000.0,3048000000.0,12955000000.0,-250000000.0,2.054,1.687,9575000000.0,286000000.0,9289000000.0,9575000000.0,0.0,1566000000.0,0.0,0.035,1.5,367000000.0,1933000000.0,0.115,1933000000.0,367000000.0,-46000000.0,-0.84,-0.84,-0.84,9551000000.0,9434750000.0,9551000000.0,19405311798.0,53.0,10.039,177000000.0,0.594,1.0,3781000000.0,0.226,11008000000.0,413000000.0,16775000000.0,16838250000.0,3070000000.0,1875000000.0,0.0,1875000000.0,16111000000.0,4406000000.0,11705000000.0,12719311798.0,-407000000.0,925000000.0,141000000.0,-982000000.0,-595000000.0,-1508000000.0,278000000.0,0.0,824000000.0,-1000000.0,-250000000.0,-250000000.0,-250000000.0,0.0,0.0,-0.015,3446000000.0,335000000.0,2352000000.0,-1.786,1.332,-50.877,-50.524,2854000000.0,0.0,42.44,0.76,0.756,2379000000.0,6725000000.0,16736000000.0,16736000000.0,2261000000.0,-0.01,-0.026,0.022,0.022,308000000.0,1153000000.0,1.0,299701032.0,298000000,298000000.0,56.161,14654000000.0,0.0,204000000.0,0.0,49.174,4642000000.0
2,WDC,MRY,2019-12-31,2019-06-28,2019-06-28,2021-08-27,-68000000.0,26370000000.0,27481750000.0,8477000000.0,17893000000.0,0.603,34.134,-757000000.0,3455000000.0,3455000000.0,12817000000.0,-754000000.0,2.221,1.646,10522000000.0,276000000.0,10246000000.0,10522000000.0,0.0,1812000000.0,0.0,0.042,2.0,182000000.0,1994000000.0,0.12,1994000000.0,182000000.0,-287000000.0,-2.58,-2.58,-2.58,9967000000.0,10617000000.0,9967000000.0,20835040825.0,114.0,10.449,790000000.0,2.705,1.0,3752000000.0,0.226,11787000000.0,469000000.0,17833000000.0,17938250000.0,3283000000.0,2791000000.0,0.0,2791000000.0,16403000000.0,3817000000.0,12586000000.0,13932040825.0,-1550000000.0,-618000000.0,-445000000.0,-685000000.0,-584000000.0,-1829000000.0,-1272000000.0,103000000.0,1547000000.0,4000000.0,-754000000.0,-754000000.0,-754000000.0,0.0,0.0,-0.046,3665000000.0,87000000.0,1898000000.0,-0.775,1.398,-18.478,-18.43,2843000000.0,0.0,47.55,0.841,0.838,1204000000.0,7449000000.0,16569000000.0,16569000000.0,2182000000.0,-0.027,-0.071,0.01,0.011,306000000.0,1317000000.0,1.0,292997704.0,292000000,292000000.0,56.743,14583000000.0,0.0,467000000.0,0.0,49.942,4660000000.0
3,WDC,MRY,2018-12-31,2018-06-29,2018-06-29,2021-08-27,-39000000.0,29235000000.0,29646000000.0,10638000000.0,18597000000.0,0.696,38.825,-809000000.0,5005000000.0,5005000000.0,12942000000.0,675000000.0,2.387,1.535,11172000000.0,179000000.0,10993000000.0,11172000000.0,0.0,2056000000.0,0.0,0.026,2.0,2761000000.0,4817000000.0,0.233,4817000000.0,2761000000.0,2085000000.0,2.27,2.2,2.27,11531000000.0,11540500000.0,11531000000.0,29401327942.0,11.0,6.104,3396000000.0,11.434,1.0,7705000000.0,0.373,12755000000.0,676000000.0,18191000000.0,18190250000.0,2944000000.0,2105000000.0,0.0,2105000000.0,17704000000.0,4456000000.0,13248000000.0,23164327942.0,-1349000000.0,-824000000.0,-371000000.0,-2793000000.0,-593000000.0,-3900000000.0,-1655000000.0,-22000000.0,4205000000.0,1000000.0,675000000.0,675000000.0,675000000.0,0.0,0.0,0.033,4088000000.0,3617000000.0,2524000000.0,0.881,2.009,34.318,34.101,3095000000.0,0.0,77.41,1.122,1.114,2197000000.0,8757000000.0,20647000000.0,20647000000.0,2400000000.0,0.023,0.058,0.152,0.134,377000000.0,1473000000.0,1.0,299242061.0,297000000,307000000.0,69.519,16480000000.0,0.0,1410000000.0,0.0,55.488,6182000000.0
4,WDC,MRY,2017-12-31,2017-06-30,2017-06-30,2021-08-27,-58000000.0,29860000000.0,29323250000.0,11056000000.0,18804000000.0,0.651,39.646,-557000000.0,6354000000.0,6354000000.0,13021000000.0,397000000.0,2.545,1.615,13151000000.0,233000000.0,12918000000.0,13151000000.0,0.0,2128000000.0,0.0,0.023,2.0,1616000000.0,3744000000.0,0.196,3744000000.0,1616000000.0,769000000.0,1.38,1.34,1.38,11418000000.0,10989000000.0,11418000000.0,33240076108.0,21.0,8.878,2880000000.0,10.0,1.0,6072000000.0,0.318,13837000000.0,847000000.0,18476000000.0,18707500000.0,2341000000.0,1340000000.0,0.0,1340000000.0,18442000000.0,4344000000.0,14098000000.0,25804076108.0,-1797000000.0,-309000000.0,235000000.0,-4291000000.0,-574000000.0,-4595000000.0,-636000000.0,230000000.0,3437000000.0,-3000000.0,397000000.0,397000000.0,397000000.0,0.0,0.0,0.021,4118000000.0,1954000000.0,2350000000.0,1.449,2.26,64.998,64.203,3033000000.0,0.0,88.6,1.351,1.336,1948000000.0,8633000000.0,19093000000.0,19093000000.0,2441000000.0,0.014,0.036,0.086,0.085,394000000.0,1445000000.0,1.0,291242394.0,288000000,296000000.0,66.295,16023000000.0,0.0,372000000.0,0.0,55.635,6712000000.0
5,WDC,MRY,2016-12-31,2016-07-01,2016-07-01,2021-08-27,103000000.0,32862000000.0,19634000000.0,12584000000.0,20278000000.0,0.662,46.632,-584000000.0,8151000000.0,8151000000.0,9559000000.0,242000000.0,1.811,1.949,16994000000.0,3334000000.0,13660000000.0,16994000000.0,0.0,1154000000.0,0.0,0.043,2.0,419000000.0,1573000000.0,0.121,1573000000.0,419000000.0,153000000.0,1.01,1.0,1.01,11145000000.0,9911750000.0,11145000000.0,7143357346.0,17.0,4.541,1399000000.0,5.854,1.0,3435000000.0,0.264,14985000000.0,266000000.0,19771000000.0,9481000000.0,2129000000.0,1398000000.0,227000000.0,1171000000.0,21717000000.0,6949000000.0,14768000000.0,10827357346.0,3127000000.0,-10001000000.0,57000000.0,11405000000.0,-464000000.0,10751000000.0,-9608000000.0,977000000.0,1983000000.0,1000000.0,242000000.0,242000000.0,242000000.0,0.0,0.0,0.019,2969000000.0,466000000.0,2056000000.0,1.98,0.971,44.741,46.01,3503000000.0,0.0,46.47,0.833,0.855,1461000000.0,8848000000.0,12994000000.0,12994000000.0,1627000000.0,0.012,0.024,0.044,0.032,191000000.0,997000000.0,1.0,232996715.0,239000000,242000000.0,54.368,17877000000.0,0.0,-89000000.0,0.0,74.799,5635000000.0
6,WDC,MRY,2015-12-31,2015-07-03,2015-07-03,2021-08-27,-20000000.0,15170000000.0,15284250000.0,8513000000.0,6657000000.0,0.953,39.737,-612000000.0,5024000000.0,5024000000.0,10351000000.0,1465000000.0,2.629,0.646,2556000000.0,407000000.0,2149000000.0,2556000000.0,0.0,1114000000.0,0.0,0.022,1.8,1626000000.0,2740000000.0,0.188,2740000000.0,1626000000.0,1577000000.0,6.31,6.18,6.31,9219000000.0,9122500000.0,9219000000.0,16205858292.0,10.0,5.915,1630000000.0,7.026,1.0,4221000000.0,0.29,3098000000.0,49000000.0,6366000000.0,6281250000.0,1368000000.0,262000000.0,262000000.0,0.0,5951000000.0,3238000000.0,2713000000.0,18673858292.0,220000000.0,-252000000.0,-758000000.0,130000000.0,-396000000.0,-1069000000.0,-953000000.0,-89000000.0,2242000000.0,0.0,1465000000.0,1465000000.0,1465000000.0,0.0,0.0,0.101,2610000000.0,1611000000.0,1881000000.0,0.285,2.026,12.747,12.816,2965000000.0,0.0,80.87,1.281,1.288,1532000000.0,9107000000.0,14572000000.0,14572000000.0,1646000000.0,0.096,0.161,0.259,0.112,162000000.0,788000000.0,1.0,230912060.0,232000000,237000000.0,62.81,12072000000.0,0.0,112000000.0,0.0,52.034,5275000000.0
7,WDC,MRY,2014-12-31,2014-06-27,2014-06-27,2021-08-27,12000000.0,15499000000.0,15229750000.0,8720000000.0,6779000000.0,0.993,37.626,-628000000.0,4804000000.0,4804000000.0,10770000000.0,1617000000.0,2.268,0.753,2438000000.0,125000000.0,2313000000.0,2438000000.0,0.0,1244000000.0,0.0,0.013,1.25,1808000000.0,3052000000.0,0.202,3052000000.0,1808000000.0,1752000000.0,6.88,6.68,6.88,8842000000.0,8610500000.0,8842000000.0,19737871825.0,11.0,6.467,2188000000.0,9.311,1.0,4360000000.0,0.288,3013000000.0,56000000.0,6275000000.0,5772250000.0,1226000000.0,284000000.0,284000000.0,0.0,6657000000.0,3845000000.0,2812000000.0,21837871825.0,495000000.0,-819000000.0,-629000000.0,475000000.0,-259000000.0,-385000000.0,-1936000000.0,-489000000.0,2816000000.0,0.0,1617000000.0,1617000000.0,1617000000.0,0.0,0.0,0.107,2569000000.0,1791000000.0,1971000000.0,0.182,2.47,13.505,13.503,3293000000.0,0.0,92.9,1.443,1.443,1989000000.0,8066000000.0,15130000000.0,15130000000.0,1661000000.0,0.106,0.188,0.313,0.119,156000000.0,813000000.0,1.0,235068588.0,235000000,242000000.0,64.383,12486000000.0,0.0,135000000.0,0.0,53.132,4875000000.0
8,WDC,MRY,2013-12-31,2013-06-28,2013-06-28,2021-08-27,-35000000.0,14036000000.0,14016000000.0,7598000000.0,6438000000.0,1.095,32.751,-952000000.0,4309000000.0,4309000000.0,10988000000.0,980000000.0,1.912,0.778,1955000000.0,230000000.0,1725000000.0,1955000000.0,0.0,1233000000.0,0.0,0.016,1.0,1277000000.0,2510000000.0,0.164,2510000000.0,1277000000.0,1222000000.0,4.07,3.98,4.07,7893000000.0,8150000000.0,7893000000.0,12630031460.0,10.0,5.032,2167000000.0,8.992,1.0,4363000000.0,0.284,2559000000.0,55000000.0,5150000000.0,5967750000.0,1188000000.0,0.0,0.0,0.0,6143000000.0,3973000000.0,2170000000.0,14677031460.0,1101000000.0,-1000000.0,-657000000.0,-230000000.0,-181000000.0,-1048000000.0,-970000000.0,-17000000.0,3119000000.0,0.0,980000000.0,980000000.0,980000000.0,0.0,0.0,0.064,3097000000.0,1266000000.0,1990000000.0,0.246,1.859,14.977,15.256,3700000000.0,0.0,62.09,0.956,0.975,1793000000.0,6749000000.0,15351000000.0,15351000000.0,1572000000.0,0.07,0.12,0.214,0.083,137000000.0,706000000.0,1.0,236383177.0,241000000,246000000.0,63.697,11477000000.0,0.0,242000000.0,0.0,47.622,3625000000.0
9,WDC,MRY,2012-12-31,2012-06-29,2012-06-29,2021-08-27,-15000000.0,14206000000.0,11247500000.0,7141000000.0,7065000000.0,1.109,31.822,-641000000.0,3208000000.0,3208000000.0,8840000000.0,1612000000.0,1.771,0.852,2185000000.0,230000000.0,1955000000.0,2185000000.0,0.0,825000000.0,0.0,0.0,0.0,1783000000.0,2608000000.0,0.209,2608000000.0,1783000000.0,1757000000.0,6.69,6.58,6.69,7669000000.0,6682750000.0,7669000000.0,7291605952.0,4.0,2.796,2426000000.0,10.066,1.0,3638000000.0,0.292,2774000000.0,26000000.0,6377000000.0,4464500000.0,1210000000.0,0.0,0.0,0.0,6537000000.0,4032000000.0,2505000000.0,7925605952.0,-282000000.0,-3526000000.0,-530000000.0,1282000000.0,0.0,819000000.0,-4167000000.0,0.0,3067000000.0,-1000000.0,1612000000.0,1612000000.0,1612000000.0,0.0,0.0,0.129,1867000000.0,1771000000.0,2773000000.0,0.0,1.033,4.917,4.556,4067000000.0,0.0,30.48,0.635,0.589,2364000000.0,6012000000.0,12478000000.0,12478000000.0,1055000000.0,0.143,0.241,0.399,0.143,92000000.0,518000000.0,1.0,260026442.0,241000000,245000000.0,51.776,11432000000.0,0.0,145000000.0,0.0,47.436,3109000000.0
10,WDC,MRY,2011-12-31,2011-07-01,2011-07-01,2021-08-27,-5000000.0,8118000000.0,7863750000.0,5487000000.0,2631000000.0,1.211,23.758,-778000000.0,3490000000.0,3490000000.0,7735000000.0,726000000.0,2.529,0.479,294000000.0,144000000.0,150000000.0,294000000.0,0.0,602000000.0,0.0,0.0,0.0,790000000.0,1392000000.0,0.146,1392000000.0,790000000.0,780000000.0,3.14,3.09,3.14,5488000000.0,5218500000.0,5488000000.0,5610191033.0,7.0,4.03,877000000.0,3.797,1.0,1791000000.0,0.188,222000000.0,10000000.0,2530000000.0,2679250000.0,577000000.0,0.0,0.0,0.0,2630000000.0,2170000000.0,460000000.0,8515191033.0,756000000.0,-15000000.0,8000000.0,-106000000.0,0.0,-106000000.0,-793000000.0,0.0,1655000000.0,0.0,726000000.0,726000000.0,726000000.0,0.0,0.0,0.076,1010000000.0,781000000.0,1545000000.0,0.0,1.552,11.729,11.669,2224000000.0,0.0,36.64,0.894,0.888,1206000000.0,4400000000.0,9526000000.0,9526000000.0,703000000.0,0.092,0.139,0.295,0.083,69000000.0,282000000.0,1.0,232401502.0,231000000,235000000.0,41.238,7896000000.0,0.0,54000000.0,0.0,34.182,3317000000.0
11,WDC,MRY,2010-12-31,2010-07-02,2010-07-02,2021-08-27,11000000.0,7328000000.0,6690500000.0,4720000000.0,2608000000.0,1.472,20.654,-737000000.0,2734000000.0,2734000000.0,7449000000.0,1382000000.0,2.333,0.556,400000000.0,106000000.0,294000000.0,400000000.0,0.0,510000000.0,0.0,0.0,0.0,1529000000.0,2039000000.0,0.207,2039000000.0,1529000000.0,1520000000.0,6.06,5.93,6.06,4709000000.0,4163500000.0,4709000000.0,4520076121.0,3.0,2.217,1205000000.0,5.285,1.0,2401000000.0,0.244,234000000.0,9000000.0,2737000000.0,2451750000.0,560000000.0,0.0,0.0,0.0,2619000000.0,2023000000.0,596000000.0,6921076121.0,940000000.0,-253000000.0,79000000.0,-82000000.0,0.0,-16000000.0,-986000000.0,4000000.0,1942000000.0,0.0,1382000000.0,1382000000.0,1382000000.0,0.0,0.0,0.14,876000000.0,1525000000.0,1507000000.0,0.0,1.47,5.008,4.983,2159000000.0,0.0,30.2,0.703,0.699,1256000000.0,3674000000.0,9850000000.0,9850000000.0,611000000.0,0.207,0.332,0.624,0.155,60000000.0,265000000.0,1.0,229174706.0,228000000,233000000.0,43.202,7094000000.0,0.0,138000000.0,0.0,31.114,2697000000.0
12,WDC,MRY,2009-12-31,2009-07-03,2009-07-03,2021-08-27,2000000.0,5291000000.0,5086500000.0,3230000000.0,2061000000.0,1.465,14.378,-490000000.0,1794000000.0,1794000000.0,6116000000.0,470000000.0,2.118,0.658,482000000.0,82000000.0,400000000.0,482000000.0,0.0,479000000.0,0.0,0.0,0.0,528000000.0,1007000000.0,0.135,1007000000.0,528000000.0,501000000.0,2.12,2.08,2.12,3192000000.0,2998000000.0,3192000000.0,4657964151.0,9.0,4.626,815000000.0,3.671,1.0,1337000000.0,0.179,228000000.0,27000000.0,2226000000.0,2381000000.0,376000000.0,0.0,0.0,0.0,2099000000.0,1525000000.0,574000000.0,5734964151.0,690000000.0,-63000000.0,-8000000.0,-27000000.0,0.0,-64000000.0,-551000000.0,2000000.0,1305000000.0,0.0,470000000.0,470000000.0,470000000.0,0.0,0.0,0.063,818000000.0,519000000.0,1101000000.0,0.0,1.797,12.202,12.137,1584000000.0,0.0,25.73,0.769,0.766,926000000.0,2292000000.0,7453000000.0,7453000000.0,509000000.0,0.092,0.157,0.222,0.071,47000000.0,201000000.0,1.0,222890173.0,222000000,226000000.0,33.572,5063000000.0,0.0,31000000.0,0.0,22.806,1705000000.0
13,WDC,MRY,2008-12-31,2008-06-27,2008-06-27,2021-08-27,-12000000.0,4875000000.0,4598000000.0,2731000000.0,2144000000.0,1.756,12.199,-615000000.0,1104000000.0,1104000000.0,6335000000.0,867000000.0,1.746,0.808,509000000.0,27000000.0,482000000.0,509000000.0,0.0,413000000.0,0.0,0.0,0.0,1033000000.0,1446000000.0,0.179,1446000000.0,1033000000.0,981000000.0,3.92,3.84,3.92,2696000000.0,2256750000.0,2696000000.0,7317104184.0,7.0,5.06,784000000.0,3.548,1.0,1739000000.0,0.215,197000000.0,52000000.0,2519000000.0,2250250000.0,456000000.0,0.0,0.0,0.0,2179000000.0,1564000000.0,615000000.0,7720104184.0,404000000.0,-927000000.0,5000000.0,237000000.0,0.0,326000000.0,-1321000000.0,221000000.0,1399000000.0,0.0,867000000.0,867000000.0,867000000.0,0.0,0.0,0.107,733000000.0,1006000000.0,1181000000.0,0.0,2.864,8.904,8.895,1668000000.0,0.0,34.87,0.956,0.954,1010000000.0,1822000000.0,8074000000.0,8074000000.0,464000000.0,0.189,0.384,0.459,0.128,37000000.0,220000000.0,1.0,221396736.0,221000000,226000000.0,36.534,4678000000.0,0.0,114000000.0,0.0,21.167,1167000000.0
14,WDC,MRY,2007-12-31,2007-06-29,2007-06-29,2021-08-27,-1000000.0,2901000000.0,2604750000.0,2029000000.0,872000000.0,2.099,7.836,-324000000.0,700000000.0,700000000.0,4568000000.0,564000000.0,1.796,0.691,22000000.0,12000000.0,10000000.0,22000000.0,0.0,210000000.0,0.0,0.0,0.0,447000000.0,657000000.0,0.12,657000000.0,447000000.0,443000000.0,2.57,2.5,2.57,1716000000.0,1487250000.0,1716000000.0,3616765000.0,8.0,5.505,294000000.0,1.342,1.0,900000000.0,0.165,4000000.0,4000000.0,1089000000.0,885500000.0,259000000.0,207000000.0,207000000.0,0.0,1185000000.0,1130000000.0,55000000.0,4293765000.0,149000000.0,0.0,-34000000.0,-43000000.0,0.0,-86000000.0,-383000000.0,-59000000.0,618000000.0,0.0,564000000.0,564000000.0,564000000.0,0.0,0.0,0.103,485000000.0,415000000.0,882000000.0,0.0,2.502,7.613,7.529,741000000.0,0.0,19.35,0.785,0.775,760000000.0,955000000.0,5468000000.0,5468000000.0,306000000.0,0.217,0.379,0.505,0.082,48000000.0,179000000.0,1.0,221900000.0,219000000,226000000.0,24.968,2897000000.0,0.0,-121000000.0,0.0,13.228,899000000.0
15,WDC,MRY,2006-12-31,2006-06-30,2006-06-30,2021-08-27,1000000.0,2086000000.0,1874150000.0,1505000000.0,581000000.0,2.316,5.381,-268000000.0,551000000.0,551000000.0,3512000000.0,395000000.0,1.726,0.803,44000000.0,25000000.0,19000000.0,44000000.0,0.0,160000000.0,0.0,0.0,0.0,386000000.0,546000000.0,0.126,546000000.0,386000000.0,382000000.0,1.84,1.76,1.84,1157000000.0,963925000.0,1157000000.0,3878867000.0,10.0,7.104,100000000.0,0.465,1.0,829000000.0,0.191,0.0,4000000.0,707000000.0,529100000.0,205000000.0,148000000.0,148000000.0,0.0,929000000.0,872000000.0,57000000.0,4372067000.0,66000000.0,0.0,24000000.0,-23000000.0,0.0,1000000.0,-303000000.0,-35000000.0,368000000.0,0.0,395000000.0,395000000.0,395000000.0,0.0,0.0,0.091,463000000.0,366000000.0,632000000.0,0.0,3.779,11.069,10.766,549000000.0,0.0,19.81,1.007,0.981,561000000.0,391000000.0,4341000000.0,4341000000.0,297000000.0,0.211,0.41,0.73,0.089,37000000.0,166000000.0,1.0,220700000.0,215000000,224000000.0,20.191,2086000000.0,0.0,-13000000.0,0.0,9.702,633000000.0
16,WDC,MRY,2005-12-31,2005-07-01,2005-07-01,2021-08-27,-300000.0,1588600000.0,1435600000.0,1181200000.0,407400000.0,2.535,3.367,-194000000.0,485200000.0,485200000.0,3049000000.0,196000000.0,1.44,1.268,52700000.0,20100000.0,32600000.0,52700000.0,0.0,131000000.0,0.0,0.0,0.0,203000000.0,334000000.0,0.092,334000000.0,203000000.0,200000000.0,0.94,0.9,0.94,700300000.0,609725000.0,700300000.0,2526004000.0,12.0,7.563,227000000.0,1.091,1.0,590000000.0,0.162,12400000.0,3000000.0,323400000.0,261450000.0,152900000.0,113200000.0,113200000.0,0.0,888300000.0,820300000.0,68000000.0,2929504000.0,140000000.0,0.0,13000000.0,-20000000.0,0.0,-7000000.0,-274000000.0,-80000000.0,421000000.0,0.0,196000000.0,196000000.0,196000000.0,0.0,0.0,0.054,395000000.0,195000000.0,569100000.0,0.0,4.183,14.946,14.638,395000000.0,0.0,13.76,0.805,0.787,415400000.0,-4100000.0,3639000000.0,3639000000.0,240000000.0,0.137,0.321,0.776,0.056,5000000.0,155000000.0,1.0,212900000.0,208000000,217000000.0,17.495,1576200000.0,0.0,4000000.0,0.0,7.578,360900000.0
17,WDC,MRY,2004-12-31,2004-07-02,2004-07-02,2021-08-27,200000.0,1159200000.0,1095925000.0,857300000.0,301900000.0,2.78,2.37,-131700000.0,345500000.0,345500000.0,2585300000.0,149800000.0,1.461,1.377,67900000.0,15200000.0,52700000.0,67900000.0,0.0,100400000.0,0.0,0.0,0.0,155900000.0,256300000.0,0.084,256300000.0,155900000.0,153800000.0,0.73,0.69,0.73,487600000.0,429925000.0,487600000.0,1441600000.0,9.0,5.625,58300000.0,0.283,1.0,461400000.0,0.151,27200000.0,2100000.0,267500000.0,210475000.0,148600000.0,32300000.0,32300000.0,0.0,671600000.0,586900000.0,84700000.0,1751400000.0,-47700000.0,-94800000.0,7900000.0,13200000.0,0.0,21100000.0,-258800000.0,-32300000.0,190000000.0,0.0,149800000.0,149800000.0,149800000.0,0.0,0.0,0.049,307900000.0,153500000.0,434900000.0,0.0,3.592,11.692,11.507,274700000.0,0.0,8.4,0.575,0.567,313100000.0,-182900000.0,3046700000.0,3046700000.0,201800000.0,0.137,0.348,0.741,0.051,2600000.0,106100000.0,1.0,208500000.0,205700000,216700000.0,14.811,1132000000.0,0.0,4000000.0,0.0,5.503,270400000.0
18,WDC,MRY,2003-12-31,2003-06-27,2003-06-27,2021-08-27,0.0,866200000.0,786634500.0,744100000.0,122100000.0,3.456,1.674,-61900000.0,393200000.0,393200000.0,2275600000.0,182100000.0,1.471,1.646,0.0,0.0,0.0,0.0,0.0,50400000.0,0.0,0.0,0.0,189700000.0,240100000.0,0.088,240100000.0,189700000.0,189700000.0,0.93,0.89,0.93,327400000.0,235326250.0,327400000.0,1768604052.0,9.0,7.366,196000000.0,1.002,1.0,442900000.0,0.163,0.0,0.0,-32700000.0,-26457750.0,97800000.0,0.0,0.0,0.0,538800000.0,505700000.0,33100000.0,2115664052.0,169500000.0,0.0,44300000.0,-68300000.0,0.0,-29900000.0,-58500000.0,0.0,257900000.0,0.0,182100000.0,182100000.0,182100000.0,0.0,0.0,0.067,256100000.0,186800000.0,352300000.0,0.0,6.462,11.618,11.484,122100000.0,0.0,10.68,0.778,0.768,243900000.0,-334200000.0,2718500000.0,2718500000.0,134700000.0,0.231,0.774,-7.17,0.07,0.0,121400000.0,1.0,198095885.0,195600000,205500000.0,13.898,866200000.0,0.0,7600000.0,0.0,4.428,238400000.0
19,WDC,MRY,2002-12-31,2002-06-28,2002-06-28,2021-08-27,2600000.0,636700000.0,632313000.0,529200000.0,107500000.0,3.402,0.544,-47700000.0,223700000.0,223700000.0,1869600000.0,65400000.0,1.074,5.188,86200000.0,86200000.0,0.0,86200000.0,0.0,45800000.0,0.0,0.0,0.0,64300000.0,110100000.0,0.051,110100000.0,64300000.0,64300000.0,0.35,0.34,0.35,102900000.0,67221750.0,102900000.0,487316351.0,8.0,4.426,35100000.0,0.186,1.0,281600000.0,0.131,0.0,0.0,6500000.0,74464000.0,73400000.0,0.0,0.0,0.0,533800000.0,492700000.0,41100000.0,624286351.0,56100000.0,0.0,10100000.0,-17600000.0,0.0,-7100000.0,-37800000.0,0.0,82800000.0,0.0,65400000.0,65400000.0,65400000.0,-12200000.0,0.0,0.03,230900000.0,50700000.0,303000000.0,0.0,6.067,9.546,9.286,107500000.0,0.0,3.25,0.29,0.286,218800000.0,-516300000.0,2151200000.0,2151200000.0,120100000.0,0.103,0.973,0.864,0.03,0.0,110800000.0,1.0,192088108.0,189000000,193700000.0,11.382,636700000.0,0.0,-1100000.0,0.0,3.369,36500000.0
20,WDC,MRY,2001-12-31,2001-06-29,2001-06-29,2021-08-27,3112000.0,507652000.0,551614250.0,385709000.0,121943000.0,3.541,0.04,-50700000.0,167582000.0,167582000.0,1745700000.0,-98900000.0,1.133,73.622,112491000.0,0.0,112491000.0,112491000.0,0.0,51900000.0,0.0,0.0,0.0,-98900000.0,-47000000.0,-0.024,-47000000.0,-98900000.0,-98900000.0,-0.59,-0.59,-0.59,6803000.0,-3141750.0,6803000.0,651781994.0,-7.0,-13.868,-109500000.0,-0.649,1.0,207700000.0,0.106,0.0,0.0,112215000.0,138764000.0,78905000.0,0.0,0.0,0.0,500849000.0,340346000.0,160503000.0,700039994.0,-16400000.0,0.0,117600000.0,0.0,0.0,117600000.0,-35700000.0,15000000.0,-58800000.0,0.0,-98900000.0,-98900000.0,-98900000.0,45200000.0,0.0,-0.051,229200000.0,-21500000.0,224544000.0,0.0,102.902,-7.078,-6.695,106166000.0,0.0,3.95,0.358,0.341,127767000.0,-581720000.0,1953400000.0,1953400000.0,113400000.0,-0.179,31.479,-0.713,-0.051,0.0,115800000.0,1.0,177225315.0,168700000,168700000.0,11.579,507652000.0,0.0,0.0,0.0,3.009,45363000.0
21,WDC,MRY,2000-12-31,2000-06-30,2000-06-30,2021-08-27,1367000.0,612952000.0,724520750.0,449365000.0,163587000.0,2.701,-0.896,45314000.0,184021000.0,184021000.0,1947594000.0,-188016000.0,1.016,-6.581,225496000.0,0.0,225496000.0,225496000.0,0.0,78283000.0,0.0,0.0,0.0,-207516000.0,-129233000.0,-0.066,-129233000.0,-207516000.0,-207516000.0,-1.53,-1.53,-1.53,-109834000.0,-109350500.0,-109834000.0,717175555.0,-3.0,-5.549,-81407000.0,-0.664,1.0,9605000.0,0.005,0.0,0.0,211967000.0,224763250.0,83709000.0,0.0,0.0,0.0,722786000.0,442460000.0,280326000.0,696700555.0,-42126000.0,0.0,111803000.0,-50000000.0,0.0,77986000.0,32447000.0,-12867000.0,-126721000.0,0.0,-188016000.0,-188016000.0,-188016000.0,25413000.0,0.0,-0.096,363481000.0,-353876000.0,264476000.0,0.0,-6.343,-3.706,-3.268,98360000.0,0.0,5.0,0.356,0.313,148916000.0,-482857000.0,1957199000.0,1957199000.0,150658000.0,-0.26,1.719,-0.923,-0.106,0.0,126986000.0,1.0,139340111.0,122624000,122624000.0,15.961,612952000.0,0.0,-19500000.0,0.0,4.999,6905000.0
22,WDC,MRY,1999-12-31,1999-07-03,1999-07-03,2021-08-27,-2123000.0,1022402000.0,1213555500.0,725528000.0,296874000.0,2.28,-1.719,-106400000.0,226147000.0,226147000.0,2770054000.0,-492690000.0,1.221,-7.648,544144000.0,10000000.0,534144000.0,544144000.0,0.0,131066000.0,0.0,0.0,0.0,-492690000.0,-361624000.0,-0.131,-361624000.0,-492690000.0,-492690000.0,-5.51,-5.51,-5.51,-153790000.0,-7454500.0,-153790000.0,818206587.0,-2.0,-2.263,-235160000.0,-2.628,1.0,-2848000.0,-0.001,0.0,0.0,746291000.0,733239750.0,144093000.0,0.0,0.0,0.0,1176192000.0,594108000.0,582084000.0,577517587.0,-233683000.0,0.0,0.0,-2925000.0,0.0,12423000.0,-106400000.0,0.0,-128760000.0,0.0,-492690000.0,-492690000.0,-492690000.0,20200000.0,0.0,-0.178,453744000.0,-456592000.0,335907000.0,0.0,-3.755,-1.172,-1.157,237939000.0,0.0,6.375,0.209,0.206,273435000.0,-294841000.0,2767206000.0,2767206000.0,198386000.0,-0.406,66.093,-0.672,-0.178,0.0,194358000.0,1.0,90590994.0,89478000,89478000.0,30.926,1022402000.0,0.0,0.0,0.0,11.426,131420000.0
23,WDC,MRY,1998-12-31,1998-06-27,1998-06-27,2021-08-27,0.0,1442688000.0,1374905000.0,1052122000.0,390566000.0,2.576,3.63,-198641000.0,459830000.0,459830000.0,3441475000.0,-290217000.0,1.788,3.54,519188000.0,0.0,519188000.0,519188000.0,0.0,106550000.0,0.0,0.0,0.0,-292008000.0,-185458000.0,-0.052,-185458000.0,-292008000.0,-292008000.0,-3.32,-3.32,-3.32,317758000.0,468872500.0,317758000.0,927309576.0,-3.0,-5.0,-237614000.0,-2.715,1.0,100050000.0,0.028,43579000.0,0.0,869888000.0,636848500.0,186516000.0,0.0,0.0,0.0,1124930000.0,588579000.0,536351000.0,991964576.0,251554000.0,0.0,-35828000.0,491422000.0,0.0,479410000.0,-188883000.0,9758000.0,-38973000.0,0.0,-290217000.0,-290217000.0,-290217000.0,0.0,0.0,-0.082,395875000.0,-295825000.0,330130000.0,0.0,3.122,-3.418,-3.389,346987000.0,0.0,11.25,0.28,0.278,369013000.0,197849000.0,3541525000.0,3541525000.0,203733000.0,-0.211,-0.619,-0.459,-0.082,0.0,192142000.0,1.0,88174629.0,87525000,87525000.0,40.463,1399109000.0,0.0,-1791000.0,17163000.0,15.985,463543000.0
24,WDC,MRY,1997-12-31,1997-06-28,1997-06-28,2021-08-27,0.0,1307122000.0,,1017895000.0,289227000.0,,7.105,-155958000.0,208276000.0,208276000.0,3527574000.0,267596000.0,1.557,1.108,0.0,0.0,0.0,0.0,0.0,63485000.0,0.0,0.0,0.0,301596000.0,365081000.0,0.087,365081000.0,301596000.0,314819000.0,3.07,2.86,3.07,619987000.0,,619987000.0,,,,98201000.0,1.125,1.0,650283000.0,0.156,41332000.0,-13223000.0,403809000.0,,224474000.0,0.0,0.0,0.0,687135000.0,653705000.0,33430000.0,,25711000.0,0.0,-135447000.0,0.0,0.0,-101501000.0,-126947000.0,36598000.0,254159000.0,0.0,267596000.0,267596000.0,267596000.0,0.0,0.0,0.064,348687000.0,301596000.0,417984000.0,0.0,,,10.342,247895000.0,0.0,31.75,,0.663,545552000.0,488066000.0,4177857000.0,4177857000.0,150157000.0,,,,0.072,0.0,198530000.0,1.0,,87261000,93522000.0,47.878,1265790000.0,0.0,47223000.0,33430000.0,14.506,364190000.0
25,WDC,MRY,1996-12-31,1996-06-29,1996-06-29,2021-08-27,,,,,,,,-108696000.0,,,2483155000.0,96894000.0,,,,,,,,51643000.0,,0.0,0.0,107864000.0,159507000.0,0.056,159507000.0,107864000.0,107864000.0,1.05,1.01,1.05,,,,,,,-50415000.0,-0.545,1.0,382064000.0,0.133,,0.0,,,,,,,,,,,-34966000.0,85486000.0,-123737000.0,0.0,0.0,-116428000.0,23181000.0,53579000.0,58281000.0,0.0,96894000.0,96894000.0,96894000.0,0.0,0.0,0.034,304609000.0,77455000.0,,0.0,,,11.607,,0.0,12.188,,0.394,,,2865219000.0,2865219000.0,150112000.0,,,,0.038,0.0,154497000.0,1.0,,92559000,96248000.0,30.956,,,10970000.0,,,
0,WDC,MRQ,2021-06-30,2021-07-02,2021-07-02,2021-08-27,-197000000.0,26132000000.0,,9757000000.0,16375000000.0,,35.151,-304000000.0,3370000000.0,3370000000.0,3354000000.0,622000000.0,2.003,1.437,8725000000.0,251000000.0,8474000000.0,8725000000.0,0.0,251000000.0,0.0,0.0,0.0,676000000.0,927000000.0,0.188,927000000.0,676000000.0,596000000.0,2.04,2.01,2.04,10721000000.0,,10721000000.0,27711057126.0,22.0,11.242,690000000.0,2.262,1.0,1566000000.0,0.318,10508000000.0,80000000.0,16109000000.0,,3616000000.0,1586000000.0,0.0,1586000000.0,15411000000.0,4870000000.0,10541000000.0,21516057126.0,636000000.0,101000000.0,63000000.0,-213000000.0,0.0,-155000000.0,-203000000.0,0.0,994000000.0,0.0,622000000.0,622000000.0,622000000.0,0.0,0.0,0.126,891000000.0,675000000.0,2332000000.0,0.0,2.007,26.207,26.1,3188000000.0,0.0,70.21,1.271,1.265,2257000000.0,7539000000.0,4920000000.0,4920000000.0,598000000.0,,,,,79000000.0,297000000.0,1.0,306452886.0,305000000,312000000.0,16.131,15624000000.0,0.0,-26000000.0,0.0,51.226,4887000000.0
1,WDC,MRQ,2021-03-31,2021-04-02,2021-04-02,2021-08-27,-210000000.0,25409000000.0,,9032000000.0,16377000000.0,,32.513,-162000000.0,2734000000.0,2734000000.0,3046000000.0,197000000.0,2.007,1.554,8929000000.0,251000000.0,8678000000.0,8929000000.0,0.0,251000000.0,0.0,0.0,0.0,330000000.0,581000000.0,0.14,581000000.0,330000000.0,249000000.0,0.64,0.63,0.64,9949000000.0,,9949000000.0,28023155665.0,33.0,12.814,-46000000.0,-0.15,1.0,1091000000.0,0.264,10585000000.0,81000000.0,16518000000.0,,3683000000.0,1694000000.0,0.0,1694000000.0,15460000000.0,4501000000.0,10959000000.0,21846155665.0,-222000000.0,36000000.0,8000000.0,-212000000.0,0.0,-212000000.0,-126000000.0,0.0,116000000.0,0.0,197000000.0,197000000.0,197000000.0,0.0,0.0,0.048,774000000.0,317000000.0,2204000000.0,0.0,2.196,62.957,62.605,3061000000.0,0.0,71.37,1.341,1.341,1905000000.0,6917000000.0,4137000000.0,4137000000.0,555000000.0,,,,,83000000.0,287000000.0,1.0,306097179.0,306000000,313000000.0,13.52,14824000000.0,0.0,52000000.0,0.0,48.444,4531000000.0
2,WDC,MRQ,2020-12-31,2021-01-01,2021-01-01,2021-08-27,-50000000.0,25552000000.0,,9109000000.0,16443000000.0,,32.226,-207000000.0,2956000000.0,2956000000.0,2983000000.0,62000000.0,2.013,1.6,9133000000.0,251000000.0,8882000000.0,9133000000.0,0.0,336000000.0,0.0,0.009,0.0,166000000.0,502000000.0,0.127,502000000.0,166000000.0,85000000.0,0.2,0.2,0.2,9829000000.0,,9829000000.0,23229133043.0,35.0,10.88,218000000.0,0.715,1.0,960000000.0,0.243,10667000000.0,81000000.0,16536000000.0,,3576000000.0,1858000000.0,0.0,1858000000.0,15723000000.0,4526000000.0,11197000000.0,16852133043.0,-39000000.0,-63000000.0,62000000.0,-248000000.0,0.0,-197000000.0,-270000000.0,0.0,425000000.0,3000000.0,62000000.0,62000000.0,62000000.0,0.0,0.0,0.016,802000000.0,158000000.0,2332000000.0,0.0,1.715,100.911,98.911,2918000000.0,0.0,55.39,1.032,1.035,1833000000.0,6720000000.0,3943000000.0,3943000000.0,535000000.0,,,,,80000000.0,265000000.0,1.0,304245045.0,305000000,307000000.0,12.928,14885000000.0,0.0,23000000.0,0.0,48.803,4583000000.0
3,WDC,MRQ,2020-09-30,2020-10-02,2020-10-02,2021-08-27,-101000000.0,25402000000.0,,9005000000.0,16397000000.0,,31.604,-330000000.0,2995000000.0,2995000000.0,3018000000.0,-60000000.0,2.033,1.653,9372000000.0,286000000.0,9086000000.0,9372000000.0,0.0,374000000.0,0.0,0.028,0.0,81000000.0,455000000.0,0.116,455000000.0,81000000.0,-3000000.0,-0.2,-0.2,-0.2,9576000000.0,,9576000000.0,17405827301.0,31.0,8.3,33000000.0,0.109,1.0,904000000.0,0.23,10827000000.0,84000000.0,16523000000.0,,3355000000.0,1746000000.0,0.0,1746000000.0,15826000000.0,4429000000.0,11397000000.0,10878827301.0,-53000000.0,164000000.0,1000000.0,-213000000.0,0.0,-253000000.0,-166000000.0,0.0,363000000.0,3000000.0,-60000000.0,-60000000.0,-60000000.0,0.0,0.0,-0.015,834000000.0,70000000.0,2353000000.0,0.0,1.136,-319.966,-326.909,2897000000.0,0.0,35.96,0.655,0.656,2097000000.0,6658000000.0,3922000000.0,3922000000.0,555000000.0,,,,,76000000.0,256000000.0,1.0,302525787.0,303000000,303000000.0,12.944,14575000000.0,0.0,57000000.0,0.0,48.102,4576000000.0
4,WDC,MRQ,2020-06-30,2020-07-03,2020-07-03,2021-08-27,-157000000.0,25662000000.0,,9048000000.0,16614000000.0,,32.05,-215000000.0,3048000000.0,3048000000.0,3204000000.0,148000000.0,2.054,1.687,9575000000.0,286000000.0,9289000000.0,9575000000.0,0.0,377000000.0,0.0,0.035,0.0,272000000.0,649000000.0,0.151,649000000.0,272000000.0,185000000.0,0.5,0.5,0.5,9551000000.0,,9551000000.0,19405311798.0,53.0,10.039,-43000000.0,-0.144,1.0,1083000000.0,0.253,11008000000.0,87000000.0,16775000000.0,,3070000000.0,1875000000.0,0.0,1875000000.0,16111000000.0,4406000000.0,11705000000.0,12719311798.0,105000000.0,301000000.0,62000000.0,-63000000.0,-150000000.0,-154000000.0,86000000.0,0.0,172000000.0,1000000.0,148000000.0,148000000.0,148000000.0,0.0,0.0,0.035,822000000.0,261000000.0,2352000000.0,0.0,1.332,-50.877,-50.524,2854000000.0,0.0,42.44,0.76,0.756,2379000000.0,6725000000.0,4287000000.0,4287000000.0,546000000.0,,,,,76000000.0,269000000.0,1.0,299701032.0,298000000,298000000.0,14.386,14654000000.0,0.0,37000000.0,0.0,49.174,4642000000.0
5,WDC,MRQ,2020-03-31,2020-04-03,2020-04-03,2021-08-27,-183000000.0,25509000000.0,,8553000000.0,16956000000.0,,30.913,-127000000.0,2943000000.0,2943000000.0,3170000000.0,17000000.0,1.913,1.76,9629000000.0,286000000.0,9343000000.0,9629000000.0,0.0,384000000.0,0.0,0.052,0.5,145000000.0,529000000.0,0.127,529000000.0,145000000.0,46000000.0,0.06,0.06,0.06,9243000000.0,,9243000000.0,18118173991.0,-69.0,13.491,15000000.0,0.05,1.0,1005000000.0,0.241,11192000000.0,99000000.0,16532000000.0,,3091000000.0,2157000000.0,0.0,2157000000.0,16266000000.0,4471000000.0,11795000000.0,11422173991.0,-194000000.0,159000000.0,7000000.0,-212000000.0,-149000000.0,-369000000.0,32000000.0,0.0,142000000.0,1000000.0,17000000.0,17000000.0,17000000.0,0.0,0.0,0.004,852000000.0,153000000.0,2183000000.0,8.333,1.236,-19.197,-19.01,2735000000.0,0.0,38.21,0.71,0.71,1978000000.0,6578000000.0,4175000000.0,4175000000.0,563000000.0,,,,,78000000.0,281000000.0,1.0,298931536.0,299000000,303000000.0,13.963,14317000000.0,0.0,29000000.0,0.0,47.883,4082000000.0
6,WDC,MRQ,2019-12-31,2020-01-03,2020-01-03,2021-08-27,-110000000.0,25860000000.0,,8627000000.0,17233000000.0,,31.473,-160000000.0,3137000000.0,3137000000.0,3299000000.0,-139000000.0,1.925,1.757,9833000000.0,286000000.0,9547000000.0,9833000000.0,0.0,399000000.0,0.0,0.031,0.5,65000000.0,464000000.0,0.11,464000000.0,65000000.0,-40000000.0,-0.47,-0.47,-0.47,9379000000.0,,9379000000.0,26179307006.0,-34.0,29.12,97000000.0,0.326,1.0,935000000.0,0.221,11380000000.0,105000000.0,16694000000.0,,3122000000.0,2321000000.0,0.0,2321000000.0,16481000000.0,4482000000.0,11999000000.0,19215307006.0,-111000000.0,286000000.0,46000000.0,-388000000.0,-149000000.0,-493000000.0,126000000.0,0.0,257000000.0,-1000000.0,-139000000.0,-139000000.0,-139000000.0,0.0,0.0,-0.033,885000000.0,50000000.0,2100000000.0,-1.064,2.049,-16.107,-15.914,2722000000.0,0.0,64.61,1.233,1.236,1791000000.0,6717000000.0,4234000000.0,4234000000.0,578000000.0,,,,,77000000.0,298000000.0,1.0,297404535.0,298000000,298000000.0,14.208,14480000000.0,0.0,99000000.0,0.0,48.591,4145000000.0
7,WDC,MRQ,2019-09-30,2019-10-04,2019-10-04,2021-08-27,-90000000.0,26280000000.0,,8500000000.0,17780000000.0,,32.318,-145000000.0,3248000000.0,3248000000.0,3282000000.0,-276000000.0,1.982,1.747,10212000000.0,251000000.0,9961000000.0,10212000000.0,0.0,406000000.0,0.0,0.034,0.5,-115000000.0,291000000.0,0.072,291000000.0,-115000000.0,-237000000.0,-0.93,-0.93,-0.93,9566000000.0,,9566000000.0,24403946959.0,-39.0,22.065,108000000.0,0.365,1.0,758000000.0,0.188,11604000000.0,122000000.0,17352000000.0,,3287000000.0,2629000000.0,0.0,2629000000.0,16714000000.0,4288000000.0,12426000000.0,17336946959.0,-207000000.0,179000000.0,26000000.0,-319000000.0,-147000000.0,-492000000.0,34000000.0,0.0,253000000.0,-2000000.0,-276000000.0,-276000000.0,-276000000.0,0.0,0.0,-0.068,887000000.0,-129000000.0,2231000000.0,-0.538,1.812,-11.25,-11.114,2796000000.0,0.0,58.57,1.113,1.113,1448000000.0,7012000000.0,4040000000.0,4040000000.0,574000000.0,,,,,77000000.0,305000000.0,1.0,296003875.0,296000000,296000000.0,13.649,14676000000.0,0.0,39000000.0,0.0,49.581,4212000000.0
8,WDC,MRQ,2019-06-30,2019-06-28,2019-06-28,2021-08-27,-68000000.0,26370000000.0,,8477000000.0,17893000000.0,,33.786,-38000000.0,3455000000.0,3455000000.0,3169000000.0,-197000000.0,2.221,1.646,10522000000.0,276000000.0,10246000000.0,10522000000.0,0.0,416000000.0,0.0,0.042,0.5,-357000000.0,59000000.0,0.016,59000000.0,-357000000.0,-474000000.0,-0.67,-0.67,-0.67,9967000000.0,,9967000000.0,20835040825.0,114.0,10.449,131000000.0,0.444,1.0,465000000.0,0.128,11787000000.0,117000000.0,17833000000.0,,3283000000.0,2791000000.0,0.0,2791000000.0,16403000000.0,3817000000.0,12586000000.0,13932040825.0,-227000000.0,-308000000.0,52000000.0,-72000000.0,-146000000.0,-172000000.0,-230000000.0,116000000.0,169000000.0,6000000.0,-197000000.0,-197000000.0,-197000000.0,0.0,0.0,-0.054,846000000.0,-381000000.0,1898000000.0,-0.746,1.398,-18.478,-18.43,2843000000.0,0.0,47.55,0.841,0.838,1204000000.0,7449000000.0,3634000000.0,3634000000.0,523000000.0,,,,,64000000.0,299000000.0,1.0,292997704.0,295000000,295000000.0,12.319,14583000000.0,0.0,-277000000.0,0.0,49.434,4660000000.0
9,WDC,MRQ,2019-03-31,2019-03-29,2019-03-29,2021-08-27,-55000000.0,26913000000.0,,8902000000.0,18011000000.0,,34.979,-222000000.0,3682000000.0,3682000000.0,3095000000.0,-581000000.0,2.113,1.635,10585000000.0,276000000.0,10309000000.0,10585000000.0,0.0,444000000.0,0.0,0.042,0.5,-359000000.0,85000000.0,0.023,85000000.0,-359000000.0,-477000000.0,-1.99,-1.99,-1.99,10214000000.0,,10214000000.0,20579296080.0,15.0,6.299,-18000000.0,-0.062,1.0,579000000.0,0.158,11993000000.0,118000000.0,17611000000.0,,3440000000.0,2403000000.0,0.0,2403000000.0,16699000000.0,4212000000.0,12487000000.0,13978296080.0,-331000000.0,-95000000.0,5000000.0,-38000000.0,-146000000.0,-219000000.0,-317000000.0,0.0,204000000.0,1000000.0,-581000000.0,-581000000.0,-581000000.0,0.0,0.0,-0.158,973000000.0,-394000000.0,1889000000.0,-0.251,1.369,70.243,77.516,3031000000.0,0.0,48.06,0.774,0.777,1223000000.0,7799000000.0,3674000000.0,3674000000.0,544000000.0,,,,,84000000.0,353000000.0,1.0,290850938.0,292000000,292000000.0,12.582,14920000000.0,0.0,104000000.0,0.0,51.096,4690000000.0
10,WDC,MRQ,2018-12-31,2018-12-28,2018-12-28,2021-08-27,-35000000.0,27939000000.0,,9742000000.0,18197000000.0,,37.628,-220000000.0,4013000000.0,4013000000.0,3189000000.0,-487000000.0,2.24,1.56,10614000000.0,244000000.0,10370000000.0,10614000000.0,0.0,472000000.0,0.0,0.054,0.5,199000000.0,671000000.0,0.159,671000000.0,199000000.0,81000000.0,-1.68,-1.68,-1.68,10912000000.0,,10912000000.0,17130463037.0,10.0,4.614,249000000.0,0.859,1.0,1044000000.0,0.247,12222000000.0,118000000.0,17968000000.0,,3427000000.0,2318000000.0,0.0,2318000000.0,17027000000.0,4350000000.0,12677000000.0,10633463037.0,-633000000.0,-235000000.0,53000000.0,-537000000.0,-144000000.0,-631000000.0,-466000000.0,-11000000.0,469000000.0,-5000000.0,-487000000.0,-487000000.0,-487000000.0,0.0,0.0,-0.115,868000000.0,176000000.0,2235000000.0,-0.298,0.974,12.644,13.075,3077000000.0,0.0,36.74,0.548,0.549,1715000000.0,8532000000.0,4233000000.0,4233000000.0,539000000.0,,,,,79000000.0,309000000.0,1.0,289424688.0,290000000,290000000.0,14.597,15717000000.0,0.0,568000000.0,0.0,54.197,5392000000.0
11,WDC,MRQ,2018-09-30,2018-09-28,2018-09-28,2021-08-27,-76000000.0,28705000000.0,,10571000000.0,18134000000.0,,38.955,-277000000.0,4646000000.0,4646000000.0,3364000000.0,511000000.0,2.411,1.524,11143000000.0,213000000.0,10930000000.0,11143000000.0,0.0,480000000.0,0.0,0.034,0.5,699000000.0,1179000000.0,0.234,1179000000.0,699000000.0,583000000.0,1.75,1.71,1.75,11375000000.0,,11375000000.0,23223027599.0,9.0,5.106,428000000.0,1.466,1.0,1664000000.0,0.331,12476000000.0,116000000.0,18341000000.0,,3119000000.0,2028000000.0,0.0,2028000000.0,17330000000.0,4385000000.0,12945000000.0,17056027599.0,-359000000.0,20000000.0,-555000000.0,-38000000.0,-148000000.0,-807000000.0,-259000000.0,-2000000.0,705000000.0,2000000.0,511000000.0,511000000.0,511000000.0,0.0,0.0,0.102,978000000.0,686000000.0,2367000000.0,0.286,1.499,33.774,34.234,3054000000.0,0.0,58.54,0.832,0.834,2219000000.0,9172000000.0,5028000000.0,5028000000.0,576000000.0,,,,,79000000.0,356000000.0,1.0,291356809.0,292000000,298000000.0,17.219,16229000000.0,0.0,72000000.0,0.0,55.579,6186000000.0
12,WDC,MRQ,2018-06-30,2018-06-29,2018-06-29,2021-08-27,-39000000.0,29235000000.0,,10638000000.0,18597000000.0,,38.437,-190000000.0,5005000000.0,5005000000.0,3265000000.0,756000000.0,2.387,1.535,11172000000.0,179000000.0,10993000000.0,11172000000.0,0.0,489000000.0,0.0,0.026,0.5,843000000.0,1332000000.0,0.26,1332000000.0,843000000.0,729000000.0,2.54,2.47,2.54,11531000000.0,,11531000000.0,29401327942.0,11.0,6.104,673000000.0,2.243,1.0,1852000000.0,0.362,12755000000.0,114000000.0,18191000000.0,,2944000000.0,2105000000.0,0.0,2105000000.0,17704000000.0,4456000000.0,13248000000.0,23164327942.0,42000000.0,-48000000.0,-362000000.0,-44000000.0,-150000000.0,-563000000.0,-249000000.0,-11000000.0,863000000.0,-9000000.0,756000000.0,756000000.0,756000000.0,0.0,0.0,0.148,1009000000.0,843000000.0,2524000000.0,0.197,2.009,34.318,34.101,3095000000.0,0.0,77.41,1.122,1.114,2197000000.0,8757000000.0,5117000000.0,5117000000.0,577000000.0,,,,,78000000.0,352000000.0,1.0,299242061.0,300000000,340000000.0,17.057,16480000000.0,0.0,-27000000.0,0.0,54.933,6182000000.0
13,WDC,MRQ,2018-03-31,2018-03-30,2018-03-30,2021-08-27,46000000.0,29004000000.0,,10164000000.0,18840000000.0,,37.919,-213000000.0,4963000000.0,4963000000.0,3086000000.0,61000000.0,2.386,1.567,11200000000.0,124000000.0,11076000000.0,11200000000.0,0.0,499000000.0,0.0,0.022,0.5,32000000.0,531000000.0,0.106,531000000.0,32000000.0,-128000000.0,0.2,0.2,0.2,11300000000.0,,11300000000.0,33234888789.0,13.0,7.152,814000000.0,2.732,1.0,1927000000.0,0.384,13035000000.0,160000000.0,17947000000.0,,2670000000.0,2180000000.0,20000000.0,2160000000.0,17704000000.0,4259000000.0,13445000000.0,27455888789.0,-1309000000.0,-187000000.0,-108000000.0,-1593000000.0,-148000000.0,-1946000000.0,-399000000.0,1000000.0,1027000000.0,9000000.0,61000000.0,61000000.0,61000000.0,0.0,0.0,0.012,1013000000.0,914000000.0,2416000000.0,2.5,2.43,137.969,131.814,3011000000.0,0.0,92.27,1.348,1.35,2011000000.0,8155000000.0,5013000000.0,5013000000.0,602000000.0,,,,,103000000.0,376000000.0,1.0,297560299.0,298000000,308000000.0,16.822,15969000000.0,0.0,-189000000.0,0.0,53.587,5905000000.0
14,WDC,MRQ,2017-12-31,2017-12-29,2017-12-29,2021-08-27,-46000000.0,29840000000.0,,11113000000.0,18727000000.0,,38.081,-251000000.0,6272000000.0,6272000000.0,3323000000.0,-823000000.0,2.553,1.647,12051000000.0,274000000.0,11777000000.0,12051000000.0,0.0,535000000.0,0.0,0.025,0.5,971000000.0,1506000000.0,0.282,1506000000.0,971000000.0,774000000.0,-2.78,-2.78,-2.78,11272000000.0,,11272000000.0,29768909730.0,10.0,5.741,931000000.0,3.145,1.0,2013000000.0,0.377,13306000000.0,197000000.0,17960000000.0,,2281000000.0,1868000000.0,23000000.0,1845000000.0,18568000000.0,4353000000.0,14215000000.0,23523909730.0,-614000000.0,-388000000.0,79000000.0,-1094000000.0,-148000000.0,-1167000000.0,-629000000.0,10000000.0,1182000000.0,0.0,-823000000.0,-823000000.0,-823000000.0,0.0,0.0,-0.154,1058000000.0,955000000.0,2171000000.0,-0.18,2.087,60.943,58.478,3054000000.0,0.0,79.53,1.176,1.177,2052000000.0,8250000000.0,5336000000.0,5336000000.0,629000000.0,,,,,99000000.0,381000000.0,1.0,295786618.0,296000000,296000000.0,18.027,16534000000.0,0.0,1597000000.0,0.0,55.858,6760000000.0
15,WDC,MRQ,2017-09-30,2017-09-29,2017-09-29,2021-08-27,-59000000.0,30505000000.0,,11820000000.0,18685000000.0,,40.878,-155000000.0,6886000000.0,6886000000.0,3268000000.0,681000000.0,2.645,1.53,13131000000.0,258000000.0,12873000000.0,13131000000.0,0.0,533000000.0,0.0,0.023,0.5,915000000.0,1448000000.0,0.279,1448000000.0,915000000.0,710000000.0,2.31,2.23,2.31,12059000000.0,,12059000000.0,32274201296.0,13.0,6.839,978000000.0,3.315,1.0,1913000000.0,0.369,13618000000.0,205000000.0,18663000000.0,,2302000000.0,1497000000.0,35000000.0,1462000000.0,18446000000.0,4469000000.0,13977000000.0,25477201296.0,532000000.0,-201000000.0,20000000.0,-62000000.0,-147000000.0,-224000000.0,-378000000.0,-22000000.0,1133000000.0,1000000.0,681000000.0,681000000.0,681000000.0,0.0,0.0,0.131,1008000000.0,905000000.0,2292000000.0,0.216,2.113,17.643,17.419,3048000000.0,0.0,86.4,1.303,1.303,2101000000.0,9229000000.0,5181000000.0,5181000000.0,592000000.0,,,,,97000000.0,364000000.0,1.0,294875015.0,295000000,306000000.0,17.563,16887000000.0,0.0,29000000.0,0.0,57.244,7351000000.0
16,WDC,MRQ,2017-06-30,2017-06-30,2017-06-30,2021-08-27,-58000000.0,29860000000.0,,11056000000.0,18804000000.0,,39.237,-125000000.0,6354000000.0,6354000000.0,3161000000.0,280000000.0,2.545,1.615,13151000000.0,233000000.0,12918000000.0,13151000000.0,0.0,546000000.0,0.0,0.023,0.5,616000000.0,1162000000.0,0.24,1162000000.0,616000000.0,415000000.0,0.97,0.94,0.97,11418000000.0,,11418000000.0,33240076108.0,21.0,8.878,814000000.0,2.797,1.0,1681000000.0,0.347,13837000000.0,201000000.0,18476000000.0,,2341000000.0,1340000000.0,0.0,1340000000.0,18442000000.0,4344000000.0,14098000000.0,25804076108.0,702000000.0,-64000000.0,112000000.0,-10000000.0,-146000000.0,-49000000.0,-190000000.0,-1000000.0,939000000.0,2000000.0,280000000.0,280000000.0,280000000.0,0.0,0.0,0.058,1029000000.0,652000000.0,2350000000.0,0.515,2.26,64.998,64.203,3033000000.0,0.0,88.6,1.351,1.336,1948000000.0,8633000000.0,4842000000.0,4842000000.0,604000000.0,,,,,91000000.0,345000000.0,1.0,291242394.0,291000000,299000000.0,16.639,16023000000.0,0.0,135000000.0,0.0,55.062,6712000000.0
17,WDC,MRQ,2017-03-31,2017-03-31,2017-03-31,2021-08-27,-96000000.0,29448000000.0,,10313000000.0,19135000000.0,,38.17,-103000000.0,5652000000.0,5652000000.0,3126000000.0,248000000.0,2.393,1.67,13088000000.0,181000000.0,12907000000.0,13088000000.0,0.0,560000000.0,0.0,0.024,0.5,509000000.0,1069000000.0,0.23,1069000000.0,509000000.0,304000000.0,0.86,0.83,0.86,11031000000.0,,11031000000.0,31907452835.0,43.0,11.632,895000000.0,3.097,1.0,1523000000.0,0.328,14156000000.0,205000000.0,18419000000.0,,2254000000.0,1316000000.0,25000000.0,1291000000.0,18417000000.0,4309000000.0,14108000000.0,23774452835.0,712000000.0,-163000000.0,33000000.0,-12000000.0,-144000000.0,-160000000.0,-130000000.0,136000000.0,998000000.0,4000000.0,248000000.0,248000000.0,248000000.0,0.0,0.0,0.053,998000000.0,525000000.0,2379000000.0,0.581,2.155,-95.48,-68.207,3099000000.0,0.0,82.53,1.34,1.344,1948000000.0,8507000000.0,4649000000.0,4649000000.0,613000000.0,,,,,102000000.0,346000000.0,1.0,288070433.0,289000000,299000000.0,16.087,15292000000.0,0.0,56000000.0,0.0,52.913,6004000000.0
18,WDC,MRQ,2016-12-31,2016-12-30,2016-12-30,2021-08-27,-197000000.0,28975000000.0,,9606000000.0,19369000000.0,,37.524,-146000000.0,4940000000.0,4940000000.0,3355000000.0,235000000.0,2.35,1.7,13073000000.0,129000000.0,12944000000.0,13073000000.0,0.0,514000000.0,0.0,0.029,0.5,526000000.0,1040000000.0,0.213,1040000000.0,526000000.0,321000000.0,0.82,0.8,0.82,10732000000.0,,10732000000.0,28453951913.0,87.0,14.128,914000000.0,3.196,1.0,1533000000.0,0.314,14474000000.0,205000000.0,18546000000.0,,2085000000.0,1243000000.0,161000000.0,1082000000.0,18243000000.0,4088000000.0,14155000000.0,19397951913.0,863000000.0,-54000000.0,66000000.0,-12000000.0,-142000000.0,-74000000.0,-114000000.0,86000000.0,1060000000.0,-9000000.0,235000000.0,235000000.0,235000000.0,0.0,0.0,0.048,988000000.0,545000000.0,2187000000.0,0.61,1.807,-45.858,-38.829,3238000000.0,0.0,67.95,1.219,1.221,2004000000.0,8411000000.0,4888000000.0,4888000000.0,585000000.0,,,,,102000000.0,358000000.0,1.0,285473906.0,286000000,294000000.0,17.091,14501000000.0,0.0,86000000.0,0.0,50.703,5518000000.0
19,WDC,MRQ,2016-09-30,2016-09-30,2016-09-30,2021-08-27,115000000.0,29010000000.0,,9123000000.0,19887000000.0,,37.807,-183000000.0,4077000000.0,4077000000.0,3379000000.0,-366000000.0,2.328,1.692,13133000000.0,78000000.0,13055000000.0,13133000000.0,0.0,508000000.0,0.0,0.034,0.5,-35000000.0,473000000.0,0.1,473000000.0,-35000000.0,-271000000.0,-1.28,-1.28,-1.28,10775000000.0,,10775000000.0,25463953267.0,447.0,17.171,257000000.0,0.902,1.0,1335000000.0,0.283,14758000000.0,236000000.0,19389000000.0,,2109000000.0,1465000000.0,248000000.0,1217000000.0,18235000000.0,3919000000.0,14316000000.0,16620953267.0,-4074000000.0,-28000000.0,24000000.0,-4257000000.0,-142000000.0,-4312000000.0,-202000000.0,9000000.0,440000000.0,0.0,-366000000.0,-366000000.0,-366000000.0,0.0,0.0,-0.078,1103000000.0,232000000.0,2136000000.0,-0.391,1.543,-40.838,-39.242,3359000000.0,0.0,58.47,1.158,1.161,2023000000.0,8329000000.0,4714000000.0,4714000000.0,639000000.0,,,,,99000000.0,396000000.0,1.0,284264636.0,285000000,285000000.0,16.54,14252000000.0,0.0,95000000.0,0.0,50.007,5204000000.0
20,WDC,MRQ,2016-06-30,2016-07-01,2016-07-01,2021-08-27,103000000.0,32862000000.0,,12584000000.0,20278000000.0,,42.865,-151000000.0,8151000000.0,8151000000.0,2674000000.0,-366000000.0,1.811,1.949,16994000000.0,3334000000.0,13660000000.0,16994000000.0,0.0,420000000.0,0.0,0.043,0.5,-259000000.0,161000000.0,0.046,161000000.0,-259000000.0,-485000000.0,-1.61,-1.6,-1.61,11145000000.0,,11145000000.0,7143357346.0,17.0,4.541,204000000.0,0.785,1.0,821000000.0,0.235,14985000000.0,226000000.0,19771000000.0,,2129000000.0,1398000000.0,227000000.0,1171000000.0,21717000000.0,6949000000.0,14768000000.0,10827357346.0,2264000000.0,-9978000000.0,53000000.0,11769000000.0,-117000000.0,11505000000.0,-9597000000.0,532000000.0,355000000.0,1000000.0,-366000000.0,-366000000.0,-366000000.0,0.0,0.0,-0.105,1016000000.0,-195000000.0,2056000000.0,-0.311,0.971,44.741,46.01,3503000000.0,0.0,46.47,0.833,0.855,1461000000.0,8848000000.0,3495000000.0,3495000000.0,494000000.0,,,,,70000000.0,400000000.0,1.0,232996715.0,260000000,266000000.0,13.442,17877000000.0,0.0,-119000000.0,0.0,68.758,5635000000.0
21,WDC,MRQ,2016-03-31,2016-04-01,2016-04-01,2021-08-27,32000000.0,14947000000.0,,8740000000.0,6207000000.0,,41.24,-133000000.0,5887000000.0,5887000000.0,2069000000.0,74000000.0,3.143,0.556,2203000000.0,203000000.0,2000000000.0,2203000000.0,0.0,246000000.0,0.0,0.043,0.5,94000000.0,340000000.0,0.12,340000000.0,94000000.0,80000000.0,0.32,0.32,0.32,9609000000.0,,9609000000.0,7989089037.0,9.0,4.159,352000000.0,1.511,1.0,753000000.0,0.267,3034000000.0,14000000.0,5448000000.0,,1227000000.0,146000000.0,146000000.0,0.0,5338000000.0,2781000000.0,2557000000.0,10847089037.0,524000000.0,-11000000.0,10000000.0,-301000000.0,-116000000.0,-404000000.0,443000000.0,587000000.0,485000000.0,0.0,74000000.0,74000000.0,74000000.0,0.0,0.0,0.026,665000000.0,88000000.0,1571000000.0,1.562,1.129,13.1,12.944,2687000000.0,0.0,46.6,0.855,0.856,1254000000.0,9363000000.0,2822000000.0,2822000000.0,359000000.0,,,,,42000000.0,166000000.0,1.0,232770151.0,233000000,234000000.0,12.112,11913000000.0,0.0,6000000.0,0.0,51.129,5959000000.0
22,WDC,MRQ,2015-12-31,2016-01-01,2016-01-01,2021-08-27,-8000000.0,15466000000.0,,8948000000.0,6518000000.0,,41.194,-149000000.0,5363000000.0,5363000000.0,2411000000.0,251000000.0,2.757,0.618,2505000000.0,443000000.0,2062000000.0,2505000000.0,0.0,252000000.0,0.0,0.033,0.5,257000000.0,509000000.0,0.153,509000000.0,257000000.0,244000000.0,1.08,1.07,1.08,9557000000.0,,9557000000.0,11369536132.0,9.0,4.965,449000000.0,1.935,1.0,906000000.0,0.273,3058000000.0,13000000.0,6305000000.0,,1238000000.0,497000000.0,497000000.0,0.0,5909000000.0,3245000000.0,2664000000.0,13914536132.0,282000000.0,-2000000.0,39000000.0,-32000000.0,-116000000.0,-135000000.0,-181000000.0,-30000000.0,598000000.0,0.0,251000000.0,251000000.0,251000000.0,0.0,0.0,0.076,655000000.0,251000000.0,1806000000.0,0.463,1.456,12.227,12.156,2801000000.0,0.0,60.05,1.037,1.038,1650000000.0,9407000000.0,3317000000.0,3317000000.0,389000000.0,,,,,37000000.0,239000000.0,1.0,231715839.0,232000000,234000000.0,14.297,12408000000.0,0.0,-7000000.0,0.0,53.483,5703000000.0
23,WDC,MRQ,2015-09-30,2015-10-02,2015-10-02,2021-08-27,-44000000.0,15261000000.0,,8655000000.0,6606000000.0,,40.416,-151000000.0,5081000000.0,5081000000.0,2405000000.0,283000000.0,2.679,0.635,2536000000.0,427000000.0,2109000000.0,2536000000.0,0.0,236000000.0,0.0,0.024,0.5,327000000.0,563000000.0,0.168,563000000.0,327000000.0,314000000.0,1.23,1.21,1.23,9336000000.0,,9336000000.0,15846212334.0,11.0,6.236,394000000.0,1.706,1.0,955000000.0,0.284,3085000000.0,13000000.0,6400000000.0,,1260000000.0,347000000.0,347000000.0,0.0,5925000000.0,3231000000.0,2694000000.0,18303212334.0,57000000.0,-10000000.0,-45000000.0,-31000000.0,-115000000.0,-215000000.0,-273000000.0,-112000000.0,545000000.0,0.0,283000000.0,283000000.0,283000000.0,0.0,0.0,0.084,633000000.0,322000000.0,1799000000.0,0.407,1.96,13.814,13.84,2890000000.0,0.0,79.44,1.308,1.312,1616000000.0,9273000000.0,3360000000.0,3360000000.0,385000000.0,,,,,42000000.0,192000000.0,1.0,230402975.0,231000000,234000000.0,14.545,12176000000.0,0.0,31000000.0,0.0,52.71,5424000000.0
24,WDC,MRQ,2015-06-30,2015-07-03,2015-07-03,2021-08-27,-20000000.0,15170000000.0,,8513000000.0,6657000000.0,,40.258,-163000000.0,5024000000.0,5024000000.0,2261000000.0,220000000.0,2.629,0.646,2556000000.0,407000000.0,2149000000.0,2556000000.0,0.0,250000000.0,0.0,0.022,0.5,259000000.0,509000000.0,0.16,509000000.0,259000000.0,247000000.0,0.97,0.95,0.97,9219000000.0,,9219000000.0,16205858292.0,10.0,5.915,325000000.0,1.419,1.0,930000000.0,0.291,3098000000.0,12000000.0,6366000000.0,,1368000000.0,262000000.0,262000000.0,0.0,5951000000.0,3238000000.0,2713000000.0,18673858292.0,212000000.0,-5000000.0,-132000000.0,224000000.0,-116000000.0,-35000000.0,-241000000.0,-67000000.0,488000000.0,0.0,220000000.0,220000000.0,220000000.0,0.0,0.0,0.069,675000000.0,255000000.0,1881000000.0,0.515,2.026,12.747,12.816,2965000000.0,0.0,80.87,1.281,1.288,1532000000.0,9107000000.0,3191000000.0,3191000000.0,381000000.0,,,,,45000000.0,205000000.0,1.0,230912060.0,229000000,234000000.0,13.934,12072000000.0,0.0,27000000.0,0.0,52.716,5275000000.0
25,WDC,MRQ,2015-03-31,2015-04-03,2015-04-03,2021-08-27,-3000000.0,15176000000.0,,8429000000.0,6747000000.0,,39.939,-150000000.0,4812000000.0,4812000000.0,2518000000.0,384000000.0,2.619,0.645,2344000000.0,141000000.0,2203000000.0,2344000000.0,0.0,285000000.0,0.0,0.018,0.5,424000000.0,709000000.0,0.2,709000000.0,424000000.0,412000000.0,1.66,1.63,1.66,9226000000.0,,9226000000.0,18958932569.0,11.0,6.542,534000000.0,2.312,1.0,1032000000.0,0.291,3145000000.0,12000000.0,6345000000.0,,1322000000.0,228000000.0,228000000.0,0.0,5950000000.0,3218000000.0,2732000000.0,21485932569.0,-90000000.0,-241000000.0,-206000000.0,-31000000.0,-93000000.0,-316000000.0,-458000000.0,-57000000.0,684000000.0,0.0,384000000.0,384000000.0,384000000.0,0.0,0.0,0.108,611000000.0,421000000.0,2020000000.0,0.301,2.329,13.755,13.839,3051000000.0,0.0,93.0,1.429,1.429,1696000000.0,9004000000.0,3550000000.0,3550000000.0,402000000.0,,,,,37000000.0,199000000.0,1.0,231031533.0,231000000,236000000.0,15.368,12031000000.0,0.0,28000000.0,0.0,52.082,5211000000.0
26,WDC,MRQ,2014-12-31,2015-01-02,2015-01-02,2021-08-27,-32000000.0,15139000000.0,,8660000000.0,6479000000.0,,38.979,-139000000.0,4902000000.0,4902000000.0,2778000000.0,438000000.0,2.633,0.667,2375000000.0,125000000.0,2250000000.0,2375000000.0,0.0,290000000.0,0.0,0.014,0.4,470000000.0,760000000.0,0.195,760000000.0,470000000.0,458000000.0,1.88,1.84,1.88,9082000000.0,,9082000000.0,22888969019.0,13.0,7.841,104000000.0,0.446,1.0,1110000000.0,0.285,2925000000.0,12000000.0,6398000000.0,,1282000000.0,241000000.0,241000000.0,0.0,6057000000.0,3289000000.0,2768000000.0,25641969019.0,-257000000.0,-6000000.0,-236000000.0,-32000000.0,-93000000.0,-372000000.0,-128000000.0,-11000000.0,243000000.0,0.0,438000000.0,438000000.0,438000000.0,0.0,0.0,0.113,644000000.0,466000000.0,2071000000.0,0.213,2.823,16.511,16.581,3099000000.0,0.0,110.43,1.689,1.694,1880000000.0,8738000000.0,3888000000.0,3888000000.0,426000000.0,,,,,41000000.0,164000000.0,1.0,232201114.0,233000000,238000000.0,16.687,12214000000.0,0.0,20000000.0,0.0,52.421,5371000000.0
27,WDC,MRQ,2014-09-30,2014-10-03,2014-10-03,2021-08-27,-14000000.0,15652000000.0,,8990000000.0,6662000000.0,,38.303,-160000000.0,5159000000.0,5159000000.0,2794000000.0,423000000.0,2.295,0.746,2406000000.0,125000000.0,2281000000.0,2406000000.0,0.0,289000000.0,0.0,0.015,0.4,473000000.0,762000000.0,0.193,762000000.0,473000000.0,460000000.0,1.81,1.76,1.81,8963000000.0,,8963000000.0,19958665618.0,11.0,6.75,667000000.0,2.85,1.0,1149000000.0,0.291,2965000000.0,13000000.0,6016000000.0,,1272000000.0,222000000.0,222000000.0,0.0,6689000000.0,3918000000.0,2771000000.0,22324665618.0,355000000.0,0.0,-184000000.0,-31000000.0,-94000000.0,-346000000.0,-126000000.0,46000000.0,827000000.0,0.0,423000000.0,423000000.0,423000000.0,0.0,0.0,0.107,680000000.0,469000000.0,2016000000.0,0.221,2.491,14.45,14.455,3202000000.0,0.0,95.4,1.462,1.462,1915000000.0,8394000000.0,3943000000.0,3943000000.0,437000000.0,,,,,39000000.0,220000000.0,1.0,234011170.0,234000000,240000000.0,16.85,12687000000.0,0.0,37000000.0,0.0,54.218,5072000000.0
28,WDC,MRQ,2014-06-30,2014-06-27,2014-06-27,2021-08-27,12000000.0,15499000000.0,,8720000000.0,6779000000.0,,38.112,-161000000.0,4804000000.0,4804000000.0,2622000000.0,317000000.0,2.268,0.753,2438000000.0,125000000.0,2313000000.0,2438000000.0,0.0,308000000.0,0.0,0.013,0.4,359000000.0,667000000.0,0.183,667000000.0,359000000.0,347000000.0,1.37,1.31,1.37,8842000000.0,,8842000000.0,19737871825.0,11.0,6.467,551000000.0,2.375,1.0,1029000000.0,0.282,3013000000.0,12000000.0,6275000000.0,,1226000000.0,284000000.0,284000000.0,0.0,6657000000.0,3845000000.0,2812000000.0,21837871825.0,235000000.0,4000000.0,-210000000.0,-31000000.0,-70000000.0,-297000000.0,-180000000.0,-19000000.0,712000000.0,0.0,317000000.0,317000000.0,317000000.0,0.0,0.0,0.087,677000000.0,352000000.0,1971000000.0,0.292,2.47,13.505,13.503,3293000000.0,0.0,92.9,1.443,1.443,1989000000.0,8066000000.0,3651000000.0,3651000000.0,426000000.0,,,,,31000000.0,254000000.0,1.0,235068588.0,232000000,242000000.0,15.737,12486000000.0,0.0,30000000.0,0.0,53.819,4875000000.0
29,WDC,MRQ,2014-03-31,2014-03-28,2014-03-28,2021-08-27,-4000000.0,15332000000.0,,8306000000.0,7026000000.0,,37.311,-161000000.0,4569000000.0,4569000000.0,2627000000.0,375000000.0,2.217,0.749,2469000000.0,125000000.0,2344000000.0,2469000000.0,0.0,307000000.0,0.0,0.012,0.3,423000000.0,730000000.0,0.197,730000000.0,423000000.0,406000000.0,1.6,1.55,1.6,8768000000.0,,8768000000.0,18809148404.0,15.0,7.618,537000000.0,2.285,1.0,1076000000.0,0.291,3097000000.0,17000000.0,6388000000.0,,1277000000.0,296000000.0,296000000.0,0.0,6564000000.0,3747000000.0,2817000000.0,21124148404.0,-86000000.0,0.0,-216000000.0,121000000.0,-71000000.0,-153000000.0,-631000000.0,-470000000.0,698000000.0,0.0,375000000.0,375000000.0,375000000.0,0.0,0.0,0.101,657000000.0,419000000.0,1902000000.0,0.188,2.409,20.41,20.092,3406000000.0,0.0,89.41,1.389,1.382,1802000000.0,7845000000.0,3703000000.0,3703000000.0,418000000.0,,,,,41000000.0,201000000.0,1.0,236261586.0,235000000,242000000.0,15.757,12235000000.0,0.0,31000000.0,0.0,52.064,4559000000.0
30,WDC,MRQ,2013-12-31,2013-12-27,2013-12-27,2021-08-27,-49000000.0,15282000000.0,,8288000000.0,6994000000.0,,36.352,-170000000.0,4655000000.0,4655000000.0,2816000000.0,430000000.0,1.794,0.781,2340000000.0,730000000.0,1610000000.0,2340000000.0,0.0,317000000.0,0.0,0.013,0.3,481000000.0,798000000.0,0.201,798000000.0,481000000.0,467000000.0,1.82,1.77,1.82,8579000000.0,,8579000000.0,17100856097.0,14.0,6.929,556000000.0,2.356,1.0,1156000000.0,0.291,3162000000.0,14000000.0,5185000000.0,,1293000000.0,0.0,0.0,0.0,6703000000.0,4620000000.0,2083000000.0,19571856097.0,-214000000.0,-560000000.0,-75000000.0,-57000000.0,-59000000.0,-175000000.0,-765000000.0,0.0,726000000.0,0.0,430000000.0,430000000.0,430000000.0,0.0,0.0,0.108,678000000.0,478000000.0,2106000000.0,0.165,2.281,18.622,18.445,3509000000.0,0.0,82.82,1.282,1.28,1959000000.0,7541000000.0,3972000000.0,3972000000.0,416000000.0,,,,,42000000.0,226000000.0,1.0,236317992.0,236000000,243000000.0,16.831,12120000000.0,0.0,37000000.0,0.0,51.356,3668000000.0
31,WDC,MRQ,2013-09-30,2013-09-27,2013-09-27,2021-08-27,-19000000.0,14806000000.0,,8261000000.0,6545000000.0,,34.97,-136000000.0,4869000000.0,4869000000.0,2705000000.0,495000000.0,1.866,0.794,2398000000.0,730000000.0,1668000000.0,2398000000.0,0.0,312000000.0,0.0,0.016,0.25,545000000.0,857000000.0,0.225,857000000.0,545000000.0,532000000.0,2.1,2.05,2.1,8253000000.0,,8253000000.0,12652590646.0,10.0,5.143,544000000.0,2.305,1.0,1099000000.0,0.289,2667000000.0,13000000.0,5241000000.0,,1244000000.0,0.0,0.0,0.0,6553000000.0,4427000000.0,2126000000.0,15006590646.0,560000000.0,-263000000.0,-128000000.0,442000000.0,-59000000.0,240000000.0,-360000000.0,0.0,680000000.0,0.0,495000000.0,495000000.0,495000000.0,0.0,0.0,0.13,557000000.0,542000000.0,2061000000.0,0.119,1.818,15.697,15.635,3638000000.0,0.0,63.32,0.992,0.988,1791000000.0,7183000000.0,3804000000.0,3804000000.0,401000000.0,,,,,42000000.0,132000000.0,1.0,236996062.0,236000000,242000000.0,16.119,12139000000.0,0.0,37000000.0,0.0,51.436,3834000000.0
32,WDC,MRQ,2013-06-30,2013-06-28,2013-06-28,2021-08-27,-35000000.0,14036000000.0,,7598000000.0,6438000000.0,,33.164,-136000000.0,4309000000.0,4309000000.0,2678000000.0,-265000000.0,1.912,0.778,1955000000.0,230000000.0,1725000000.0,1955000000.0,0.0,302000000.0,0.0,0.016,0.25,-218000000.0,84000000.0,0.023,84000000.0,-218000000.0,-230000000.0,-1.07,-1.04,-1.07,7893000000.0,,7893000000.0,12630031460.0,10.0,5.032,548000000.0,2.303,1.0,1050000000.0,0.282,2559000000.0,12000000.0,5150000000.0,,1188000000.0,0.0,0.0,0.0,6143000000.0,3973000000.0,2170000000.0,14677031460.0,249000000.0,0.0,-173000000.0,-57000000.0,-60000000.0,-299000000.0,-136000000.0,-17000000.0,684000000.0,0.0,-265000000.0,-265000000.0,-265000000.0,0.0,0.0,-0.071,1271000000.0,-221000000.0,1990000000.0,-0.234,1.859,14.977,15.256,3700000000.0,0.0,62.09,0.956,0.975,1793000000.0,6749000000.0,3728000000.0,3728000000.0,402000000.0,,,,,30000000.0,180000000.0,1.0,236383177.0,238000000,240000000.0,15.664,11477000000.0,0.0,35000000.0,0.0,48.223,3625000000.0
33,WDC,MRQ,2013-03-31,2013-03-29,2013-03-29,2021-08-27,20000000.0,13927000000.0,,7340000000.0,6587000000.0,,35.243,-188000000.0,4060000000.0,4060000000.0,2703000000.0,391000000.0,2.275,0.653,2013000000.0,230000000.0,1783000000.0,2013000000.0,0.0,309000000.0,0.0,0.015,0.25,420000000.0,729000000.0,0.194,729000000.0,420000000.0,406000000.0,1.64,1.6,1.64,8423000000.0,,8423000000.0,10415061457.0,5.0,2.912,539000000.0,2.255,1.0,1061000000.0,0.282,2610000000.0,14000000.0,6044000000.0,,1197000000.0,0.0,0.0,0.0,5504000000.0,3226000000.0,2278000000.0,12103061457.0,244000000.0,26000000.0,-206000000.0,-115000000.0,0.0,-319000000.0,-164000000.0,0.0,727000000.0,0.0,391000000.0,391000000.0,391000000.0,0.0,0.0,0.104,644000000.0,417000000.0,2037000000.0,0.152,1.437,6.082,6.171,3803000000.0,0.0,50.29,0.739,0.734,1700000000.0,7073000000.0,3764000000.0,3764000000.0,396000000.0,,,,,36000000.0,185000000.0,1.0,240665370.0,239000000,245000000.0,15.749,11317000000.0,0.0,15000000.0,0.0,47.351,4114000000.0
34,WDC,MRQ,2012-12-31,2012-12-28,2012-12-28,2021-08-27,8000000.0,13929000000.0,,7175000000.0,6754000000.0,,34.079,-246000000.0,3816000000.0,3816000000.0,2765000000.0,335000000.0,2.157,0.689,2128000000.0,288000000.0,1840000000.0,2128000000.0,0.0,309000000.0,0.0,0.012,0.25,481000000.0,790000000.0,0.207,790000000.0,481000000.0,468000000.0,1.38,1.36,1.38,8247000000.0,,8247000000.0,8690731208.0,4.0,2.428,526000000.0,2.174,1.0,1059000000.0,0.277,2616000000.0,13000000.0,6299000000.0,,1204000000.0,0.0,0.0,0.0,5682000000.0,3326000000.0,2356000000.0,10099731208.0,279000000.0,-18000000.0,-95000000.0,0.0,-121000000.0,-214000000.0,-279000000.0,0.0,772000000.0,0.0,335000000.0,335000000.0,335000000.0,0.0,0.0,0.088,581000000.0,478000000.0,2185000000.0,0.181,1.225,4.851,4.872,3938000000.0,0.0,41.46,0.645,0.641,1732000000.0,6744000000.0,3824000000.0,3824000000.0,378000000.0,,,,,32000000.0,162000000.0,1.0,243601814.0,242000000,246000000.0,15.802,11313000000.0,0.0,133000000.0,0.0,46.748,3849000000.0
35,WDC,MRQ,2012-09-30,2012-09-28,2012-09-28,2021-08-27,14000000.0,14172000000.0,,7186000000.0,6986000000.0,,32.671,-382000000.0,3537000000.0,3537000000.0,2842000000.0,519000000.0,1.945,0.763,2128000000.0,230000000.0,1898000000.0,2128000000.0,0.0,313000000.0,0.0,0.006,0.25,594000000.0,907000000.0,0.225,907000000.0,594000000.0,578000000.0,2.11,2.06,2.11,8037000000.0,,8037000000.0,8553460746.0,4.0,2.764,554000000.0,2.252,1.0,1193000000.0,0.296,2690000000.0,16000000.0,6378000000.0,,1304000000.0,0.0,0.0,0.0,6135000000.0,3695000000.0,2440000000.0,9576460746.0,329000000.0,-9000000.0,-183000000.0,-58000000.0,0.0,-216000000.0,-391000000.0,0.0,936000000.0,0.0,519000000.0,519000000.0,519000000.0,0.0,0.0,0.129,601000000.0,592000000.0,2545000000.0,0.118,1.192,5.062,4.997,4027000000.0,0.0,38.73,0.693,0.689,1951000000.0,6470000000.0,4035000000.0,4035000000.0,396000000.0,,,,,39000000.0,179000000.0,1.0,247262090.0,246000000,252000000.0,16.402,11482000000.0,0.0,59000000.0,0.0,46.675,3491000000.0
36,WDC,MRQ,2012-06-30,2012-06-29,2012-06-29,2021-08-27,-15000000.0,14206000000.0,,7141000000.0,7065000000.0,,29.957,-248000000.0,3208000000.0,3208000000.0,3282000000.0,745000000.0,1.771,0.852,2185000000.0,230000000.0,1955000000.0,2185000000.0,0.0,339000000.0,0.0,0.0,0.0,811000000.0,1150000000.0,0.242,1150000000.0,811000000.0,802000000.0,3.02,2.97,3.02,7669000000.0,,7669000000.0,7291605952.0,4.0,2.796,881000000.0,3.441,1.0,1472000000.0,0.31,2774000000.0,9000000.0,6377000000.0,,1210000000.0,0.0,0.0,0.0,6537000000.0,4032000000.0,2505000000.0,7925605952.0,-169000000.0,15000000.0,-571000000.0,-558000000.0,0.0,-1070000000.0,-233000000.0,0.0,1129000000.0,5000000.0,745000000.0,745000000.0,745000000.0,0.0,0.0,0.157,664000000.0,808000000.0,2773000000.0,0.0,1.033,4.917,4.556,4067000000.0,0.0,30.48,0.635,0.589,2364000000.0,6012000000.0,4754000000.0,4754000000.0,406000000.0,,,,,31000000.0,178000000.0,1.0,260026442.0,256000000,260000000.0,18.57,11432000000.0,0.0,57000000.0,0.0,44.656,3109000000.0
37,WDC,MRQ,2012-03-31,2012-03-30,2012-03-30,2021-08-27,-4000000.0,14510000000.0,,7445000000.0,7065000000.0,,30.772,-140000000.0,3377000000.0,3377000000.0,2058000000.0,483000000.0,1.642,0.957,2743000000.0,730000000.0,2013000000.0,2743000000.0,0.0,188000000.0,0.0,0.0,0.0,545000000.0,733000000.0,0.242,733000000.0,545000000.0,538000000.0,2.0,1.96,2.0,7416000000.0,,7416000000.0,6030786723.0,5.0,3.382,1068000000.0,4.432,1.0,977000000.0,0.322,2691000000.0,7000000.0,6650000000.0,,1282000000.0,0.0,0.0,0.0,7094000000.0,4535000000.0,2559000000.0,9723786723.0,-547000000.0,-3541000000.0,18000000.0,1903000000.0,0.0,1932000000.0,-3681000000.0,0.0,1208000000.0,-6000000.0,483000000.0,483000000.0,483000000.0,0.0,0.0,0.159,435000000.0,542000000.0,2774000000.0,0.0,1.311,9.487,9.559,4171000000.0,0.0,41.39,0.96,0.985,2377000000.0,5267000000.0,3035000000.0,3035000000.0,265000000.0,,,,,20000000.0,155000000.0,1.0,234930822.0,241000000,246000000.0,12.593,11819000000.0,0.0,55000000.0,0.0,49.041,2910000000.0
38,WDC,MRQ,2011-12-31,2011-12-30,2011-12-30,2021-08-27,-14000000.0,7807000000.0,,5398000000.0,2409000000.0,,25.312,-119000000.0,3924000000.0,3924000000.0,1347000000.0,145000000.0,3.478,0.318,231000000.0,181000000.0,50000000.0,231000000.0,0.0,140000000.0,0.0,0.0,0.0,165000000.0,305000000.0,0.153,305000000.0,165000000.0,160000000.0,0.62,0.61,0.62,5923000000.0,,5923000000.0,3823814149.0,5.0,2.81,259000000.0,1.107,1.0,648000000.0,0.325,214000000.0,5000000.0,2348000000.0,,466000000.0,0.0,0.0,0.0,1884000000.0,1552000000.0,332000000.0,7235814149.0,249000000.0,0.0,21000000.0,-32000000.0,0.0,-10000000.0,-119000000.0,0.0,378000000.0,0.0,145000000.0,145000000.0,145000000.0,0.0,0.0,0.073,486000000.0,162000000.0,883000000.0,0.0,1.222,10.517,10.456,2091000000.0,0.0,30.95,0.774,0.775,747000000.0,4784000000.0,1995000000.0,1995000000.0,191000000.0,,,,,24000000.0,96000000.0,1.0,233790441.0,234000000,237000000.0,8.526,7593000000.0,0.0,15000000.0,0.0,32.449,3846000000.0
39,WDC,MRQ,2011-09-30,2011-09-30,2011-09-30,2021-08-27,-24000000.0,8467000000.0,,5926000000.0,2541000000.0,,24.562,-134000000.0,3675000000.0,3675000000.0,2153000000.0,239000000.0,2.517,0.479,263000000.0,163000000.0,100000000.0,263000000.0,0.0,158000000.0,0.0,0.0,0.0,262000000.0,420000000.0,0.156,420000000.0,262000000.0,258000000.0,1.03,1.01,1.03,5723000000.0,,5723000000.0,2801685997.0,3.0,1.934,218000000.0,0.936,1.0,541000000.0,0.201,218000000.0,4000000.0,2483000000.0,,645000000.0,0.0,0.0,0.0,2744000000.0,2354000000.0,390000000.0,5997685997.0,185000000.0,0.0,2000000.0,-31000000.0,0.0,-33000000.0,-134000000.0,0.0,352000000.0,0.0,239000000.0,239000000.0,239000000.0,0.0,0.0,0.089,282000000.0,259000000.0,1708000000.0,0.0,1.048,7.809,7.747,2209000000.0,0.0,25.72,0.611,0.61,1356000000.0,4639000000.0,2694000000.0,2694000000.0,193000000.0,,,,,17000000.0,89000000.0,1.0,233191524.0,233000000,237000000.0,11.562,8249000000.0,0.0,19000000.0,0.0,35.403,3572000000.0
40,WDC,MRQ,2011-06-30,2011-07-01,2011-07-01,2021-08-27,-5000000.0,8118000000.0,,5487000000.0,2631000000.0,,23.758,-153000000.0,3490000000.0,3490000000.0,1934000000.0,158000000.0,2.529,0.479,294000000.0,144000000.0,150000000.0,294000000.0,0.0,150000000.0,0.0,0.0,0.0,175000000.0,325000000.0,0.135,325000000.0,175000000.0,171000000.0,0.68,0.67,0.68,5488000000.0,,5488000000.0,5610191033.0,7.0,4.03,294000000.0,1.273,1.0,469000000.0,0.195,222000000.0,4000000.0,2530000000.0,,577000000.0,0.0,0.0,0.0,2630000000.0,2170000000.0,460000000.0,8515191033.0,260000000.0,-15000000.0,23000000.0,-31000000.0,0.0,-19000000.0,-168000000.0,0.0,447000000.0,0.0,158000000.0,158000000.0,158000000.0,0.0,0.0,0.066,297000000.0,172000000.0,1545000000.0,0.0,1.552,11.729,11.669,2224000000.0,0.0,36.64,0.894,0.888,1206000000.0,4400000000.0,2403000000.0,2403000000.0,188000000.0,,,,,15000000.0,84000000.0,1.0,232401502.0,231000000,235000000.0,10.403,7896000000.0,0.0,13000000.0,0.0,34.182,3317000000.0
41,WDC,MRQ,2011-03-31,2011-04-01,2011-04-01,2021-08-27,8000000.0,7839000000.0,,5153000000.0,2686000000.0,,22.914,-175000000.0,3230000000.0,3230000000.0,1842000000.0,146000000.0,2.583,0.475,325000000.0,125000000.0,200000000.0,325000000.0,0.0,151000000.0,0.0,0.0,0.0,160000000.0,311000000.0,0.138,311000000.0,160000000.0,159000000.0,0.63,0.62,0.63,5316000000.0,,5316000000.0,6085058239.0,7.0,4.073,138000000.0,0.595,1.0,410000000.0,0.182,226000000.0,1000000.0,2713000000.0,,574000000.0,0.0,0.0,0.0,2523000000.0,1995000000.0,528000000.0,8845058239.0,120000000.0,0.0,11000000.0,-25000000.0,0.0,-18000000.0,-175000000.0,0.0,313000000.0,0.0,146000000.0,146000000.0,146000000.0,0.0,0.0,0.065,252000000.0,158000000.0,1486000000.0,0.0,1.664,10.631,10.606,2249000000.0,0.0,38.18,0.931,0.932,1171000000.0,4242000000.0,2252000000.0,2252000000.0,179000000.0,,,,,17000000.0,73000000.0,1.0,231667319.0,232000000,236000000.0,9.707,7613000000.0,0.0,13000000.0,0.0,32.815,3158000000.0
42,WDC,MRQ,2010-12-31,2010-12-31,2010-12-31,2021-08-27,21000000.0,7843000000.0,,5120000000.0,2723000000.0,,22.43,-250000000.0,3110000000.0,3110000000.0,2000000000.0,225000000.0,2.388,0.52,350000000.0,119000000.0,231000000.0,350000000.0,0.0,151000000.0,0.0,0.0,0.0,242000000.0,393000000.0,0.159,393000000.0,242000000.0,239000000.0,0.98,0.96,0.98,5159000000.0,,5159000000.0,5307203457.0,4.0,3.026,255000000.0,1.109,1.0,475000000.0,0.192,230000000.0,3000000.0,2709000000.0,,568000000.0,0.0,0.0,0.0,2684000000.0,2144000000.0,540000000.0,7790203457.0,252000000.0,0.0,22000000.0,-25000000.0,0.0,-3000000.0,-250000000.0,0.0,505000000.0,0.0,225000000.0,225000000.0,225000000.0,0.0,0.0,0.091,235000000.0,240000000.0,1628000000.0,0.0,1.51,7.173,7.182,2277000000.0,0.0,33.9,0.787,0.788,1250000000.0,4096000000.0,2475000000.0,2475000000.0,169000000.0,,,,,18000000.0,66000000.0,1.0,229799512.0,230000000,235000000.0,10.761,7613000000.0,0.0,14000000.0,0.0,33.1,2976000000.0
43,WDC,MRQ,2010-09-30,2010-10-01,2010-10-01,2021-08-27,39000000.0,7655000000.0,,4961000000.0,2694000000.0,,21.352,-200000000.0,2858000000.0,2858000000.0,1959000000.0,197000000.0,2.282,0.559,375000000.0,113000000.0,262000000.0,375000000.0,0.0,150000000.0,0.0,0.0,0.0,213000000.0,363000000.0,0.152,363000000.0,213000000.0,211000000.0,0.86,0.84,0.86,4911000000.0,,4911000000.0,4144326866.0,3.0,2.113,190000000.0,0.826,1.0,437000000.0,0.182,233000000.0,2000000.0,2765000000.0,,561000000.0,0.0,0.0,0.0,2744000000.0,2174000000.0,570000000.0,6478326866.0,124000000.0,0.0,-48000000.0,-25000000.0,0.0,-66000000.0,-200000000.0,0.0,390000000.0,0.0,197000000.0,197000000.0,197000000.0,0.0,0.0,0.082,226000000.0,211000000.0,1703000000.0,0.0,1.319,5.022,5.018,2245000000.0,0.0,28.25,0.645,0.647,1325000000.0,3871000000.0,2396000000.0,2396000000.0,167000000.0,,,,,19000000.0,59000000.0,1.0,229321305.0,230000000,234000000.0,10.417,7422000000.0,0.0,14000000.0,0.0,32.27,2787000000.0
44,WDC,MRQ,2010-06-30,2010-07-02,2010-07-02,2021-08-27,11000000.0,7328000000.0,,4720000000.0,2608000000.0,,20.385,-185000000.0,2734000000.0,2734000000.0,1847000000.0,264000000.0,2.333,0.556,400000000.0,106000000.0,294000000.0,400000000.0,0.0,134000000.0,0.0,0.0,0.0,293000000.0,427000000.0,0.179,427000000.0,293000000.0,292000000.0,1.13,1.11,1.13,4709000000.0,,4709000000.0,4520076121.0,3.0,2.217,178000000.0,0.771,1.0,535000000.0,0.225,234000000.0,1000000.0,2737000000.0,,560000000.0,0.0,0.0,0.0,2619000000.0,2023000000.0,596000000.0,6921076121.0,-92000000.0,-253000000.0,25000000.0,-25000000.0,0.0,-17000000.0,-438000000.0,0.0,363000000.0,0.0,264000000.0,264000000.0,264000000.0,0.0,0.0,0.111,243000000.0,292000000.0,1507000000.0,0.0,1.47,5.008,4.983,2159000000.0,0.0,30.2,0.703,0.699,1256000000.0,3674000000.0,2382000000.0,2382000000.0,155000000.0,,,,,17000000.0,88000000.0,1.0,229174706.0,231000000,236000000.0,10.312,7094000000.0,0.0,28000000.0,0.0,30.71,2697000000.0
45,WDC,MRQ,2010-03-31,2010-04-02,2010-04-02,2021-08-27,22000000.0,7000000000.0,,4778000000.0,2222000000.0,,19.349,-177000000.0,2826000000.0,2826000000.0,1976000000.0,400000000.0,2.441,0.58,425000000.0,100000000.0,325000000.0,425000000.0,0.0,129000000.0,0.0,0.0,0.0,442000000.0,571000000.0,0.216,571000000.0,442000000.0,440000000.0,1.75,1.71,1.75,4431000000.0,,4431000000.0,6928307919.0,5.0,3.566,411000000.0,1.795,1.0,665000000.0,0.252,219000000.0,2000000.0,2423000000.0,,507000000.0,0.0,0.0,0.0,2569000000.0,1957000000.0,612000000.0,8919307919.0,391000000.0,0.0,7000000.0,-19000000.0,0.0,-21000000.0,-176000000.0,1000000.0,588000000.0,0.0,400000000.0,400000000.0,400000000.0,0.0,0.0,0.151,224000000.0,441000000.0,1508000000.0,0.0,2.013,6.793,6.714,1756000000.0,0.0,39.01,0.949,0.951,1257000000.0,3410000000.0,2641000000.0,2641000000.0,160000000.0,,,,,16000000.0,64000000.0,1.0,228641577.0,229000000,234000000.0,11.533,6781000000.0,0.0,40000000.0,0.0,29.611,2821000000.0
46,WDC,MRQ,2009-12-31,2010-01-01,2010-01-01,2021-08-27,4000000.0,6585000000.0,,4416000000.0,2169000000.0,,17.581,-199000000.0,2435000000.0,2435000000.0,1932000000.0,429000000.0,2.2,0.65,444000000.0,94000000.0,350000000.0,444000000.0,0.0,126000000.0,0.0,0.0,0.0,474000000.0,600000000.0,0.229,600000000.0,474000000.0,471000000.0,1.89,1.85,1.89,3991000000.0,,3991000000.0,8357696889.0,8.0,5.382,358000000.0,1.577,1.0,687000000.0,0.262,222000000.0,3000000.0,2365000000.0,,453000000.0,0.0,0.0,0.0,2594000000.0,2007000000.0,587000000.0,9950696889.0,379000000.0,0.0,32000000.0,-19000000.0,0.0,18000000.0,-196000000.0,3000000.0,557000000.0,0.0,429000000.0,429000000.0,429000000.0,0.0,0.0,0.164,214000000.0,473000000.0,1507000000.0,0.0,2.493,10.333,10.315,1696000000.0,0.0,44.15,1.192,1.201,1365000000.0,3009000000.0,2619000000.0,2619000000.0,154000000.0,,,,,14000000.0,60000000.0,1.0,225383848.0,227000000,232000000.0,11.537,6363000000.0,0.0,42000000.0,0.0,28.031,2409000000.0
47,WDC,MRQ,2009-09-30,2009-10-02,2009-10-02,2021-08-27,9000000.0,5849000000.0,,3750000000.0,2099000000.0,,15.658,-176000000.0,2056000000.0,2056000000.0,1694000000.0,288000000.0,2.144,0.66,463000000.0,88000000.0,375000000.0,463000000.0,0.0,121000000.0,0.0,0.0,0.0,320000000.0,441000000.0,0.2,441000000.0,320000000.0,317000000.0,1.28,1.25,1.28,3523000000.0,,3523000000.0,6626142531.0,11.0,6.062,258000000.0,1.147,1.0,514000000.0,0.233,225000000.0,3000000.0,2282000000.0,,395000000.0,0.0,0.0,0.0,2326000000.0,1749000000.0,577000000.0,7938142531.0,262000000.0,0.0,15000000.0,-19000000.0,0.0,4000000.0,-176000000.0,0.0,434000000.0,0.0,288000000.0,288000000.0,288000000.0,0.0,0.0,0.13,195000000.0,319000000.0,1342000000.0,0.0,2.253,14.486,14.42,1625000000.0,0.0,35.33,1.051,1.053,1131000000.0,2580000000.0,2208000000.0,2208000000.0,142000000.0,,,,,13000000.0,53000000.0,1.0,224685608.0,225000000,230000000.0,9.813,5624000000.0,0.0,29000000.0,0.0,24.996,2001000000.0
48,WDC,MRQ,2009-06-30,2009-07-03,2009-07-03,2021-08-27,2000000.0,5291000000.0,,3230000000.0,2061000000.0,,14.378,-82000000.0,1794000000.0,1794000000.0,1559000000.0,196000000.0,2.118,0.658,482000000.0,82000000.0,400000000.0,482000000.0,0.0,121000000.0,0.0,0.0,0.0,210000000.0,331000000.0,0.172,331000000.0,210000000.0,207000000.0,0.89,0.86,0.89,3192000000.0,,3192000000.0,4657964151.0,9.0,4.626,267000000.0,1.203,1.0,370000000.0,0.192,228000000.0,3000000.0,2226000000.0,,376000000.0,0.0,0.0,0.0,2099000000.0,1525000000.0,574000000.0,5734964151.0,215000000.0,-19000000.0,15000000.0,-20000000.0,0.0,-34000000.0,-100000000.0,1000000.0,349000000.0,0.0,196000000.0,196000000.0,196000000.0,0.0,0.0,0.102,161000000.0,209000000.0,1101000000.0,0.0,1.797,12.202,12.137,1584000000.0,0.0,25.73,0.769,0.766,926000000.0,2292000000.0,1929000000.0,1929000000.0,132000000.0,,,,,14000000.0,52000000.0,1.0,222890173.0,222000000,229000000.0,8.689,5063000000.0,0.0,11000000.0,0.0,22.806,1705000000.0
49,WDC,MRQ,2009-03-31,2009-03-27,2009-03-27,2021-08-27,-3000000.0,4992000000.0,,2922000000.0,2070000000.0,,13.417,-106000000.0,1579000000.0,1579000000.0,1339000000.0,50000000.0,2.053,0.668,502000000.0,77000000.0,425000000.0,502000000.0,0.0,119000000.0,0.0,0.0,0.0,62000000.0,181000000.0,0.114,181000000.0,62000000.0,58000000.0,0.22,0.22,0.22,2992000000.0,,2992000000.0,3468869786.0,6.0,3.355,249000000.0,1.117,1.0,253000000.0,0.159,231000000.0,4000000.0,2261000000.0,,385000000.0,0.0,0.0,0.0,2000000000.0,1423000000.0,577000000.0,4340869786.0,203000000.0,-44000000.0,1000000.0,-2000000.0,0.0,-2000000.0,-150000000.0,0.0,355000000.0,0.0,50000000.0,50000000.0,50000000.0,0.0,0.0,0.031,192000000.0,61000000.0,1001000000.0,0.0,1.451,8.895,8.945,1570000000.0,0.0,19.5,0.577,0.578,824000000.0,2096000000.0,1592000000.0,1592000000.0,125000000.0,,,,,12000000.0,49000000.0,1.0,222608707.0,223000000,226000000.0,7.139,4761000000.0,0.0,8000000.0,0.0,21.35,1499000000.0
50,WDC,MRQ,2008-12-31,2008-12-26,2008-12-26,2021-08-27,-11000000.0,4971000000.0,,2895000000.0,2076000000.0,,13.158,-140000000.0,1376000000.0,1376000000.0,1533000000.0,14000000.0,1.967,0.702,504000000.0,60000000.0,444000000.0,504000000.0,0.0,122000000.0,0.0,0.0,0.0,18000000.0,140000000.0,0.077,140000000.0,18000000.0,7000000.0,0.06,0.06,0.06,2921000000.0,,2921000000.0,1806516267.0,2.0,1.425,160000000.0,0.721,1.0,290000000.0,0.159,186000000.0,11000000.0,2441000000.0,,446000000.0,0.0,0.0,0.0,2050000000.0,1472000000.0,578000000.0,2512516267.0,163000000.0,0.0,11000000.0,-3000000.0,0.0,3000000.0,-140000000.0,0.0,300000000.0,0.0,14000000.0,14000000.0,14000000.0,0.0,0.0,0.008,274000000.0,16000000.0,1075000000.0,0.0,0.86,3.499,3.522,1620000000.0,0.0,11.34,0.313,0.313,944000000.0,2047000000.0,1823000000.0,1823000000.0,119000000.0,,,,,11000000.0,42000000.0,1.0,221562281.0,222000000,224000000.0,8.212,4785000000.0,0.0,-7000000.0,0.0,21.554,1423000000.0
51,WDC,MRQ,2008-09-30,2008-09-26,2008-09-26,2021-08-27,-14000000.0,5092000000.0,,2948000000.0,2144000000.0,,13.005,-162000000.0,1213000000.0,1213000000.0,1685000000.0,211000000.0,1.847,0.764,507000000.0,45000000.0,462000000.0,507000000.0,0.0,117000000.0,0.0,0.0,0.0,238000000.0,355000000.0,0.168,355000000.0,238000000.0,230000000.0,0.95,0.93,0.95,2887000000.0,,2887000000.0,4187440000.0,4.0,2.652,139000000.0,0.626,1.0,424000000.0,0.201,194000000.0,8000000.0,2596000000.0,,477000000.0,2000000.0,2000000.0,0.0,2205000000.0,1596000000.0,609000000.0,4782440000.0,109000000.0,0.0,-35000000.0,-2000000.0,0.0,-31000000.0,-161000000.0,1000000.0,301000000.0,0.0,211000000.0,211000000.0,211000000.0,0.0,0.0,0.1,190000000.0,234000000.0,1215000000.0,0.0,1.657,4.74,4.756,1674000000.0,0.0,21.64,0.568,0.571,1109000000.0,2033000000.0,2109000000.0,2109000000.0,133000000.0,,,,,10000000.0,57000000.0,1.0,221000000.0,222000000,226000000.0,9.5,4898000000.0,0.0,19000000.0,0.0,22.063,1352000000.0
52,WDC,MRQ,2008-06-30,2008-06-27,2008-06-27,2021-08-27,-12000000.0,4875000000.0,,2731000000.0,2144000000.0,,12.036,-146000000.0,1104000000.0,1104000000.0,1568000000.0,213000000.0,1.746,0.808,509000000.0,27000000.0,482000000.0,509000000.0,0.0,113000000.0,0.0,0.0,0.0,245000000.0,358000000.0,0.18,358000000.0,245000000.0,237000000.0,0.95,0.95,0.95,2696000000.0,,2696000000.0,7317104184.0,7.0,5.06,84000000.0,0.375,1.0,425000000.0,0.213,197000000.0,8000000.0,2519000000.0,,456000000.0,0.0,0.0,0.0,2179000000.0,1564000000.0,615000000.0,7720104184.0,187000000.0,-2000000.0,23000000.0,-5000000.0,0.0,106000000.0,-149000000.0,-1000000.0,230000000.0,0.0,213000000.0,213000000.0,213000000.0,0.0,0.0,0.107,184000000.0,241000000.0,1181000000.0,0.0,2.864,8.904,8.895,1668000000.0,0.0,34.87,0.956,0.954,1010000000.0,1822000000.0,1993000000.0,1993000000.0,128000000.0,,,,,10000000.0,56000000.0,1.0,221396736.0,224000000,226000000.0,8.897,4678000000.0,0.0,24000000.0,0.0,20.884,1167000000.0
53,WDC,MRQ,2008-03-31,2008-03-28,2008-03-28,2021-08-27,43000000.0,4543000000.0,,2629000000.0,1914000000.0,,10.887,-137000000.0,917000000.0,917000000.0,1634000000.0,280000000.0,1.76,0.88,514000000.0,11000000.0,503000000.0,514000000.0,0.0,111000000.0,28000000.0,0.0,0.0,304000000.0,415000000.0,0.197,415000000.0,304000000.0,290000000.0,1.26,1.23,1.26,2417000000.0,,2417000000.0,5783180000.0,7.0,4.675,294000000.0,1.324,1.0,477000000.0,0.226,187000000.0,14000000.0,2459000000.0,,455000000.0,32000000.0,32000000.0,0.0,2126000000.0,1494000000.0,632000000.0,5925180000.0,0.0,-10000000.0,-36000000.0,-261000000.0,0.0,-299000000.0,-132000000.0,15000000.0,431000000.0,0.0,280000000.0,280000000.0,280000000.0,0.0,0.0,0.133,179000000.0,298000000.0,1144000000.0,0.0,2.451,6.842,6.791,1529000000.0,0.0,26.69,0.796,0.796,1050000000.0,1609000000.0,2111000000.0,2111000000.0,123000000.0,,,,,10000000.0,56000000.0,1.0,222000000.0,222000000,227000000.0,9.509,4356000000.0,0.0,10000000.0,0.0,19.622,1135000000.0
54,WDC,MRQ,2007-12-31,2007-12-28,2007-12-28,2021-08-27,5000000.0,4600000000.0,,2653000000.0,1947000000.0,,9.668,-169000000.0,917000000.0,917000000.0,1691000000.0,305000000.0,1.128,1.163,775000000.0,771000000.0,4000000.0,775000000.0,0.0,111000000.0,51000000.0,0.0,0.0,340000000.0,451000000.0,0.205,451000000.0,340000000.0,316000000.0,1.39,1.35,1.39,2127000000.0,,2127000000.0,6958995000.0,10.0,6.959,350000000.0,1.591,1.0,513000000.0,0.233,174000000.0,24000000.0,1932000000.0,,459000000.0,50000000.0,50000000.0,0.0,2473000000.0,2352000000.0,121000000.0,6591995000.0,266000000.0,-4000000.0,24000000.0,-244000000.0,0.0,-222000000.0,-31000000.0,142000000.0,519000000.0,0.0,305000000.0,305000000.0,305000000.0,0.0,0.0,0.138,181000000.0,332000000.0,1216000000.0,0.0,3.099,9.324,9.301,1560000000.0,0.0,29.95,0.977,0.977,1113000000.0,1329000000.0,2204000000.0,2204000000.0,122000000.0,,,,,9000000.0,59000000.0,1.0,220100000.0,220000000,226000000.0,10.018,4426000000.0,0.0,11000000.0,0.0,20.118,301000000.0
55,WDC,MRQ,2007-09-30,2007-09-28,2007-09-28,2021-08-27,2000000.0,4374000000.0,,2447000000.0,1927000000.0,,8.16,-163000000.0,651000000.0,651000000.0,1443000000.0,69000000.0,0.994,1.448,1018000000.0,1011000000.0,7000000.0,1018000000.0,0.0,78000000.0,59000000.0,0.0,0.0,144000000.0,222000000.0,0.126,222000000.0,144000000.0,138000000.0,0.31,0.31,0.31,1787000000.0,,1787000000.0,4867080000.0,10.0,6.686,56000000.0,0.256,1.0,323000000.0,0.183,187000000.0,6000000.0,2091000000.0,,461000000.0,200000000.0,200000000.0,0.0,2587000000.0,2463000000.0,124000000.0,5545080000.0,-49000000.0,-911000000.0,-6000000.0,747000000.0,0.0,741000000.0,-1009000000.0,65000000.0,219000000.0,0.0,69000000.0,69000000.0,69000000.0,0.0,0.0,0.039,188000000.0,135000000.0,1106000000.0,0.0,3.103,10.462,10.506,1516000000.0,0.0,25.32,0.929,0.929,1027000000.0,1023000000.0,1766000000.0,1766000000.0,91000000.0,,,,,8000000.0,48000000.0,1.0,219000000.0,219000000,224000000.0,8.064,4187000000.0,0.0,69000000.0,0.0,19.119,-16000000.0
56,WDC,MRQ,2007-06-30,2007-06-29,2007-06-29,2021-08-27,-1000000.0,2901000000.0,,2029000000.0,872000000.0,,7.836,-86000000.0,700000000.0,700000000.0,1162000000.0,212000000.0,1.796,0.691,22000000.0,12000000.0,10000000.0,22000000.0,0.0,61000000.0,0.0,0.0,0.0,88000000.0,149000000.0,0.109,149000000.0,88000000.0,87000000.0,0.97,0.94,0.97,1716000000.0,,1716000000.0,3616765000.0,8.0,5.505,68000000.0,0.311,1.0,205000000.0,0.15,4000000.0,1000000.0,1089000000.0,,259000000.0,207000000.0,207000000.0,0.0,1185000000.0,1130000000.0,55000000.0,4293765000.0,-4000000.0,0.0,-22000000.0,-5000000.0,0.0,-36000000.0,-122000000.0,-36000000.0,154000000.0,0.0,212000000.0,212000000.0,212000000.0,0.0,0.0,0.155,126000000.0,79000000.0,882000000.0,0.0,2.502,7.613,7.529,741000000.0,0.0,19.35,0.785,0.775,760000000.0,955000000.0,1367000000.0,1367000000.0,79000000.0,,,,,14000000.0,47000000.0,1.0,221900000.0,219000000,226000000.0,6.242,2897000000.0,0.0,-125000000.0,0.0,13.228,899000000.0
57,WDC,MRQ,2007-03-31,2007-03-30,2007-03-30,2021-08-27,5000000.0,2653000000.0,,1933000000.0,720000000.0,,6.982,-69000000.0,704000000.0,704000000.0,1188000000.0,121000000.0,1.817,0.727,27000000.0,14000000.0,13000000.0,27000000.0,0.0,55000000.0,0.0,0.0,0.0,123000000.0,178000000.0,0.126,178000000.0,123000000.0,122000000.0,0.55,0.53,0.55,1536000000.0,,1536000000.0,3104820000.0,7.0,4.755,95000000.0,0.432,1.0,222000000.0,0.157,48000000.0,1000000.0,864000000.0,,243000000.0,171000000.0,171000000.0,0.0,1117000000.0,1064000000.0,53000000.0,3731820000.0,28000000.0,0.0,-28000000.0,-22000000.0,0.0,-50000000.0,-86000000.0,-17000000.0,164000000.0,0.0,121000000.0,121000000.0,121000000.0,0.0,0.0,0.086,107000000.0,115000000.0,851000000.0,0.0,2.43,7.906,7.782,672000000.0,0.0,16.81,0.719,0.713,792000000.0,742000000.0,1410000000.0,1410000000.0,75000000.0,,,,,13000000.0,32000000.0,1.0,222000000.0,220000000,226000000.0,6.409,2605000000.0,0.0,1000000.0,0.0,11.841,869000000.0
58,WDC,MRQ,2006-12-31,2006-12-29,2006-12-29,2021-08-27,0.0,2540000000.0,,1866000000.0,674000000.0,,6.477,-110000000.0,676000000.0,676000000.0,1173000000.0,128000000.0,1.767,0.782,49000000.0,28000000.0,21000000.0,49000000.0,0.0,49000000.0,0.0,0.0,0.0,130000000.0,179000000.0,0.125,179000000.0,130000000.0,128000000.0,0.58,0.57,0.58,1425000000.0,,1425000000.0,3991982000.0,9.0,6.408,75000000.0,0.341,1.0,255000000.0,0.179,37000000.0,2000000.0,820000000.0,,265000000.0,154000000.0,154000000.0,0.0,1115000000.0,1056000000.0,59000000.0,4535982000.0,73000000.0,0.0,14000000.0,-10000000.0,0.0,4000000.0,-116000000.0,-6000000.0,185000000.0,0.0,128000000.0,128000000.0,128000000.0,0.0,0.0,0.09,133000000.0,122000000.0,816000000.0,0.0,3.183,10.013,9.837,637000000.0,0.0,20.46,0.925,0.917,744000000.0,622000000.0,1428000000.0,1428000000.0,77000000.0,,,,,12000000.0,56000000.0,1.0,221700000.0,220000000,226000000.0,6.491,2503000000.0,0.0,0.0,0.0,11.377,810000000.0
59,WDC,MRQ,2006-09-30,2006-09-29,2006-09-29,2021-08-27,1000000.0,2325000000.0,,1697000000.0,628000000.0,,5.808,-59000000.0,603000000.0,603000000.0,1046000000.0,103000000.0,1.728,0.828,59000000.0,30000000.0,29000000.0,59000000.0,0.0,45000000.0,0.0,0.0,0.0,106000000.0,151000000.0,0.119,151000000.0,106000000.0,106000000.0,0.47,0.46,0.47,1272000000.0,,1272000000.0,3501470000.0,8.0,5.935,56000000.0,0.256,1.0,218000000.0,0.172,30000000.0,0.0,769000000.0,,216000000.0,148000000.0,148000000.0,0.0,1053000000.0,982000000.0,71000000.0,3994670000.0,52000000.0,0.0,2000000.0,-6000000.0,0.0,-4000000.0,-59000000.0,0.0,115000000.0,0.0,103000000.0,103000000.0,103000000.0,0.0,0.0,0.081,119000000.0,99000000.0,750000000.0,0.0,3.14,9.312,9.095,598000000.0,0.0,18.1,0.869,0.863,700000000.0,494000000.0,1264000000.0,1264000000.0,75000000.0,,,,,9000000.0,44000000.0,1.0,220700000.0,219000000,225000000.0,5.772,2295000000.0,0.0,3000000.0,0.0,10.479,715000000.0
60,WDC,MRQ,2006-06-30,2006-06-30,2006-06-30,2021-08-27,1000000.0,2086000000.0,,1505000000.0,581000000.0,,5.307,-70000000.0,551000000.0,551000000.0,881000000.0,120000000.0,1.726,0.803,44000000.0,25000000.0,19000000.0,44000000.0,0.0,44000000.0,0.0,0.0,0.0,101000000.0,145000000.0,0.134,145000000.0,101000000.0,100000000.0,0.56,0.53,0.56,1157000000.0,,1157000000.0,3878867000.0,10.0,7.104,31000000.0,0.142,1.0,204000000.0,0.188,0.0,1000000.0,707000000.0,,205000000.0,148000000.0,148000000.0,0.0,929000000.0,872000000.0,57000000.0,4372067000.0,8000000.0,0.0,0.0,-6000000.0,0.0,-6000000.0,-87000000.0,-17000000.0,101000000.0,0.0,120000000.0,120000000.0,120000000.0,0.0,0.0,0.111,110000000.0,94000000.0,632000000.0,0.0,3.779,11.069,10.766,549000000.0,0.0,19.81,1.007,0.981,561000000.0,391000000.0,1085000000.0,1085000000.0,71000000.0,,,,,12000000.0,39000000.0,1.0,220700000.0,218000000,227000000.0,4.977,2086000000.0,0.0,-20000000.0,0.0,9.569,633000000.0
61,WDC,MRQ,2006-03-31,2006-03-31,2006-03-31,2021-08-27,0.0,1931700000.0,,1417700000.0,514000000.0,,4.737,-86000000.0,543400000.0,543400000.0,911000000.0,102000000.0,1.691,0.879,50200000.0,25000000.0,25200000.0,50200000.0,0.0,42000000.0,0.0,0.0,0.0,106000000.0,148000000.0,0.131,148000000.0,106000000.0,105000000.0,0.47,0.45,0.47,1028000000.0,,1028000000.0,3767599000.0,12.0,7.915,15000000.0,0.069,1.0,218000000.0,0.193,17600000.0,1000000.0,582400000.0,,177600000.0,130700000.0,130700000.0,0.0,903700000.0,838500000.0,65200000.0,4260999000.0,-7000000.0,0.0,21000000.0,-6000000.0,0.0,15000000.0,-123000000.0,-37000000.0,101000000.0,0.0,102000000.0,102000000.0,102000000.0,0.0,0.0,0.09,118000000.0,100000000.0,597400000.0,0.0,4.145,13.579,13.308,496400000.0,0.0,19.43,1.015,1.005,483200000.0,291500000.0,1129000000.0,1129000000.0,79000000.0,,,,,9000000.0,39000000.0,1.0,219300000.0,217000000,227000000.0,5.203,1914100000.0,0.0,3000000.0,0.0,8.821,579200000.0
62,WDC,MRQ,2005-12-31,2005-12-30,2005-12-30,2021-08-27,0.0,1778400000.0,,1324600000.0,453800000.0,,4.197,-62000000.0,550200000.0,550200000.0,889000000.0,104000000.0,1.621,0.989,56800000.0,24900000.0,31900000.0,56800000.0,0.0,38000000.0,0.0,0.0,0.0,108000000.0,146000000.0,0.131,146000000.0,108000000.0,107000000.0,0.49,0.47,0.49,894000000.0,,894000000.0,3561877000.0,12.0,8.175,64000000.0,0.3,1.0,228000000.0,0.204,20100000.0,1000000.0,447900000.0,,168300000.0,94500000.0,94500000.0,0.0,884400000.0,817000000.0,67400000.0,4014177000.0,44000000.0,0.0,5000000.0,-6000000.0,0.0,-1000000.0,-81000000.0,-19000000.0,126000000.0,0.0,104000000.0,104000000.0,104000000.0,0.0,0.0,0.093,124000000.0,104000000.0,580200000.0,0.0,4.49,14.204,13.992,433700000.0,0.0,18.61,1.007,0.994,428300000.0,188600000.0,1117000000.0,1117000000.0,76000000.0,,,,,9000000.0,48000000.0,1.0,215700000.0,213000000,221000000.0,5.244,1758300000.0,0.0,3000000.0,0.0,8.255,507600000.0
63,WDC,MRQ,2005-09-30,2005-09-30,2005-09-30,2021-08-27,0.0,1700500000.0,,1272100000.0,428400000.0,,3.646,-50000000.0,506000000.0,506000000.0,832000000.0,69000000.0,1.482,1.189,53700000.0,22200000.0,31500000.0,53700000.0,0.0,36000000.0,0.0,0.0,0.0,71000000.0,107000000.0,0.106,107000000.0,71000000.0,70000000.0,0.32,0.31,0.32,776700000.0,,776700000.0,2368138000.0,10.0,6.229,-10000000.0,-0.047,1.0,178000000.0,0.176,10600000.0,1000000.0,379100000.0,,172800000.0,75300000.0,75300000.0,0.0,923800000.0,858500000.0,65300000.0,2800638000.0,21000000.0,0.0,-2000000.0,-5000000.0,0.0,-7000000.0,-12000000.0,38000000.0,40000000.0,0.0,69000000.0,69000000.0,69000000.0,0.0,0.0,0.068,110000000.0,68000000.0,648100000.0,0.0,3.606,11.938,11.649,417800000.0,0.0,12.93,0.732,0.72,470400000.0,84300000.0,1010000000.0,1010000000.0,70000000.0,,,,,7000000.0,40000000.0,1.0,216600000.0,213000000,221000000.0,4.742,1689900000.0,0.0,1000000.0,0.0,7.934,413600000.0
64,WDC,MRQ,2005-06-30,2005-07-01,2005-07-01,2021-08-27,-300000.0,1588600000.0,,1181200000.0,407400000.0,,3.291,-41000000.0,485200000.0,485200000.0,780900000.0,38800000.0,1.44,1.268,52700000.0,20100000.0,32600000.0,52700000.0,0.0,35700000.0,0.0,0.0,0.0,39300000.0,75000000.0,0.08,75000000.0,39300000.0,38800000.0,0.18,0.17,0.18,700300000.0,,700300000.0,2526004000.0,12.0,7.563,32400000.0,0.152,1.0,159700000.0,0.17,12400000.0,500000.0,323400000.0,,152900000.0,113200000.0,113200000.0,0.0,888300000.0,820300000.0,68000000.0,2929504000.0,24400000.0,0.0,-3500000.0,-5400000.0,0.0,-8900000.0,-40100000.0,900000.0,73400000.0,0.0,38800000.0,38800000.0,38800000.0,0.0,0.0,0.041,123200000.0,36500000.0,569100000.0,0.0,4.183,14.946,14.638,395000000.0,0.0,13.76,0.805,0.787,415400000.0,-4100000.0,940600000.0,940600000.0,65600000.0,,,,,3100000.0,57600000.0,1.0,212900000.0,212800000,223000000.0,4.42,1576200000.0,0.0,0.0,0.0,7.407,360900000.0
65,WDC,MRQ,2005-03-31,2005-04-01,2005-04-01,2021-08-27,0.0,1490100000.0,,1126700000.0,363400000.0,,3.174,-47500000.0,461100000.0,461100000.0,752900000.0,70800000.0,1.484,1.248,57600000.0,19900000.0,37700000.0,57600000.0,0.0,34300000.0,0.0,0.0,0.0,73400000.0,107700000.0,0.117,107700000.0,73400000.0,72600000.0,0.34,0.32,0.34,662800000.0,,662800000.0,2262330000.0,12.0,7.18,64000000.0,0.307,1.0,167000000.0,0.182,16200000.0,800000.0,311400000.0,,135500000.0,113200000.0,113200000.0,0.0,827300000.0,759000000.0,68300000.0,2692230000.0,74600000.0,0.0,22700000.0,-4900000.0,0.0,17800000.0,-54700000.0,-7200000.0,111500000.0,0.0,70800000.0,70800000.0,70800000.0,0.0,0.0,0.077,96300000.0,70700000.0,551000000.0,0.0,4.062,14.529,14.333,347200000.0,0.0,12.9,0.781,0.781,398600000.0,-25700000.0,919900000.0,919900000.0,60700000.0,,,,,1400000.0,35600000.0,1.0,208700000.0,208800000,218700000.0,4.406,1473900000.0,0.0,1800000.0,0.0,7.059,367700000.0
66,WDC,MRQ,2004-12-31,2004-12-31,2004-12-31,2021-08-27,0.0,1368700000.0,,1018800000.0,349900000.0,,2.771,-54800000.0,492500000.0,492500000.0,804700000.0,56000000.0,1.403,1.408,62600000.0,19900000.0,42700000.0,62600000.0,0.0,32200000.0,0.0,0.0,0.0,58300000.0,90500000.0,0.095,90500000.0,58300000.0,57400000.0,0.27,0.26,0.27,568300000.0,,568300000.0,1887752000.0,11.0,6.666,88200000.0,0.43,1.0,150200000.0,0.157,19800000.0,900000.0,192800000.0,,118300000.0,0.0,0.0,0.0,800400000.0,726200000.0,74200000.0,2225452000.0,55600000.0,0.0,4100000.0,-5000000.0,0.0,-900000.0,-86500000.0,-31700000.0,143000000.0,0.0,56000000.0,56000000.0,56000000.0,0.0,0.0,0.059,93600000.0,56600000.0,521500000.0,0.0,3.916,13.704,13.722,330100000.0,0.0,10.84,0.679,0.679,390400000.0,-96500000.0,954900000.0,954900000.0,59700000.0,,,,,300000.0,33900000.0,1.0,205300000.0,205100000,213600000.0,4.656,1348900000.0,0.0,1400000.0,0.0,6.577,292600000.0
67,WDC,MRQ,2004-09-30,2004-10-01,2004-10-01,2021-08-27,0.0,1295000000.0,,967600000.0,327400000.0,,2.473,-50700000.0,405200000.0,405200000.0,710500000.0,30400000.0,1.352,1.552,67500000.0,19800000.0,47700000.0,67500000.0,0.0,28800000.0,0.0,0.0,0.0,31200000.0,60000000.0,0.073,60000000.0,31200000.0,31200000.0,0.15,0.14,0.15,507500000.0,,507500000.0,1557564744.0,9.0,5.375,42400000.0,0.207,1.0,113100000.0,0.137,23400000.0,0.0,218200000.0,,144300000.0,0.0,0.0,0.0,787500000.0,715700000.0,71800000.0,1867464744.0,-14600000.0,0.0,-10300000.0,-4700000.0,0.0,-15000000.0,-92700000.0,-42000000.0,93100000.0,0.0,30400000.0,30400000.0,30400000.0,0.0,0.0,0.037,81900000.0,31200000.0,535600000.0,0.0,3.68,10.659,10.729,304000000.0,0.0,9.12,0.592,0.593,400700000.0,-152500000.0,823600000.0,823600000.0,54000000.0,,,,,200000.0,27900000.0,1.0,204765871.0,205200000,212600000.0,4.014,1271600000.0,0.0,800000.0,0.0,6.197,251900000.0
68,WDC,MRQ,2004-06-30,2004-07-02,2004-07-02,2021-08-27,200000.0,1159200000.0,,857300000.0,301900000.0,,2.36,-41200000.0,345500000.0,345500000.0,648100000.0,28100000.0,1.461,1.377,67900000.0,15200000.0,52700000.0,67900000.0,0.0,26400000.0,0.0,0.0,0.0,30500000.0,56900000.0,0.076,56900000.0,30500000.0,28400000.0,0.14,0.13,0.14,487600000.0,,487600000.0,1441600000.0,9.0,5.625,31800000.0,0.154,1.0,100700000.0,0.134,27200000.0,2100000.0,267500000.0,,148600000.0,32300000.0,32300000.0,0.0,671600000.0,586900000.0,84700000.0,1751400000.0,-14400000.0,0.0,-13300000.0,-600000.0,0.0,-13900000.0,-73500000.0,-32300000.0,73000000.0,0.0,28100000.0,28100000.0,28100000.0,0.0,0.0,0.038,72300000.0,28400000.0,434900000.0,0.0,3.592,11.692,11.507,274700000.0,0.0,8.4,0.575,0.567,313100000.0,-182900000.0,748800000.0,748800000.0,47600000.0,,,,,2600000.0,24700000.0,1.0,208500000.0,206600000,215500000.0,3.624,1132000000.0,0.0,300000.0,0.0,5.479,270400000.0
69,WDC,MRQ,2004-03-31,2004-03-26,2004-03-26,2021-08-27,0.0,1107100000.0,,836300000.0,270800000.0,,2.278,-26400000.0,359900000.0,359900000.0,626300000.0,47900000.0,1.478,1.351,50100000.0,6300000.0,43800000.0,50100000.0,0.0,26800000.0,0.0,0.0,0.0,49000000.0,75800000.0,0.101,75800000.0,49000000.0,49000000.0,0.23,0.22,0.23,470900000.0,,470900000.0,1913380000.0,12.0,7.781,35300000.0,0.171,1.0,122600000.0,0.164,29200000.0,0.0,202300000.0,,149100000.0,0.0,0.0,0.0,636200000.0,565800000.0,70400000.0,2181780000.0,41500000.0,0.0,6200000.0,0.0,0.0,6200000.0,-26400000.0,0.0,61700000.0,0.0,47900000.0,47900000.0,47900000.0,0.0,0.0,0.064,73700000.0,48900000.0,420500000.0,0.0,4.633,14.288,14.438,239400000.0,0.0,10.54,0.733,0.732,308300000.0,-212500000.0,748900000.0,748900000.0,46500000.0,,,,,0.0,27200000.0,1.0,207000000.0,206700000,217500000.0,3.623,1077900000.0,0.0,1100000.0,0.0,5.215,270500000.0
70,WDC,MRQ,2003-12-31,2003-12-26,2003-12-26,2021-08-27,0.0,1115800000.0,,845400000.0,270400000.0,,2.03,-44200000.0,318400000.0,318400000.0,693000000.0,68800000.0,1.354,1.676,50000000.0,3100000.0,46900000.0,50000000.0,0.0,25800000.0,0.0,0.0,0.0,71300000.0,97100000.0,0.116,97100000.0,71300000.0,71300000.0,0.33,0.32,0.33,416900000.0,,416900000.0,2035277000.0,12.0,8.491,29100000.0,0.142,1.0,141800000.0,0.17,32900000.0,0.0,190000000.0,,155800000.0,0.0,0.0,0.0,698900000.0,624500000.0,74400000.0,2271077000.0,32600000.0,0.0,3500000.0,0.0,0.0,3500000.0,-44200000.0,0.0,73300000.0,0.0,68800000.0,68800000.0,68800000.0,0.0,0.0,0.082,70500000.0,71300000.0,471700000.0,0.0,5.448,14.257,14.141,236100000.0,0.0,11.03,0.774,0.772,361300000.0,-260400000.0,834800000.0,834800000.0,44000000.0,,,,,0.0,26500000.0,1.0,205900000.0,205400000,217900000.0,4.064,1082900000.0,0.0,2500000.0,0.0,5.272,220900000.0
71,WDC,MRQ,2003-09-30,2003-09-26,2003-09-26,2021-08-27,0.0,1001600000.0,,750000000.0,251600000.0,,1.687,-19900000.0,285800000.0,285800000.0,618000000.0,5000000.0,1.285,1.909,50000000.0,0.0,50000000.0,50000000.0,0.0,21400000.0,0.0,0.0,0.0,5200000.0,26600000.0,0.037,26600000.0,5200000.0,5200000.0,0.02,0.02,0.02,344300000.0,,344300000.0,2210926035.0,13.0,9.567,-37900000.0,-0.186,1.0,96200000.0,0.135,0.0,0.0,182100000.0,,122900000.0,0.0,0.0,0.0,657300000.0,583700000.0,73600000.0,2604126035.0,-107400000.0,-94800000.0,11500000.0,13800000.0,0.0,25300000.0,-114700000.0,0.0,-18000000.0,0.0,5000000.0,5000000.0,5000000.0,0.0,0.0,0.007,91300000.0,4900000.0,402600000.0,0.0,7.564,15.792,15.313,213700000.0,0.0,12.71,0.914,0.91,328700000.0,-329200000.0,714200000.0,714200000.0,63700000.0,,,,,0.0,27600000.0,1.0,204887965.0,204100000,215900000.0,3.499,1001600000.0,0.0,200000.0,0.0,4.907,166300000.0
72,WDC,MRQ,2003-06-30,2003-06-27,2003-06-27,2021-08-27,0.0,866200000.0,,744100000.0,122100000.0,,1.636,-18300000.0,393200000.0,393200000.0,587100000.0,31000000.0,1.471,1.646,0.0,0.0,0.0,0.0,0.0,14100000.0,0.0,0.0,0.0,32300000.0,46400000.0,0.068,46400000.0,32300000.0,32300000.0,0.15,0.15,0.15,327400000.0,,327400000.0,1768604052.0,9.0,7.366,5700000.0,0.028,1.0,93200000.0,0.137,0.0,0.0,-32700000.0,,97800000.0,0.0,0.0,0.0,538800000.0,505700000.0,33100000.0,2115664052.0,46200000.0,0.0,23300000.0,19700000.0,0.0,37100000.0,-14900000.0,0.0,24000000.0,0.0,31000000.0,31000000.0,31000000.0,0.0,0.0,0.046,64800000.0,28400000.0,352300000.0,0.0,6.462,11.618,11.484,122100000.0,0.0,10.68,0.778,0.768,243900000.0,-334200000.0,680300000.0,680300000.0,33700000.0,,,,,0.0,31100000.0,1.0,198095885.0,200100000,213300000.0,3.4,866200000.0,0.0,1300000.0,0.0,4.329,238400000.0
73,WDC,MRQ,2003-03-31,2003-03-28,2003-03-28,2021-08-27,3248000.0,784540000.0,,666835000.0,117705000.0,,1.406,-15800000.0,347060000.0,347060000.0,583800000.0,54500000.0,1.388,1.842,0.0,0.0,0.0,0.0,0.0,12800000.0,0.0,0.0,0.0,56800000.0,69600000.0,0.099,69600000.0,56800000.0,56800000.0,0.28,0.26,0.28,276084000.0,,276084000.0,1538527749.0,9.0,7.032,82800000.0,0.422,1.0,122000000.0,0.173,0.0,0.0,-42960000.0,,110663000.0,0.0,0.0,0.0,508456000.0,480440000.0,28016000.0,1791915749.0,20100000.0,0.0,11000000.0,-73700000.0,0.0,-62700000.0,-15800000.0,0.0,98600000.0,0.0,54500000.0,54500000.0,54500000.0,0.0,0.0,0.077,64900000.0,57100000.0,348332000.0,0.0,6.49,10.914,10.8,117162000.0,0.0,9.18,0.695,0.699,195738000.0,-365215000.0,705800000.0,705800000.0,34700000.0,,,,,0.0,30200000.0,1.0,195197794.0,196300000,207700000.0,3.596,784540000.0,0.0,2300000.0,0.0,3.997,186395000.0
74,WDC,MRQ,2002-12-31,2002-12-27,2002-12-27,2021-08-27,1850000.0,807411000.0,,693179000.0,114232000.0,,1.084,-15400000.0,326944000.0,326944000.0,605400000.0,74400000.0,1.221,2.845,73556000.0,73556000.0,0.0,73556000.0,0.0,11900000.0,0.0,0.0,0.0,76600000.0,88500000.0,0.118,88500000.0,76600000.0,76600000.0,0.38,0.36,0.38,209970000.0,,209970000.0,1078387152.0,8.0,6.042,75900000.0,0.392,1.0,144100000.0,0.192,0.0,0.0,-13830000.0,,105792000.0,0.0,0.0,0.0,597441000.0,567853000.0,29588000.0,1250236152.0,82500000.0,0.0,6600000.0,0.0,0.0,6600000.0,-15400000.0,0.0,91300000.0,0.0,74400000.0,74400000.0,74400000.0,0.0,0.0,0.099,68000000.0,76100000.0,352249000.0,0.0,5.954,9.7,9.642,113369000.0,0.0,6.46,0.507,0.507,246304000.0,-419717000.0,749500000.0,749500000.0,34400000.0,,,,,0.0,33600000.0,1.0,193535008.0,193700000,204100000.0,3.869,807411000.0,0.0,2200000.0,0.0,4.168,125326000.0
75,WDC,MRQ,2002-09-30,2002-09-27,2002-09-27,2021-08-27,1240000.0,688387000.0,,577969000.0,110418000.0,,0.664,-12400000.0,244448000.0,244448000.0,499300000.0,22200000.0,1.085,4.384,72599000.0,72599000.0,0.0,72599000.0,0.0,11600000.0,0.0,0.0,0.0,24000000.0,35600000.0,0.061,35600000.0,24000000.0,24000000.0,0.12,0.11,0.12,127851000.0,,127851000.0,699098396.0,10.0,6.137,31600000.0,0.164,1.0,83600000.0,0.143,0.0,0.0,-16341000.0,,91503000.0,0.0,0.0,0.0,560536000.0,532879000.0,27657000.0,836622396.0,20700000.0,0.0,3400000.0,-14300000.0,0.0,-10900000.0,-12400000.0,0.0,44000000.0,0.0,22200000.0,22200000.0,22200000.0,0.0,0.0,0.038,58300000.0,25300000.0,344389000.0,0.0,6.544,12.472,12.028,109178000.0,0.0,4.33,0.365,0.363,233037000.0,-494077000.0,582900000.0,582900000.0,31900000.0,,,,,0.0,26400000.0,1.0,193215334.0,192500000,196800000.0,3.028,688387000.0,0.0,1800000.0,0.0,3.576,45090000.0
76,WDC,MRQ,2002-06-30,2002-06-28,2002-06-28,2021-08-27,2600000.0,636700000.0,,529200000.0,107500000.0,,0.537,-8216000.0,223700000.0,223700000.0,466703000.0,13090000.0,1.074,5.188,86200000.0,86200000.0,0.0,86200000.0,0.0,11476000.0,0.0,0.0,0.0,13614000.0,25090000.0,0.046,25090000.0,13614000.0,13614000.0,0.07,0.07,0.07,102900000.0,,102900000.0,487316351.0,8.0,4.426,2419000.0,0.013,1.0,74017000.0,0.137,0.0,0.0,6500000.0,,73400000.0,0.0,0.0,0.0,533800000.0,492700000.0,41100000.0,624286351.0,-2805000.0,0.0,1290000.0,-4383000.0,0.0,-3143000.0,-8228000.0,-9912000.0,10635000.0,0.0,13090000.0,13090000.0,13090000.0,3131000.0,0.0,0.024,56764000.0,17253000.0,303000000.0,0.0,6.067,9.546,9.286,107500000.0,0.0,3.25,0.29,0.286,218800000.0,-516300000.0,540720000.0,540720000.0,30600000.0,,,,,0.0,26164000.0,1.0,192088108.0,191583000,197684000.0,2.822,636700000.0,0.0,524000.0,0.0,3.323,36500000.0
77,WDC,MRQ,2002-03-31,2002-03-29,2002-03-29,2021-08-27,4094000.0,637458000.0,,524561000.0,112897000.0,,0.471,-13446000.0,226487000.0,226487000.0,513849000.0,19198000.0,1.253,6.127,89517000.0,0.0,89517000.0,89517000.0,0.0,11715000.0,0.0,0.0,0.0,17574000.0,29289000.0,0.049,29289000.0,17574000.0,17574000.0,0.1,0.1,0.1,89438000.0,,89438000.0,1089281909.0,-107.0,29.829,38186000.0,0.201,1.0,81018000.0,0.136,0.0,0.0,81953000.0,,94513000.0,0.0,0.0,0.0,548020000.0,418535000.0,129485000.0,1180194909.0,33170000.0,-9000000.0,6174000.0,-6954000.0,0.0,-780000.0,-12534000.0,9912000.0,51632000.0,0.0,19198000.0,19198000.0,19198000.0,2893000.0,0.0,0.032,60217000.0,20801000.0,316932000.0,0.0,13.196,-132.561,-103.833,110742000.0,0.0,6.23,0.571,0.573,186173000.0,-529410000.0,594867000.0,594867000.0,31443000.0,,,,,0.0,28774000.0,1.0,189437385.0,190091000,198355000.0,3.129,637458000.0,0.0,-1624000.0,0.0,3.353,106026000.0
78,WDC,MRQ,2001-12-31,2001-12-28,2001-12-28,2021-08-27,2179000.0,635649000.0,,518745000.0,116904000.0,,0.261,-14025000.0,193317000.0,193317000.0,504112000.0,12594000.0,1.185,12.001,102404000.0,0.0,102404000.0,102404000.0,0.0,11349000.0,0.0,0.0,0.0,12594000.0,23943000.0,0.042,23943000.0,12594000.0,12594000.0,0.07,0.07,0.07,48894000.0,,48894000.0,1128738438.0,-34.0,78.812,-4930000.0,-0.026,1.0,70558000.0,0.123,0.0,0.0,106821000.0,,96441000.0,0.0,0.0,0.0,586755000.0,437915000.0,148840000.0,1215346438.0,-7265000.0,9000000.0,1074000.0,-6263000.0,0.0,-4739000.0,-5025000.0,0.0,9095000.0,0.0,12594000.0,12594000.0,12594000.0,2851000.0,0.0,0.022,57706000.0,12852000.0,323330000.0,0.0,24.857,-35.905,-34.211,111467000.0,0.0,6.5,0.613,0.615,222822000.0,-548608000.0,574670000.0,574670000.0,29212000.0,,,,,0.0,28494000.0,1.0,186976375.0,187691000,191624000.0,3.062,635649000.0,0.0,0.0,0.0,3.387,80830000.0
79,WDC,MRQ,2001-09-30,2001-09-28,2001-09-28,2021-08-27,1581000.0,619445000.0,,500117000.0,119328000.0,,0.148,-12013000.0,200582000.0,200582000.0,384936000.0,20518000.0,1.162,21.399,113974000.0,0.0,113974000.0,113974000.0,0.0,11260000.0,0.0,0.0,0.0,20869000.0,32129000.0,0.073,32129000.0,20869000.0,20518000.0,0.11,0.11,0.11,27655000.0,,27655000.0,350484456.0,-8.0,50.495,-575000.0,-0.003,1.0,56007000.0,0.127,0.0,351000.0,102582000.0,,76343000.0,0.0,0.0,0.0,591790000.0,430255000.0,161535000.0,405575456.0,33000000.0,0.0,1562000.0,0.0,0.0,1562000.0,-12013000.0,0.0,11438000.0,0.0,20518000.0,20518000.0,20518000.0,-21075000.0,0.0,0.047,56213000.0,-206000.0,319015000.0,0.0,14.666,-9.464,-9.042,107759000.0,0.0,2.17,0.206,0.206,212085000.0,-561202000.0,440943000.0,440943000.0,28845000.0,,,,,0.0,27368000.0,1.0,186901132.0,186635000,186635000.0,2.363,619445000.0,0.0,0.0,0.0,3.319,69862000.0
80,WDC,MRQ,2001-06-30,2001-06-29,2001-06-29,2021-08-27,3112000.0,507652000.0,,385709000.0,121943000.0,,0.04,-10807000.0,167582000.0,167582000.0,404813000.0,-61213000.0,1.133,73.622,112491000.0,0.0,112491000.0,112491000.0,0.0,12369000.0,0.0,0.0,0.0,-61213000.0,-48844000.0,-0.107,-48844000.0,-61213000.0,-61213000.0,-0.34,-0.34,-0.34,6803000.0,,6803000.0,651781994.0,-7.0,-13.868,-10285000.0,-0.061,1.0,50928000.0,0.112,0.0,0.0,112215000.0,,78905000.0,0.0,0.0,0.0,500849000.0,340346000.0,160503000.0,700039994.0,6752000.0,0.0,44926000.0,-5000000.0,0.0,33499000.0,-10786000.0,21000.0,522000.0,0.0,-61213000.0,-61213000.0,-61213000.0,20172000.0,0.0,-0.134,39824000.0,11104000.0,224544000.0,0.0,102.902,-7.078,-6.695,106166000.0,0.0,3.95,0.358,0.341,127767000.0,-581720000.0,455741000.0,455741000.0,15697000.0,,,,,0.0,24127000.0,1.0,177225315.0,168700000,168700000.0,2.701,507652000.0,0.0,0.0,0.0,3.009,45363000.0
81,WDC,MRQ,2001-03-31,2001-03-30,2001-03-30,2021-08-27,-9447000.0,545141000.0,,397276000.0,147865000.0,,0.103,-13044000.0,160869000.0,160869000.0,448428000.0,-5748000.0,1.092,29.059,112611000.0,0.0,112611000.0,112611000.0,0.0,12842000.0,0.0,0.0,0.0,-5748000.0,7094000.0,0.014,7094000.0,-5748000.0,-5748000.0,-0.03,-0.03,-0.03,18136000.0,,18136000.0,764538737.0,-13.0,-139.362,-14950000.0,-0.085,1.0,63295000.0,0.124,0.0,0.0,133043000.0,,65258000.0,0.0,0.0,0.0,527005000.0,363840000.0,163165000.0,830718737.0,-18514000.0,0.0,0.0,0.0,0.0,2905000.0,-13044000.0,0.0,-1906000.0,0.0,-5748000.0,-5748000.0,-5748000.0,7156000.0,0.0,-0.011,62310000.0,985000.0,234851000.0,0.0,45.805,-24.781,-476.0,106795000.0,0.0,4.76,0.421,0.426,153095000.0,-517636000.0,511723000.0,511723000.0,32085000.0,,,,,0.0,30225000.0,1.0,174520743.0,176250000,177618000.0,2.903,545141000.0,0.0,0.0,0.0,3.093,33436000.0
82,WDC,MRQ,2000-12-31,2000-12-29,2000-12-29,2021-08-27,-10032000.0,590937000.0,,441867000.0,149070000.0,,0.092,-16308000.0,179383000.0,179383000.0,494029000.0,3587000.0,1.082,36.673,113203000.0,0.0,113203000.0,113203000.0,0.0,12975000.0,0.0,0.0,0.0,3587000.0,16562000.0,0.029,16562000.0,3587000.0,3587000.0,0.02,0.02,0.02,15686000.0,,15686000.0,429294767.0,-3.0,-6.552,-15955000.0,-0.093,1.0,67541000.0,0.12,0.0,0.0,116427000.0,,78177000.0,0.0,0.0,0.0,575251000.0,408330000.0,166921000.0,417731767.0,12434000.0,0.0,30593000.0,5000000.0,0.0,36145000.0,-16308000.0,0.0,353000.0,0.0,3587000.0,3587000.0,3587000.0,9827000.0,0.0,0.006,65542000.0,1999000.0,263001000.0,0.0,26.631,-4.243,-4.78,104734000.0,0.0,2.438,0.211,0.211,173966000.0,-514589000.0,561570000.0,561570000.0,33617000.0,,,,,0.0,31925000.0,1.0,171341988.0,171175000,173171000.0,3.281,590937000.0,0.0,0.0,0.0,3.452,33537000.0
83,WDC,MRQ,2000-09-30,2000-09-29,2000-09-29,2021-08-27,8915000.0,562727000.0,,398861000.0,163866000.0,,-0.359,-10541000.0,166949000.0,166949000.0,398430000.0,-35526000.0,1.047,-11.579,178512000.0,0.0,178512000.0,178512000.0,0.0,13714000.0,0.0,0.0,0.0,-35526000.0,-21812000.0,-0.051,-21812000.0,-35526000.0,-35526000.0,-0.24,-0.24,-0.24,-53192000.0,,-53192000.0,908342595.0,-6.0,-12.152,-68310000.0,-0.461,1.0,25936000.0,0.061,0.0,0.0,193371000.0,,60027000.0,0.0,0.0,0.0,615919000.0,380919000.0,235000000.0,866867595.0,-17072000.0,0.0,42081000.0,0.0,0.0,45051000.0,4438000.0,14979000.0,-57769000.0,0.0,-35526000.0,-35526000.0,-35526000.0,8045000.0,0.0,-0.084,61524000.0,-35588000.0,236471000.0,0.0,-16.297,-7.395,-8.902,100102000.0,0.0,5.875,0.439,0.44,146318000.0,-516377000.0,424366000.0,424366000.0,32001000.0,,,,,0.0,29523000.0,1.0,147551931.0,148044000,148044000.0,2.866,562727000.0,0.0,0.0,0.0,3.801,17942000.0
84,WDC,MRQ,2000-06-30,2000-06-30,2000-06-30,2021-08-27,1367000.0,612952000.0,,449365000.0,163587000.0,,-0.896,-4341000.0,184021000.0,184021000.0,430359000.0,4165000.0,1.016,-6.581,225496000.0,0.0,225496000.0,225496000.0,0.0,13334000.0,0.0,0.0,0.0,-20664000.0,-7330000.0,-0.015,-7330000.0,-20664000.0,-15335000.0,0.24,0.24,0.24,-109834000.0,,-109834000.0,717175555.0,-3.0,-5.549,-10278000.0,-0.084,1.0,43122000.0,0.091,0.0,-5329000.0,211967000.0,,83709000.0,0.0,0.0,0.0,722786000.0,442460000.0,280326000.0,696700555.0,-18066000.0,0.0,18002000.0,0.0,0.0,28717000.0,-15008000.0,-12867000.0,-5937000.0,0.0,4165000.0,4165000.0,4165000.0,25413000.0,0.0,0.009,32786000.0,10336000.0,264476000.0,0.0,-6.343,-3.706,-3.268,98360000.0,0.0,5.0,0.356,0.313,148916000.0,-482857000.0,473481000.0,473481000.0,22662000.0,,,,,0.0,10124000.0,1.0,139340111.0,122624000,122624000.0,3.861,612952000.0,0.0,-19500000.0,0.0,4.999,6905000.0
85,WDC,MRQ,2000-03-31,2000-03-31,2000-03-31,2021-08-27,25287000.0,690195000.0,,533818000.0,156377000.0,,-0.813,26479000.0,202087000.0,202087000.0,505003000.0,-70669000.0,1.017,-7.344,222562000.0,0.0,222562000.0,222562000.0,0.0,17726000.0,0.0,0.0,0.0,-70669000.0,-52943000.0,-0.102,-52943000.0,-70669000.0,-70669000.0,-0.53,-0.53,-0.53,-108803000.0,,-108803000.0,1032704709.0,-4.0,-5.162,6934000.0,0.052,1.0,11584000.0,0.022,47491000.0,0.0,138136000.0,,98208000.0,0.0,0.0,0.0,798998000.0,525043000.0,273955000.0,960088709.0,38412000.0,0.0,44262000.0,-16625000.0,0.0,31478000.0,26479000.0,0.0,-19545000.0,0.0,-70669000.0,-70669000.0,-70669000.0,0.0,0.0,-0.137,95742000.0,-84158000.0,290330000.0,0.0,-8.824,-3.269,-2.583,108886000.0,0.0,7.438,0.438,0.454,177455000.0,-487022000.0,516587000.0,516587000.0,33770000.0,,,,,0.0,33970000.0,1.0,129078880.0,133903000,133903000.0,3.858,642704000.0,0.0,0.0,0.0,4.8,8775000.0
86,WDC,MRQ,1999-12-31,1999-12-31,1999-12-31,2021-08-27,23461000.0,764724000.0,,559234000.0,205490000.0,,-0.727,4683000.0,163675000.0,163675000.0,539932000.0,-15197000.0,0.973,-9.683,236291000.0,0.0,236291000.0,236291000.0,0.0,22533000.0,0.0,0.0,0.0,-15197000.0,7336000.0,0.013,7336000.0,-15197000.0,-15197000.0,-0.13,-0.13,-0.13,-88068000.0,,-88068000.0,666721977.0,-2.0,-2.939,-6781000.0,-0.056,1.0,20242000.0,0.036,48599000.0,0.0,214001000.0,,101728000.0,0.0,0.0,0.0,852792000.0,574740000.0,278052000.0,470410977.0,-21379000.0,0.0,17374000.0,-30875000.0,0.0,-13498000.0,3583000.0,0.0,-11464000.0,0.0,-15197000.0,-15197000.0,-15197000.0,0.0,0.0,-0.027,108688000.0,-88446000.0,283545000.0,0.0,-5.341,-1.395,-1.157,156891000.0,0.0,4.188,0.201,0.216,198360000.0,-416353000.0,560174000.0,560174000.0,44083000.0,,,,,0.0,39070000.0,1.0,112323538.0,121128000,121128000.0,4.625,716125000.0,0.0,0.0,41761000.0,5.912,-15506000.0
87,WDC,MRQ,1999-09-30,1999-10-02,1999-10-02,2021-08-27,21923000.0,830212000.0,,525725000.0,304487000.0,,-1.363,18493000.0,185054000.0,185054000.0,472300000.0,-106315000.0,0.916,-7.352,381365000.0,10000000.0,371365000.0,381365000.0,0.0,24690000.0,0.0,0.0,0.0,-100986000.0,-76296000.0,-0.187,-76296000.0,-100986000.0,-106315000.0,-1.11,-1.11,-1.11,-130697000.0,,-130697000.0,742248557.0,-2.0,-2.656,-71282000.0,-0.743,1.0,-65343000.0,-0.161,117506000.0,5329000.0,334949000.0,,207741000.0,0.0,0.0,0.0,960909000.0,574068000.0,386841000.0,424251557.0,-41093000.0,0.0,32165000.0,-2500000.0,0.0,31289000.0,17393000.0,0.0,-89775000.0,0.0,-106315000.0,-106315000.0,-106315000.0,0.0,0.0,-0.261,126265000.0,-191608000.0,272949000.0,0.0,-3.246,-1.049,-0.948,186981000.0,0.0,4.188,0.168,0.159,87255000.0,-401156000.0,406957000.0,406957000.0,50143000.0,,,,,0.0,43822000.0,1.0,101301709.0,95918000,95918000.0,4.243,712706000.0,0.0,0.0,15476000.0,7.43,-48343000.0
88,WDC,MRQ,1999-06-30,1999-07-03,1999-07-03,2021-08-27,-2123000.0,1022402000.0,,725528000.0,296874000.0,,-1.719,-18637000.0,226147000.0,226147000.0,688429000.0,-101486000.0,1.221,-7.648,544144000.0,10000000.0,534144000.0,544144000.0,0.0,29225000.0,0.0,0.0,0.0,-107377000.0,-78152000.0,-0.11,-78152000.0,-107377000.0,-101486000.0,-1.11,-1.11,-1.11,-153790000.0,,-153790000.0,818206587.0,-2.0,-2.263,-60142000.0,-0.672,1.0,20873000.0,0.029,0.0,-5891000.0,746291000.0,,144093000.0,0.0,0.0,0.0,1176192000.0,594108000.0,582084000.0,577517587.0,-70948000.0,0.0,-15208000.0,-2925000.0,0.0,140000.0,-18637000.0,0.0,-41505000.0,0.0,-101486000.0,-101486000.0,-101486000.0,20200000.0,0.0,-0.143,96400000.0,-75527000.0,335907000.0,0.0,-3.755,-1.172,-1.157,237939000.0,0.0,6.375,0.209,0.206,273435000.0,-294841000.0,709302000.0,709302000.0,33403000.0,,,,,0.0,42997000.0,1.0,90590994.0,89478000,89478000.0,7.927,1022402000.0,0.0,0.0,0.0,11.426,131420000.0
89,WDC,MRQ,1999-03-31,1999-03-27,1999-03-27,2021-08-27,0.0,1158422000.0,,806629000.0,351793000.0,,-0.56,-27666000.0,297095000.0,297095000.0,628592000.0,-114293000.0,1.234,-24.021,537784000.0,0.0,537784000.0,537784000.0,0.0,34554000.0,0.0,0.0,0.0,-114293000.0,-79739000.0,-0.119,-79739000.0,-114293000.0,-114293000.0,-1.27,-1.27,-1.27,-50321000.0,,-50321000.0,942237473.0,-2.0,-2.301,-66589000.0,-0.741,1.0,39864000.0,0.06,39685000.0,0.0,705543000.0,,163413000.0,0.0,0.0,0.0,1208743000.0,653883000.0,554860000.0,764392473.0,-56565000.0,0.0,8524000.0,0.0,0.0,8524000.0,-26166000.0,1500000.0,-38923000.0,0.0,-114293000.0,-114293000.0,-114293000.0,0.0,0.0,-0.171,149909000.0,-110045000.0,349597000.0,0.0,-15.19,-1.38,-1.366,312108000.0,0.0,8.563,0.282,0.284,311462000.0,-193355000.0,668456000.0,668456000.0,62699000.0,,,,,0.0,46210000.0,1.0,89266901.0,89883000,89883000.0,7.437,1118737000.0,0.0,0.0,17076000.0,12.447,152746000.0
90,WDC,MRQ,1998-12-31,1998-12-26,1998-12-26,2021-08-27,0.0,1296522000.0,,911569000.0,384953000.0,,0.535,-24061000.0,353660000.0,353660000.0,719423000.0,-82253000.0,1.301,26.277,531505000.0,0.0,531505000.0,531505000.0,0.0,33690000.0,0.0,0.0,0.0,-79015000.0,-45325000.0,-0.061,-45325000.0,-79015000.0,-82253000.0,-0.93,-0.93,-0.93,47531000.0,,47531000.0,1536028951.0,-3.0,-4.25,-49090000.0,-0.552,1.0,19167000.0,0.026,42174000.0,3238000.0,731418000.0,,160974000.0,0.0,0.0,0.0,1248991000.0,700775000.0,548216000.0,1414874951.0,-50493000.0,0.0,-3662000.0,0.0,0.0,97000.0,-25561000.0,-1500000.0,-25029000.0,0.0,-82253000.0,-82253000.0,-82253000.0,0.0,0.0,-0.111,98182000.0,-79015000.0,386004000.0,0.0,29.767,-2.919,-2.893,342779000.0,0.0,15.94,0.493,0.493,371960000.0,-79062000.0,738590000.0,738590000.0,50363000.0,,,,,0.0,47819000.0,1.0,88762544.0,88888000,88888000.0,8.309,1254348000.0,0.0,0.0,16711000.0,14.112,210794000.0
91,WDC,MRQ,1998-09-30,1998-09-26,1998-09-26,2021-08-27,0.0,1376876000.0,,985523000.0,391353000.0,,1.432,-36036000.0,404153000.0,404153000.0,733610000.0,-194658000.0,1.392,9.862,525307000.0,0.0,525307000.0,525307000.0,0.0,33597000.0,0.0,0.0,0.0,-192005000.0,-158408000.0,-0.243,-158408000.0,-192005000.0,-194658000.0,-2.2,-2.2,-2.2,126762000.0,,126762000.0,1025690147.0,-2.0,-2.342,-59339000.0,-0.67,1.0,-82752000.0,-0.127,40465000.0,2653000.0,749707000.0,,167503000.0,0.0,0.0,0.0,1250114000.0,707858000.0,542256000.0,966332147.0,-55677000.0,0.0,3662000.0,0.0,0.0,3662000.0,-36036000.0,0.0,-23303000.0,0.0,-194658000.0,-194658000.0,-194658000.0,0.0,0.0,-0.299,109253000.0,-192005000.0,403336000.0,0.0,7.623,-1.765,-1.753,350888000.0,0.0,10.94,0.311,0.312,378295000.0,3191000.0,650858000.0,650858000.0,51921000.0,,,,,0.0,57332000.0,1.0,88330178.0,88545000,88545000.0,7.351,1336411000.0,0.0,0.0,16949000.0,15.093,277665000.0
92,WDC,MRQ,1998-06-30,1998-06-27,1998-06-27,2021-08-27,0.0,1442688000.0,,1052122000.0,390566000.0,,3.63,-30948000.0,459830000.0,459830000.0,692243000.0,-162719000.0,1.788,3.54,519188000.0,0.0,519188000.0,519188000.0,0.0,32716000.0,0.0,0.0,0.0,-158652000.0,-125936000.0,-0.194,-125936000.0,-158652000.0,-162719000.0,-1.87,-1.82,-1.87,317758000.0,,317758000.0,927309576.0,-3.0,-5.0,-116043000.0,-1.326,1.0,-41740000.0,-0.064,43579000.0,4067000.0,869888000.0,,186516000.0,0.0,0.0,0.0,1124930000.0,588579000.0,536351000.0,991964576.0,-117974000.0,0.0,-30141000.0,-539000.0,0.0,-6864000.0,-26015000.0,9758000.0,-85095000.0,0.0,-162719000.0,-162719000.0,-162719000.0,0.0,0.0,-0.25,120729000.0,-162469000.0,330130000.0,0.0,3.122,-3.418,-3.389,346987000.0,0.0,11.25,0.28,0.278,369013000.0,197849000.0,650503000.0,650503000.0,70010000.0,,,,,0.0,50719000.0,1.0,88174629.0,87525000,87525000.0,7.432,1399109000.0,0.0,0.0,17163000.0,15.985,463543000.0
93,WDC,MRQ,1998-03-31,1998-03-28,1998-03-28,2021-08-27,0.0,1723392000.0,,1328298000.0,395094000.0,,5.544,-55902000.0,577804000.0,577804000.0,795015000.0,-45022000.0,1.928,2.54,513149000.0,0.0,513149000.0,513149000.0,0.0,26449000.0,0.0,0.0,0.0,-58221000.0,-31772000.0,-0.038,-31772000.0,-58221000.0,-58757000.0,-0.51,-0.51,-0.51,486802000.0,,486802000.0,1438172001.0,,,-23785000.0,-0.271,1.0,36279000.0,0.044,47712000.0,536000.0,922193000.0,,217205000.0,0.0,0.0,0.0,1236590000.0,688832000.0,547758000.0,1557511001.0,458465000.0,0.0,-9036000.0,491961000.0,0.0,482925000.0,-56577000.0,0.0,32117000.0,0.0,-45022000.0,-45022000.0,-45022000.0,0.0,0.0,-0.054,94500000.0,-58221000.0,430003000.0,0.0,3.199,,,347382000.0,0.0,17.81,,,475302000.0,360568000.0,831294000.0,831294000.0,46949000.0,,,,,0.0,47551000.0,1.0,87451488.0,87812000,87812000.0,9.467,1675680000.0,0.0,-13735000.0,34609000.0,19.083,639466000.0
94,WDC,MRQ,1997-12-31,1997-12-27,1997-12-27,2021-08-27,0.0,1271436000.0,,923709000.0,347727000.0,,6.194,-48757000.0,119339000.0,119339000.0,1025112000.0,-145183000.0,1.327,1.351,0.0,0.0,0.0,0.0,0.0,25425000.0,0.0,0.0,0.0,-147198000.0,-121773000.0,-0.126,-121773000.0,-147198000.0,-145183000.0,-1.66,-1.66,-1.66,540860000.0,,540860000.0,,,,-62506000.0,-0.716,1.0,-55548000.0,-0.057,30886000.0,-2015000.0,425177000.0,,285404000.0,0.0,0.0,0.0,730576000.0,696034000.0,34542000.0,1279415269.0,-64469000.0,0.0,-11636000.0,0.0,0.0,-11636000.0,-39084000.0,0.0,-13749000.0,0.0,-145183000.0,-145183000.0,-145183000.0,0.0,0.0,-0.15,91650000.0,-147198000.0,394515000.0,0.0,2.366,,,316841000.0,0.0,14.63,,,480368000.0,405590000.0,969564000.0,969564000.0,44472000.0,,,,,0.0,47178000.0,1.0,87451488.0,87319000,87319000.0,11.104,1240550000.0,0.0,0.0,34542000.0,14.207,227675000.0
95,WDC,MRQ,1997-09-30,1997-09-27,1997-09-27,2021-08-27,,,,,,,,-63034000.0,,,929105000.0,62707000.0,,,,,,,,21960000.0,,0.0,0.0,72063000.0,94023000.0,0.086,94023000.0,72063000.0,74651000.0,0.72,0.67,0.72,,,,,,,-35280000.0,-0.407,1.0,161059000.0,0.148,,-2588000.0,,,,,,,,,,,-24468000.0,0.0,14985000.0,0.0,0.0,14985000.0,-67207000.0,0.0,27754000.0,0.0,62707000.0,62707000.0,62707000.0,0.0,0.0,0.058,88996000.0,72063000.0,,0.0,,,,,0.0,48.5,,,,,1090164000.0,1090164000.0,42302000.0,,,,,0.0,46694000.0,1.0,,86742000,93613000.0,12.568,,,11944000.0,,,
96,WDC,MRQ,1997-06-30,1997-06-28,1997-06-28,2021-08-27,0.0,1307122000.0,,1017895000.0,289227000.0,,7.105,-50598000.0,208276000.0,208276000.0,,,1.557,1.108,0.0,0.0,0.0,0.0,0.0,17117000.0,0.0,0.0,0.0,,,,,,,,,,619987000.0,,619987000.0,,,,-365000.0,-0.004,1.0,,,41332000.0,,403809000.0,,224474000.0,0.0,0.0,0.0,687135000.0,653705000.0,33430000.0,,-19228000.0,0.0,-42365000.0,0.0,0.0,-19595000.0,-49866000.0,0.0,50233000.0,0.0,,,,,,,,,417984000.0,,,,10.342,247895000.0,,31.75,,0.663,545552000.0,488066000.0,,,,,,,,0.0,,1.0,,87261000,,,1265790000.0,0.0,,33430000.0,14.506,364190000.0
97,WDC,MRQ,1997-03-31,1997-03-29,1997-03-29,2021-08-27,,,,,,,,-35794000.0,,,911357000.0,82595000.0,,,,,,,,18045000.0,,0.0,0.0,94062000.0,112107000.0,0.102,112107000.0,94062000.0,97171000.0,0.95,0.88,0.95,,,,,,,8559000.0,0.098,1.0,184855000.0,0.169,,-3109000.0,,,,,,,,,,,-46465000.0,0.0,-47620000.0,0.0,0.0,-42202000.0,-48616000.0,0.0,44353000.0,0.0,82595000.0,82595000.0,82595000.0,0.0,0.0,0.075,90793000.0,94062000.0,,0.0,,,,,0.0,30.375,,,,,1096212000.0,1096212000.0,39672000.0,,,,,0.0,51121000.0,1.0,,87212000,94036000.0,12.57,,,14576000.0,,,
98,WDC,MRQ,1996-12-31,1996-12-28,1996-12-28,2021-08-27,,,,,,,,,,,955258000.0,64229000.0,,,,,,,,,,0.0,0.0,75564000.0,,,,75564000.0,75564000.0,0.73,0.68,0.73,,,,,,,,,1.0,163389000.0,0.146,,0.0,,,,,,,,,,,,,,,,,,,,,64229000.0,64229000.0,64229000.0,0.0,0.0,0.057,91554000.0,71835000.0,,0.0,,,,,0.0,28.56,,,,,1118647000.0,1118647000.0,36001000.0,,,,,,55553000.0,1.0,,87950000,94760000.0,12.719,,,11335000.0,,,
0,WDC,MRT,2021-06-30,2021-07-02,2021-07-02,2021-08-27,-197000000.0,26132000000.0,25623750000.0,9757000000.0,16375000000.0,0.66,35.151,-1003000000.0,3370000000.0,3370000000.0,12401000000.0,821000000.0,2.003,1.437,8725000000.0,251000000.0,8474000000.0,8725000000.0,0.0,1212000000.0,0.0,0.0,0.0,1253000000.0,2465000000.0,0.146,2465000000.0,1253000000.0,927000000.0,2.69,2.66,2.69,10721000000.0,10018750000.0,10721000000.0,27711057126.0,22.0,11.242,895000000.0,2.934,1.0,4521000000.0,0.267,10508000000.0,326000000.0,16109000000.0,16421500000.0,3616000000.0,1586000000.0,0.0,1586000000.0,15411000000.0,4870000000.0,10541000000.0,21516057126.0,322000000.0,238000000.0,134000000.0,-886000000.0,0.0,-817000000.0,-765000000.0,0.0,1898000000.0,6000000.0,821000000.0,821000000.0,821000000.0,0.0,0.0,0.049,3301000000.0,1220000000.0,2332000000.0,0.0,2.007,26.207,26.1,3188000000.0,0.0,70.21,1.271,1.265,2257000000.0,7539000000.0,16922000000.0,16922000000.0,2243000000.0,0.032,0.082,0.076,0.074,318000000.0,1105000000.0,1.0,306452886.0,305000000,309000000.0,55.482,15624000000.0,0.0,106000000.0,0.0,51.226,4887000000.0
1,WDC,MRT,2021-03-31,2021-04-02,2021-04-02,2021-08-27,-210000000.0,25409000000.0,25506250000.0,9032000000.0,16377000000.0,0.639,32.513,-914000000.0,2734000000.0,2734000000.0,12251000000.0,347000000.0,2.007,1.554,8929000000.0,251000000.0,8678000000.0,8929000000.0,0.0,1338000000.0,0.0,0.0,0.0,849000000.0,2187000000.0,0.134,2187000000.0,849000000.0,516000000.0,1.14,1.13,1.14,9949000000.0,9726250000.0,9949000000.0,28023155665.0,33.0,12.814,162000000.0,0.529,1.0,4038000000.0,0.248,10585000000.0,333000000.0,16518000000.0,16588000000.0,3683000000.0,1694000000.0,0.0,1694000000.0,15460000000.0,4501000000.0,10959000000.0,21846155665.0,-209000000.0,438000000.0,133000000.0,-736000000.0,-150000000.0,-816000000.0,-476000000.0,0.0,1076000000.0,7000000.0,347000000.0,347000000.0,347000000.0,0.0,0.0,0.021,3232000000.0,806000000.0,2204000000.0,0.0,2.196,62.957,62.605,3061000000.0,0.0,71.37,1.341,1.341,1905000000.0,6917000000.0,16289000000.0,16289000000.0,2191000000.0,0.014,0.036,0.051,0.052,315000000.0,1077000000.0,1.0,306097179.0,306000000,313000000.0,53.232,14824000000.0,0.0,169000000.0,0.0,48.444,4531000000.0
2,WDC,MRT,2020-12-31,2021-01-01,2021-01-01,2021-08-27,-50000000.0,25552000000.0,25531250000.0,9109000000.0,16443000000.0,0.639,32.226,-879000000.0,2956000000.0,2956000000.0,12375000000.0,167000000.0,2.013,1.6,9133000000.0,251000000.0,8882000000.0,9133000000.0,0.0,1471000000.0,0.0,0.009,0.5,664000000.0,2135000000.0,0.131,2135000000.0,664000000.0,313000000.0,0.56,0.56,0.56,9829000000.0,9549750000.0,9829000000.0,23229133043.0,35.0,10.88,223000000.0,0.731,1.0,3952000000.0,0.242,10667000000.0,351000000.0,16536000000.0,16591500000.0,3576000000.0,1858000000.0,0.0,1858000000.0,15723000000.0,4526000000.0,11197000000.0,16852133043.0,-181000000.0,561000000.0,132000000.0,-736000000.0,-299000000.0,-973000000.0,-318000000.0,0.0,1102000000.0,8000000.0,167000000.0,167000000.0,167000000.0,0.0,0.0,0.01,3310000000.0,642000000.0,2332000000.0,0.893,1.715,100.911,98.911,2918000000.0,0.0,55.39,1.032,1.035,1833000000.0,6720000000.0,16327000000.0,16327000000.0,2199000000.0,0.007,0.017,0.04,0.041,310000000.0,1071000000.0,1.0,304245045.0,305000000,307000000.0,53.531,14885000000.0,0.0,146000000.0,0.0,48.803,4583000000.0
3,WDC,MRT,2020-09-30,2020-10-02,2020-10-02,2021-08-27,-101000000.0,25402000000.0,25608250000.0,9005000000.0,16397000000.0,0.649,31.604,-832000000.0,2995000000.0,2995000000.0,12691000000.0,-34000000.0,2.033,1.653,9372000000.0,286000000.0,9086000000.0,9372000000.0,0.0,1534000000.0,0.0,0.028,1.0,563000000.0,2097000000.0,0.126,2097000000.0,563000000.0,188000000.0,-0.11,-0.11,-0.11,9576000000.0,9437250000.0,9576000000.0,17405827301.0,31.0,8.3,102000000.0,0.337,1.0,3927000000.0,0.236,10827000000.0,375000000.0,16523000000.0,16631000000.0,3355000000.0,1746000000.0,0.0,1746000000.0,15826000000.0,4429000000.0,11397000000.0,10878827301.0,-253000000.0,910000000.0,116000000.0,-876000000.0,-448000000.0,-1269000000.0,78000000.0,0.0,934000000.0,4000000.0,-34000000.0,-34000000.0,-34000000.0,0.0,0.0,-0.002,3393000000.0,534000000.0,2353000000.0,-9.091,1.136,-319.966,-326.909,2897000000.0,0.0,35.96,0.655,0.656,2097000000.0,6658000000.0,16618000000.0,16618000000.0,2242000000.0,-0.001,-0.004,0.034,0.034,307000000.0,1104000000.0,1.0,302525787.0,303000000,303000000.0,54.845,14575000000.0,0.0,222000000.0,0.0,48.102,4576000000.0
4,WDC,MRT,2020-06-30,2020-07-03,2020-07-03,2021-08-27,-157000000.0,25662000000.0,25827750000.0,9048000000.0,16614000000.0,0.648,32.05,-647000000.0,3048000000.0,3048000000.0,12955000000.0,-250000000.0,2.054,1.687,9575000000.0,286000000.0,9289000000.0,9575000000.0,0.0,1566000000.0,0.0,0.035,1.5,367000000.0,1933000000.0,0.115,1933000000.0,367000000.0,-46000000.0,-0.84,-0.84,-0.84,9551000000.0,9434750000.0,9551000000.0,19405311798.0,53.0,10.039,177000000.0,0.594,1.0,3781000000.0,0.226,11008000000.0,413000000.0,16775000000.0,16838250000.0,3070000000.0,1875000000.0,0.0,1875000000.0,16111000000.0,4406000000.0,11705000000.0,12719311798.0,-407000000.0,925000000.0,141000000.0,-982000000.0,-595000000.0,-1508000000.0,278000000.0,0.0,824000000.0,-1000000.0,-250000000.0,-250000000.0,-250000000.0,0.0,0.0,-0.015,3446000000.0,335000000.0,2352000000.0,-1.786,1.332,-50.877,-50.524,2854000000.0,0.0,42.44,0.76,0.756,2379000000.0,6725000000.0,16736000000.0,16736000000.0,2261000000.0,-0.01,-0.026,0.022,0.022,308000000.0,1153000000.0,1.0,299701032.0,298000000,298000000.0,56.161,14654000000.0,0.0,204000000.0,0.0,49.174,4642000000.0
5,WDC,MRT,2020-03-31,2020-04-03,2020-04-03,2021-08-27,-183000000.0,25509000000.0,26004750000.0,8553000000.0,16956000000.0,0.618,30.913,-470000000.0,2943000000.0,2943000000.0,12920000000.0,-595000000.0,1.913,1.76,9629000000.0,286000000.0,9343000000.0,9629000000.0,0.0,1605000000.0,0.0,0.052,2.0,-262000000.0,1343000000.0,0.084,1343000000.0,-262000000.0,-705000000.0,-2.01,-2.01,-2.01,9243000000.0,9538750000.0,9243000000.0,18118173991.0,-69.0,13.491,351000000.0,1.174,1.0,3163000000.0,0.197,11192000000.0,443000000.0,16532000000.0,17102750000.0,3091000000.0,2157000000.0,0.0,2157000000.0,16266000000.0,4471000000.0,11795000000.0,11422173991.0,-739000000.0,316000000.0,131000000.0,-991000000.0,-591000000.0,-1526000000.0,-38000000.0,116000000.0,821000000.0,4000000.0,-595000000.0,-595000000.0,-595000000.0,0.0,0.0,-0.037,3470000000.0,-307000000.0,2183000000.0,-0.995,1.236,-19.197,-19.01,2735000000.0,0.0,38.21,0.71,0.71,1978000000.0,6578000000.0,16083000000.0,16083000000.0,2238000000.0,-0.023,-0.062,-0.015,-0.016,296000000.0,1183000000.0,1.0,298931536.0,299000000,303000000.0,53.789,14317000000.0,0.0,-110000000.0,0.0,47.883,4082000000.0
6,WDC,MRT,2019-12-31,2020-01-03,2020-01-03,2021-08-27,-110000000.0,25860000000.0,26355750000.0,8627000000.0,17233000000.0,0.591,31.473,-565000000.0,3137000000.0,3137000000.0,12845000000.0,-1193000000.0,1.925,1.757,9833000000.0,286000000.0,9547000000.0,9833000000.0,0.0,1665000000.0,0.0,0.031,2.0,-766000000.0,899000000.0,0.058,899000000.0,-766000000.0,-1228000000.0,-4.06,-4.06,-4.06,9379000000.0,9781500000.0,9379000000.0,26179307006.0,-34.0,29.12,318000000.0,1.067,1.0,2737000000.0,0.176,11380000000.0,462000000.0,16694000000.0,17372500000.0,3122000000.0,2321000000.0,0.0,2321000000.0,16481000000.0,4482000000.0,11999000000.0,19215307006.0,-876000000.0,62000000.0,129000000.0,-817000000.0,-588000000.0,-1376000000.0,-387000000.0,116000000.0,883000000.0,4000000.0,-1193000000.0,-1193000000.0,-1193000000.0,0.0,0.0,-0.077,3591000000.0,-854000000.0,2100000000.0,-0.493,2.049,-16.107,-15.914,2722000000.0,0.0,64.61,1.233,1.236,1791000000.0,6717000000.0,15582000000.0,15582000000.0,2219000000.0,-0.045,-0.122,-0.044,-0.049,302000000.0,1255000000.0,1.0,297404535.0,298000000,298000000.0,52.289,14480000000.0,0.0,-35000000.0,0.0,48.591,4145000000.0
7,WDC,MRT,2019-09-30,2019-10-04,2019-10-04,2021-08-27,-90000000.0,26280000000.0,26875500000.0,8500000000.0,17780000000.0,0.58,32.318,-625000000.0,3248000000.0,3248000000.0,12735000000.0,-1541000000.0,1.982,1.747,10212000000.0,251000000.0,9961000000.0,10212000000.0,0.0,1738000000.0,0.0,0.034,2.0,-632000000.0,1106000000.0,0.071,1106000000.0,-632000000.0,-1107000000.0,-5.27,-5.27,-5.27,9566000000.0,10164750000.0,9566000000.0,24403946959.0,-39.0,22.065,470000000.0,1.588,1.0,2846000000.0,0.183,11604000000.0,475000000.0,17352000000.0,17691000000.0,3287000000.0,2629000000.0,0.0,2629000000.0,16714000000.0,4288000000.0,12426000000.0,17336946959.0,-1398000000.0,-459000000.0,136000000.0,-966000000.0,-583000000.0,-1514000000.0,-979000000.0,105000000.0,1095000000.0,0.0,-1541000000.0,-1541000000.0,-1541000000.0,0.0,0.0,-0.099,3574000000.0,-728000000.0,2231000000.0,-0.38,1.812,-11.25,-11.114,2796000000.0,0.0,58.57,1.113,1.113,1448000000.0,7012000000.0,15581000000.0,15581000000.0,2180000000.0,-0.057,-0.152,-0.036,-0.041,304000000.0,1266000000.0,1.0,296003875.0,296000000,296000000.0,52.639,14676000000.0,0.0,434000000.0,0.0,49.581,4212000000.0
8,WDC,MRT,2019-06-30,2019-06-28,2019-06-28,2021-08-27,-68000000.0,26370000000.0,27481750000.0,8477000000.0,17893000000.0,0.603,34.134,-757000000.0,3455000000.0,3455000000.0,12817000000.0,-754000000.0,2.221,1.646,10522000000.0,276000000.0,10246000000.0,10522000000.0,0.0,1812000000.0,0.0,0.042,2.0,182000000.0,1994000000.0,0.12,1994000000.0,182000000.0,-287000000.0,-2.58,-2.58,-2.58,9967000000.0,10617000000.0,9967000000.0,20835040825.0,114.0,10.449,790000000.0,2.705,1.0,3752000000.0,0.226,11787000000.0,469000000.0,17833000000.0,17938250000.0,3283000000.0,2791000000.0,0.0,2791000000.0,16403000000.0,3817000000.0,12586000000.0,13932040825.0,-1550000000.0,-618000000.0,-445000000.0,-685000000.0,-584000000.0,-1829000000.0,-1272000000.0,103000000.0,1547000000.0,4000000.0,-754000000.0,-754000000.0,-754000000.0,0.0,0.0,-0.046,3665000000.0,87000000.0,1898000000.0,-0.775,1.398,-18.478,-18.43,2843000000.0,0.0,47.55,0.841,0.838,1204000000.0,7449000000.0,16569000000.0,16569000000.0,2182000000.0,-0.027,-0.071,0.01,0.011,306000000.0,1317000000.0,1.0,292997704.0,292000000,292000000.0,56.743,14583000000.0,0.0,467000000.0,0.0,49.942,4660000000.0
9,WDC,MRT,2019-03-31,2019-03-29,2019-03-29,2021-08-27,-55000000.0,26913000000.0,28198000000.0,8902000000.0,18011000000.0,0.64,34.979,-909000000.0,3682000000.0,3682000000.0,12913000000.0,199000000.0,2.113,1.635,10585000000.0,276000000.0,10309000000.0,10585000000.0,0.0,1885000000.0,0.0,0.042,2.0,1382000000.0,3267000000.0,0.181,3267000000.0,1382000000.0,916000000.0,0.62,0.51,0.62,10214000000.0,11008000000.0,10214000000.0,20579296080.0,15.0,6.299,1332000000.0,4.562,1.0,5139000000.0,0.285,11993000000.0,466000000.0,17611000000.0,18027750000.0,3440000000.0,2403000000.0,0.0,2403000000.0,16699000000.0,4212000000.0,12487000000.0,13978296080.0,-1281000000.0,-358000000.0,-859000000.0,-657000000.0,-588000000.0,-2220000000.0,-1291000000.0,-24000000.0,2241000000.0,-11000000.0,199000000.0,199000000.0,199000000.0,0.0,0.0,0.011,3828000000.0,1311000000.0,1889000000.0,3.226,1.369,70.243,77.516,3031000000.0,0.0,48.06,0.774,0.777,1223000000.0,7799000000.0,18052000000.0,18052000000.0,2236000000.0,0.007,0.018,0.077,0.077,320000000.0,1370000000.0,1.0,290850938.0,292000000,292000000.0,61.822,14920000000.0,0.0,717000000.0,0.0,51.096,4690000000.0
10,WDC,MRT,2018-12-31,2018-12-28,2018-12-28,2021-08-27,-35000000.0,27939000000.0,28720750000.0,9742000000.0,18197000000.0,0.675,37.628,-900000000.0,4013000000.0,4013000000.0,12904000000.0,841000000.0,2.24,1.56,10614000000.0,244000000.0,10370000000.0,10614000000.0,0.0,1940000000.0,0.0,0.054,2.0,1773000000.0,3713000000.0,0.191,3713000000.0,1773000000.0,1265000000.0,2.81,2.7,2.81,10912000000.0,11279500000.0,10912000000.0,17130463037.0,10.0,4.614,2164000000.0,7.462,1.0,6487000000.0,0.335,12222000000.0,508000000.0,17968000000.0,18111750000.0,3427000000.0,2318000000.0,0.0,2318000000.0,17027000000.0,4350000000.0,12677000000.0,10633463037.0,-2259000000.0,-450000000.0,-972000000.0,-2212000000.0,-590000000.0,-3947000000.0,-1373000000.0,-23000000.0,3064000000.0,-3000000.0,841000000.0,841000000.0,841000000.0,0.0,0.0,0.043,3868000000.0,2619000000.0,2235000000.0,0.712,0.974,12.644,13.075,3077000000.0,0.0,36.74,0.548,0.549,1715000000.0,8532000000.0,19391000000.0,19391000000.0,2294000000.0,0.029,0.075,0.098,0.091,339000000.0,1393000000.0,1.0,289424688.0,290000000,290000000.0,66.866,15717000000.0,0.0,424000000.0,0.0,54.197,5392000000.0
11,WDC,MRT,2018-09-30,2018-09-28,2018-09-28,2021-08-27,-76000000.0,28705000000.0,29196000000.0,10571000000.0,18134000000.0,0.702,38.955,-931000000.0,4646000000.0,4646000000.0,13038000000.0,505000000.0,2.411,1.524,11143000000.0,213000000.0,10930000000.0,11143000000.0,0.0,2003000000.0,0.0,0.034,2.0,2545000000.0,4548000000.0,0.222,4548000000.0,2545000000.0,1958000000.0,1.71,1.6,1.71,11375000000.0,11369500000.0,11375000000.0,23223027599.0,9.0,5.106,2846000000.0,9.747,1.0,7456000000.0,0.364,12476000000.0,587000000.0,18341000000.0,18109750000.0,3119000000.0,2028000000.0,0.0,2028000000.0,17330000000.0,4385000000.0,12945000000.0,17056027599.0,-2240000000.0,-603000000.0,-946000000.0,-2769000000.0,-594000000.0,-4483000000.0,-1536000000.0,-2000000.0,3777000000.0,2000000.0,505000000.0,505000000.0,505000000.0,0.0,0.0,0.025,4058000000.0,3398000000.0,2367000000.0,1.17,1.499,33.774,34.234,3054000000.0,0.0,58.54,0.832,0.834,2219000000.0,9172000000.0,20494000000.0,20494000000.0,2384000000.0,0.017,0.044,0.141,0.124,359000000.0,1465000000.0,1.0,291356809.0,292000000,298000000.0,70.185,16229000000.0,0.0,1453000000.0,0.0,55.579,6186000000.0
12,WDC,MRT,2018-06-30,2018-06-29,2018-06-29,2021-08-27,-39000000.0,29235000000.0,29646000000.0,10638000000.0,18597000000.0,0.696,38.825,-809000000.0,5005000000.0,5005000000.0,12942000000.0,675000000.0,2.387,1.535,11172000000.0,179000000.0,10993000000.0,11172000000.0,0.0,2056000000.0,0.0,0.026,2.0,2761000000.0,4817000000.0,0.233,4817000000.0,2761000000.0,2085000000.0,2.27,2.2,2.27,11531000000.0,11540500000.0,11531000000.0,29401327942.0,11.0,6.104,3396000000.0,11.434,1.0,7705000000.0,0.373,12755000000.0,676000000.0,18191000000.0,18190250000.0,2944000000.0,2105000000.0,0.0,2105000000.0,17704000000.0,4456000000.0,13248000000.0,23164327942.0,-1349000000.0,-824000000.0,-371000000.0,-2793000000.0,-593000000.0,-3900000000.0,-1655000000.0,-22000000.0,4205000000.0,1000000.0,675000000.0,675000000.0,675000000.0,0.0,0.0,0.033,4088000000.0,3617000000.0,2524000000.0,0.881,2.009,34.318,34.101,3095000000.0,0.0,77.41,1.122,1.114,2197000000.0,8757000000.0,20647000000.0,20647000000.0,2400000000.0,0.023,0.058,0.152,0.134,377000000.0,1473000000.0,1.0,299242061.0,297000000,307000000.0,69.519,16480000000.0,0.0,1410000000.0,0.0,55.488,6182000000.0
13,WDC,MRT,2018-03-31,2018-03-30,2018-03-30,2021-08-27,46000000.0,29004000000.0,29802250000.0,10164000000.0,18840000000.0,0.684,37.919,-744000000.0,4963000000.0,4963000000.0,12838000000.0,199000000.0,2.386,1.567,11200000000.0,124000000.0,11076000000.0,11200000000.0,0.0,2113000000.0,0.0,0.022,2.0,2534000000.0,4647000000.0,0.228,4647000000.0,2534000000.0,1771000000.0,0.7,0.59,0.7,11300000000.0,11512250000.0,11300000000.0,33234888789.0,13.0,7.152,3537000000.0,11.869,1.0,7534000000.0,0.37,13035000000.0,763000000.0,17947000000.0,18261500000.0,2670000000.0,2180000000.0,20000000.0,2160000000.0,17704000000.0,4259000000.0,13445000000.0,27455888789.0,-689000000.0,-840000000.0,103000000.0,-2759000000.0,-589000000.0,-3386000000.0,-1596000000.0,-12000000.0,4281000000.0,12000000.0,199000000.0,199000000.0,199000000.0,0.0,0.0,0.01,4108000000.0,3426000000.0,2416000000.0,2.857,2.43,137.969,131.814,3011000000.0,0.0,92.27,1.348,1.35,2011000000.0,8155000000.0,20372000000.0,20372000000.0,2427000000.0,0.007,0.017,0.139,0.124,390000000.0,1466000000.0,1.0,297560299.0,298000000,308000000.0,68.362,15969000000.0,0.0,1572000000.0,0.0,53.587,5905000000.0
14,WDC,MRT,2017-12-31,2017-12-29,2017-12-29,2021-08-27,-46000000.0,29840000000.0,29913250000.0,11113000000.0,18727000000.0,0.669,38.081,-634000000.0,6272000000.0,6272000000.0,12878000000.0,386000000.0,2.553,1.647,12051000000.0,274000000.0,11777000000.0,12051000000.0,0.0,2174000000.0,0.0,0.025,2.0,3011000000.0,5185000000.0,0.259,5185000000.0,3011000000.0,2203000000.0,1.36,1.22,1.36,11272000000.0,11445000000.0,11272000000.0,29768909730.0,10.0,5.741,3618000000.0,12.223,1.0,7130000000.0,0.356,13306000000.0,808000000.0,17960000000.0,18379500000.0,2281000000.0,1868000000.0,23000000.0,1845000000.0,18568000000.0,4353000000.0,14215000000.0,23523909730.0,1332000000.0,-816000000.0,244000000.0,-1178000000.0,-585000000.0,-1600000000.0,-1327000000.0,123000000.0,4252000000.0,7000000.0,386000000.0,386000000.0,386000000.0,0.0,0.0,0.019,4093000000.0,3037000000.0,2171000000.0,1.471,2.087,60.943,58.478,3054000000.0,0.0,79.53,1.176,1.177,2052000000.0,8250000000.0,20008000000.0,20008000000.0,2438000000.0,0.013,0.034,0.164,0.15,389000000.0,1436000000.0,1.0,295786618.0,296000000,296000000.0,67.595,16534000000.0,0.0,1817000000.0,0.0,55.858,6760000000.0
15,WDC,MRT,2017-09-30,2017-09-29,2017-09-29,2021-08-27,-59000000.0,30505000000.0,29697000000.0,11820000000.0,18685000000.0,0.659,40.878,-529000000.0,6886000000.0,6886000000.0,12910000000.0,1444000000.0,2.645,1.53,13131000000.0,258000000.0,12873000000.0,13131000000.0,0.0,2153000000.0,0.0,0.023,2.0,2566000000.0,4719000000.0,0.241,4719000000.0,2566000000.0,1750000000.0,4.96,4.8,4.96,12059000000.0,11310000000.0,12059000000.0,32274201296.0,13.0,6.839,3601000000.0,12.207,1.0,6650000000.0,0.34,13618000000.0,816000000.0,18663000000.0,18526000000.0,2302000000.0,1497000000.0,35000000.0,1462000000.0,18446000000.0,4469000000.0,13977000000.0,25477201296.0,2809000000.0,-482000000.0,231000000.0,-96000000.0,-579000000.0,-507000000.0,-812000000.0,199000000.0,4130000000.0,-2000000.0,1444000000.0,1444000000.0,1444000000.0,0.0,0.0,0.074,4023000000.0,2627000000.0,2292000000.0,0.403,2.113,17.643,17.419,3048000000.0,0.0,86.4,1.303,1.303,2101000000.0,9229000000.0,19560000000.0,19560000000.0,2394000000.0,0.049,0.128,0.139,0.131,392000000.0,1413000000.0,1.0,294875015.0,295000000,306000000.0,66.305,16887000000.0,0.0,306000000.0,0.0,57.244,7351000000.0
16,WDC,MRT,2017-06-30,2017-06-30,2017-06-30,2021-08-27,-58000000.0,29860000000.0,29323250000.0,11056000000.0,18804000000.0,0.651,39.646,-557000000.0,6354000000.0,6354000000.0,13021000000.0,397000000.0,2.545,1.615,13151000000.0,233000000.0,12918000000.0,13151000000.0,0.0,2128000000.0,0.0,0.023,2.0,1616000000.0,3744000000.0,0.196,3744000000.0,1616000000.0,769000000.0,1.38,1.34,1.38,11418000000.0,10989000000.0,11418000000.0,33240076108.0,21.0,8.878,2880000000.0,10.0,1.0,6072000000.0,0.318,13837000000.0,847000000.0,18476000000.0,18707500000.0,2341000000.0,1340000000.0,0.0,1340000000.0,18442000000.0,4344000000.0,14098000000.0,25804076108.0,-1797000000.0,-309000000.0,235000000.0,-4291000000.0,-574000000.0,-4595000000.0,-636000000.0,230000000.0,3437000000.0,-3000000.0,397000000.0,397000000.0,397000000.0,0.0,0.0,0.021,4118000000.0,1954000000.0,2350000000.0,1.449,2.26,64.998,64.203,3033000000.0,0.0,88.6,1.351,1.336,1948000000.0,8633000000.0,19093000000.0,19093000000.0,2441000000.0,0.014,0.036,0.086,0.085,394000000.0,1445000000.0,1.0,291242394.0,288000000,296000000.0,66.295,16023000000.0,0.0,372000000.0,0.0,55.635,6712000000.0
17,WDC,MRT,2017-03-31,2017-03-31,2017-03-31,2021-08-27,-96000000.0,29448000000.0,30073750000.0,10313000000.0,19135000000.0,0.59,38.17,-583000000.0,5652000000.0,5652000000.0,12534000000.0,-249000000.0,2.393,1.67,13088000000.0,181000000.0,12907000000.0,13088000000.0,0.0,2002000000.0,0.0,0.024,2.0,741000000.0,2743000000.0,0.155,2743000000.0,741000000.0,-131000000.0,-1.21,-1.25,-1.21,11031000000.0,10920750000.0,11031000000.0,31907452835.0,43.0,11.632,2270000000.0,7.855,1.0,5212000000.0,0.294,14156000000.0,872000000.0,18419000000.0,19031250000.0,2254000000.0,1316000000.0,25000000.0,1291000000.0,18417000000.0,4309000000.0,14108000000.0,23774452835.0,-235000000.0,-10223000000.0,176000000.0,7488000000.0,-545000000.0,6959000000.0,-10043000000.0,763000000.0,2853000000.0,-4000000.0,-249000000.0,-249000000.0,-249000000.0,0.0,0.0,-0.014,4105000000.0,1107000000.0,2379000000.0,-1.653,2.155,-95.48,-68.207,3099000000.0,0.0,82.53,1.34,1.344,1948000000.0,8507000000.0,17746000000.0,17746000000.0,2331000000.0,-0.008,-0.023,0.039,0.042,373000000.0,1500000000.0,1.0,288070433.0,289000000,299000000.0,61.405,15292000000.0,0.0,118000000.0,0.0,52.913,6004000000.0
18,WDC,MRT,2016-12-31,2016-12-30,2016-12-30,2021-08-27,-197000000.0,28975000000.0,26448500000.0,9606000000.0,19369000000.0,0.602,37.524,-613000000.0,4940000000.0,4940000000.0,11477000000.0,-423000000.0,2.35,1.7,13073000000.0,129000000.0,12944000000.0,13073000000.0,0.0,1688000000.0,0.0,0.029,2.0,326000000.0,2014000000.0,0.127,2014000000.0,326000000.0,-355000000.0,-1.75,-1.76,-1.75,10732000000.0,10565250000.0,10732000000.0,28453951913.0,87.0,14.128,1727000000.0,6.038,1.0,4442000000.0,0.279,14474000000.0,681000000.0,18546000000.0,15788500000.0,2085000000.0,1243000000.0,161000000.0,1082000000.0,18243000000.0,4088000000.0,14155000000.0,19397951913.0,-423000000.0,-10071000000.0,153000000.0,7199000000.0,-517000000.0,6715000000.0,-9470000000.0,1214000000.0,2340000000.0,-8000000.0,-423000000.0,-423000000.0,-423000000.0,0.0,0.0,-0.027,3772000000.0,670000000.0,2187000000.0,-1.143,1.807,-45.858,-38.829,3238000000.0,0.0,67.95,1.219,1.221,2004000000.0,8411000000.0,15919000000.0,15919000000.0,2077000000.0,-0.016,-0.04,0.021,0.02,313000000.0,1320000000.0,1.0,285473906.0,286000000,294000000.0,55.661,14501000000.0,0.0,68000000.0,0.0,50.703,5518000000.0
19,WDC,MRT,2016-09-30,2016-09-30,2016-09-30,2021-08-27,115000000.0,29010000000.0,23071250000.0,9123000000.0,19887000000.0,0.622,37.807,-616000000.0,4077000000.0,4077000000.0,10533000000.0,-407000000.0,2.328,1.692,13133000000.0,78000000.0,13055000000.0,13133000000.0,0.0,1426000000.0,0.0,0.034,2.0,57000000.0,1483000000.0,0.103,1483000000.0,57000000.0,-432000000.0,-1.49,-1.49,-1.49,10775000000.0,10271500000.0,10775000000.0,25463953267.0,447.0,17.171,1262000000.0,4.428,1.0,3815000000.0,0.266,14758000000.0,489000000.0,19389000000.0,12728250000.0,2109000000.0,1465000000.0,248000000.0,1217000000.0,18235000000.0,3919000000.0,14316000000.0,16620953267.0,-1004000000.0,-10019000000.0,126000000.0,7179000000.0,-491000000.0,6654000000.0,-9537000000.0,1098000000.0,1878000000.0,1000000.0,-407000000.0,-407000000.0,-407000000.0,0.0,0.0,-0.028,3439000000.0,376000000.0,2136000000.0,-1.342,1.543,-40.838,-39.242,3359000000.0,0.0,58.47,1.158,1.161,2023000000.0,8329000000.0,14348000000.0,14348000000.0,1881000000.0,-0.018,-0.04,0.004,0.004,248000000.0,1201000000.0,1.0,284264636.0,285000000,285000000.0,50.344,14252000000.0,0.0,-25000000.0,0.0,50.007,5204000000.0
20,WDC,MRT,2016-06-30,2016-07-01,2016-07-01,2021-08-27,103000000.0,32862000000.0,19634000000.0,12584000000.0,20278000000.0,0.662,46.632,-584000000.0,8151000000.0,8151000000.0,9559000000.0,242000000.0,1.811,1.949,16994000000.0,3334000000.0,13660000000.0,16994000000.0,0.0,1154000000.0,0.0,0.043,2.0,419000000.0,1573000000.0,0.121,1573000000.0,419000000.0,153000000.0,1.01,1.0,1.01,11145000000.0,9911750000.0,11145000000.0,7143357346.0,17.0,4.541,1399000000.0,5.854,1.0,3435000000.0,0.264,14985000000.0,266000000.0,19771000000.0,9481000000.0,2129000000.0,1398000000.0,227000000.0,1171000000.0,21717000000.0,6949000000.0,14768000000.0,10827357346.0,3127000000.0,-10001000000.0,57000000.0,11405000000.0,-464000000.0,10751000000.0,-9608000000.0,977000000.0,1983000000.0,1000000.0,242000000.0,242000000.0,242000000.0,0.0,0.0,0.019,2969000000.0,466000000.0,2056000000.0,1.98,0.971,44.741,46.01,3503000000.0,0.0,46.47,0.833,0.855,1461000000.0,8848000000.0,12994000000.0,12994000000.0,1627000000.0,0.012,0.024,0.044,0.032,191000000.0,997000000.0,1.0,232996715.0,239000000,242000000.0,54.368,17877000000.0,0.0,-89000000.0,0.0,74.799,5635000000.0
21,WDC,MRT,2016-03-31,2016-04-01,2016-04-01,2021-08-27,32000000.0,14947000000.0,15211000000.0,8740000000.0,6207000000.0,0.834,41.24,-596000000.0,5887000000.0,5887000000.0,9146000000.0,828000000.0,3.143,0.556,2203000000.0,203000000.0,2000000000.0,2203000000.0,0.0,984000000.0,0.0,0.043,2.0,937000000.0,1921000000.0,0.151,1921000000.0,937000000.0,885000000.0,3.6,3.55,3.6,9609000000.0,9430250000.0,9609000000.0,7989089037.0,9.0,4.159,1520000000.0,6.524,1.0,3544000000.0,0.279,3034000000.0,52000000.0,5448000000.0,6129750000.0,1227000000.0,146000000.0,146000000.0,0.0,5338000000.0,2781000000.0,2557000000.0,10847089037.0,1075000000.0,-28000000.0,-128000000.0,-140000000.0,-463000000.0,-789000000.0,-252000000.0,378000000.0,2116000000.0,0.0,828000000.0,828000000.0,828000000.0,0.0,0.0,0.065,2628000000.0,916000000.0,1571000000.0,0.556,1.129,13.1,12.944,2687000000.0,0.0,46.6,0.855,0.856,1254000000.0,9363000000.0,12690000000.0,12690000000.0,1514000000.0,0.054,0.088,0.153,0.074,166000000.0,802000000.0,1.0,232770151.0,233000000,234000000.0,54.464,11913000000.0,0.0,57000000.0,0.0,51.129,5959000000.0
22,WDC,MRT,2015-12-31,2016-01-01,2016-01-01,2021-08-27,-8000000.0,15466000000.0,15268250000.0,8948000000.0,6518000000.0,0.879,41.194,-613000000.0,5363000000.0,5363000000.0,9595000000.0,1138000000.0,2.757,0.618,2505000000.0,443000000.0,2062000000.0,2505000000.0,0.0,1023000000.0,0.0,0.033,2.0,1267000000.0,2290000000.0,0.171,2290000000.0,1267000000.0,1217000000.0,4.94,4.86,4.94,9557000000.0,9334500000.0,9557000000.0,11369536132.0,9.0,4.965,1702000000.0,7.336,1.0,3823000000.0,0.285,3058000000.0,50000000.0,6305000000.0,6354000000.0,1238000000.0,497000000.0,497000000.0,0.0,5909000000.0,3245000000.0,2664000000.0,13914536132.0,461000000.0,-258000000.0,-344000000.0,130000000.0,-440000000.0,-701000000.0,-1153000000.0,-266000000.0,2315000000.0,0.0,1138000000.0,1138000000.0,1138000000.0,0.0,0.0,0.085,2574000000.0,1249000000.0,1806000000.0,0.405,1.456,12.227,12.156,2801000000.0,0.0,60.05,1.037,1.038,1650000000.0,9407000000.0,13418000000.0,13418000000.0,1557000000.0,0.075,0.122,0.199,0.094,161000000.0,835000000.0,1.0,231715839.0,232000000,234000000.0,57.836,12408000000.0,0.0,79000000.0,0.0,53.483,5703000000.0
23,WDC,MRT,2015-09-30,2015-10-02,2015-10-02,2021-08-27,-44000000.0,15261000000.0,15186500000.0,8655000000.0,6606000000.0,0.921,40.416,-603000000.0,5081000000.0,5081000000.0,9962000000.0,1325000000.0,2.679,0.635,2536000000.0,427000000.0,2109000000.0,2536000000.0,0.0,1061000000.0,0.0,0.024,1.9,1480000000.0,2541000000.0,0.182,2541000000.0,1480000000.0,1431000000.0,5.74,5.63,5.74,9336000000.0,9215750000.0,9336000000.0,15846212334.0,11.0,6.236,1357000000.0,5.874,1.0,4027000000.0,0.288,3085000000.0,49000000.0,6400000000.0,6377250000.0,1260000000.0,347000000.0,347000000.0,0.0,5925000000.0,3231000000.0,2694000000.0,18303212334.0,-78000000.0,-262000000.0,-619000000.0,130000000.0,-417000000.0,-938000000.0,-1100000000.0,-247000000.0,1960000000.0,0.0,1325000000.0,1325000000.0,1325000000.0,0.0,0.0,0.095,2563000000.0,1464000000.0,1799000000.0,0.331,1.96,13.814,13.84,2890000000.0,0.0,79.44,1.308,1.312,1616000000.0,9273000000.0,13989000000.0,13989000000.0,1594000000.0,0.087,0.144,0.232,0.106,165000000.0,760000000.0,1.0,230402975.0,231000000,234000000.0,60.558,12176000000.0,0.0,106000000.0,0.0,52.71,5424000000.0
24,WDC,MRT,2015-06-30,2015-07-03,2015-07-03,2021-08-27,-20000000.0,15170000000.0,15284250000.0,8513000000.0,6657000000.0,0.953,39.737,-612000000.0,5024000000.0,5024000000.0,10351000000.0,1465000000.0,2.629,0.646,2556000000.0,407000000.0,2149000000.0,2556000000.0,0.0,1114000000.0,0.0,0.022,1.8,1626000000.0,2740000000.0,0.188,2740000000.0,1626000000.0,1577000000.0,6.31,6.18,6.31,9219000000.0,9122500000.0,9219000000.0,16205858292.0,10.0,5.915,1630000000.0,7.026,1.0,4221000000.0,0.29,3098000000.0,49000000.0,6366000000.0,6281250000.0,1368000000.0,262000000.0,262000000.0,0.0,5951000000.0,3238000000.0,2713000000.0,18673858292.0,220000000.0,-252000000.0,-758000000.0,130000000.0,-396000000.0,-1069000000.0,-953000000.0,-89000000.0,2242000000.0,0.0,1465000000.0,1465000000.0,1465000000.0,0.0,0.0,0.101,2610000000.0,1611000000.0,1881000000.0,0.285,2.026,12.747,12.816,2965000000.0,0.0,80.87,1.281,1.288,1532000000.0,9107000000.0,14572000000.0,14572000000.0,1646000000.0,0.096,0.161,0.259,0.112,162000000.0,788000000.0,1.0,230912060.0,232000000,237000000.0,62.81,12072000000.0,0.0,112000000.0,0.0,52.034,5275000000.0
25,WDC,MRT,2015-03-31,2015-04-03,2015-04-03,2021-08-27,-3000000.0,15176000000.0,15366500000.0,8429000000.0,6747000000.0,0.978,39.939,-610000000.0,4812000000.0,4812000000.0,10712000000.0,1562000000.0,2.619,0.645,2344000000.0,141000000.0,2203000000.0,2344000000.0,0.0,1172000000.0,0.0,0.018,1.7,1726000000.0,2898000000.0,0.193,2898000000.0,1726000000.0,1677000000.0,6.72,6.54,6.72,9226000000.0,9028250000.0,9226000000.0,18958932569.0,11.0,6.542,1856000000.0,8.035,1.0,4320000000.0,0.287,3145000000.0,49000000.0,6345000000.0,6258500000.0,1322000000.0,228000000.0,228000000.0,0.0,5950000000.0,3218000000.0,2732000000.0,21485932569.0,243000000.0,-243000000.0,-836000000.0,-125000000.0,-350000000.0,-1331000000.0,-892000000.0,-41000000.0,2466000000.0,0.0,1562000000.0,1562000000.0,1562000000.0,0.0,0.0,0.104,2612000000.0,1708000000.0,2020000000.0,0.253,2.329,13.755,13.839,3051000000.0,0.0,93.0,1.429,1.429,1696000000.0,9004000000.0,15032000000.0,15032000000.0,1691000000.0,0.102,0.173,0.276,0.115,148000000.0,837000000.0,1.0,231031533.0,231000000,236000000.0,65.074,12031000000.0,0.0,115000000.0,0.0,52.082,5211000000.0
26,WDC,MRT,2014-12-31,2015-01-02,2015-01-02,2021-08-27,-32000000.0,15139000000.0,15405500000.0,8660000000.0,6479000000.0,0.986,38.979,-621000000.0,4902000000.0,4902000000.0,10821000000.0,1553000000.0,2.633,0.667,2375000000.0,125000000.0,2250000000.0,2375000000.0,0.0,1194000000.0,0.0,0.014,1.5,1725000000.0,2919000000.0,0.192,2919000000.0,1725000000.0,1671000000.0,6.66,6.46,6.66,9082000000.0,8913750000.0,9082000000.0,22888969019.0,13.0,7.841,1859000000.0,7.979,1.0,4364000000.0,0.287,2925000000.0,54000000.0,6398000000.0,6269250000.0,1282000000.0,241000000.0,241000000.0,0.0,6057000000.0,3289000000.0,2768000000.0,25641969019.0,247000000.0,-2000000.0,-846000000.0,27000000.0,-328000000.0,-1168000000.0,-1065000000.0,-454000000.0,2480000000.0,0.0,1553000000.0,1553000000.0,1553000000.0,0.0,0.0,0.102,2658000000.0,1706000000.0,2071000000.0,0.225,2.823,16.511,16.581,3099000000.0,0.0,110.43,1.689,1.694,1880000000.0,8738000000.0,15185000000.0,15185000000.0,1707000000.0,0.101,0.174,0.275,0.114,152000000.0,839000000.0,1.0,232201114.0,233000000,238000000.0,65.172,12214000000.0,0.0,118000000.0,0.0,52.421,5371000000.0
27,WDC,MRT,2014-09-30,2014-10-03,2014-10-03,2021-08-27,-14000000.0,15652000000.0,15441250000.0,8990000000.0,6662000000.0,0.989,38.303,-652000000.0,5159000000.0,5159000000.0,10859000000.0,1545000000.0,2.295,0.746,2406000000.0,125000000.0,2281000000.0,2406000000.0,0.0,1221000000.0,0.0,0.015,1.4,1736000000.0,2957000000.0,0.194,2957000000.0,1736000000.0,1680000000.0,6.6,6.39,6.6,8963000000.0,8788000000.0,8963000000.0,19958665618.0,11.0,6.75,2311000000.0,9.876,1.0,4410000000.0,0.289,2965000000.0,56000000.0,6016000000.0,5966000000.0,1272000000.0,222000000.0,222000000.0,0.0,6689000000.0,3918000000.0,2771000000.0,22324665618.0,290000000.0,-556000000.0,-685000000.0,2000000.0,-294000000.0,-971000000.0,-1702000000.0,-443000000.0,2963000000.0,0.0,1545000000.0,1545000000.0,1545000000.0,0.0,0.0,0.101,2692000000.0,1718000000.0,2016000000.0,0.212,2.491,14.45,14.455,3202000000.0,0.0,95.4,1.462,1.462,1915000000.0,8394000000.0,15269000000.0,15269000000.0,1697000000.0,0.1,0.176,0.291,0.114,153000000.0,901000000.0,1.0,234011170.0,234000000,240000000.0,65.252,12687000000.0,0.0,135000000.0,0.0,54.218,5072000000.0
28,WDC,MRT,2014-06-30,2014-06-27,2014-06-27,2021-08-27,12000000.0,15499000000.0,15229750000.0,8720000000.0,6779000000.0,0.993,37.626,-628000000.0,4804000000.0,4804000000.0,10770000000.0,1617000000.0,2.268,0.753,2438000000.0,125000000.0,2313000000.0,2438000000.0,0.0,1244000000.0,0.0,0.013,1.25,1808000000.0,3052000000.0,0.202,3052000000.0,1808000000.0,1752000000.0,6.88,6.68,6.88,8842000000.0,8610500000.0,8842000000.0,19737871825.0,11.0,6.467,2188000000.0,9.311,1.0,4360000000.0,0.288,3013000000.0,56000000.0,6275000000.0,5772250000.0,1226000000.0,284000000.0,284000000.0,0.0,6657000000.0,3845000000.0,2812000000.0,21837871825.0,495000000.0,-819000000.0,-629000000.0,475000000.0,-259000000.0,-385000000.0,-1936000000.0,-489000000.0,2816000000.0,0.0,1617000000.0,1617000000.0,1617000000.0,0.0,0.0,0.107,2569000000.0,1791000000.0,1971000000.0,0.182,2.47,13.505,13.503,3293000000.0,0.0,92.9,1.443,1.443,1989000000.0,8066000000.0,15130000000.0,15130000000.0,1661000000.0,0.106,0.188,0.313,0.119,156000000.0,813000000.0,1.0,235068588.0,235000000,242000000.0,64.383,12486000000.0,0.0,135000000.0,0.0,53.132,4875000000.0
29,WDC,MRT,2014-03-31,2014-03-28,2014-03-28,2021-08-27,-4000000.0,15332000000.0,14864000000.0,8306000000.0,7026000000.0,1.023,37.311,-603000000.0,4569000000.0,4569000000.0,10826000000.0,1035000000.0,2.217,0.749,2469000000.0,125000000.0,2344000000.0,2469000000.0,0.0,1238000000.0,0.0,0.012,1.1,1231000000.0,2469000000.0,0.162,2469000000.0,1231000000.0,1175000000.0,4.45,4.33,4.45,8768000000.0,8373250000.0,8768000000.0,18809148404.0,15.0,7.618,2185000000.0,9.298,1.0,4381000000.0,0.288,3097000000.0,56000000.0,6388000000.0,5491000000.0,1277000000.0,296000000.0,296000000.0,0.0,6564000000.0,3747000000.0,2817000000.0,21124148404.0,509000000.0,-823000000.0,-592000000.0,449000000.0,-249000000.0,-387000000.0,-1892000000.0,-487000000.0,2788000000.0,0.0,1035000000.0,1035000000.0,1035000000.0,0.0,0.0,0.068,3163000000.0,1218000000.0,1902000000.0,0.247,2.409,20.41,20.092,3406000000.0,0.0,89.41,1.389,1.382,1802000000.0,7845000000.0,15207000000.0,15207000000.0,1637000000.0,0.07,0.124,0.224,0.081,155000000.0,739000000.0,1.0,236261586.0,235000000,242000000.0,64.711,12235000000.0,0.0,140000000.0,0.0,52.064,4559000000.0
30,WDC,MRT,2013-12-31,2013-12-27,2013-12-27,2021-08-27,-49000000.0,15282000000.0,14512750000.0,8288000000.0,6994000000.0,1.052,36.352,-630000000.0,4655000000.0,4655000000.0,10902000000.0,1051000000.0,1.794,0.781,2340000000.0,730000000.0,1610000000.0,2340000000.0,0.0,1240000000.0,0.0,0.013,1.05,1228000000.0,2468000000.0,0.162,2468000000.0,1228000000.0,1175000000.0,4.49,4.38,4.49,8579000000.0,8287000000.0,8579000000.0,17100856097.0,14.0,6.929,2187000000.0,9.267,1.0,4366000000.0,0.286,3162000000.0,53000000.0,5185000000.0,5405000000.0,1293000000.0,0.0,0.0,0.0,6703000000.0,4620000000.0,2083000000.0,19571856097.0,839000000.0,-797000000.0,-582000000.0,213000000.0,-178000000.0,-553000000.0,-1425000000.0,-17000000.0,2817000000.0,0.0,1051000000.0,1051000000.0,1051000000.0,0.0,0.0,0.069,3150000000.0,1216000000.0,2106000000.0,0.234,2.281,18.622,18.445,3509000000.0,0.0,82.82,1.282,1.28,1959000000.0,7541000000.0,15268000000.0,15268000000.0,1615000000.0,0.072,0.127,0.227,0.08,150000000.0,723000000.0,1.0,236317992.0,236000000,243000000.0,64.695,12120000000.0,0.0,124000000.0,0.0,51.356,3668000000.0
31,WDC,MRT,2013-09-30,2013-09-27,2013-09-27,2021-08-27,-19000000.0,14806000000.0,14174500000.0,8261000000.0,6545000000.0,1.067,34.97,-706000000.0,4869000000.0,4869000000.0,10851000000.0,956000000.0,1.866,0.794,2398000000.0,730000000.0,1668000000.0,2398000000.0,0.0,1232000000.0,0.0,0.016,1.0,1228000000.0,2460000000.0,0.163,2460000000.0,1228000000.0,1176000000.0,4.05,3.97,4.05,8253000000.0,8204000000.0,8253000000.0,12652590646.0,10.0,5.143,2157000000.0,9.14,1.0,4269000000.0,0.282,2667000000.0,52000000.0,5241000000.0,5683500000.0,1244000000.0,0.0,0.0,0.0,6553000000.0,4427000000.0,2126000000.0,15006590646.0,1332000000.0,-255000000.0,-602000000.0,270000000.0,-240000000.0,-592000000.0,-939000000.0,-17000000.0,2863000000.0,0.0,956000000.0,956000000.0,956000000.0,0.0,0.0,0.063,3053000000.0,1216000000.0,2061000000.0,0.247,1.818,15.697,15.635,3638000000.0,0.0,63.32,0.992,0.988,1791000000.0,7183000000.0,15120000000.0,15120000000.0,1577000000.0,0.067,0.117,0.216,0.081,140000000.0,659000000.0,1.0,236996062.0,236000000,242000000.0,64.068,12139000000.0,0.0,220000000.0,0.0,51.436,3834000000.0
32,WDC,MRT,2013-06-30,2013-06-28,2013-06-28,2021-08-27,-35000000.0,14036000000.0,14016000000.0,7598000000.0,6438000000.0,1.095,32.751,-952000000.0,4309000000.0,4309000000.0,10988000000.0,980000000.0,1.912,0.778,1955000000.0,230000000.0,1725000000.0,1955000000.0,0.0,1233000000.0,0.0,0.016,1.0,1277000000.0,2510000000.0,0.164,2510000000.0,1277000000.0,1222000000.0,4.07,3.98,4.07,7893000000.0,8150000000.0,7893000000.0,12630031460.0,10.0,5.032,2167000000.0,8.992,1.0,4363000000.0,0.284,2559000000.0,55000000.0,5150000000.0,5967750000.0,1188000000.0,0.0,0.0,0.0,6143000000.0,3973000000.0,2170000000.0,14677031460.0,1101000000.0,-1000000.0,-657000000.0,-230000000.0,-181000000.0,-1048000000.0,-970000000.0,-17000000.0,3119000000.0,0.0,980000000.0,980000000.0,980000000.0,0.0,0.0,0.064,3097000000.0,1266000000.0,1990000000.0,0.246,1.859,14.977,15.256,3700000000.0,0.0,62.09,0.956,0.975,1793000000.0,6749000000.0,15351000000.0,15351000000.0,1572000000.0,0.07,0.12,0.214,0.083,137000000.0,706000000.0,1.0,236383177.0,241000000,246000000.0,63.697,11477000000.0,0.0,242000000.0,0.0,47.622,3625000000.0
33,WDC,MRT,2013-03-31,2013-03-29,2013-03-29,2021-08-27,20000000.0,13927000000.0,14058500000.0,7340000000.0,6587000000.0,1.165,35.243,-1064000000.0,4060000000.0,4060000000.0,11592000000.0,1990000000.0,2.275,0.653,2013000000.0,230000000.0,1783000000.0,2013000000.0,0.0,1270000000.0,0.0,0.015,0.75,2306000000.0,3576000000.0,0.218,3576000000.0,2306000000.0,2254000000.0,8.15,7.99,8.15,8423000000.0,8094000000.0,8423000000.0,10415061457.0,5.0,2.912,2500000000.0,10.46,1.0,4785000000.0,0.292,2610000000.0,52000000.0,6044000000.0,6274500000.0,1197000000.0,0.0,0.0,0.0,5504000000.0,3226000000.0,2278000000.0,12103061457.0,683000000.0,14000000.0,-1055000000.0,-731000000.0,-121000000.0,-1819000000.0,-1067000000.0,0.0,3564000000.0,5000000.0,1990000000.0,1990000000.0,1990000000.0,0.0,0.0,0.122,2490000000.0,2295000000.0,2037000000.0,0.092,1.437,6.082,6.171,3803000000.0,0.0,50.29,0.739,0.734,1700000000.0,7073000000.0,16377000000.0,16377000000.0,1576000000.0,0.142,0.246,0.368,0.141,138000000.0,704000000.0,1.0,240665370.0,239000000,245000000.0,68.523,11317000000.0,0.0,264000000.0,0.0,47.351,4114000000.0
34,WDC,MRT,2012-12-31,2012-12-28,2012-12-28,2021-08-27,8000000.0,13929000000.0,14204250000.0,7175000000.0,6754000000.0,1.102,34.079,-1016000000.0,3816000000.0,3816000000.0,10947000000.0,2082000000.0,2.157,0.689,2128000000.0,288000000.0,1840000000.0,2128000000.0,0.0,1149000000.0,0.0,0.012,0.5,2431000000.0,3580000000.0,0.229,3580000000.0,2431000000.0,2386000000.0,8.51,8.35,8.51,8247000000.0,7842250000.0,8247000000.0,8690731208.0,4.0,2.428,3029000000.0,12.517,1.0,4701000000.0,0.3,2616000000.0,45000000.0,6299000000.0,6426000000.0,1204000000.0,0.0,0.0,0.0,5682000000.0,3326000000.0,2356000000.0,10099731208.0,-108000000.0,-3553000000.0,-831000000.0,1287000000.0,-121000000.0,432000000.0,-4584000000.0,0.0,4045000000.0,-1000000.0,2082000000.0,2082000000.0,2082000000.0,0.0,0.0,0.133,2281000000.0,2420000000.0,2185000000.0,0.059,1.225,4.851,4.872,3938000000.0,0.0,41.46,0.645,0.641,1732000000.0,6744000000.0,15648000000.0,15648000000.0,1445000000.0,0.147,0.265,0.378,0.155,122000000.0,674000000.0,1.0,243601814.0,242000000,246000000.0,64.661,11313000000.0,0.0,304000000.0,0.0,46.748,3849000000.0
35,WDC,MRT,2012-09-30,2012-09-28,2012-09-28,2021-08-27,14000000.0,14172000000.0,12673750000.0,7186000000.0,6986000000.0,1.09,32.671,-889000000.0,3537000000.0,3537000000.0,9529000000.0,1892000000.0,1.945,0.763,2128000000.0,230000000.0,1898000000.0,2128000000.0,0.0,980000000.0,0.0,0.006,0.25,2115000000.0,3095000000.0,0.224,3095000000.0,2115000000.0,2078000000.0,7.75,7.6,7.75,8037000000.0,7261250000.0,8037000000.0,8553460746.0,4.0,2.764,2762000000.0,11.228,1.0,4290000000.0,0.31,2690000000.0,37000000.0,6378000000.0,5438250000.0,1304000000.0,0.0,0.0,0.0,6135000000.0,3695000000.0,2440000000.0,9576460746.0,-138000000.0,-3535000000.0,-715000000.0,1255000000.0,0.0,636000000.0,-4424000000.0,0.0,3651000000.0,-1000000.0,1892000000.0,1892000000.0,1892000000.0,0.0,0.0,0.137,2186000000.0,2104000000.0,2545000000.0,0.032,1.192,5.062,4.997,4027000000.0,0.0,38.73,0.693,0.689,1951000000.0,6470000000.0,13819000000.0,13819000000.0,1258000000.0,0.149,0.261,0.389,0.153,114000000.0,608000000.0,1.0,247262090.0,246000000,252000000.0,56.175,11482000000.0,0.0,186000000.0,0.0,46.675,3491000000.0
36,WDC,MRT,2012-06-30,2012-06-29,2012-06-29,2021-08-27,-15000000.0,14206000000.0,11247500000.0,7141000000.0,7065000000.0,1.109,31.822,-641000000.0,3208000000.0,3208000000.0,8840000000.0,1612000000.0,1.771,0.852,2185000000.0,230000000.0,1955000000.0,2185000000.0,0.0,825000000.0,0.0,0.0,0.0,1783000000.0,2608000000.0,0.209,2608000000.0,1783000000.0,1757000000.0,6.69,6.58,6.69,7669000000.0,6682750000.0,7669000000.0,7291605952.0,4.0,2.796,2426000000.0,10.066,1.0,3638000000.0,0.292,2774000000.0,26000000.0,6377000000.0,4464500000.0,1210000000.0,0.0,0.0,0.0,6537000000.0,4032000000.0,2505000000.0,7925605952.0,-282000000.0,-3526000000.0,-530000000.0,1282000000.0,0.0,819000000.0,-4167000000.0,0.0,3067000000.0,-1000000.0,1612000000.0,1612000000.0,1612000000.0,0.0,0.0,0.129,1867000000.0,1771000000.0,2773000000.0,0.0,1.033,4.917,4.556,4067000000.0,0.0,30.48,0.635,0.589,2364000000.0,6012000000.0,12478000000.0,12478000000.0,1055000000.0,0.143,0.241,0.399,0.143,92000000.0,518000000.0,1.0,260026442.0,241000000,245000000.0,51.776,11432000000.0,0.0,145000000.0,0.0,47.436,3109000000.0
37,WDC,MRT,2012-03-31,2012-03-30,2012-03-30,2021-08-27,-4000000.0,14510000000.0,9725500000.0,7445000000.0,7065000000.0,1.041,30.772,-546000000.0,3377000000.0,3377000000.0,7492000000.0,1025000000.0,1.642,0.957,2743000000.0,730000000.0,2013000000.0,2743000000.0,0.0,636000000.0,0.0,0.0,0.0,1147000000.0,1783000000.0,0.176,1783000000.0,1147000000.0,1127000000.0,4.33,4.25,4.33,7416000000.0,6137500000.0,7416000000.0,6030786723.0,5.0,3.382,1839000000.0,7.631,1.0,2635000000.0,0.26,2691000000.0,20000000.0,6650000000.0,3502750000.0,1282000000.0,0.0,0.0,0.0,7094000000.0,4535000000.0,2559000000.0,9723786723.0,147000000.0,-3556000000.0,64000000.0,1809000000.0,0.0,1870000000.0,-4102000000.0,0.0,2385000000.0,-6000000.0,1025000000.0,1025000000.0,1025000000.0,0.0,0.0,0.101,1500000000.0,1135000000.0,2774000000.0,0.0,1.311,9.487,9.559,4171000000.0,0.0,41.39,0.96,0.985,2377000000.0,5267000000.0,10127000000.0,10127000000.0,837000000.0,0.105,0.167,0.327,0.113,76000000.0,424000000.0,1.0,234930822.0,241000000,246000000.0,42.021,11819000000.0,0.0,102000000.0,0.0,49.041,2910000000.0
38,WDC,MRT,2011-12-31,2011-12-30,2011-12-30,2021-08-27,-14000000.0,7807000000.0,8057750000.0,5398000000.0,2409000000.0,1.16,25.312,-581000000.0,3924000000.0,3924000000.0,7276000000.0,688000000.0,3.478,0.318,231000000.0,181000000.0,50000000.0,231000000.0,0.0,599000000.0,0.0,0.0,0.0,762000000.0,1361000000.0,0.146,1361000000.0,762000000.0,748000000.0,2.96,2.91,2.96,5923000000.0,5612500000.0,5923000000.0,3823814149.0,5.0,2.81,909000000.0,3.885,1.0,2068000000.0,0.221,214000000.0,14000000.0,2348000000.0,2518500000.0,466000000.0,0.0,0.0,0.0,1884000000.0,1552000000.0,332000000.0,7235814149.0,814000000.0,-15000000.0,57000000.0,-119000000.0,0.0,-80000000.0,-596000000.0,0.0,1490000000.0,0.0,688000000.0,688000000.0,688000000.0,0.0,0.0,0.074,1317000000.0,751000000.0,883000000.0,0.0,1.222,10.517,10.456,2091000000.0,0.0,30.95,0.774,0.775,747000000.0,4784000000.0,9344000000.0,9344000000.0,751000000.0,0.085,0.123,0.303,0.082,73000000.0,342000000.0,1.0,233790441.0,234000000,237000000.0,39.932,7593000000.0,0.0,60000000.0,0.0,32.449,3846000000.0
39,WDC,MRT,2011-09-30,2011-09-30,2011-09-30,2021-08-27,-24000000.0,8467000000.0,8066750000.0,5926000000.0,2541000000.0,1.218,24.562,-712000000.0,3675000000.0,3675000000.0,7929000000.0,768000000.0,2.517,0.479,263000000.0,163000000.0,100000000.0,263000000.0,0.0,610000000.0,0.0,0.0,0.0,839000000.0,1449000000.0,0.147,1449000000.0,839000000.0,827000000.0,3.32,3.26,3.32,5723000000.0,5421500000.0,5723000000.0,2801685997.0,3.0,1.934,905000000.0,3.884,1.0,1895000000.0,0.193,218000000.0,12000000.0,2483000000.0,2608750000.0,645000000.0,0.0,0.0,0.0,2744000000.0,2354000000.0,390000000.0,5997685997.0,817000000.0,-15000000.0,58000000.0,-112000000.0,0.0,-73000000.0,-727000000.0,0.0,1617000000.0,0.0,768000000.0,768000000.0,768000000.0,0.0,0.0,0.078,1066000000.0,829000000.0,1708000000.0,0.0,1.048,7.809,7.747,2209000000.0,0.0,25.72,0.611,0.61,1356000000.0,4639000000.0,9824000000.0,9824000000.0,729000000.0,0.095,0.142,0.322,0.085,67000000.0,312000000.0,1.0,233191524.0,233000000,237000000.0,42.163,8249000000.0,0.0,59000000.0,0.0,35.403,3572000000.0
40,WDC,MRT,2011-06-30,2011-07-01,2011-07-01,2021-08-27,-5000000.0,8118000000.0,7863750000.0,5487000000.0,2631000000.0,1.211,23.758,-778000000.0,3490000000.0,3490000000.0,7735000000.0,726000000.0,2.529,0.479,294000000.0,144000000.0,150000000.0,294000000.0,0.0,602000000.0,0.0,0.0,0.0,790000000.0,1392000000.0,0.146,1392000000.0,790000000.0,780000000.0,3.14,3.09,3.14,5488000000.0,5218500000.0,5488000000.0,5610191033.0,7.0,4.03,877000000.0,3.797,1.0,1791000000.0,0.188,222000000.0,10000000.0,2530000000.0,2679250000.0,577000000.0,0.0,0.0,0.0,2630000000.0,2170000000.0,460000000.0,8515191033.0,756000000.0,-15000000.0,8000000.0,-106000000.0,0.0,-106000000.0,-793000000.0,0.0,1655000000.0,0.0,726000000.0,726000000.0,726000000.0,0.0,0.0,0.076,1010000000.0,781000000.0,1545000000.0,0.0,1.552,11.729,11.669,2224000000.0,0.0,36.64,0.894,0.888,1206000000.0,4400000000.0,9526000000.0,9526000000.0,703000000.0,0.092,0.139,0.295,0.083,69000000.0,282000000.0,1.0,232401502.0,231000000,235000000.0,41.238,7896000000.0,0.0,54000000.0,0.0,34.182,3317000000.0
41,WDC,MRT,2011-03-31,2011-04-01,2011-04-01,2021-08-27,8000000.0,7839000000.0,7666250000.0,5153000000.0,2686000000.0,1.24,22.914,-810000000.0,3230000000.0,3230000000.0,7648000000.0,832000000.0,2.583,0.475,325000000.0,125000000.0,200000000.0,325000000.0,0.0,586000000.0,0.0,0.0,0.0,908000000.0,1494000000.0,0.157,1494000000.0,908000000.0,901000000.0,3.6,3.53,3.6,5316000000.0,5023750000.0,5316000000.0,6085058239.0,7.0,4.073,761000000.0,3.28,1.0,1857000000.0,0.195,226000000.0,7000000.0,2713000000.0,2731000000.0,574000000.0,0.0,0.0,0.0,2523000000.0,1995000000.0,528000000.0,8845058239.0,404000000.0,-253000000.0,10000000.0,-100000000.0,0.0,-104000000.0,-1063000000.0,0.0,1571000000.0,0.0,832000000.0,832000000.0,832000000.0,0.0,0.0,0.088,956000000.0,901000000.0,1486000000.0,0.0,1.664,10.631,10.606,2249000000.0,0.0,38.18,0.931,0.932,1171000000.0,4242000000.0,9505000000.0,9505000000.0,670000000.0,0.109,0.166,0.332,0.096,71000000.0,286000000.0,1.0,231667319.0,232000000,236000000.0,40.97,7613000000.0,0.0,69000000.0,0.0,32.815,3158000000.0
42,WDC,MRT,2010-12-31,2010-12-31,2010-12-31,2021-08-27,21000000.0,7843000000.0,7456500000.0,5120000000.0,2723000000.0,1.327,22.43,-812000000.0,3110000000.0,3110000000.0,7782000000.0,1086000000.0,2.388,0.52,350000000.0,119000000.0,231000000.0,350000000.0,0.0,564000000.0,0.0,0.0,0.0,1190000000.0,1754000000.0,0.177,1754000000.0,1190000000.0,1182000000.0,4.72,4.62,4.72,5159000000.0,4802500000.0,5159000000.0,5307203457.0,4.0,3.026,1034000000.0,4.496,1.0,2112000000.0,0.213,230000000.0,8000000.0,2709000000.0,2658500000.0,568000000.0,0.0,0.0,0.0,2684000000.0,2144000000.0,540000000.0,7790203457.0,675000000.0,-253000000.0,6000000.0,-94000000.0,0.0,-107000000.0,-1064000000.0,1000000.0,1846000000.0,0.0,1086000000.0,1086000000.0,1086000000.0,0.0,0.0,0.11,928000000.0,1184000000.0,1628000000.0,0.0,1.51,7.173,7.182,2277000000.0,0.0,33.9,0.787,0.788,1250000000.0,4096000000.0,9894000000.0,9894000000.0,651000000.0,0.146,0.226,0.448,0.12,70000000.0,277000000.0,1.0,229799512.0,230000000,235000000.0,43.017,7613000000.0,0.0,96000000.0,0.0,33.1,2976000000.0
43,WDC,MRT,2010-09-30,2010-10-01,2010-10-01,2021-08-27,39000000.0,7655000000.0,7142000000.0,4961000000.0,2694000000.0,1.405,21.352,-761000000.0,2858000000.0,2858000000.0,7714000000.0,1290000000.0,2.282,0.559,375000000.0,113000000.0,262000000.0,375000000.0,0.0,539000000.0,0.0,0.0,0.0,1422000000.0,1961000000.0,0.195,1961000000.0,1422000000.0,1414000000.0,5.63,5.51,5.63,4911000000.0,4510500000.0,4911000000.0,4144326866.0,3.0,2.113,1137000000.0,4.943,1.0,2324000000.0,0.232,233000000.0,8000000.0,2765000000.0,2572500000.0,561000000.0,0.0,0.0,0.0,2744000000.0,2174000000.0,570000000.0,6478326866.0,802000000.0,-253000000.0,16000000.0,-88000000.0,0.0,-86000000.0,-1010000000.0,4000000.0,1898000000.0,0.0,1290000000.0,1290000000.0,1290000000.0,0.0,0.0,0.129,907000000.0,1417000000.0,1703000000.0,0.0,1.319,5.022,5.018,2245000000.0,0.0,28.25,0.645,0.647,1325000000.0,3871000000.0,10038000000.0,10038000000.0,636000000.0,0.181,0.286,0.553,0.142,66000000.0,271000000.0,1.0,229321305.0,230000000,234000000.0,43.643,7422000000.0,0.0,124000000.0,0.0,32.27,2787000000.0
44,WDC,MRT,2010-06-30,2010-07-02,2010-07-02,2021-08-27,11000000.0,7328000000.0,6690500000.0,4720000000.0,2608000000.0,1.472,20.654,-737000000.0,2734000000.0,2734000000.0,7449000000.0,1382000000.0,2.333,0.556,400000000.0,106000000.0,294000000.0,400000000.0,0.0,510000000.0,0.0,0.0,0.0,1529000000.0,2039000000.0,0.207,2039000000.0,1529000000.0,1520000000.0,6.06,5.93,6.06,4709000000.0,4163500000.0,4709000000.0,4520076121.0,3.0,2.217,1205000000.0,5.285,1.0,2401000000.0,0.244,234000000.0,9000000.0,2737000000.0,2451750000.0,560000000.0,0.0,0.0,0.0,2619000000.0,2023000000.0,596000000.0,6921076121.0,940000000.0,-253000000.0,79000000.0,-82000000.0,0.0,-16000000.0,-986000000.0,4000000.0,1942000000.0,0.0,1382000000.0,1382000000.0,1382000000.0,0.0,0.0,0.14,876000000.0,1525000000.0,1507000000.0,0.0,1.47,5.008,4.983,2159000000.0,0.0,30.2,0.703,0.699,1256000000.0,3674000000.0,9850000000.0,9850000000.0,611000000.0,0.207,0.332,0.624,0.155,60000000.0,265000000.0,1.0,229174706.0,228000000,233000000.0,43.202,7094000000.0,0.0,138000000.0,0.0,31.114,2697000000.0
45,WDC,MRT,2010-03-31,2010-04-02,2010-04-02,2021-08-27,22000000.0,7000000000.0,6181250000.0,4778000000.0,2222000000.0,1.52,19.349,-634000000.0,2826000000.0,2826000000.0,7161000000.0,1313000000.0,2.441,0.58,425000000.0,100000000.0,325000000.0,425000000.0,0.0,497000000.0,0.0,0.0,0.0,1446000000.0,1943000000.0,0.207,1943000000.0,1446000000.0,1435000000.0,5.81,5.67,5.81,4431000000.0,3784250000.0,4431000000.0,6928307919.0,5.0,3.566,1294000000.0,5.651,1.0,2236000000.0,0.238,219000000.0,11000000.0,2423000000.0,2324000000.0,507000000.0,0.0,0.0,0.0,2569000000.0,1957000000.0,612000000.0,8919307919.0,1247000000.0,-19000000.0,69000000.0,-77000000.0,0.0,-33000000.0,-648000000.0,5000000.0,1928000000.0,0.0,1313000000.0,1313000000.0,1313000000.0,0.0,0.0,0.14,794000000.0,1442000000.0,1508000000.0,0.0,2.013,6.793,6.714,1756000000.0,0.0,39.01,0.949,0.951,1257000000.0,3410000000.0,9397000000.0,9397000000.0,588000000.0,0.212,0.347,0.622,0.154,57000000.0,229000000.0,1.0,228641577.0,229000000,234000000.0,41.035,6781000000.0,0.0,122000000.0,0.0,29.611,2821000000.0
46,WDC,MRT,2009-12-31,2010-01-01,2010-01-01,2021-08-27,4000000.0,6585000000.0,5679250000.0,4416000000.0,2169000000.0,1.47,17.581,-563000000.0,2435000000.0,2435000000.0,6524000000.0,963000000.0,2.2,0.65,444000000.0,94000000.0,350000000.0,444000000.0,0.0,487000000.0,0.0,0.0,0.0,1066000000.0,1553000000.0,0.186,1553000000.0,1066000000.0,1053000000.0,4.28,4.18,4.28,3991000000.0,3424500000.0,3991000000.0,8357696889.0,8.0,5.382,1132000000.0,4.987,1.0,1824000000.0,0.218,222000000.0,13000000.0,2365000000.0,2283500000.0,453000000.0,0.0,0.0,0.0,2594000000.0,2007000000.0,587000000.0,9950696889.0,1059000000.0,-63000000.0,63000000.0,-60000000.0,0.0,-14000000.0,-622000000.0,4000000.0,1695000000.0,0.0,963000000.0,963000000.0,963000000.0,0.0,0.0,0.115,762000000.0,1062000000.0,1507000000.0,0.0,2.493,10.333,10.315,1696000000.0,0.0,44.15,1.192,1.201,1365000000.0,3009000000.0,8348000000.0,8348000000.0,553000000.0,0.17,0.281,0.467,0.128,53000000.0,214000000.0,1.0,225383848.0,227000000,232000000.0,36.775,6363000000.0,0.0,90000000.0,0.0,28.031,2409000000.0
47,WDC,MRT,2009-09-30,2009-10-02,2009-10-02,2021-08-27,9000000.0,5849000000.0,5275750000.0,3750000000.0,2099000000.0,1.431,15.658,-504000000.0,2056000000.0,2056000000.0,6125000000.0,548000000.0,2.144,0.66,463000000.0,88000000.0,375000000.0,463000000.0,0.0,483000000.0,0.0,0.0,0.0,610000000.0,1093000000.0,0.145,1093000000.0,610000000.0,589000000.0,2.45,2.39,2.45,3523000000.0,3157000000.0,3523000000.0,6626142531.0,11.0,6.062,934000000.0,4.151,1.0,1427000000.0,0.189,225000000.0,21000000.0,2282000000.0,2302500000.0,395000000.0,0.0,0.0,0.0,2326000000.0,1749000000.0,577000000.0,7938142531.0,843000000.0,-63000000.0,42000000.0,-44000000.0,0.0,-29000000.0,-566000000.0,1000000.0,1438000000.0,0.0,548000000.0,548000000.0,548000000.0,0.0,0.0,0.073,822000000.0,605000000.0,1342000000.0,0.0,2.253,14.486,14.42,1625000000.0,0.0,35.33,1.051,1.053,1131000000.0,2580000000.0,7552000000.0,7552000000.0,518000000.0,0.104,0.174,0.265,0.081,50000000.0,196000000.0,1.0,224685608.0,225000000,230000000.0,33.564,5624000000.0,0.0,41000000.0,0.0,24.996,2001000000.0
48,WDC,MRT,2009-06-30,2009-07-03,2009-07-03,2021-08-27,2000000.0,5291000000.0,5086500000.0,3230000000.0,2061000000.0,1.465,14.378,-490000000.0,1794000000.0,1794000000.0,6116000000.0,470000000.0,2.118,0.658,482000000.0,82000000.0,400000000.0,482000000.0,0.0,479000000.0,0.0,0.0,0.0,528000000.0,1007000000.0,0.135,1007000000.0,528000000.0,501000000.0,2.12,2.08,2.12,3192000000.0,2998000000.0,3192000000.0,4657964151.0,9.0,4.626,815000000.0,3.671,1.0,1337000000.0,0.179,228000000.0,27000000.0,2226000000.0,2381000000.0,376000000.0,0.0,0.0,0.0,2099000000.0,1525000000.0,574000000.0,5734964151.0,690000000.0,-63000000.0,-8000000.0,-27000000.0,0.0,-64000000.0,-551000000.0,2000000.0,1305000000.0,0.0,470000000.0,470000000.0,470000000.0,0.0,0.0,0.063,818000000.0,519000000.0,1101000000.0,0.0,1.797,12.202,12.137,1584000000.0,0.0,25.73,0.769,0.766,926000000.0,2292000000.0,7453000000.0,7453000000.0,509000000.0,0.092,0.157,0.222,0.071,47000000.0,201000000.0,1.0,222890173.0,222000000,226000000.0,33.572,5063000000.0,0.0,31000000.0,0.0,22.806,1705000000.0
49,WDC,MRT,2009-03-31,2009-03-27,2009-03-27,2021-08-27,-3000000.0,4992000000.0,4982500000.0,2922000000.0,2070000000.0,1.509,13.417,-554000000.0,1579000000.0,1579000000.0,6125000000.0,488000000.0,2.053,0.668,502000000.0,77000000.0,425000000.0,502000000.0,0.0,471000000.0,0.0,0.0,0.0,563000000.0,1034000000.0,0.138,1034000000.0,563000000.0,532000000.0,2.18,2.16,2.18,2992000000.0,2874000000.0,2992000000.0,3468869786.0,6.0,3.355,632000000.0,2.834,1.0,1392000000.0,0.185,231000000.0,31000000.0,2261000000.0,2454250000.0,385000000.0,0.0,0.0,0.0,2000000000.0,1423000000.0,577000000.0,4340869786.0,662000000.0,-46000000.0,0.0,-12000000.0,0.0,76000000.0,-600000000.0,0.0,1186000000.0,0.0,488000000.0,488000000.0,488000000.0,0.0,0.0,0.065,840000000.0,552000000.0,1001000000.0,0.0,1.451,8.895,8.945,1570000000.0,0.0,19.5,0.577,0.578,824000000.0,2096000000.0,7517000000.0,7517000000.0,505000000.0,0.098,0.17,0.229,0.075,43000000.0,204000000.0,1.0,222608707.0,223000000,226000000.0,33.709,4761000000.0,0.0,44000000.0,0.0,21.35,1499000000.0
50,WDC,MRT,2008-12-31,2008-12-26,2008-12-26,2021-08-27,-11000000.0,4971000000.0,4870250000.0,2895000000.0,2076000000.0,1.65,13.158,-585000000.0,1376000000.0,1376000000.0,6420000000.0,718000000.0,1.967,0.702,504000000.0,60000000.0,444000000.0,504000000.0,0.0,463000000.0,0.0,0.0,0.0,805000000.0,1268000000.0,0.158,1268000000.0,805000000.0,764000000.0,3.22,3.17,3.22,2921000000.0,2730250000.0,2921000000.0,1806516267.0,2.0,1.425,677000000.0,3.05,1.0,1616000000.0,0.201,186000000.0,41000000.0,2441000000.0,2503750000.0,446000000.0,0.0,0.0,0.0,2050000000.0,1472000000.0,578000000.0,2512516267.0,459000000.0,-12000000.0,-37000000.0,-271000000.0,0.0,-221000000.0,-582000000.0,15000000.0,1262000000.0,0.0,718000000.0,718000000.0,718000000.0,0.0,0.0,0.089,827000000.0,789000000.0,1075000000.0,0.0,0.86,3.499,3.522,1620000000.0,0.0,11.34,0.313,0.313,944000000.0,2047000000.0,8036000000.0,8036000000.0,503000000.0,0.147,0.263,0.322,0.1,41000000.0,211000000.0,1.0,221562281.0,222000000,224000000.0,36.198,4785000000.0,0.0,46000000.0,0.0,21.554,1423000000.0
51,WDC,MRT,2008-09-30,2008-09-26,2008-09-26,2021-08-27,-14000000.0,5092000000.0,4777500000.0,2948000000.0,2144000000.0,1.762,13.005,-614000000.0,1213000000.0,1213000000.0,6578000000.0,1009000000.0,1.847,0.764,507000000.0,45000000.0,462000000.0,507000000.0,0.0,452000000.0,0.0,0.0,0.0,1127000000.0,1579000000.0,0.188,1579000000.0,1127000000.0,1073000000.0,4.55,4.46,4.55,2887000000.0,2531750000.0,2887000000.0,4187440000.0,4.0,2.652,867000000.0,3.905,1.0,1839000000.0,0.218,194000000.0,54000000.0,2596000000.0,2376500000.0,477000000.0,2000000.0,2000000.0,0.0,2205000000.0,1596000000.0,609000000.0,4782440000.0,562000000.0,-16000000.0,-24000000.0,-512000000.0,0.0,-446000000.0,-473000000.0,157000000.0,1481000000.0,0.0,1009000000.0,1009000000.0,1009000000.0,0.0,0.0,0.12,734000000.0,1105000000.0,1215000000.0,0.0,1.657,4.74,4.756,1674000000.0,0.0,21.64,0.568,0.571,1109000000.0,2033000000.0,8417000000.0,8417000000.0,506000000.0,0.211,0.399,0.474,0.134,39000000.0,228000000.0,1.0,221000000.0,222000000,226000000.0,37.914,4898000000.0,0.0,64000000.0,0.0,22.063,1352000000.0
52,WDC,MRT,2008-06-30,2008-06-27,2008-06-27,2021-08-27,-12000000.0,4875000000.0,4598000000.0,2731000000.0,2144000000.0,1.756,12.199,-615000000.0,1104000000.0,1104000000.0,6335000000.0,867000000.0,1.746,0.808,509000000.0,27000000.0,482000000.0,509000000.0,0.0,413000000.0,0.0,0.0,0.0,1033000000.0,1446000000.0,0.179,1446000000.0,1033000000.0,981000000.0,3.92,3.84,3.92,2696000000.0,2256750000.0,2696000000.0,7317104184.0,7.0,5.06,784000000.0,3.548,1.0,1739000000.0,0.215,197000000.0,52000000.0,2519000000.0,2250250000.0,456000000.0,0.0,0.0,0.0,2179000000.0,1564000000.0,615000000.0,7720104184.0,404000000.0,-927000000.0,5000000.0,237000000.0,0.0,326000000.0,-1321000000.0,221000000.0,1399000000.0,0.0,867000000.0,867000000.0,867000000.0,0.0,0.0,0.107,733000000.0,1006000000.0,1181000000.0,0.0,2.864,8.904,8.895,1668000000.0,0.0,34.87,0.956,0.954,1010000000.0,1822000000.0,8074000000.0,8074000000.0,464000000.0,0.189,0.384,0.459,0.128,37000000.0,220000000.0,1.0,221396736.0,221000000,226000000.0,36.534,4678000000.0,0.0,114000000.0,0.0,21.167,1167000000.0
53,WDC,MRT,2008-03-31,2008-03-28,2008-03-28,2021-08-27,43000000.0,4543000000.0,4104500000.0,2629000000.0,1914000000.0,1.815,10.887,-555000000.0,917000000.0,917000000.0,5930000000.0,866000000.0,1.76,0.88,514000000.0,11000000.0,503000000.0,514000000.0,0.0,361000000.0,28000000.0,0.0,0.0,876000000.0,1237000000.0,0.166,1237000000.0,876000000.0,831000000.0,3.93,3.83,3.93,2417000000.0,2011750000.0,2417000000.0,5783180000.0,7.0,4.675,768000000.0,3.459,1.0,1518000000.0,0.204,187000000.0,45000000.0,2459000000.0,1892750000.0,455000000.0,32000000.0,32000000.0,0.0,2126000000.0,1494000000.0,632000000.0,5925180000.0,213000000.0,-925000000.0,-40000000.0,237000000.0,0.0,184000000.0,-1294000000.0,186000000.0,1323000000.0,0.0,866000000.0,866000000.0,866000000.0,0.0,0.0,0.116,674000000.0,844000000.0,1144000000.0,0.0,2.451,6.842,6.791,1529000000.0,0.0,26.69,0.796,0.796,1050000000.0,1609000000.0,7448000000.0,7448000000.0,415000000.0,0.211,0.43,0.463,0.118,41000000.0,210000000.0,1.0,222000000.0,222000000,227000000.0,33.55,4356000000.0,0.0,-35000000.0,0.0,19.622,1135000000.0
54,WDC,MRT,2007-12-31,2007-12-28,2007-12-28,2021-08-27,5000000.0,4600000000.0,3632000000.0,2653000000.0,1947000000.0,1.858,9.668,-487000000.0,917000000.0,917000000.0,5484000000.0,707000000.0,1.128,1.163,775000000.0,771000000.0,4000000.0,775000000.0,0.0,305000000.0,51000000.0,0.0,0.0,695000000.0,1000000000.0,0.148,1000000000.0,695000000.0,663000000.0,3.22,3.13,3.22,2127000000.0,1791500000.0,2127000000.0,6958995000.0,10.0,6.959,569000000.0,2.586,1.0,1263000000.0,0.187,174000000.0,32000000.0,1932000000.0,1494000000.0,459000000.0,50000000.0,50000000.0,0.0,2473000000.0,2352000000.0,121000000.0,6591995000.0,241000000.0,-915000000.0,-32000000.0,476000000.0,0.0,433000000.0,-1248000000.0,154000000.0,1056000000.0,0.0,707000000.0,707000000.0,707000000.0,0.0,0.0,0.105,602000000.0,661000000.0,1216000000.0,0.0,3.099,9.324,9.301,1560000000.0,0.0,29.95,0.977,0.977,1113000000.0,1329000000.0,6747000000.0,6747000000.0,367000000.0,0.195,0.395,0.465,0.103,44000000.0,186000000.0,1.0,220100000.0,220000000,226000000.0,30.668,4426000000.0,0.0,-44000000.0,0.0,20.118,301000000.0
55,WDC,MRT,2007-09-30,2007-09-28,2007-09-28,2021-08-27,2000000.0,4374000000.0,3117000000.0,2447000000.0,1927000000.0,1.916,8.16,-428000000.0,651000000.0,651000000.0,4966000000.0,530000000.0,0.994,1.448,1018000000.0,1011000000.0,7000000.0,1018000000.0,0.0,243000000.0,59000000.0,0.0,0.0,485000000.0,728000000.0,0.122,728000000.0,485000000.0,475000000.0,2.41,2.35,2.41,1787000000.0,1616000000.0,1787000000.0,4867080000.0,10.0,6.686,294000000.0,1.342,1.0,1005000000.0,0.168,187000000.0,10000000.0,2091000000.0,1216000000.0,461000000.0,200000000.0,200000000.0,0.0,2587000000.0,2463000000.0,124000000.0,5545080000.0,48000000.0,-911000000.0,-42000000.0,710000000.0,0.0,659000000.0,-1333000000.0,6000000.0,722000000.0,0.0,530000000.0,530000000.0,530000000.0,0.0,0.0,0.089,554000000.0,451000000.0,1106000000.0,0.0,3.103,10.462,10.506,1516000000.0,0.0,25.32,0.929,0.929,1027000000.0,1023000000.0,5971000000.0,5971000000.0,322000000.0,0.17,0.328,0.399,0.081,47000000.0,183000000.0,1.0,219000000.0,219000000,224000000.0,27.265,4187000000.0,0.0,-55000000.0,0.0,19.119,-16000000.0
56,WDC,MRT,2007-06-30,2007-06-29,2007-06-29,2021-08-27,-1000000.0,2901000000.0,2604750000.0,2029000000.0,872000000.0,2.099,7.836,-324000000.0,700000000.0,700000000.0,4568000000.0,564000000.0,1.796,0.691,22000000.0,12000000.0,10000000.0,22000000.0,0.0,210000000.0,0.0,0.0,0.0,447000000.0,657000000.0,0.12,657000000.0,447000000.0,443000000.0,2.57,2.5,2.57,1716000000.0,1487250000.0,1716000000.0,3616765000.0,8.0,5.505,294000000.0,1.342,1.0,900000000.0,0.165,4000000.0,4000000.0,1089000000.0,885500000.0,259000000.0,207000000.0,207000000.0,0.0,1185000000.0,1130000000.0,55000000.0,4293765000.0,149000000.0,0.0,-34000000.0,-43000000.0,0.0,-86000000.0,-383000000.0,-59000000.0,618000000.0,0.0,564000000.0,564000000.0,564000000.0,0.0,0.0,0.103,485000000.0,415000000.0,882000000.0,0.0,2.502,7.613,7.529,741000000.0,0.0,19.35,0.785,0.775,760000000.0,955000000.0,5468000000.0,5468000000.0,306000000.0,0.217,0.379,0.505,0.082,48000000.0,179000000.0,1.0,221900000.0,219000000,226000000.0,24.968,2897000000.0,0.0,-121000000.0,0.0,13.228,899000000.0
57,WDC,MRT,2007-03-31,2007-03-30,2007-03-30,2021-08-27,5000000.0,2653000000.0,2401000000.0,1933000000.0,720000000.0,2.16,6.982,-308000000.0,704000000.0,704000000.0,4288000000.0,472000000.0,1.817,0.727,27000000.0,14000000.0,13000000.0,27000000.0,0.0,193000000.0,0.0,0.0,0.0,460000000.0,653000000.0,0.126,653000000.0,460000000.0,456000000.0,2.16,2.09,2.16,1536000000.0,1347500000.0,1536000000.0,3104820000.0,7.0,4.755,257000000.0,1.168,1.0,899000000.0,0.173,48000000.0,4000000.0,864000000.0,790000000.0,243000000.0,171000000.0,171000000.0,0.0,1117000000.0,1064000000.0,53000000.0,3731820000.0,161000000.0,0.0,-12000000.0,-44000000.0,0.0,-56000000.0,-348000000.0,-40000000.0,565000000.0,0.0,472000000.0,472000000.0,472000000.0,0.0,0.0,0.091,469000000.0,430000000.0,851000000.0,0.0,2.43,7.906,7.782,672000000.0,0.0,16.81,0.719,0.713,792000000.0,742000000.0,5187000000.0,5187000000.0,298000000.0,0.197,0.35,0.582,0.089,46000000.0,171000000.0,1.0,222000000.0,220000000,226000000.0,23.577,2605000000.0,0.0,-16000000.0,0.0,11.841,869000000.0
58,WDC,MRT,2006-12-31,2006-12-29,2006-12-29,2021-08-27,0.0,2540000000.0,2220675000.0,1866000000.0,674000000.0,2.209,6.477,-325000000.0,676000000.0,676000000.0,4011000000.0,453000000.0,1.767,0.782,49000000.0,28000000.0,21000000.0,49000000.0,0.0,180000000.0,0.0,0.0,0.0,443000000.0,623000000.0,0.127,623000000.0,443000000.0,439000000.0,2.08,2.01,2.08,1425000000.0,1220500000.0,1425000000.0,3991982000.0,9.0,6.408,177000000.0,0.805,1.0,895000000.0,0.182,37000000.0,4000000.0,820000000.0,719600000.0,265000000.0,154000000.0,154000000.0,0.0,1115000000.0,1056000000.0,59000000.0,4535982000.0,126000000.0,0.0,37000000.0,-28000000.0,0.0,9000000.0,-385000000.0,-60000000.0,502000000.0,0.0,453000000.0,453000000.0,453000000.0,0.0,0.0,0.092,480000000.0,415000000.0,816000000.0,0.0,3.183,10.013,9.837,637000000.0,0.0,20.46,0.925,0.917,744000000.0,622000000.0,4906000000.0,4906000000.0,302000000.0,0.204,0.371,0.616,0.09,42000000.0,178000000.0,1.0,221700000.0,220000000,226000000.0,22.3,2503000000.0,0.0,-14000000.0,0.0,11.377,810000000.0
59,WDC,MRT,2006-09-30,2006-09-29,2006-09-29,2021-08-27,1000000.0,2325000000.0,2030275000.0,1697000000.0,628000000.0,2.263,5.808,-277000000.0,603000000.0,603000000.0,3727000000.0,429000000.0,1.728,0.828,59000000.0,30000000.0,29000000.0,59000000.0,0.0,169000000.0,0.0,0.0,0.0,421000000.0,590000000.0,0.128,590000000.0,421000000.0,418000000.0,1.99,1.91,1.99,1272000000.0,1087750000.0,1272000000.0,3501470000.0,8.0,5.935,166000000.0,0.758,1.0,868000000.0,0.189,30000000.0,3000000.0,769000000.0,626575000.0,216000000.0,148000000.0,148000000.0,0.0,1053000000.0,982000000.0,71000000.0,3994670000.0,97000000.0,0.0,28000000.0,-24000000.0,0.0,4000000.0,-350000000.0,-73000000.0,443000000.0,0.0,429000000.0,429000000.0,429000000.0,0.0,0.0,0.093,471000000.0,397000000.0,750000000.0,0.0,3.14,9.312,9.095,598000000.0,0.0,18.1,0.869,0.863,700000000.0,494000000.0,4595000000.0,4595000000.0,301000000.0,0.211,0.394,0.672,0.092,39000000.0,170000000.0,1.0,220700000.0,219000000,225000000.0,20.982,2295000000.0,0.0,-11000000.0,0.0,10.479,715000000.0
60,WDC,MRT,2006-06-30,2006-06-30,2006-06-30,2021-08-27,1000000.0,2086000000.0,1874150000.0,1505000000.0,581000000.0,2.316,5.381,-268000000.0,551000000.0,551000000.0,3512000000.0,395000000.0,1.726,0.803,44000000.0,25000000.0,19000000.0,44000000.0,0.0,160000000.0,0.0,0.0,0.0,386000000.0,546000000.0,0.126,546000000.0,386000000.0,382000000.0,1.84,1.76,1.84,1157000000.0,963925000.0,1157000000.0,3878867000.0,10.0,7.104,100000000.0,0.465,1.0,829000000.0,0.191,0.0,4000000.0,707000000.0,529100000.0,205000000.0,148000000.0,148000000.0,0.0,929000000.0,872000000.0,57000000.0,4372067000.0,66000000.0,0.0,24000000.0,-23000000.0,0.0,1000000.0,-303000000.0,-35000000.0,368000000.0,0.0,395000000.0,395000000.0,395000000.0,0.0,0.0,0.091,463000000.0,366000000.0,632000000.0,0.0,3.779,11.069,10.766,549000000.0,0.0,19.81,1.007,0.981,561000000.0,391000000.0,4341000000.0,4341000000.0,297000000.0,0.211,0.41,0.73,0.089,37000000.0,166000000.0,1.0,220700000.0,215000000,224000000.0,20.191,2086000000.0,0.0,-13000000.0,0.0,9.702,633000000.0
61,WDC,MRT,2006-03-31,2006-03-31,2006-03-31,2021-08-27,0.0,1931700000.0,1749800000.0,1417700000.0,514000000.0,2.398,4.737,-239000000.0,543400000.0,543400000.0,3412900000.0,313800000.0,1.691,0.879,50200000.0,25000000.0,25200000.0,50200000.0,0.0,151700000.0,0.0,0.0,0.0,324300000.0,476000000.0,0.113,476000000.0,324300000.0,320800000.0,1.46,1.4,1.46,1028000000.0,849750000.0,1028000000.0,3767599000.0,12.0,7.915,101400000.0,0.467,1.0,783700000.0,0.187,17600000.0,3500000.0,582400000.0,433200000.0,177600000.0,130700000.0,130700000.0,0.0,903700000.0,838500000.0,65200000.0,4260999000.0,82400000.0,0.0,20500000.0,-22400000.0,0.0,-1900000.0,-256100000.0,-17100000.0,340400000.0,0.0,313800000.0,313800000.0,313800000.0,0.0,0.0,0.075,475200000.0,308500000.0,597400000.0,0.0,4.145,13.579,13.308,496400000.0,0.0,19.43,1.015,1.005,483200000.0,291500000.0,4196600000.0,4196600000.0,290600000.0,0.179,0.369,0.749,0.077,28100000.0,184600000.0,1.0,219300000.0,217000000,227000000.0,19.339,1914100000.0,0.0,7000000.0,0.0,8.821,579200000.0
62,WDC,MRT,2005-12-31,2005-12-30,2005-12-30,2021-08-27,0.0,1778400000.0,1639400000.0,1324600000.0,453800000.0,2.432,4.197,-200500000.0,550200000.0,550200000.0,3254800000.0,282600000.0,1.621,0.989,56800000.0,24900000.0,31900000.0,56800000.0,0.0,144000000.0,0.0,0.0,0.0,291700000.0,435700000.0,0.109,435700000.0,291700000.0,288400000.0,1.33,1.27,1.33,894000000.0,758450000.0,894000000.0,3561877000.0,12.0,8.175,150400000.0,0.706,1.0,732700000.0,0.184,20100000.0,3300000.0,447900000.0,365450000.0,168300000.0,94500000.0,94500000.0,0.0,884400000.0,817000000.0,67400000.0,4014177000.0,164000000.0,0.0,22200000.0,-21300000.0,0.0,900000.0,-187800000.0,12700000.0,350900000.0,0.0,282600000.0,282600000.0,282600000.0,0.0,0.0,0.071,453500000.0,279200000.0,580200000.0,0.0,4.49,14.204,13.992,433700000.0,0.0,18.61,1.007,0.994,428300000.0,188600000.0,3987500000.0,3987500000.0,272300000.0,0.172,0.373,0.798,0.073,20500000.0,181200000.0,1.0,215700000.0,213000000,221000000.0,18.721,1758300000.0,0.0,5800000.0,0.0,8.255,507600000.0
63,WDC,MRT,2005-09-30,2005-09-30,2005-09-30,2021-08-27,0.0,1700500000.0,1536975000.0,1272100000.0,428400000.0,2.489,3.646,-193300000.0,506000000.0,506000000.0,3170500000.0,234600000.0,1.482,1.189,53700000.0,22200000.0,31500000.0,53700000.0,0.0,138200000.0,0.0,0.0,0.0,242000000.0,380200000.0,0.099,380200000.0,242000000.0,238800000.0,1.11,1.06,1.11,776700000.0,677025000.0,776700000.0,2368138000.0,10.0,6.229,174600000.0,0.82,1.0,654900000.0,0.171,10600000.0,3200000.0,379100000.0,301675000.0,172800000.0,75300000.0,75300000.0,0.0,923800000.0,858500000.0,65300000.0,2800638000.0,175600000.0,0.0,21300000.0,-20300000.0,0.0,1000000.0,-193300000.0,0.0,367900000.0,0.0,234600000.0,234600000.0,234600000.0,0.0,0.0,0.061,423100000.0,231800000.0,648100000.0,0.0,3.606,11.938,11.649,417800000.0,0.0,12.93,0.732,0.72,470400000.0,84300000.0,3825400000.0,3825400000.0,256000000.0,0.153,0.347,0.802,0.063,11800000.0,167100000.0,1.0,216600000.0,213000000,221000000.0,17.96,1689900000.0,0.0,4200000.0,0.0,7.934,413600000.0
64,WDC,MRT,2005-06-30,2005-07-01,2005-07-01,2021-08-27,-300000.0,1588600000.0,1435600000.0,1181200000.0,407400000.0,2.535,3.367,-194000000.0,485200000.0,485200000.0,3049000000.0,196000000.0,1.44,1.268,52700000.0,20100000.0,32600000.0,52700000.0,0.0,131000000.0,0.0,0.0,0.0,203000000.0,334000000.0,0.092,334000000.0,203000000.0,200000000.0,0.94,0.9,0.94,700300000.0,609725000.0,700300000.0,2526004000.0,12.0,7.563,227000000.0,1.091,1.0,590000000.0,0.162,12400000.0,3000000.0,323400000.0,261450000.0,152900000.0,113200000.0,113200000.0,0.0,888300000.0,820300000.0,68000000.0,2929504000.0,140000000.0,0.0,13000000.0,-20000000.0,0.0,-7000000.0,-274000000.0,-80000000.0,421000000.0,0.0,196000000.0,196000000.0,196000000.0,0.0,0.0,0.054,395000000.0,195000000.0,569100000.0,0.0,4.183,14.946,14.638,395000000.0,0.0,13.76,0.805,0.787,415400000.0,-4100000.0,3639000000.0,3639000000.0,240000000.0,0.137,0.321,0.776,0.056,5000000.0,155000000.0,1.0,212900000.0,208000000,217000000.0,17.495,1576200000.0,0.0,4000000.0,0.0,7.578,360900000.0
65,WDC,MRT,2005-03-31,2005-04-01,2005-04-01,2021-08-27,0.0,1490100000.0,1328250000.0,1126700000.0,363400000.0,2.595,3.174,-194200000.0,461100000.0,461100000.0,2916200000.0,185300000.0,1.484,1.248,57600000.0,19900000.0,37700000.0,57600000.0,0.0,121700000.0,0.0,0.0,0.0,193400000.0,315100000.0,0.091,315100000.0,193400000.0,189600000.0,0.9,0.85,0.9,662800000.0,556550000.0,662800000.0,2262330000.0,12.0,7.18,226400000.0,1.084,1.0,531000000.0,0.154,16200000.0,3800000.0,311400000.0,247475000.0,135500000.0,113200000.0,113200000.0,0.0,827300000.0,759000000.0,68300000.0,2692230000.0,101200000.0,0.0,3200000.0,-15200000.0,0.0,-12000000.0,-307400000.0,-113200000.0,420600000.0,0.0,185300000.0,185300000.0,185300000.0,0.0,0.0,0.054,344100000.0,186900000.0,551000000.0,0.0,4.062,14.529,14.333,347200000.0,0.0,12.9,0.781,0.781,398600000.0,-25700000.0,3447200000.0,3447200000.0,222000000.0,0.14,0.333,0.781,0.056,4500000.0,122100000.0,1.0,208700000.0,208800000,218700000.0,16.51,1473900000.0,0.0,4300000.0,0.0,7.059,367700000.0
66,WDC,MRT,2004-12-31,2004-12-31,2004-12-31,2021-08-27,0.0,1368700000.0,1232500000.0,1018800000.0,349900000.0,2.658,2.771,-173100000.0,492500000.0,492500000.0,2789600000.0,162400000.0,1.403,1.408,62600000.0,19900000.0,42700000.0,62600000.0,0.0,114200000.0,0.0,0.0,0.0,169000000.0,283200000.0,0.086,283200000.0,169000000.0,166000000.0,0.79,0.75,0.79,568300000.0,508575000.0,568300000.0,1887752000.0,11.0,6.666,197700000.0,0.964,1.0,486600000.0,0.149,19800000.0,3000000.0,192800000.0,220200000.0,118300000.0,0.0,0.0,0.0,800400000.0,726200000.0,74200000.0,2225452000.0,68100000.0,0.0,-13300000.0,-10300000.0,0.0,-23600000.0,-279100000.0,-106000000.0,370800000.0,0.0,162400000.0,162400000.0,162400000.0,0.0,0.0,0.05,321500000.0,165100000.0,521500000.0,0.0,3.916,13.704,13.722,330100000.0,0.0,10.84,0.679,0.679,390400000.0,-96500000.0,3276200000.0,3276200000.0,207800000.0,0.132,0.319,0.767,0.052,3100000.0,113700000.0,1.0,205300000.0,205100000,213600000.0,15.974,1348900000.0,0.0,3600000.0,0.0,6.577,292600000.0
67,WDC,MRT,2004-09-30,2004-10-01,2004-10-01,2021-08-27,0.0,1295000000.0,1169275000.0,967600000.0,327400000.0,2.699,2.473,-162500000.0,405200000.0,405200000.0,2677900000.0,175200000.0,1.352,1.552,67500000.0,19800000.0,47700000.0,67500000.0,0.0,107800000.0,0.0,0.0,0.0,182000000.0,289800000.0,0.092,289800000.0,182000000.0,179900000.0,0.85,0.81,0.85,507500000.0,470725000.0,507500000.0,1557564744.0,9.0,5.375,138600000.0,0.675,1.0,478200000.0,0.152,23400000.0,2100000.0,218200000.0,219500000.0,144300000.0,0.0,0.0,0.0,787500000.0,715700000.0,71800000.0,1867464744.0,45100000.0,0.0,-13900000.0,-5300000.0,0.0,-19200000.0,-236800000.0,-74300000.0,301100000.0,0.0,175200000.0,175200000.0,175200000.0,0.0,0.0,0.056,298400000.0,179800000.0,535600000.0,0.0,3.68,10.659,10.729,304000000.0,0.0,9.12,0.592,0.593,400700000.0,-152500000.0,3156100000.0,3156100000.0,192100000.0,0.15,0.372,0.829,0.058,2800000.0,106300000.0,1.0,204765871.0,205200000,212600000.0,15.381,1271600000.0,0.0,4700000.0,0.0,6.197,251900000.0
68,WDC,MRT,2004-06-30,2004-07-02,2004-07-02,2021-08-27,200000.0,1159200000.0,1095925000.0,857300000.0,301900000.0,2.78,2.37,-131700000.0,345500000.0,345500000.0,2585300000.0,149800000.0,1.461,1.377,67900000.0,15200000.0,52700000.0,67900000.0,0.0,100400000.0,0.0,0.0,0.0,155900000.0,256300000.0,0.084,256300000.0,155900000.0,153800000.0,0.73,0.69,0.73,487600000.0,429925000.0,487600000.0,1441600000.0,9.0,5.625,58300000.0,0.283,1.0,461400000.0,0.151,27200000.0,2100000.0,267500000.0,210475000.0,148600000.0,32300000.0,32300000.0,0.0,671600000.0,586900000.0,84700000.0,1751400000.0,-47700000.0,-94800000.0,7900000.0,13200000.0,0.0,21100000.0,-258800000.0,-32300000.0,190000000.0,0.0,149800000.0,149800000.0,149800000.0,0.0,0.0,0.049,307900000.0,153500000.0,434900000.0,0.0,3.592,11.692,11.507,274700000.0,0.0,8.4,0.575,0.567,313100000.0,-182900000.0,3046700000.0,3046700000.0,201800000.0,0.137,0.348,0.741,0.051,2600000.0,106100000.0,1.0,208500000.0,205700000,216700000.0,14.811,1132000000.0,0.0,4000000.0,0.0,5.503,270400000.0
69,WDC,MRT,2004-03-31,2004-03-26,2004-03-26,2021-08-27,0.0,1107100000.0,1022675000.0,836300000.0,270800000.0,2.912,2.278,-108800000.0,359900000.0,359900000.0,2524400000.0,152700000.0,1.478,1.351,50100000.0,6300000.0,43800000.0,50100000.0,0.0,88100000.0,0.0,0.0,0.0,157800000.0,245900000.0,0.083,245900000.0,157800000.0,157800000.0,0.73,0.71,0.73,470900000.0,389875000.0,470900000.0,1913380000.0,12.0,7.781,32200000.0,0.156,1.0,453800000.0,0.152,29200000.0,0.0,202300000.0,135425000.0,149100000.0,0.0,0.0,0.0,636200000.0,565800000.0,70400000.0,2181780000.0,12900000.0,-94800000.0,44500000.0,33500000.0,0.0,72100000.0,-200200000.0,0.0,141000000.0,0.0,152700000.0,152700000.0,152700000.0,0.0,0.0,0.051,300300000.0,153500000.0,420500000.0,0.0,4.633,14.288,14.438,239400000.0,0.0,10.54,0.733,0.732,308300000.0,-212500000.0,2978200000.0,2978200000.0,187900000.0,0.149,0.392,1.165,0.053,0.0,112400000.0,1.0,207000000.0,206700000,217500000.0,14.408,1077900000.0,0.0,5100000.0,0.0,5.215,270500000.0
70,WDC,MRT,2003-12-31,2003-12-26,2003-12-26,2021-08-27,0.0,1115800000.0,942035000.0,845400000.0,270400000.0,3.116,2.03,-98200000.0,318400000.0,318400000.0,2481900000.0,159300000.0,1.354,1.676,50000000.0,3100000.0,46900000.0,50000000.0,0.0,74100000.0,0.0,0.0,0.0,165600000.0,239700000.0,0.082,239700000.0,165600000.0,165600000.0,0.78,0.75,0.78,416900000.0,341171000.0,416900000.0,2035277000.0,12.0,8.491,79700000.0,0.388,1.0,453200000.0,0.154,32900000.0,0.0,190000000.0,74110000.0,155800000.0,0.0,0.0,0.0,698900000.0,624500000.0,74400000.0,2271077000.0,-8500000.0,-94800000.0,49300000.0,-40200000.0,0.0,3200000.0,-189600000.0,0.0,177900000.0,0.0,159300000.0,159300000.0,159300000.0,0.0,0.0,0.054,291500000.0,161700000.0,471700000.0,0.0,5.448,14.257,14.141,236100000.0,0.0,11.03,0.774,0.772,361300000.0,-260400000.0,2935100000.0,2935100000.0,176100000.0,0.169,0.467,2.235,0.056,0.0,115400000.0,1.0,205900000.0,205400000,217900000.0,14.29,1082900000.0,0.0,6300000.0,0.0,5.272,220900000.0
71,WDC,MRT,2003-09-30,2003-09-26,2003-09-26,2021-08-27,0.0,1001600000.0,864937750.0,750000000.0,251600000.0,3.295,1.687,-69400000.0,285800000.0,285800000.0,2394300000.0,164900000.0,1.285,1.909,50000000.0,0.0,50000000.0,50000000.0,0.0,60200000.0,0.0,0.0,0.0,170900000.0,231100000.0,0.081,231100000.0,170900000.0,170900000.0,0.83,0.79,0.83,344300000.0,289438500.0,344300000.0,2210926035.0,13.0,9.567,126500000.0,0.62,1.0,455500000.0,0.16,0.0,0.0,182100000.0,23152500.0,122900000.0,0.0,0.0,0.0,657300000.0,583700000.0,73600000.0,2604126035.0,41400000.0,-94800000.0,52400000.0,-40200000.0,0.0,6300000.0,-160800000.0,0.0,195900000.0,0.0,164900000.0,164900000.0,164900000.0,0.0,0.0,0.058,289000000.0,166500000.0,402600000.0,0.0,7.564,15.792,15.313,213700000.0,0.0,12.71,0.914,0.91,328700000.0,-329200000.0,2849800000.0,2849800000.0,166500000.0,0.191,0.57,7.381,0.06,0.0,122500000.0,1.0,204887965.0,204100000,215900000.0,13.963,1001600000.0,0.0,6000000.0,0.0,4.907,166300000.0
72,WDC,MRT,2003-06-30,2003-06-27,2003-06-27,2021-08-27,0.0,866200000.0,786634500.0,744100000.0,122100000.0,3.456,1.674,-61900000.0,393200000.0,393200000.0,2275600000.0,182100000.0,1.471,1.646,0.0,0.0,0.0,0.0,0.0,50400000.0,0.0,0.0,0.0,189700000.0,240100000.0,0.088,240100000.0,189700000.0,189700000.0,0.93,0.89,0.93,327400000.0,235326250.0,327400000.0,1768604052.0,9.0,7.366,196000000.0,1.002,1.0,442900000.0,0.163,0.0,0.0,-32700000.0,-26457750.0,97800000.0,0.0,0.0,0.0,538800000.0,505700000.0,33100000.0,2115664052.0,169500000.0,0.0,44300000.0,-68300000.0,0.0,-29900000.0,-58500000.0,0.0,257900000.0,0.0,182100000.0,182100000.0,182100000.0,0.0,0.0,0.067,256100000.0,186800000.0,352300000.0,0.0,6.462,11.618,11.484,122100000.0,0.0,10.68,0.778,0.768,243900000.0,-334200000.0,2718500000.0,2718500000.0,134700000.0,0.231,0.774,-7.17,0.07,0.0,121400000.0,1.0,198095885.0,195600000,205500000.0,13.898,866200000.0,0.0,7600000.0,0.0,4.428,238400000.0
73,WDC,MRT,2003-03-31,2003-03-28,2003-03-28,2021-08-27,3248000.0,784540000.0,729259500.0,666835000.0,117705000.0,3.536,1.406,-51816000.0,347060000.0,347060000.0,2155203000.0,164190000.0,1.388,1.842,0.0,0.0,0.0,0.0,0.0,47776000.0,0.0,0.0,0.0,171014000.0,218790000.0,0.085,218790000.0,171014000.0,171014000.0,0.85,0.8,0.85,276084000.0,179201250.0,276084000.0,1538527749.0,9.0,7.032,192719000.0,0.982,1.0,423717000.0,0.164,0.0,0.0,-42960000.0,-16657750.0,110663000.0,0.0,0.0,0.0,508456000.0,480440000.0,28016000.0,1791915749.0,120495000.0,0.0,22290000.0,-92383000.0,0.0,-70143000.0,-51828000.0,-9912000.0,244535000.0,0.0,164190000.0,164190000.0,164190000.0,3131000.0,0.0,0.064,247964000.0,175753000.0,348332000.0,0.0,6.49,10.914,10.8,117162000.0,0.0,9.18,0.695,0.699,195738000.0,-365215000.0,2578920000.0,2578920000.0,131600000.0,0.225,0.916,-10.266,0.066,0.0,116364000.0,1.0,195197794.0,196300000,207700000.0,13.138,784540000.0,0.0,6824000.0,0.0,3.997,186395000.0
74,WDC,MRT,2002-12-31,2002-12-27,2002-12-27,2021-08-27,1850000.0,807411000.0,692489000.0,693179000.0,114232000.0,3.564,1.084,-49462000.0,326944000.0,326944000.0,2085252000.0,128888000.0,1.221,2.845,73556000.0,73556000.0,0.0,73556000.0,0.0,46691000.0,0.0,0.0,0.0,131788000.0,178479000.0,0.072,178479000.0,131788000.0,131788000.0,0.67,0.64,0.67,209970000.0,132539750.0,209970000.0,1078387152.0,8.0,6.042,148105000.0,0.765,1.0,382735000.0,0.155,0.0,0.0,-13830000.0,14570500.0,105792000.0,0.0,0.0,0.0,597441000.0,567853000.0,29588000.0,1250236152.0,133565000.0,-9000000.0,17464000.0,-25637000.0,0.0,-8223000.0,-48562000.0,0.0,197567000.0,0.0,128888000.0,128888000.0,128888000.0,6024000.0,0.0,0.052,243281000.0,139454000.0,352249000.0,0.0,5.954,9.7,9.642,113369000.0,0.0,6.46,0.507,0.507,246304000.0,-419717000.0,2467987000.0,2467987000.0,128343000.0,0.186,0.972,9.045,0.053,0.0,114938000.0,1.0,193535008.0,193700000,204100000.0,12.741,807411000.0,0.0,2900000.0,0.0,4.168,125326000.0
75,WDC,MRT,2002-09-30,2002-09-27,2002-09-27,2021-08-27,1240000.0,688387000.0,649548500.0,577969000.0,110418000.0,3.53,0.664,-48087000.0,244448000.0,244448000.0,1983964000.0,67082000.0,1.085,4.384,72599000.0,72599000.0,0.0,72599000.0,0.0,46140000.0,0.0,0.0,0.0,67782000.0,113922000.0,0.05,113922000.0,67782000.0,67782000.0,0.36,0.35,0.36,127851000.0,92270750.0,127851000.0,699098396.0,10.0,6.137,67275000.0,0.349,1.0,309193000.0,0.135,0.0,0.0,-16341000.0,44733250.0,91503000.0,0.0,0.0,0.0,560536000.0,532879000.0,27657000.0,836622396.0,43800000.0,0.0,11938000.0,-31900000.0,0.0,-19562000.0,-38187000.0,0.0,115362000.0,0.0,67082000.0,67082000.0,67082000.0,8875000.0,0.0,0.029,232987000.0,76206000.0,344389000.0,0.0,6.544,12.472,12.028,109178000.0,0.0,4.33,0.365,0.363,233037000.0,-494077000.0,2293157000.0,2293157000.0,123155000.0,0.103,0.727,1.515,0.03,0.0,109832000.0,1.0,193215334.0,192500000,196800000.0,11.913,688387000.0,0.0,700000.0,0.0,3.576,45090000.0
76,WDC,MRT,2002-06-30,2002-06-28,2002-06-28,2021-08-27,2600000.0,636700000.0,632313000.0,529200000.0,107500000.0,3.402,0.544,-47700000.0,223700000.0,223700000.0,1869600000.0,65400000.0,1.074,5.188,86200000.0,86200000.0,0.0,86200000.0,0.0,45800000.0,0.0,0.0,0.0,64300000.0,110100000.0,0.051,110100000.0,64300000.0,64300000.0,0.35,0.34,0.35,102900000.0,67221750.0,102900000.0,487316351.0,8.0,4.426,35100000.0,0.186,1.0,281600000.0,0.131,0.0,0.0,6500000.0,74464000.0,73400000.0,0.0,0.0,0.0,533800000.0,492700000.0,41100000.0,624286351.0,56100000.0,0.0,10100000.0,-17600000.0,0.0,-7100000.0,-37800000.0,0.0,82800000.0,0.0,65400000.0,65400000.0,65400000.0,-12200000.0,0.0,0.03,230900000.0,50700000.0,303000000.0,0.0,6.067,9.546,9.286,107500000.0,0.0,3.25,0.29,0.286,218800000.0,-516300000.0,2151200000.0,2151200000.0,120100000.0,0.103,0.973,0.864,0.03,0.0,110800000.0,1.0,192088108.0,189000000,193700000.0,11.382,636700000.0,0.0,-1100000.0,0.0,3.369,36500000.0
77,WDC,MRT,2002-03-31,2002-03-29,2002-03-29,2021-08-27,4094000.0,637458000.0,600051000.0,524561000.0,112897000.0,3.443,0.471,-50291000.0,226487000.0,226487000.0,1807710000.0,-8903000.0,1.253,6.127,89517000.0,0.0,89517000.0,89517000.0,0.0,46693000.0,0.0,0.0,0.0,-10176000.0,36517000.0,0.018,36517000.0,-10176000.0,-10527000.0,-0.06,-0.06,-0.06,89438000.0,43197500.0,89438000.0,1089281909.0,-107.0,29.829,22396000.0,0.118,1.0,258511000.0,0.125,0.0,351000.0,81953000.0,100892750.0,94513000.0,0.0,0.0,0.0,548020000.0,418535000.0,129485000.0,1180194909.0,65657000.0,0.0,53736000.0,-18217000.0,0.0,29542000.0,-40358000.0,9933000.0,72687000.0,0.0,-8903000.0,-8903000.0,-8903000.0,4841000.0,0.0,-0.004,213960000.0,44551000.0,316932000.0,0.0,13.196,-132.561,-103.833,110742000.0,0.0,6.23,0.571,0.573,186173000.0,-529410000.0,2066221000.0,2066221000.0,105197000.0,-0.015,-0.206,-0.101,-0.005,0.0,108763000.0,1.0,189437385.0,190091000,198355000.0,10.87,637458000.0,0.0,-1624000.0,0.0,3.353,106026000.0
78,WDC,MRT,2001-12-31,2001-12-28,2001-12-28,2021-08-27,2179000.0,635649000.0,576971750.0,518745000.0,116904000.0,3.437,0.261,-49889000.0,193317000.0,193317000.0,1742289000.0,-33849000.0,1.185,12.001,102404000.0,0.0,102404000.0,102404000.0,0.0,47820000.0,0.0,0.0,0.0,-33498000.0,14322000.0,0.007,14322000.0,-33498000.0,-33849000.0,-0.19,-0.19,-0.19,48894000.0,25372000.0,48894000.0,1128738438.0,-34.0,78.812,-30740000.0,-0.164,1.0,240788000.0,0.121,0.0,351000.0,106821000.0,113665250.0,96441000.0,0.0,0.0,0.0,586755000.0,437915000.0,148840000.0,1215346438.0,13973000.0,9000000.0,47562000.0,-11263000.0,0.0,33227000.0,-40868000.0,21000.0,19149000.0,0.0,-33849000.0,-33849000.0,-33849000.0,9104000.0,0.0,-0.017,216053000.0,24735000.0,323330000.0,0.0,24.857,-35.905,-34.211,111467000.0,0.0,6.5,0.613,0.615,222822000.0,-548608000.0,1983077000.0,1983077000.0,105839000.0,-0.059,-1.334,-0.295,-0.017,0.0,110214000.0,1.0,186976375.0,187691000,191624000.0,10.566,635649000.0,0.0,0.0,0.0,3.387,80830000.0
79,WDC,MRT,2001-09-30,2001-09-28,2001-09-28,2021-08-27,1581000.0,619445000.0,565793750.0,500117000.0,119328000.0,3.482,0.148,-52172000.0,200582000.0,200582000.0,1732206000.0,-42856000.0,1.162,21.399,113974000.0,0.0,113974000.0,113974000.0,0.0,49446000.0,0.0,0.0,0.0,-42505000.0,6941000.0,0.004,6941000.0,-42505000.0,-42856000.0,-0.24,-0.24,-0.24,27655000.0,17070000.0,27655000.0,350484456.0,-8.0,50.495,-41765000.0,-0.224,1.0,237771000.0,0.121,0.0,351000.0,102582000.0,116066750.0,76343000.0,0.0,0.0,0.0,591790000.0,430255000.0,161535000.0,405575456.0,33672000.0,0.0,77081000.0,0.0,0.0,74111000.0,-52151000.0,21000.0,10407000.0,0.0,-42856000.0,-42856000.0,-42856000.0,16080000.0,0.0,-0.022,223889000.0,13882000.0,319015000.0,0.0,14.666,-9.464,-9.042,107759000.0,0.0,2.17,0.206,0.206,212085000.0,-561202000.0,1969977000.0,1969977000.0,110244000.0,-0.076,-2.511,-0.366,-0.022,0.0,113645000.0,1.0,186901132.0,186635000,186635000.0,10.555,619445000.0,0.0,0.0,0.0,3.319,69862000.0
80,WDC,MRT,2001-06-30,2001-06-29,2001-06-29,2021-08-27,3112000.0,507652000.0,551614250.0,385709000.0,121943000.0,3.541,0.04,-50700000.0,167582000.0,167582000.0,1745700000.0,-98900000.0,1.133,73.622,112491000.0,0.0,112491000.0,112491000.0,0.0,51900000.0,0.0,0.0,0.0,-98900000.0,-47000000.0,-0.024,-47000000.0,-98900000.0,-98900000.0,-0.59,-0.59,-0.59,6803000.0,-3141750.0,6803000.0,651781994.0,-7.0,-13.868,-109500000.0,-0.649,1.0,207700000.0,0.106,0.0,0.0,112215000.0,138764000.0,78905000.0,0.0,0.0,0.0,500849000.0,340346000.0,160503000.0,700039994.0,-16400000.0,0.0,117600000.0,0.0,0.0,117600000.0,-35700000.0,15000000.0,-58800000.0,0.0,-98900000.0,-98900000.0,-98900000.0,45200000.0,0.0,-0.051,229200000.0,-21500000.0,224544000.0,0.0,102.902,-7.078,-6.695,106166000.0,0.0,3.95,0.358,0.341,127767000.0,-581720000.0,1953400000.0,1953400000.0,113400000.0,-0.179,31.479,-0.713,-0.051,0.0,115800000.0,1.0,177225315.0,168700000,168700000.0,11.579,507652000.0,0.0,0.0,0.0,3.009,45363000.0
81,WDC,MRT,2001-03-31,2001-03-30,2001-03-30,2021-08-27,-9447000.0,545141000.0,577939250.0,397276000.0,147865000.0,3.411,0.103,-44234000.0,160869000.0,160869000.0,1771246000.0,-33522000.0,1.092,29.059,112611000.0,0.0,112611000.0,112611000.0,0.0,52865000.0,0.0,0.0,0.0,-58351000.0,-5486000.0,-0.003,-5486000.0,-58351000.0,-53022000.0,-0.01,-0.01,-0.01,18136000.0,-32301000.0,18136000.0,764538737.0,-13.0,-139.362,-109493000.0,-0.621,1.0,199894000.0,0.101,0.0,-5329000.0,133043000.0,163702000.0,65258000.0,0.0,0.0,0.0,527005000.0,363840000.0,163165000.0,830718737.0,-41218000.0,0.0,90676000.0,5000000.0,0.0,112818000.0,-39922000.0,2112000.0,-65259000.0,0.0,-33522000.0,-33522000.0,-33522000.0,50441000.0,0.0,-0.017,222162000.0,-22268000.0,234851000.0,0.0,45.805,-24.781,-476.0,106795000.0,0.0,4.76,0.421,0.426,153095000.0,-517636000.0,1971140000.0,1971140000.0,120365000.0,-0.058,1.038,-0.356,-0.03,0.0,101797000.0,1.0,174520743.0,176250000,177618000.0,11.184,545141000.0,0.0,-19500000.0,0.0,3.093,33436000.0
82,WDC,MRT,2000-12-31,2000-12-29,2000-12-29,2021-08-27,-10032000.0,590937000.0,614202750.0,441867000.0,149070000.0,3.217,0.092,-4711000.0,179383000.0,179383000.0,1827821000.0,-98443000.0,1.082,36.673,113203000.0,0.0,113203000.0,113203000.0,0.0,57749000.0,0.0,0.0,0.0,-123272000.0,-65523000.0,-0.033,-65523000.0,-123272000.0,-117943000.0,-0.51,-0.51,-0.51,15686000.0,-64035750.0,15686000.0,429294767.0,-3.0,-6.552,-87609000.0,-0.512,1.0,148183000.0,0.075,0.0,-5329000.0,116427000.0,164975250.0,78177000.0,0.0,0.0,0.0,575251000.0,408330000.0,166921000.0,417731767.0,15708000.0,0.0,134938000.0,-11625000.0,0.0,141391000.0,-399000.0,2112000.0,-82898000.0,0.0,-98443000.0,-98443000.0,-98443000.0,43285000.0,0.0,-0.05,255594000.0,-107411000.0,263001000.0,0.0,26.631,-4.243,-4.78,104734000.0,0.0,2.438,0.211,0.211,173966000.0,-514589000.0,1976004000.0,1976004000.0,122050000.0,-0.16,1.537,-0.747,-0.062,0.0,105542000.0,1.0,171341988.0,171175000,173171000.0,11.544,590937000.0,0.0,-19500000.0,0.0,3.452,33537000.0
83,WDC,MRT,2000-09-30,2000-09-29,2000-09-29,2021-08-27,8915000.0,562727000.0,657649500.0,398861000.0,163866000.0,3.003,-0.359,16280000.0,166949000.0,166949000.0,1873724000.0,-117227000.0,1.047,-11.579,178512000.0,0.0,178512000.0,178512000.0,0.0,67307000.0,0.0,0.0,0.0,-142056000.0,-74749000.0,-0.038,-74749000.0,-142056000.0,-136727000.0,-0.66,-0.66,-0.66,-53192000.0,-89974250.0,-53192000.0,908342595.0,-6.0,-12.152,-78435000.0,-0.53,1.0,100884000.0,0.051,0.0,-5329000.0,193371000.0,189368750.0,60027000.0,0.0,0.0,0.0,615919000.0,380919000.0,235000000.0,866867595.0,-18105000.0,0.0,121719000.0,-47500000.0,0.0,91748000.0,19492000.0,2112000.0,-94715000.0,0.0,-117227000.0,-117227000.0,-117227000.0,33458000.0,0.0,-0.059,298740000.0,-197856000.0,236471000.0,0.0,-16.297,-7.395,-8.902,100102000.0,0.0,5.875,0.439,0.44,146318000.0,-516377000.0,1974608000.0,1974608000.0,132516000.0,-0.178,1.303,-0.75,-0.072,0.0,112687000.0,1.0,147551931.0,148044000,148044000.0,13.338,562727000.0,0.0,-19500000.0,0.0,3.801,17942000.0
84,WDC,MRT,2000-06-30,2000-06-30,2000-06-30,2021-08-27,1367000.0,612952000.0,724520750.0,449365000.0,163587000.0,2.701,-0.896,45314000.0,184021000.0,184021000.0,1947594000.0,-188016000.0,1.016,-6.581,225496000.0,0.0,225496000.0,225496000.0,0.0,78283000.0,0.0,0.0,0.0,-207516000.0,-129233000.0,-0.066,-129233000.0,-207516000.0,-207516000.0,-1.53,-1.53,-1.53,-109834000.0,-109350500.0,-109834000.0,717175555.0,-3.0,-5.549,-81407000.0,-0.664,1.0,9605000.0,0.005,0.0,0.0,211967000.0,224763250.0,83709000.0,0.0,0.0,0.0,722786000.0,442460000.0,280326000.0,696700555.0,-42126000.0,0.0,111803000.0,-50000000.0,0.0,77986000.0,32447000.0,-12867000.0,-126721000.0,0.0,-188016000.0,-188016000.0,-188016000.0,25413000.0,0.0,-0.096,363481000.0,-353876000.0,264476000.0,0.0,-6.343,-3.706,-3.268,98360000.0,0.0,5.0,0.356,0.313,148916000.0,-482857000.0,1957199000.0,1957199000.0,150658000.0,-0.26,1.719,-0.923,-0.106,0.0,126986000.0,1.0,139340111.0,122624000,122624000.0,15.961,612952000.0,0.0,-19500000.0,0.0,4.999,6905000.0
85,WDC,MRT,2000-03-31,2000-03-31,2000-03-31,2021-08-27,25287000.0,690195000.0,826883250.0,533818000.0,156377000.0,2.652,-0.813,31018000.0,202087000.0,202087000.0,2205664000.0,-293667000.0,1.017,-7.344,222562000.0,0.0,222562000.0,222562000.0,0.0,94174000.0,0.0,0.0,0.0,-294229000.0,-200055000.0,-0.091,-200055000.0,-294229000.0,-293667000.0,-2.88,-2.88,-2.88,-108803000.0,-120339500.0,-108803000.0,1032704709.0,-4.0,-5.162,-131271000.0,-0.98,1.0,-12644000.0,-0.006,47491000.0,-562000.0,138136000.0,358344250.0,98208000.0,0.0,0.0,0.0,798998000.0,525043000.0,273955000.0,960088709.0,-95008000.0,0.0,78593000.0,-52925000.0,0.0,49409000.0,28818000.0,0.0,-162289000.0,0.0,-293667000.0,-293667000.0,-293667000.0,20200000.0,0.0,-0.134,427095000.0,-439739000.0,290330000.0,0.0,-8.824,-3.269,-2.583,108886000.0,0.0,7.438,0.438,0.454,177455000.0,-487022000.0,2193020000.0,2193020000.0,161399000.0,-0.355,2.44,-0.821,-0.134,0.0,159859000.0,1.0,129078880.0,133903000,133903000.0,16.378,642704000.0,0.0,0.0,0.0,4.8,8775000.0
86,WDC,MRT,1999-12-31,1999-12-31,1999-12-31,2021-08-27,23461000.0,764724000.0,943940000.0,559234000.0,205490000.0,2.484,-0.727,-23127000.0,163675000.0,163675000.0,2329253000.0,-337291000.0,0.973,-9.683,236291000.0,0.0,236291000.0,236291000.0,0.0,111002000.0,0.0,0.0,0.0,-337853000.0,-226851000.0,-0.097,-226851000.0,-337853000.0,-337291000.0,-3.62,-3.62,-3.62,-88068000.0,-105719000.0,-88068000.0,666721977.0,-2.0,-2.939,-204794000.0,-1.691,1.0,15636000.0,0.007,48599000.0,-562000.0,214001000.0,500196000.0,101728000.0,0.0,0.0,0.0,852792000.0,574740000.0,278052000.0,470410977.0,-189985000.0,0.0,42855000.0,-36300000.0,0.0,26455000.0,-23827000.0,1500000.0,-181667000.0,0.0,-337291000.0,-337291000.0,-337291000.0,20200000.0,0.0,-0.144,481262000.0,-465626000.0,283545000.0,0.0,-5.341,-1.395,-1.157,156891000.0,0.0,4.188,0.201,0.216,198360000.0,-416353000.0,2344889000.0,2344889000.0,190328000.0,-0.357,3.19,-0.675,-0.144,0.0,172099000.0,1.0,112323538.0,121128000,121128000.0,19.359,716125000.0,0.0,0.0,41761000.0,5.912,-15506000.0
87,WDC,MRT,1999-09-30,1999-10-02,1999-10-02,2021-08-27,21923000.0,830212000.0,1076889500.0,525725000.0,304487000.0,2.343,-1.363,-51871000.0,185054000.0,185054000.0,2508744000.0,-404347000.0,0.916,-7.352,381365000.0,10000000.0,371365000.0,381365000.0,0.0,122159000.0,0.0,0.0,0.0,-401671000.0,-279512000.0,-0.111,-279512000.0,-401671000.0,-404347000.0,-4.42,-4.42,-4.42,-130697000.0,-71819250.0,-130697000.0,742248557.0,-2.0,-2.656,-247103000.0,-2.576,1.0,14561000.0,0.006,117506000.0,2676000.0,334949000.0,629550250.0,207741000.0,0.0,0.0,0.0,960909000.0,574068000.0,386841000.0,424251557.0,-219099000.0,0.0,21819000.0,-5425000.0,0.0,40050000.0,-52971000.0,0.0,-195232000.0,0.0,-404347000.0,-404347000.0,-404347000.0,20200000.0,0.0,-0.16,470756000.0,-456195000.0,272949000.0,0.0,-3.246,-1.049,-0.948,186981000.0,0.0,4.188,0.168,0.159,87255000.0,-401156000.0,2523305000.0,2523305000.0,196608000.0,-0.375,5.63,-0.638,-0.159,0.0,180848000.0,1.0,101301709.0,95918000,95918000.0,26.307,712706000.0,0.0,0.0,15476000.0,7.43,-48343000.0
88,WDC,MRT,1999-06-30,1999-07-03,1999-07-03,2021-08-27,-2123000.0,1022402000.0,1213555500.0,725528000.0,296874000.0,2.28,-1.719,-106400000.0,226147000.0,226147000.0,2770054000.0,-492690000.0,1.221,-7.648,544144000.0,10000000.0,534144000.0,544144000.0,0.0,131066000.0,0.0,0.0,0.0,-492690000.0,-361624000.0,-0.131,-361624000.0,-492690000.0,-492690000.0,-5.51,-5.51,-5.51,-153790000.0,-7454500.0,-153790000.0,818206587.0,-2.0,-2.263,-235160000.0,-2.628,1.0,-2848000.0,-0.001,0.0,0.0,746291000.0,733239750.0,144093000.0,0.0,0.0,0.0,1176192000.0,594108000.0,582084000.0,577517587.0,-233683000.0,0.0,0.0,-2925000.0,0.0,12423000.0,-106400000.0,0.0,-128760000.0,0.0,-492690000.0,-492690000.0,-492690000.0,20200000.0,0.0,-0.178,453744000.0,-456592000.0,335907000.0,0.0,-3.755,-1.172,-1.157,237939000.0,0.0,6.375,0.209,0.206,273435000.0,-294841000.0,2767206000.0,2767206000.0,198386000.0,-0.406,66.093,-0.672,-0.178,0.0,194358000.0,1.0,90590994.0,89478000,89478000.0,30.926,1022402000.0,0.0,0.0,0.0,11.426,131420000.0
89,WDC,MRT,1999-03-31,1999-03-27,1999-03-27,2021-08-27,0.0,1158422000.0,1318627000.0,806629000.0,351793000.0,2.054,-0.56,-118711000.0,297095000.0,297095000.0,2773868000.0,-553923000.0,1.234,-24.021,537784000.0,0.0,537784000.0,537784000.0,0.0,134557000.0,0.0,0.0,0.0,-543965000.0,-409408000.0,-0.151,-409408000.0,-543965000.0,-553923000.0,-6.27,-6.22,-6.27,-50321000.0,110432500.0,-50321000.0,942237473.0,-2.0,-2.301,-291061000.0,-3.238,1.0,-65461000.0,-0.024,39685000.0,9958000.0,705543000.0,764139000.0,163413000.0,0.0,0.0,0.0,1208743000.0,653883000.0,554860000.0,764392473.0,-280709000.0,0.0,-21617000.0,-539000.0,0.0,5419000.0,-113778000.0,9758000.0,-172350000.0,0.0,-553923000.0,-553923000.0,-553923000.0,0.0,0.0,-0.205,478073000.0,-543534000.0,349597000.0,0.0,-15.19,-1.38,-1.366,312108000.0,0.0,8.563,0.282,0.284,311462000.0,-193355000.0,2708407000.0,2708407000.0,234993000.0,-0.42,-5.016,-0.712,-0.201,0.0,202080000.0,1.0,89266901.0,89883000,89883000.0,30.133,1118737000.0,0.0,0.0,17076000.0,12.447,152746000.0
90,WDC,MRT,1998-12-31,1998-12-26,1998-12-26,2021-08-27,0.0,1296522000.0,1459869500.0,911569000.0,384953000.0,1.967,0.535,-146947000.0,353660000.0,353660000.0,2940291000.0,-484652000.0,1.301,26.277,531505000.0,0.0,531505000.0,531505000.0,0.0,126452000.0,0.0,0.0,0.0,-487893000.0,-361441000.0,-0.126,-361441000.0,-487893000.0,-498387000.0,-5.51,-5.46,-5.51,47531000.0,244713250.0,47531000.0,1536028951.0,-3.0,-4.25,-248257000.0,-2.793,1.0,-69046000.0,-0.024,42174000.0,10494000.0,731418000.0,818301500.0,160974000.0,0.0,0.0,0.0,1248991000.0,700775000.0,548216000.0,1414874951.0,234321000.0,0.0,-39177000.0,491422000.0,0.0,479820000.0,-144189000.0,8258000.0,-101310000.0,0.0,-484652000.0,-484652000.0,-484652000.0,0.0,0.0,-0.169,422664000.0,-491710000.0,386004000.0,0.0,29.767,-2.919,-2.893,342779000.0,0.0,15.94,0.493,0.493,371960000.0,-79062000.0,2871245000.0,2871245000.0,219243000.0,-0.332,-1.98,-0.596,-0.17,0.0,203421000.0,1.0,88762544.0,88888000,88888000.0,32.302,1254348000.0,0.0,-13735000.0,16711000.0,14.112,210794000.0
91,WDC,MRT,1998-09-30,1998-09-26,1998-09-26,2021-08-27,0.0,1376876000.0,1453598000.0,985523000.0,391353000.0,2.134,1.432,-171643000.0,404153000.0,404153000.0,3245980000.0,-547582000.0,1.392,9.862,525307000.0,0.0,525307000.0,525307000.0,0.0,118187000.0,0.0,0.0,0.0,-556076000.0,-437889000.0,-0.141,-437889000.0,-556076000.0,-561317000.0,-6.24,-6.19,-6.24,126762000.0,368045500.0,126762000.0,1025690147.0,-2.0,-2.342,-261673000.0,-2.955,1.0,-143761000.0,-0.046,40465000.0,5241000.0,749707000.0,741741250.0,167503000.0,0.0,0.0,0.0,1250114000.0,707858000.0,542256000.0,966332147.0,220345000.0,0.0,-47151000.0,491422000.0,0.0,468087000.0,-157712000.0,9758000.0,-90030000.0,0.0,-547582000.0,-547582000.0,-547582000.0,0.0,0.0,-0.177,416132000.0,-559893000.0,403336000.0,0.0,7.623,-1.765,-1.753,350888000.0,0.0,10.94,0.311,0.312,378295000.0,3191000.0,3102219000.0,3102219000.0,213352000.0,-0.377,-1.488,-0.75,-0.179,0.0,202780000.0,1.0,88330178.0,88545000,88545000.0,35.036,1336411000.0,0.0,-13735000.0,16949000.0,15.093,277665000.0
92,WDC,MRT,1998-06-30,1998-06-27,1998-06-27,2021-08-27,0.0,1442688000.0,1374905000.0,1052122000.0,390566000.0,2.576,3.63,-198641000.0,459830000.0,459830000.0,3441475000.0,-290217000.0,1.788,3.54,519188000.0,0.0,519188000.0,519188000.0,0.0,106550000.0,0.0,0.0,0.0,-292008000.0,-185458000.0,-0.052,-185458000.0,-292008000.0,-292008000.0,-3.32,-3.32,-3.32,317758000.0,468872500.0,317758000.0,927309576.0,-3.0,-5.0,-237614000.0,-2.715,1.0,100050000.0,0.028,43579000.0,0.0,869888000.0,636848500.0,186516000.0,0.0,0.0,0.0,1124930000.0,588579000.0,536351000.0,991964576.0,251554000.0,0.0,-35828000.0,491422000.0,0.0,479410000.0,-188883000.0,9758000.0,-38973000.0,0.0,-290217000.0,-290217000.0,-290217000.0,0.0,0.0,-0.082,395875000.0,-295825000.0,330130000.0,0.0,3.122,-3.418,-3.389,346987000.0,0.0,11.25,0.28,0.278,369013000.0,197849000.0,3541525000.0,3541525000.0,203733000.0,-0.211,-0.619,-0.459,-0.082,0.0,192142000.0,1.0,88174629.0,87525000,87525000.0,40.463,1399109000.0,0.0,-1791000.0,17163000.0,15.985,463543000.0
93,WDC,MRT,1998-03-31,1998-03-28,1998-03-28,2021-08-27,0.0,1723392000.0,,1328298000.0,395094000.0,,5.544,-218291000.0,577804000.0,577804000.0,,,1.928,2.54,513149000.0,0.0,513149000.0,513149000.0,0.0,90951000.0,0.0,0.0,0.0,,,,,,,,,,486802000.0,,486802000.0,1438172001.0,,,-121936000.0,-1.389,1.0,,,47712000.0,,922193000.0,,217205000.0,0.0,0.0,0.0,1236590000.0,688832000.0,547758000.0,1557511001.0,350300000.0,0.0,-48052000.0,491961000.0,0.0,466679000.0,-212734000.0,0.0,96355000.0,0.0,,,,,,,,,430003000.0,,3.199,,,347382000.0,,17.81,,,475302000.0,360568000.0,,,,,,,,0.0,,1.0,87451488.0,87812000,,,1675680000.0,0.0,,34609000.0,19.083,639466000.0
94,WDC,MRT,1997-12-31,1997-12-27,1997-12-27,2021-08-27,0.0,1271436000.0,,923709000.0,347727000.0,,6.194,-198183000.0,119339000.0,119339000.0,,,1.327,1.351,0.0,0.0,0.0,0.0,0.0,82547000.0,0.0,0.0,0.0,,,,,,,,,,540860000.0,,540860000.0,,,,-89592000.0,-1.026,1.0,,,30886000.0,,425177000.0,,285404000.0,0.0,0.0,0.0,730576000.0,696034000.0,34542000.0,1279415269.0,-154630000.0,0.0,-86636000.0,0.0,0.0,-58448000.0,-204773000.0,0.0,108591000.0,0.0,,,,,,,,,394515000.0,,2.366,,,316841000.0,,14.63,,,480368000.0,405590000.0,,,,,,,,0.0,,1.0,87451488.0,87319000,,,1240550000.0,0.0,,34542000.0,14.207,227675000.0
95,WDC,MRT,1997-09-30,1997-09-27,1997-09-27,2021-08-27,,,,,,,,,,,,,,,,,,,,,,0.0,0.0,,,,,,,,,,,,,,,,,,1.0,,,,,,,,,,,,,,,,,,,,,,,,,,,,,,,,,,,,,,,,48.5,,,,,,,,,,,,,,1.0,,86742000,,,,,,,,
96,WDC,MRT,1997-06-30,1997-06-28,1997-06-28,2021-08-27,0.0,1307122000.0,,1017895000.0,289227000.0,,7.105,-155958000.0,208276000.0,208276000.0,3527574000.0,267596000.0,1.557,1.108,0.0,0.0,0.0,0.0,0.0,63485000.0,0.0,0.0,0.0,301596000.0,365081000.0,0.087,365081000.0,301596000.0,314819000.0,3.07,2.86,3.07,619987000.0,,619987000.0,,,,98201000.0,1.125,1.0,650283000.0,0.156,41332000.0,-13223000.0,403809000.0,,224474000.0,0.0,0.0,0.0,687135000.0,653705000.0,33430000.0,,25711000.0,0.0,-135447000.0,0.0,0.0,-101501000.0,-126947000.0,36598000.0,254159000.0,0.0,267596000.0,267596000.0,267596000.0,0.0,0.0,0.064,348687000.0,301596000.0,417984000.0,0.0,,,10.342,247895000.0,0.0,31.75,,0.663,545552000.0,488066000.0,4177857000.0,4177857000.0,150157000.0,,,,0.072,0.0,198530000.0,1.0,,87261000,93522000.0,47.878,1265790000.0,0.0,47223000.0,33430000.0,14.506,364190000.0
97,WDC,MRT,1997-03-31,1997-03-29,1997-03-29,2021-08-27,,,,,,,,,,,,,,,,,,,,,,0.0,0.0,,,,,,,,,,,,,,,,,,1.0,,,,,,,,,,,,,,,,,,,,,,,,,,,,,,,,,,,,,,,,30.375,,,,,,,,,,,,,,1.0,,87212000,,,,,,,,
98,WDC,MRT,1996-12-31,1996-12-28,1996-12-28,2021-08-27,,,,,,,,,,,,,,,,,,,,,,0.0,0.0,,,,,,,,,,,,,,,,,,1.0,,,,,,,,,,,,,,,,,,,,,,,,,,,,,,,,,,,,,,,,28.56,,,,,,,,,,,,,,1.0,,87950000,,,,,,,,
99,WDC,MRT,1996-06-30,1996-06-29,1996-06-29,2021-08-27,,,,,,,,-108696000.0,,,2483155000.0,96894000.0,,,,,,,,51643000.0,,0.0,0.0,107864000.0,159507000.0,0.056,159507000.0,107864000.0,107864000.0,1.05,1.01,1.05,,,,,,,-50415000.0,-0.545,1.0,382064000.0,0.133,,0.0,,,,,,,,,,,-34966000.0,85486000.0,-123737000.0,0.0,0.0,-116428000.0,23181000.0,53579000.0,58281000.0,0.0,96894000.0,96894000.0,96894000.0,0.0,0.0,0.034,304609000.0,77455000.0,,0.0,,,11.607,,0.0,12.188,,0.394,,,2865219000.0,2865219000.0,150112000.0,,,,0.038,0.0,154497000.0,1.0,,92559000,96248000.0,30.956,,,10970000.0,,,
