None,ticker,dimension,calendardate,datekey,reportperiod,lastupdated,accoci,assets,assetsavg,assetsc,assetsnc,assetturnover,bvps,capex,cashneq,cashnequsd,cor,consolinc,currentratio,de,debt,debtc,debtnc,debtusd,deferredrev,depamor,deposits,divyield,dps,ebit,ebitda,ebitdamargin,ebitdausd,ebitusd,ebt,eps,epsdil,epsusd,equity,equityavg,equityusd,ev,evebit,evebitda,fcf,fcfps,fxusd,gp,grossmargin,intangibles,intexp,invcap,invcapavg,inventory,investments,investmentsc,investmentsnc,liabilities,liabilitiesc,liabilitiesnc,marketcap,ncf,ncfbus,ncfcommon,ncfdebt,ncfdiv,ncff,ncfi,ncfinv,ncfo,ncfx,netinc,netinccmn,netinccmnusd,netincdis,netincnci,netmargin,opex,opinc,payables,payoutratio,pb,pe,pe1,ppnenet,prefdivis,price,ps,ps1,receivables,retearn,revenue,revenueusd,rnd,roa,roe,roic,ros,sbcomp,sgna,sharefactor,sharesbas,shareswa,shareswadil,sps,tangibles,taxassets,taxexp,taxliabilities,tbvps,workingcapital
0,CMVT,MRY,2011-12-31,2012-01-31,2012-01-31,2021-08-25,-8805000.0,2657013000.0,2694992500.0,1066802000.0,1590211000.0,0.592,2.12,-22436000.0,335308000.0,335308000.0,745164000.0,-31019000.0,1.091,4.766,599574000.0,8423000.0,591151000.0,599574000.0,182759000.0,0.0,0.0,0.0,0.0,17557000.0,17557000.0,0.011,17557000.0,17557000.0,-15775000.0,-0.28,-0.28,-0.28,441508000.0,375424250.0,441508000.0,1437744784.0,82.0,81.89,-56720000.0,-0.272,1.0,849233000.0,0.533,1078385000.0,33332000.0,865125000.0,554348000.0,14414000.0,272000.0,272000.0,0.0,2104261000.0,977769000.0,1126492000.0,1318062784.0,-65753000.0,-109780000.0,10060000.0,-11720000.0,0.0,-6367000.0,-26990000.0,104889000.0,-34284000.0,1888000.0,-58726000.0,-58726000.0,-58726000.0,0.0,27707000.0,-0.037,822198000.0,27035000.0,188744000.0,0.0,2.985,-22.444,-22.5,29853000.0,0.0,6.3,0.827,0.823,154764000.0,-1762518000.0,1594397000.0,1594397000.0,213712000.0,-0.022,-0.156,0.032,0.011,0.0,582878000.0,1.0,209216315.0,208301686.0,208301686.0,7.654,1578628000.0,22914000.0,42951000.0,44081000.0,7.579,89033000.0
1,CMVT,MRY,2010-12-31,2011-01-31,2011-01-31,2021-08-25,14919000.0,2813922000.0,2839163500.0,1296062000.0,1517860000.0,0.572,2.013,-22869000.0,654507000.0,654507000.0,718513000.0,-118502000.0,1.088,5.637,591429000.0,8195000.0,583234000.0,591429000.0,830807000.0,0.0,0.0,0.0,0.0,-64277000.0,-64277000.0,-0.04,-64277000.0,-64277000.0,-95090000.0,-0.64,-0.65,-0.64,413008000.0,355511000.0,413008000.0,1318705964.0,-21.0,-20.516,-150151000.0,-0.732,1.0,904914000.0,0.557,1163684000.0,30813000.0,395575000.0,562919750.0,66612000.0,72441000.0,72441000.0,0.0,2328035000.0,1191585000.0,1136450000.0,1340454964.0,6518000.0,55617000.0,-1906000.0,-36202000.0,0.0,-24310000.0,155378000.0,64222000.0,-127282000.0,2732000.0,-132322000.0,-132322000.0,-132322000.0,11039000.0,13820000.0,-0.082,954829000.0,-49915000.0,401940000.0,0.0,3.246,-10.13,-10.25,66843000.0,0.0,6.56,0.826,0.829,319628000.0,-1707638000.0,1623427000.0,1623427000.0,253089000.0,-0.047,-0.372,-0.114,-0.04,0.0,689306000.0,1.0,204337647.0,205162720.0,205162720.0,7.913,1650238000.0,60410000.0,37232000.0,78100000.0,8.044,104477000.0
2,CMVT,MRY,2009-12-31,2010-01-31,2010-01-31,2021-08-25,19257000.0,3101211000.0,3424739500.0,1397841000.0,1703370000.0,0.448,2.066,-26159000.0,631666000.0,631666000.0,719199000.0,-264252000.0,1.121,6.134,623107000.0,22678000.0,600429000.0,623107000.0,987900000.0,0.0,0.0,0.0,0.0,-253679000.0,-253679000.0,-0.165,-253679000.0,-253679000.0,-279060000.0,-1.33,-1.33,-1.33,422486000.0,537872000.0,422486000.0,1780884085.0,-7.0,-7.02,-126879000.0,-0.62,1.0,814738000.0,0.531,1185148000.0,25381000.0,660375000.0,832861500.0,81004000.0,114650000.0,35846000.0,78804000.0,2591489000.0,1247129000.0,1344360000.0,1921066085.0,-504055000.0,-96000.0,-359000.0,-423522000.0,0.0,-491935000.0,80681000.0,116432000.0,-100720000.0,7919000.0,-272035000.0,-272035000.0,-272035000.0,43062000.0,7783000.0,-0.177,1007839000.0,-193101000.0,450680000.0,0.0,4.547,-7.062,-7.15,99541000.0,0.0,9.51,1.252,1.268,310490000.0,-1575316000.0,1533937000.0,1533937000.0,267211000.0,-0.079,-0.506,-0.305,-0.165,0.0,721731000.0,1.0,202004846.0,204513420.0,204513420.0,7.5,1916063000.0,66051000.0,-7025000.0,53987000.0,9.369,150712000.0
3,CMVT,MRY,2008-12-31,2009-01-31,2009-01-31,2021-08-25,-7936000.0,3748268000.0,3958878000.0,1946403000.0,1801865000.0,0.411,3.2,-38972000.0,1107256000.0,1107256000.0,772760000.0,-358788000.0,1.333,4.57,1044477000.0,423565000.0,620912000.0,1044477000.0,988572000.0,0.0,0.0,0.0,0.0,-230579000.0,-230579000.0,-0.142,-230579000.0,-230579000.0,-276405000.0,-1.59,-1.59,-1.59,653258000.0,816741000.0,653258000.0,1136488627.0,-5.0,-4.929,-9287000.0,-0.045,1.0,855867000.0,0.526,1219690000.0,45826000.0,1005348000.0,1013519000.0,85492000.0,343520000.0,223255000.0,120265000.0,2985081000.0,1460451000.0,1524630000.0,1276670627.0,-160263000.0,-11090000.0,-386000.0,11964000.0,0.0,11608000.0,-187990000.0,-57258000.0,29685000.0,-13566000.0,-325252000.0,-325252000.0,-325252000.0,7371000.0,-33536000.0,-0.2,1049672000.0,-193805000.0,443192000.0,0.0,1.954,-3.925,-3.975,120385000.0,0.0,6.32,0.784,0.792,316335000.0,-1303281000.0,1628627000.0,1628627000.0,329148000.0,-0.082,-0.398,-0.228,-0.142,0.0,657680000.0,1.0,202004846.0,204171793.0,204171793.0,7.977,2528578000.0,61650000.0,48847000.0,74245000.0,12.385,485952000.0
4,CMVT,MRY,2007-12-31,2008-01-31,2008-01-31,2021-08-25,21227000.0,4169488000.0,3947889000.0,2205229000.0,1964259000.0,0.437,4.819,-46080000.0,1242802000.0,1242802000.0,835824000.0,-471999000.0,1.432,3.112,1031751000.0,421751000.0,610000000.0,1031751000.0,958691000.0,0.0,0.0,0.0,0.0,-314589000.0,-314589000.0,-0.183,-314589000.0,-314589000.0,-376492000.0,-1.91,-1.91,-1.91,980224000.0,1236828500.0,980224000.0,3162597232.0,-10.0,-10.053,40314000.0,0.198,1.0,887727000.0,0.515,1396630000.0,61903000.0,1021690000.0,1123203500.0,77816000.0,296286000.0,235498000.0,60788000.0,3050625000.0,1540117000.0,1510508000.0,3302779232.0,322862000.0,-958320000.0,-833000.0,588122000.0,0.0,591439000.0,-372101000.0,630568000.0,86394000.0,17130000.0,-389242000.0,-389242000.0,-389242000.0,0.0,-82757000.0,-0.226,1309542000.0,-421815000.0,516930000.0,0.0,3.369,-8.485,-8.56,145088000.0,0.0,16.35,1.916,1.929,381217000.0,-937454000.0,1723551000.0,1723551000.0,376920000.0,-0.099,-0.315,-0.28,-0.183,0.0,737763000.0,1.0,202004846.0,203393994.0,203393994.0,8.474,2772858000.0,107058000.0,12750000.0,70258000.0,13.633,665112000.0
5,CMVT,MRY,2006-12-31,2007-01-31,2007-01-31,2021-08-25,7246000.0,3726290000.0,3697973000.0,2520305000.0,1205985000.0,0.387,7.353,-56717000.0,921347000.0,921347000.0,722677000.0,-313858000.0,1.83,1.369,426793000.0,419943000.0,6850000.0,426793000.0,804153000.0,0.0,0.0,0.0,0.0,-265774000.0,-265774000.0,-0.186,-265774000.0,-265774000.0,-267546000.0,-1.55,-1.55,-1.55,1493433000.0,1600802500.0,1493433000.0,3796892449.0,-14.0,-14.286,-25311000.0,-0.125,1.0,709274000.0,0.495,629481000.0,1772000.0,1224717000.0,1647526000.0,84099000.0,963339000.0,963339000.0,0.0,2044184000.0,1377538000.0,666646000.0,3937074449.0,216710000.0,-215209000.0,0.0,-3536000.0,0.0,9292000.0,170897000.0,441950000.0,31406000.0,5115000.0,-313858000.0,-313858000.0,-313858000.0,0.0,0.0,-0.219,1099069000.0,-389795000.0,433960000.0,0.0,2.636,-12.544,-12.574,151720000.0,0.0,19.49,2.749,2.764,272914000.0,-489869000.0,1431951000.0,1431951000.0,351735000.0,-0.085,-0.196,-0.161,-0.186,0.0,572138000.0,1.0,202004846.0,203093447.0,203093447.0,7.051,3096809000.0,195060000.0,46312000.0,37456000.0,15.248,1142767000.0
6,CMVT,MRY,2005-12-31,2006-01-31,2006-01-31,2021-08-25,14144000.0,3669656000.0,3212054250.0,2662443000.0,1007213000.0,0.36,8.53,-40577000.0,706503000.0,706503000.0,509554000.0,82400000.0,2.899,1.041,429943000.0,3182000.0,426761000.0,429943000.0,837140000.0,0.0,0.0,0.0,0.0,148639000.0,148639000.0,0.129,148639000.0,148639000.0,143718000.0,0.41,0.38,0.41,1708172000.0,1843380000.0,1708172000.0,5392730732.0,36.0,36.281,150907000.0,0.754,1.0,645452000.0,0.559,404400000.0,4921000.0,2070335000.0,2306511500.0,69329000.0,1303403000.0,1303403000.0,0.0,1777514000.0,918361000.0,859153000.0,5532912732.0,8131000.0,-305852000.0,0.0,-88083000.0,0.0,-32192000.0,-149275000.0,200500000.0,191484000.0,-1886000.0,82400000.0,82400000.0,82400000.0,0.0,0.0,0.071,568694000.0,76758000.0,357098000.0,0.0,3.239,67.147,66.805,138314000.0,0.0,27.39,4.79,4.749,275288000.0,-176011000.0,1155006000.0,1155006000.0,244226000.0,0.026,0.045,0.064,0.129,0.0,320309000.0,1.0,202004846.0,200259474.0,214559489.0,5.768,3265256000.0,207258000.0,61318000.0,18025000.0,16.305,1744082000.0
7,CMVT,MRY,2004-12-31,2005-01-31,2005-01-31,2021-08-25,7047000.0,2925286000.0,2828147500.0,2627088000.0,298198000.0,0.339,9.077,-50349000.0,721350000.0,721350000.0,380710000.0,57330000.0,5.588,0.521,507913000.0,87913000.0,420000000.0,507913000.0,0.0,66692000.0,0.0,0.0,0.0,70544000.0,137236000.0,0.143,137236000.0,70544000.0,70544000.0,0.29,0.28,0.29,1794029000.0,1743076250.0,1794029000.0,3154759376.0,45.0,22.988,66679000.0,0.337,1.0,578732000.0,0.603,0.0,0.0,2241694000.0,1436193250.0,107552000.0,1528280000.0,1528280000.0,0.0,935432000.0,470155000.0,465277000.0,4417537376.0,98287000.0,-45634000.0,0.0,-36873000.0,0.0,39123000.0,-57864000.0,38119000.0,117028000.0,0.0,57330000.0,57330000.0,57330000.0,0.0,0.0,0.06,531799000.0,46933000.0,273861000.0,0.0,2.462,77.055,77.069,122174000.0,0.0,22.35,4.604,4.604,199571000.0,497229000.0,959442000.0,959442000.0,241292000.0,0.02,0.033,0.049,0.074,0.0,290445000.0,1.0,197652679.0,197652679.0,,4.854,2925286000.0,0.0,13214000.0,0.0,14.8,2156933000.0
8,CMVT,MRY,2003-12-31,2004-01-31,2004-01-31,2021-08-25,9353000.0,2728042000.0,2590057750.0,2462284000.0,265758000.0,0.296,8.674,-43111000.0,623063000.0,623063000.0,327560000.0,-5386000.0,7.67,0.535,547372000.0,2649000.0,544723000.0,547372000.0,0.0,71771000.0,0.0,0.0,0.0,2820000.0,74591000.0,0.097,74591000.0,2820000.0,2820000.0,-0.03,-0.03,-0.03,1672546000.0,1620967500.0,1672546000.0,2635226743.0,934.0,35.329,85509000.0,0.443,1.0,438332000.0,0.572,0.0,0.0,2331344000.0,1609929000.0,54751000.0,1575436000.0,1575436000.0,0.0,894018000.0,321007000.0,573011000.0,3384108743.0,-62032000.0,-5910000.0,0.0,117512000.0,0.0,310195000.0,-500847000.0,-451826000.0,128620000.0,0.0,-5386000.0,-5386000.0,-5386000.0,0.0,0.0,-0.007,468710000.0,-30378000.0,229296000.0,0.0,2.023,-628.316,-585.0,125023000.0,0.0,17.55,4.419,4.419,158236000.0,439899000.0,765892000.0,765892000.0,216457000.0,-0.002,-0.003,0.002,0.004,0.0,254376000.0,1.0,192826709.0,192826709.0,,3.972,2728042000.0,0.0,8206000.0,0.0,14.148,2141277000.0
9,CMVT,MRY,2002-12-31,2003-01-31,2003-01-31,2021-08-25,6912000.0,2403659000.0,2512008500.0,2126858000.0,276801000.0,0.293,8.255,-47483000.0,1402783000.0,1402783000.0,338121000.0,-129478000.0,5.902,0.497,436883000.0,46045000.0,390838000.0,436883000.0,0.0,67355000.0,0.0,0.0,0.0,-126184000.0,-58829000.0,-0.08,-58829000.0,-126184000.0,-126184000.0,-0.69,-0.69,-0.69,1549692000.0,1593476500.0,1549692000.0,853961141.0,-7.0,-14.516,49363000.0,0.263,1.0,397768000.0,0.541,0.0,0.0,1077408000.0,1256715000.0,40015000.0,406089000.0,406089000.0,0.0,770419000.0,360351000.0,410068000.0,1787218141.0,-431557000.0,-31130000.0,0.0,-169788000.0,0.0,-91783000.0,-436620000.0,-358007000.0,96846000.0,0.0,-129478000.0,-129478000.0,-129478000.0,0.0,0.0,-0.176,580509000.0,-182741000.0,260810000.0,0.0,1.153,-13.803,-13.797,146380000.0,0.0,9.52,2.429,2.429,212953000.0,445285000.0,735889000.0,735889000.0,232593000.0,-0.052,-0.081,-0.1,-0.171,0.0,281202000.0,1.0,187732998.0,187732998.0,,3.92,2403659000.0,0.0,3294000.0,0.0,12.804,1766507000.0
10,CMVT,MRY,2001-12-31,2002-01-31,2002-01-31,2021-08-25,4788000.0,2704163000.0,2697318750.0,2397103000.0,307060000.0,0.471,8.684,-77661000.0,1361862000.0,1361862000.0,525480000.0,54619000.0,6.534,0.635,604696000.0,4696000.0,600000000.0,604696000.0,0.0,63824000.0,0.0,0.0,0.0,65556000.0,129380000.0,0.102,129380000.0,65556000.0,59055000.0,0.3,0.29,0.3,1616408000.0,1563009000.0,1616408000.0,3202034429.0,49.0,24.749,64524000.0,0.347,1.0,744738000.0,0.586,0.0,6501000.0,1580144000.0,1637906000.0,56024000.0,530622000.0,530622000.0,0.0,1026452000.0,366853000.0,659599000.0,3977707429.0,86757000.0,0.0,0.0,42000000.0,0.0,66995000.0,-122423000.0,-44762000.0,142185000.0,0.0,54619000.0,54619000.0,54619000.0,0.0,0.0,0.043,679894000.0,64844000.0,322402000.0,0.0,2.461,72.826,71.233,181761000.0,0.0,21.37,3.132,3.132,371928000.0,574763000.0,1270218000.0,1270218000.0,293296000.0,0.02,0.035,0.04,0.052,0.0,323036000.0,1.0,186135116.0,186135116.0,,6.824,2704163000.0,0.0,4436000.0,0.0,14.528,2030250000.0
11,CMVT,MRY,2000-12-31,2001-01-31,2001-01-31,2021-08-25,7143000.0,2625264000.0,1902458500.0,2275685000.0,349579000.0,0.644,7.447,-112826000.0,1275105000.0,1275105000.0,482658000.0,249136000.0,5.48,1.08,900000000.0,0.0,900000000.0,900000000.0,0.0,53196000.0,0.0,0.0,0.0,234624000.0,287820000.0,0.235,287820000.0,234624000.0,267963000.0,1.54,1.39,1.54,1236165000.0,1025506000.0,1236165000.0,18344351029.0,78.0,63.735,131665000.0,0.793,1.0,742400000.0,0.606,0.0,-33339000.0,1834853000.0,1249711750.0,115799000.0,557605000.0,460735000.0,96870000.0,1335634000.0,415306000.0,920328000.0,18808964029.0,931324000.0,0.0,0.0,587486000.0,0.0,894111000.0,-207278000.0,-94452000.0,244491000.0,0.0,249136000.0,249136000.0,249136000.0,0.0,0.0,0.203,507776000.0,234624000.0,288921000.0,0.0,15.216,75.497,73.579,183444000.0,0.0,113.312,15.354,15.354,359317000.0,520144000.0,1225058000.0,1225058000.0,232198000.0,0.131,0.243,0.188,0.192,0.0,259607000.0,1.0,165992693.0,165992693.0,,7.38,2625264000.0,0.0,18827000.0,0.0,15.816,1860379000.0
12,CMVT,MRY,1999-12-31,2000-01-31,2000-01-31,2021-08-25,2423000.0,1372847000.0,1210496000.0,1190763000.0,182084000.0,0.751,4.747,-98120000.0,342535000.0,342535000.0,371589000.0,173147000.0,3.582,0.894,300000000.0,0.0,300000000.0,300000000.0,0.0,34969000.0,0.0,0.0,0.0,172250000.0,207219000.0,0.228,207219000.0,172250000.0,188845000.0,1.19,1.08,1.19,724839000.0,570516750.0,724839000.0,10943811228.0,64.0,52.813,79230000.0,0.519,1.0,538078000.0,0.592,0.0,-16595000.0,997853000.0,908432750.0,101728000.0,458803000.0,439054000.0,19749000.0,648008000.0,332459000.0,315549000.0,10946240228.0,-244756000.0,0.0,50563000.0,3064000.0,0.0,53627000.0,-475733000.0,-377613000.0,177350000.0,0.0,173147000.0,173147000.0,173147000.0,0.0,0.0,0.19,365828000.0,172250000.0,235860000.0,0.0,15.102,63.219,60.242,126101000.0,0.0,71.688,12.033,12.033,266203000.0,282764000.0,909667000.0,909667000.0,169816000.0,0.143,0.303,0.19,0.189,0.0,193996000.0,1.0,152693848.0,152693848.0,,5.957,1372847000.0,0.0,15698000.0,0.0,8.991,858304000.0
13,CMVT,MRY,1998-12-31,1999-01-31,1999-01-31,2021-08-25,3637000.0,1031393000.0,867814000.0,932637000.0,98756000.0,0.817,2.848,-34752000.0,583959000.0,583959000.0,288113000.0,109365000.0,4.139,1.702,415000000.0,0.0,415000000.0,415000000.0,0.0,22106000.0,0.0,0.0,0.0,121148000.0,143254000.0,0.202,143254000.0,121148000.0,121148000.0,0.81,0.75,0.81,381662000.0,300044750.0,381662000.0,3978665484.0,33.0,27.774,68870000.0,0.514,1.0,420692000.0,0.594,0.0,0.0,637078000.0,670294250.0,46689000.0,81560000.0,73658000.0,7902000.0,649731000.0,225356000.0,424375000.0,3751910484.0,401395000.0,0.0,36241000.0,272027000.0,0.0,308268000.0,-10495000.0,24257000.0,103622000.0,0.0,109365000.0,109365000.0,109365000.0,0.0,0.0,0.154,307859000.0,112833000.0,184870000.0,0.0,9.83,34.306,34.568,61445000.0,0.0,28.0,5.293,5.293,192317000.0,118086000.0,708805000.0,708805000.0,134201000.0,0.126,0.364,0.181,0.171,0.0,157106000.0,1.0,133996803.0,133996803.0,,5.29,1031393000.0,0.0,11783000.0,0.0,7.697,707281000.0
14,CMVT,MRY,1997-12-31,1997-12-31,1997-12-31,2021-08-25,1109000.0,457563000.0,424232000.0,405499000.0,52064000.0,1.153,2.005,-42540000.0,173531000.0,173531000.0,202640000.0,34525000.0,5.393,0.75,131970000.0,16970000.0,115000000.0,131970000.0,0.0,22000000.0,0.0,0.0,0.0,43923000.0,65923000.0,0.135,65923000.0,43923000.0,43923000.0,0.27,0.25,0.27,261482000.0,236770000.0,261482000.0,,,,-21239000.0,-0.163,1.0,286300000.0,0.586,0.0,0.0,340806000.0,301225000.0,35220000.0,108346000.0,101487000.0,6859000.0,196081000.0,75196000.0,120885000.0,1695011136.0,-22733000.0,0.0,23041000.0,28989000.0,0.0,52030000.0,-96064000.0,-53524000.0,21301000.0,0.0,34525000.0,34525000.0,34525000.0,0.0,0.0,0.071,247256000.0,39044000.0,48732000.0,0.0,6.482,49.095,48.148,25105000.0,0.0,13.0,3.467,3.467,79783000.0,114856000.0,488940000.0,488940000.0,96626000.0,0.081,0.146,0.146,0.09,0.0,138305000.0,1.0,130385472.0,130385472.0,,3.75,457563000.0,2163000.0,9398000.0,0.0,3.509,330303000.0
15,CMVT,MRY,1996-12-31,1996-12-31,1996-12-31,2021-08-25,1491000.0,390901000.0,,350977000.0,39924000.0,,,-36693000.0,196724000.0,196724000.0,169524000.0,42137000.0,5.976,0.843,126195000.0,11195000.0,115000000.0,126195000.0,0.0,15493000.0,0.0,0.0,0.0,52307000.0,67800000.0,0.174,67800000.0,52307000.0,52307000.0,0.365,0.335,0.365,212058000.0,,212058000.0,,,,-3733000.0,,1.0,220115000.0,0.565,0.0,0.0,261644000.0,,31494000.0,55252000.0,49464000.0,5788000.0,178843000.0,58728000.0,120115000.0,,96965000.0,0.0,7412000.0,122409000.0,0.0,129821000.0,-65816000.0,-27792000.0,32960000.0,0.0,42137000.0,42137000.0,42137000.0,0.0,0.0,0.108,170275000.0,49840000.0,40531000.0,0.0,,,34.475,18041000.0,0.0,12.583,,,63540000.0,71356000.0,389639000.0,389639000.0,66228000.0,,,,0.134,0.0,93604000.0,1.0,,,,,390901000.0,721000.0,10170000.0,0.0,,292249000.0
16,CMVT,MRY,1995-12-31,1995-12-31,1995-12-31,2021-08-25,,,,,,,,-10253000.0,,,59297000.0,17050000.0,,,,,,,,5874000.0,,0.0,0.0,23513000.0,29387000.0,0.201,29387000.0,23513000.0,19107000.0,0.27,0.25,0.27,,,,,,,-3553000.0,,1.0,86599000.0,0.594,,4406000.0,,,,,,,,,,,60637000.0,0.0,2077000.0,0.0,0.0,584000.0,53353000.0,63606000.0,6700000.0,0.0,17050000.0,17050000.0,17050000.0,0.0,0.0,0.117,63233000.0,23366000.0,,0.0,,,24.691,,0.0,6.667,,,,,145896000.0,145896000.0,19426000.0,,,,0.161,0.0,41388000.0,1.0,,,,,,,2057000.0,,,
0,CMVT,MRQ,2012-09-30,2012-10-31,2012-10-31,2021-08-25,-19917000.0,1649985000.0,,503163000.0,1146822000.0,,2.03,-2646000.0,273539000.0,273539000.0,65282000.0,8233000.0,1.351,2.411,592584000.0,6438000.0,586146000.0,592584000.0,152910000.0,0.0,0.0,0.0,0.0,16964000.0,16964000.0,0.084,16964000.0,16964000.0,9146000.0,0.02,0.02,0.02,445109000.0,,445109000.0,1586362410.0,56.0,56.148,28808000.0,0.131,1.0,136238000.0,0.676,1051221000.0,7818000.0,545478000.0,,11711000.0,0.0,0.0,0.0,1073080000.0,372331000.0,700749000.0,1444725410.0,-207481000.0,0.0,0.0,-3865000.0,0.0,-209738000.0,-31191000.0,-25545000.0,31454000.0,1994000.0,3684000.0,3684000.0,3684000.0,-14800000.0,4549000.0,0.018,129525000.0,6713000.0,178748000.0,0.0,3.246,-31.876,-34.684,37167000.0,0.0,6.59,1.083,1.083,157402000.0,-1816949000.0,201520000.0,201520000.0,27732000.0,,,,,0.0,101793000.0,1.0,219229956.0,219238541.0,219238541.0,0.919,598764000.0,22021000.0,5462000.0,49095000.0,2.731,130832000.0
1,CMVT,MRQ,2012-06-30,2012-07-31,2012-07-31,2021-08-25,2730000.0,2516637000.0,,996611000.0,1520026000.0,,1.865,-4761000.0,454525000.0,454525000.0,179158000.0,8684000.0,1.064,4.846,596162000.0,8487000.0,587675000.0,596162000.0,660264000.0,0.0,0.0,0.0,0.0,16787000.0,16787000.0,0.044,16787000.0,16787000.0,8909000.0,0.0,0.0,0.0,408560000.0,,408560000.0,1254515960.0,25.0,24.807,-38215000.0,-0.174,1.0,204494000.0,0.533,1222778000.0,7878000.0,498656000.0,,40426000.0,0.0,0.0,0.0,1979982000.0,936840000.0,1043142000.0,1189424960.0,-46521000.0,0.0,163000.0,-1910000.0,0.0,-5919000.0,-2861000.0,1830000.0,-33454000.0,-4287000.0,-274000.0,-274000.0,-274000.0,-2477000.0,8958000.0,-0.001,178645000.0,25849000.0,340064000.0,,2.911,-89.31,-135.75,74855000.0,0.0,5.43,0.893,0.893,315758000.0,-1819848000.0,383652000.0,383652000.0,49987000.0,,,,,0.0,128231000.0,1.0,219046954.0,219108299.0,219108299.0,1.751,1293859000.0,40720000.0,9183000.0,111050000.0,5.905,59771000.0
2,CMVT,MRQ,2012-03-31,2012-04-30,2012-04-30,2021-08-25,2340000.0,2589864000.0,,1027833000.0,1562031000.0,,1.816,-6991000.0,532735000.0,532735000.0,165448000.0,-45604000.0,1.046,5.199,597826000.0,8434000.0,589392000.0,597826000.0,732077000.0,0.0,0.0,0.0,0.0,-25139000.0,-25139000.0,-0.073,-25139000.0,-25139000.0,-33059000.0,-0.24,-0.24,-0.24,397501000.0,,397501000.0,1454425831.0,28.0,28.116,-21561000.0,-0.099,1.0,178219000.0,0.519,1255163000.0,7920000.0,417348000.0,,50098000.0,0.0,0.0,0.0,2066632000.0,982444000.0,1084188000.0,1412244831.0,-24614000.0,-660000.0,-163000.0,-1767000.0,0.0,-3723000.0,-7451000.0,380000.0,-14570000.0,1130000.0,-53210000.0,-53210000.0,-53210000.0,0.0,7606000.0,-0.155,195647000.0,-17428000.0,377533000.0,0.0,3.553,-26.777,-28.043,74837000.0,0.0,6.45,1.065,1.065,288947000.0,-1819574000.0,343667000.0,343667000.0,49655000.0,,,,,0.0,145312000.0,1.0,218952687.0,218855251.0,218855251.0,1.57,1334701000.0,42762000.0,20151000.0,112280000.0,6.099,45389000.0
3,CMVT,MRQ,2011-12-31,2012-01-31,2012-01-31,2021-08-25,-8805000.0,2657013000.0,,1066802000.0,1590211000.0,,2.048,-6749000.0,335308000.0,335308000.0,179899000.0,15721000.0,1.091,4.766,599574000.0,8423000.0,591151000.0,599574000.0,182759000.0,0.0,0.0,0.0,0.0,19641000.0,19641000.0,0.048,19641000.0,19641000.0,11634000.0,0.03,0.03,0.03,441508000.0,,441508000.0,1437744784.0,82.0,81.89,40440000.0,0.188,1.0,225556000.0,0.556,1078385000.0,8007000.0,865125000.0,,14414000.0,272000.0,272000.0,0.0,2104261000.0,977769000.0,1126492000.0,1318062784.0,94291000.0,-11082000.0,13355000.0,-1898000.0,0.0,187000.0,48910000.0,66857000.0,47189000.0,-1995000.0,4476000.0,4476000.0,4476000.0,0.0,11245000.0,0.011,209289000.0,16267000.0,188744000.0,0.0,2.985,-22.444,-22.5,29853000.0,0.0,6.3,0.827,0.823,154764000.0,-1762518000.0,405455000.0,405455000.0,52006000.0,,,,,0.0,151443000.0,1.0,209216315.0,215534986.0,215534986.0,1.881,1578628000.0,22914000.0,7158000.0,44081000.0,7.324,89033000.0
4,CMVT,MRQ,2011-09-30,2011-10-31,2011-10-31,2021-08-25,10094000.0,2681216000.0,,1075012000.0,1606204000.0,,1.773,-829000.0,481416000.0,481416000.0,70139000.0,42267000.0,1.017,6.075,601098000.0,8403000.0,592695000.0,601098000.0,757100000.0,0.0,0.0,0.0,0.0,39282000.0,39282000.0,0.197,39282000.0,39282000.0,31373000.0,0.17,0.17,0.17,364941000.0,,364941000.0,1424860868.0,52.0,52.086,-6937000.0,-0.034,1.0,129225000.0,0.648,1262866000.0,7909000.0,481090000.0,,53883000.0,50259000.0,50259000.0,0.0,2216850000.0,1056942000.0,1159908000.0,1412740868.0,-79344000.0,-86740000.0,0.0,4051000.0,0.0,-3169000.0,-65902000.0,36702000.0,-6108000.0,-4165000.0,35690000.0,35690000.0,35690000.0,-47392000.0,6577000.0,0.179,130044000.0,-819000.0,381003000.0,0.0,3.871,-29.572,-29.957,77054000.0,0.0,6.89,1.041,1.046,314246000.0,-1770840000.0,199364000.0,199364000.0,28464000.0,,,,,0.0,96700000.0,1.0,205042216.0,205886126.0,205886126.0,0.968,1418350000.0,59966000.0,-4317000.0,85249000.0,6.889,18070000.0
5,CMVT,MRQ,2011-06-30,2011-07-31,2011-07-31,2021-08-25,11937000.0,2698552000.0,,1200729000.0,1497823000.0,,1.597,-5271000.0,587180000.0,587180000.0,182188000.0,-31889000.0,1.077,6.922,599300000.0,8195000.0,591105000.0,599300000.0,822241000.0,0.0,0.0,0.0,0.0,17946000.0,17946000.0,0.048,17946000.0,17946000.0,9941000.0,-0.19,-0.19,-0.19,329091000.0,,329091000.0,1548832822.0,589.0,589.358,-28832000.0,-0.14,1.0,194826000.0,0.517,1160279000.0,8005000.0,435722000.0,,63482000.0,51852000.0,51852000.0,0.0,2277827000.0,1114671000.0,1163156000.0,1537438822.0,-14611000.0,0.0,-3697000.0,-1531000.0,0.0,1538000.0,6967000.0,11305000.0,-23561000.0,445000.0,-39697000.0,-39697000.0,-39697000.0,-2437000.0,7808000.0,-0.105,185642000.0,9184000.0,363586000.0,0.0,4.672,-12.283,-12.5,75662000.0,0.0,7.5,0.971,0.976,326966000.0,-1806530000.0,377014000.0,377014000.0,49779000.0,,,,,0.0,133900000.0,1.0,204991843.0,206079868.0,206079868.0,1.829,1538273000.0,44974000.0,49638000.0,107599000.0,7.464,86058000.0
6,CMVT,MRQ,2011-03-31,2011-04-30,2011-04-30,2021-08-25,16858000.0,2743189000.0,,1208271000.0,1534918000.0,,1.78,-5682000.0,587801000.0,587801000.0,166048000.0,-57118000.0,1.058,6.263,599195000.0,6695000.0,592500000.0,599195000.0,818279000.0,0.0,0.0,0.0,0.0,-42642000.0,-42642000.0,-0.122,-42642000.0,-42642000.0,-51770000.0,-0.29,-0.29,-0.29,366157000.0,,366157000.0,1535303870.0,-50.0,-49.793,-57486000.0,-0.279,1.0,183449000.0,0.525,1177334000.0,9128000.0,435455000.0,,72805000.0,72432000.0,72432000.0,0.0,2293324000.0,1141794000.0,1151530000.0,1557052870.0,-66089000.0,-11958000.0,3697000.0,-6314000.0,0.0,-4923000.0,-16965000.0,1361000.0,-51804000.0,7603000.0,-59195000.0,-59195000.0,-59195000.0,0.0,2077000.0,-0.169,216873000.0,-33424000.0,367654000.0,0.0,4.252,-14.201,-14.377,68366000.0,0.0,7.62,0.964,0.97,301760000.0,-1766833000.0,349497000.0,349497000.0,54439000.0,,,,,0.0,151347000.0,1.0,204337647.0,205699533.0,205699533.0,1.699,1565855000.0,61247000.0,7425000.0,77281000.0,7.612,66477000.0
7,CMVT,MRQ,2010-12-31,2011-01-31,2011-01-31,2021-08-25,14919000.0,2813922000.0,,1296062000.0,1517860000.0,,2.012,-5683000.0,654507000.0,654507000.0,182847000.0,19629000.0,1.088,5.637,591429000.0,8195000.0,583234000.0,591429000.0,830807000.0,0.0,0.0,0.0,0.0,12770000.0,12770000.0,0.03,12770000.0,12770000.0,3198000.0,0.08,0.07,0.08,413008000.0,,413008000.0,1318705964.0,-21.0,-20.516,84852000.0,0.413,1.0,247990000.0,0.576,1163684000.0,9572000.0,395575000.0,,66612000.0,72441000.0,72441000.0,0.0,2328035000.0,1191585000.0,1136450000.0,1340454964.0,145706000.0,70909000.0,-1426000.0,-9203000.0,0.0,-23515000.0,77242000.0,3969000.0,90535000.0,1444000.0,15429000.0,15429000.0,15429000.0,7039000.0,4200000.0,0.036,224465000.0,23525000.0,401940000.0,0.0,3.246,-10.13,-10.25,66843000.0,0.0,6.56,0.826,0.829,319628000.0,-1707638000.0,430837000.0,430837000.0,59825000.0,,,,,0.0,163482000.0,1.0,204337647.0,205246585.0,205246585.0,2.099,1650238000.0,60410000.0,-12231000.0,78100000.0,8.04,104477000.0
8,CMVT,MRQ,2010-09-30,2010-10-31,2010-10-31,2021-08-25,8582000.0,2763615000.0,,1170106000.0,1593509000.0,,1.599,-6158000.0,452270000.0,452270000.0,171204000.0,-31506000.0,1.061,7.145,600429000.0,2195000.0,598234000.0,600429000.0,827915000.0,0.0,0.0,0.0,0.0,14554000.0,14554000.0,0.034,14554000.0,14554000.0,5534000.0,-0.2,-0.21,-0.2,328279000.0,,328279000.0,1571447288.0,-8.0,-7.946,-63623000.0,-0.31,1.0,254256000.0,0.598,1169145000.0,9020000.0,639601000.0,,72502000.0,69566000.0,0.0,69566000.0,2345576000.0,1103028000.0,1242548000.0,1634226288.0,-37809000.0,0.0,0.0,-632000.0,0.0,18392000.0,-2989000.0,-3365000.0,-57465000.0,4253000.0,-41703000.0,-41703000.0,-41703000.0,947000.0,10197000.0,-0.098,230954000.0,23302000.0,397129000.0,0.0,4.978,-6.584,-6.612,70193000.0,0.0,8.0,1.031,1.036,328602000.0,-1723067000.0,425460000.0,425460000.0,63060000.0,,,,,0.0,163444000.0,1.0,204278286.0,205264632.0,205264632.0,2.073,1594470000.0,67111000.0,47237000.0,101386000.0,7.768,67078000.0
9,CMVT,MRQ,2010-06-30,2010-07-31,2010-07-31,2021-08-25,4260000.0,2823069000.0,,1189909000.0,1633160000.0,,1.67,-4879000.0,484372000.0,484372000.0,187858000.0,-18174000.0,1.024,7.027,600429000.0,0.0,600429000.0,600429000.0,910956000.0,0.0,0.0,0.0,0.0,-15516000.0,-15516000.0,-0.038,-15516000.0,-15516000.0,-21569000.0,-0.12,-0.12,-0.12,342786000.0,,342786000.0,1374854345.0,-5.0,-4.605,-66475000.0,-0.324,1.0,222384000.0,0.542,1174664000.0,6053000.0,602656000.0,,81577000.0,69349000.0,0.0,69349000.0,2408597000.0,1161806000.0,1246791000.0,1515036345.0,14195000.0,0.0,-143000.0,-24890000.0,0.0,-14135000.0,89921000.0,54804000.0,-61596000.0,5000.0,-24173000.0,-24173000.0,-24173000.0,1413000.0,5999000.0,-0.059,235434000.0,-13050000.0,391141000.0,0.0,4.42,-5.17,-5.245,93783000.0,0.0,7.5,0.985,1.001,310285000.0,-1681364000.0,410242000.0,410242000.0,63307000.0,,,,,0.0,171257000.0,1.0,202004846.0,205248892.0,205248892.0,1.999,1648405000.0,66553000.0,2604000.0,77585000.0,8.031,28103000.0
10,CMVT,MRQ,2010-03-31,2010-04-30,2010-04-30,2021-08-25,9573000.0,2956048000.0,,1276402000.0,1679646000.0,,1.65,-6149000.0,509536000.0,509536000.0,176604000.0,-88451000.0,1.003,7.517,622527000.0,22098000.0,600429000.0,622527000.0,971493000.0,0.0,0.0,0.0,0.0,-76085000.0,-76085000.0,-0.213,-76085000.0,-76085000.0,-82253000.0,-0.4,-0.4,-0.4,337971000.0,,337971000.0,1714222486.0,-6.0,-5.588,-104905000.0,-0.512,1.0,180284000.0,0.505,1182717000.0,6168000.0,613847000.0,,88576000.0,98529000.0,28923000.0,69606000.0,2540606000.0,1272475000.0,1268131000.0,1854404486.0,-115574000.0,-15292000.0,-337000.0,-1477000.0,0.0,-5052000.0,-8796000.0,8814000.0,-98756000.0,-2970000.0,-81875000.0,-81875000.0,-81875000.0,1640000.0,-6576000.0,-0.229,263976000.0,-83692000.0,410547000.0,0.0,5.487,-5.936,-6.039,97002000.0,0.0,9.18,1.234,1.252,332646000.0,-1657191000.0,356888000.0,356888000.0,66897000.0,,,,,0.0,191123000.0,1.0,202004846.0,204882544.0,204882544.0,1.742,1773331000.0,65574000.0,-378000.0,62265000.0,8.655,3927000.0
11,CMVT,MRQ,2009-12-31,2010-01-31,2010-01-31,2021-08-25,19257000.0,3101211000.0,,1397841000.0,1703370000.0,,2.064,-6083000.0,631666000.0,631666000.0,189205000.0,-108018000.0,1.121,6.134,623107000.0,22678000.0,600429000.0,623107000.0,987900000.0,0.0,0.0,0.0,0.0,-120707000.0,-120707000.0,-0.307,-120707000.0,-120707000.0,-125225000.0,-0.49,-0.49,-0.49,422486000.0,,422486000.0,1780884085.0,-7.0,-7.02,-9587000.0,-0.047,1.0,203953000.0,0.519,1185148000.0,4518000.0,660375000.0,,81004000.0,114650000.0,35846000.0,78804000.0,2591489000.0,1247129000.0,1344360000.0,1921066085.0,-33157000.0,0.0,-201000.0,0.0,0.0,-1744000.0,-26866000.0,-19682000.0,-3504000.0,-1043000.0,-100455000.0,-100455000.0,-100455000.0,45153000.0,-7563000.0,-0.256,286151000.0,-82198000.0,450680000.0,0.0,4.547,-7.062,-7.15,99541000.0,0.0,9.51,1.252,1.268,310490000.0,-1575316000.0,393158000.0,393158000.0,67130000.0,,,,,0.0,215165000.0,1.0,202004846.0,204660738.0,204660738.0,1.921,1916063000.0,66051000.0,-24770000.0,53987000.0,9.362,150712000.0
12,CMVT,MRQ,2009-09-30,2009-10-31,2009-10-31,2021-08-25,,,,,,,,-5691000.0,,,179934000.0,-81286000.0,,,,,,,,0.0,,0.0,0.0,-86275000.0,-86275000.0,-0.228,-86275000.0,-86275000.0,-93045000.0,-0.42,-0.42,-0.42,,,,1556658706.0,,,-66428000.0,-0.325,1.0,197879000.0,0.524,,6770000.0,,,,,,,,,,1696840706.0,-77851000.0,0.0,0.0,-100000.0,0.0,-100000.0,-18688000.0,-3113000.0,-60737000.0,1674000.0,-86526000.0,-86526000.0,-86526000.0,32563000.0,5240000.0,-0.229,246461000.0,-48582000.0,,0.0,,,,,0.0,8.4,,,,,377813000.0,377813000.0,66987000.0,,,,,0.0,177865000.0,1.0,202004846.0,204550032.0,204550032.0,1.847,,,-6519000.0,,,
13,CMVT,MRQ,2009-06-30,2009-07-31,2009-07-31,2021-08-25,,,,,,,,-8531000.0,,,168526000.0,-42660000.0,,,,,,,,0.0,,0.0,0.0,-23722000.0,-23722000.0,-0.063,-23722000.0,-23722000.0,-30925000.0,-0.21,-0.21,-0.21,,,,1457676332.0,,,-15638000.0,-0.076,1.0,206192000.0,0.55,,7203000.0,,,,,,,,,,1597858332.0,-458943000.0,-89000.0,-109000.0,-421860000.0,0.0,-422019000.0,-36516000.0,-119000.0,-7107000.0,6699000.0,-43555000.0,-43555000.0,-43555000.0,-18531000.0,895000.0,-0.116,242274000.0,-36082000.0,,0.0,,,,,0.0,7.91,,,,,374718000.0,374718000.0,67002000.0,,,,,0.0,173620000.0,1.0,202004846.0,204532916.0,204532916.0,1.832,,,12630000.0,,,
14,CMVT,MRQ,2009-03-31,2009-04-30,2009-04-30,2021-08-25,,,,,,,,-5854000.0,,,181534000.0,-32288000.0,,,,,,,,0.0,,0.0,0.0,-22975000.0,-22975000.0,-0.059,-22975000.0,-22975000.0,-29865000.0,-0.2,-0.22,-0.2,,,,1304152649.0,,,-35226000.0,-0.172,1.0,206714000.0,0.532,,6890000.0,,,,,,,,,,1444334649.0,65896000.0,-7000.0,-49000.0,-1562000.0,0.0,-68072000.0,162751000.0,139346000.0,-29372000.0,589000.0,-41499000.0,-41499000.0,-41499000.0,-16123000.0,9211000.0,-0.107,232953000.0,-26239000.0,,0.0,,,,,0.0,7.15,,,,,388248000.0,388248000.0,66092000.0,,,,,0.0,155081000.0,1.0,202004846.0,204304791.0,204304791.0,1.9,,,11634000.0,,,
15,CMVT,MRQ,2008-12-31,2009-01-31,2009-01-31,2021-08-25,-7936000.0,3748268000.0,,1946403000.0,1801865000.0,,3.2,,1107256000.0,1107256000.0,,,1.333,4.57,1044477000.0,423565000.0,620912000.0,1044477000.0,988572000.0,,0.0,0.0,0.0,,,,,,,,,,653258000.0,,653258000.0,1136488627.0,-5.0,-4.929,,,1.0,,,1219690000.0,,1005348000.0,,85492000.0,343520000.0,223255000.0,120265000.0,2985081000.0,1460451000.0,1524630000.0,1276670627.0,,,,,,,,,,,,,,,,,,,443192000.0,,1.954,-3.925,-3.975,120385000.0,,6.32,0.784,0.792,316335000.0,-1303281000.0,,,,,,,,,,1.0,202004846.0,204171793.0,,,2528578000.0,61650000.0,,74245000.0,12.385,485952000.0
16,CMVT,MRQ,2007-12-31,2008-01-31,2008-01-31,2021-08-25,21227000.0,4169488000.0,,2205229000.0,1964259000.0,,4.819,,1242802000.0,1242802000.0,,,1.432,3.112,1031751000.0,421751000.0,610000000.0,1031751000.0,958691000.0,,0.0,0.0,0.0,,,,,,,,,,980224000.0,,980224000.0,3162597232.0,-10.0,-10.053,,,1.0,,,1396630000.0,,1021690000.0,,77816000.0,296286000.0,235498000.0,60788000.0,3050625000.0,1540117000.0,1510508000.0,3302779232.0,,,,,,,,,,,,,,,,,,,516930000.0,,3.369,-8.485,-8.56,145088000.0,,16.35,1.916,1.929,381217000.0,-937454000.0,,,,,,,,,,1.0,202004846.0,203393994.0,,,2772858000.0,107058000.0,,70258000.0,13.633,665112000.0
17,CMVT,MRQ,2006-12-31,2007-01-31,2007-01-31,2021-08-25,7246000.0,3726290000.0,,2520305000.0,1205985000.0,,7.353,,921347000.0,921347000.0,,,1.83,1.369,426793000.0,419943000.0,6850000.0,426793000.0,804153000.0,,0.0,0.0,0.0,,,,,,,,,,1493433000.0,,1493433000.0,3796892449.0,-14.0,-14.286,,,1.0,,,629481000.0,,1224717000.0,,84099000.0,963339000.0,963339000.0,0.0,2044184000.0,1377538000.0,666646000.0,3937074449.0,,,,,,,,,,,,,,,,,,,433960000.0,,2.636,-12.544,-12.574,151720000.0,,19.49,2.749,2.764,272914000.0,-489869000.0,,,,,,,,,,1.0,202004846.0,203093447.0,,,3096809000.0,195060000.0,,37456000.0,15.248,1142767000.0
18,CMVT,MRQ,2005-12-31,2006-01-31,2006-01-31,2021-08-25,14144000.0,3669656000.0,,2662443000.0,1007213000.0,,8.53,2880000.0,706503000.0,706503000.0,167525000.0,-14970000.0,2.899,1.041,429943000.0,3182000.0,426761000.0,429943000.0,837140000.0,-46990000.0,0.0,0.0,0.0,33688000.0,-13302000.0,-0.045,-13302000.0,33688000.0,28767000.0,-0.08,-0.07,-0.08,1708172000.0,,1708172000.0,5392730732.0,36.0,36.281,137288000.0,0.686,1.0,129879000.0,0.437,404400000.0,4921000.0,2070335000.0,,69329000.0,1303403000.0,1303403000.0,0.0,1777514000.0,918361000.0,859153000.0,5532912732.0,73376000.0,-294319000.0,-42569000.0,-88083000.0,0.0,-73959000.0,14813000.0,309375000.0,134408000.0,-1886000.0,-14970000.0,-14970000.0,-14970000.0,0.0,0.0,-0.05,124948000.0,4931000.0,357098000.0,0.0,3.239,67.147,66.805,138314000.0,0.0,27.39,4.79,4.749,275288000.0,-176011000.0,297404000.0,297404000.0,50468000.0,,,,,0.0,70068000.0,1.0,202004846.0,200259474.0,,1.485,3265256000.0,207258000.0,43737000.0,18025000.0,16.305,1744082000.0
19,CMVT,MRQ,2005-09-30,2005-10-31,2005-10-31,2021-08-25,12269000.0,3128841000.0,,2834489000.0,294352000.0,,9.619,-11748000.0,656105000.0,656105000.0,121080000.0,38295000.0,5.45,0.504,515923000.0,96089000.0,419834000.0,515923000.0,0.0,46990000.0,0.0,0.0,0.0,44696000.0,91686000.0,0.307,91686000.0,44696000.0,44696000.0,0.19,0.18,0.19,1936265000.0,,1936265000.0,4898590401.0,35.0,19.31,22010000.0,0.109,1.0,177886000.0,0.595,0.0,0.0,2468596000.0,,131273000.0,1668941000.0,1668941000.0,0.0,975219000.0,520063000.0,455156000.0,5052567401.0,-14034000.0,-11533000.0,11923000.0,0.0,0.0,11596000.0,-59388000.0,-35562000.0,33758000.0,0.0,38295000.0,38295000.0,38295000.0,0.0,0.0,0.128,150332000.0,27554000.0,304791000.0,0.0,2.609,42.669,43.276,125906000.0,0.0,25.1,4.524,4.524,278958000.0,594599000.0,298966000.0,298966000.0,65574000.0,,,,,0.0,84758000.0,1.0,201297506.0,201297506.0,,1.485,3128841000.0,0.0,6401000.0,0.0,15.543,2314426000.0
20,CMVT,MRQ,2005-06-30,2005-07-31,2005-07-31,2021-08-25,12997000.0,3052425000.0,,2767498000.0,284927000.0,,9.429,-17797000.0,670139000.0,670139000.0,114566000.0,34814000.0,5.525,0.506,516162000.0,96255000.0,419907000.0,516162000.0,0.0,0.0,0.0,0.0,0.0,41041000.0,41041000.0,0.144,41041000.0,41041000.0,41041000.0,0.17,0.16,0.17,1888447000.0,,1888447000.0,4872962672.0,42.0,21.02,1830000.0,0.009,1.0,171269000.0,0.599,0.0,0.0,2397521000.0,,123634000.0,1623101000.0,1623101000.0,0.0,955884000.0,500927000.0,454957000.0,5065004672.0,-38145000.0,0.0,11279000.0,0.0,0.0,11331000.0,-69103000.0,-51628000.0,19627000.0,0.0,34814000.0,34814000.0,34814000.0,0.0,0.0,0.122,146793000.0,24476000.0,278369000.0,0.0,2.682,52.718,53.809,127301000.0,0.0,25.29,4.764,4.764,258820000.0,556304000.0,285835000.0,285835000.0,63449000.0,,,,,0.0,83444000.0,1.0,200276974.0,200276974.0,,1.427,3052425000.0,0.0,6227000.0,0.0,15.241,2266571000.0
21,CMVT,MRQ,2005-03-31,2005-04-30,2005-04-30,2021-08-25,10456000.0,2997295000.0,,2713350000.0,283945000.0,,9.224,-13912000.0,708284000.0,708284000.0,106383000.0,24261000.0,5.262,0.519,516242000.0,96300000.0,419942000.0,516242000.0,0.0,0.0,0.0,0.0,0.0,29214000.0,29214000.0,0.107,29214000.0,29214000.0,29214000.0,0.12,0.11,0.12,1840636000.0,,1840636000.0,4334167729.0,47.0,20.86,-10221000.0,-0.051,1.0,166418000.0,0.61,0.0,0.0,2289594000.0,,121748000.0,1567911000.0,1567911000.0,0.0,955774000.0,515659000.0,440115000.0,4547604729.0,-13066000.0,0.0,19367000.0,0.0,0.0,18840000.0,-35597000.0,-21685000.0,3691000.0,0.0,24261000.0,24261000.0,24261000.0,0.0,0.0,0.089,146621000.0,19797000.0,296160000.0,0.0,2.471,60.968,61.595,123231000.0,0.0,22.79,4.499,4.499,239968000.0,521490000.0,272801000.0,272801000.0,64735000.0,,,,,0.0,82039000.0,1.0,199543867.0,199543867.0,,1.367,2997295000.0,0.0,4953000.0,0.0,15.021,2197691000.0
22,CMVT,MRQ,2004-12-31,2005-01-31,2005-01-31,2021-08-25,7047000.0,2925286000.0,,2627088000.0,298198000.0,,9.077,-14161000.0,721350000.0,721350000.0,101058000.0,21043000.0,5.588,0.521,507913000.0,87913000.0,420000000.0,507913000.0,0.0,66692000.0,0.0,0.0,0.0,25046000.0,91738000.0,0.354,91738000.0,25046000.0,25046000.0,0.1,0.1,0.1,1794029000.0,,1794029000.0,3154759376.0,45.0,22.988,36570000.0,0.185,1.0,158083000.0,0.61,0.0,0.0,2241694000.0,,107552000.0,1528280000.0,1528280000.0,0.0,935432000.0,470155000.0,465277000.0,4417537376.0,-150501000.0,-245000.0,-61395000.0,0.0,0.0,14997000.0,-216229000.0,-201823000.0,50731000.0,0.0,21043000.0,21043000.0,21043000.0,0.0,0.0,0.081,140482000.0,17601000.0,273861000.0,0.0,2.462,77.055,77.069,122174000.0,0.0,22.35,4.604,4.604,199571000.0,497229000.0,259141000.0,259141000.0,63806000.0,,,,,0.0,76676000.0,1.0,197652679.0,197652679.0,,1.311,2925286000.0,0.0,4003000.0,0.0,14.8,2156933000.0
23,CMVT,MRQ,2004-09-30,2004-10-31,2004-10-31,2021-08-25,7390000.0,2873111000.0,,2570293000.0,302818000.0,,8.966,-10821000.0,1779783000.0,1779783000.0,96936000.0,15959000.0,6.484,0.526,517005000.0,9752000.0,507253000.0,517005000.0,0.0,49818000.0,0.0,0.0,0.0,20010000.0,69828000.0,0.284,69828000.0,20010000.0,20010000.0,0.08,0.08,0.08,1757488000.0,,1757488000.0,2753031633.0,52.0,15.81,1767000.0,0.009,1.0,148543000.0,0.605,0.0,0.0,1213918000.0,,88032000.0,410675000.0,410675000.0,0.0,925189000.0,396415000.0,528774000.0,4045592633.0,-52851000.0,-9282000.0,22582000.0,0.0,0.0,22463000.0,-87902000.0,-67799000.0,12588000.0,0.0,15959000.0,15959000.0,15959000.0,0.0,0.0,0.065,134447000.0,14096000.0,283697000.0,0.0,2.302,98.158,98.286,121953000.0,0.0,20.64,4.479,4.479,215619000.0,476186000.0,245479000.0,245479000.0,60782000.0,,,,,0.0,73767000.0,1.0,196007395.0,196007395.0,,1.252,2873111000.0,0.0,4051000.0,0.0,14.658,2173878000.0
24,CMVT,MRQ,2004-06-30,2004-07-31,2004-07-31,2021-08-25,4428000.0,2801539000.0,,2506180000.0,295359000.0,,8.788,-17027000.0,1808641000.0,1808641000.0,93124000.0,13327000.0,6.635,0.526,516080000.0,8827000.0,507253000.0,516080000.0,0.0,0.0,0.0,0.0,0.0,16995000.0,16995000.0,0.073,16995000.0,16995000.0,16995000.0,0.07,0.06,0.07,1719138000.0,,1719138000.0,2088793700.0,67.0,20.329,42388000.0,0.217,1.0,140303000.0,0.601,0.0,0.0,1131271000.0,,66691000.0,378120000.0,378120000.0,0.0,904221000.0,377707000.0,526514000.0,3337510700.0,86171000.0,-508000.0,7036000.0,-6835000.0,0.0,139000.0,26617000.0,44152000.0,59415000.0,0.0,13327000.0,13327000.0,13327000.0,0.0,0.0,0.057,127500000.0,12803000.0,269304000.0,0.0,1.941,152.964,155.091,124222000.0,0.0,17.06,3.919,3.919,197830000.0,460227000.0,233427000.0,233427000.0,56527000.0,,,,,0.0,71507000.0,1.0,195633687.0,195633687.0,,1.193,2801539000.0,0.0,3668000.0,0.0,14.32,2128473000.0
25,CMVT,MRQ,2004-03-31,2004-04-30,2004-04-30,2021-08-25,5289000.0,2712654000.0,,2421857000.0,290797000.0,,8.703,-8340000.0,1771809000.0,1771809000.0,89592000.0,7001000.0,7.913,0.493,523092000.0,8864000.0,514228000.0,523092000.0,0.0,0.0,0.0,0.0,0.0,8493000.0,8493000.0,0.038,8493000.0,8493000.0,8493000.0,0.04,0.03,0.04,1701650000.0,,1701650000.0,2215057059.0,146.0,25.483,-14046000.0,-0.072,1.0,131803000.0,0.595,0.0,0.0,1157890000.0,,53735000.0,374864000.0,374864000.0,0.0,839453000.0,306047000.0,533406000.0,3198680059.0,-57534000.0,-35599000.0,31777000.0,-30038000.0,0.0,1524000.0,-53352000.0,-9413000.0,-5706000.0,0.0,7001000.0,7001000.0,7001000.0,0.0,0.0,0.032,129370000.0,2433000.0,226526000.0,0.0,1.88,430.277,545.333,119896000.0,0.0,16.36,3.965,3.965,162096000.0,446900000.0,221395000.0,221395000.0,60177000.0,,,,,0.0,68495000.0,1.0,195518341.0,195518341.0,,1.132,2712654000.0,0.0,1492000.0,0.0,13.874,2115810000.0
26,CMVT,MRQ,2003-12-31,2004-01-31,2004-01-31,2021-08-25,9353000.0,2728042000.0,,2462284000.0,265758000.0,,8.674,-10145000.0,623063000.0,623063000.0,83194000.0,4928000.0,7.67,0.535,547372000.0,2649000.0,544723000.0,547372000.0,0.0,71771000.0,0.0,0.0,0.0,7040000.0,78811000.0,0.388,78811000.0,7040000.0,7040000.0,0.02,0.02,0.02,1672546000.0,,1672546000.0,2635226743.0,934.0,35.329,68517000.0,0.355,1.0,119835000.0,0.59,0.0,0.0,2331344000.0,,54751000.0,1575436000.0,1575436000.0,0.0,894018000.0,321007000.0,573011000.0,3384108743.0,46956000.0,0.0,-171846000.0,-5184000.0,0.0,21846000.0,-53552000.0,-43407000.0,78662000.0,0.0,4928000.0,4928000.0,4928000.0,0.0,0.0,0.024,117885000.0,1950000.0,229296000.0,0.0,2.023,-628.316,-585.0,125023000.0,0.0,17.55,4.419,4.419,158236000.0,439899000.0,203029000.0,203029000.0,54355000.0,,,,,0.0,65420000.0,1.0,192826709.0,192826709.0,,1.053,2728042000.0,0.0,2112000.0,0.0,14.148,2141277000.0
27,CMVT,MRQ,2003-09-30,2003-10-31,2003-10-31,2021-08-25,4649000.0,2669349000.0,,2398422000.0,270927000.0,,8.621,-8669000.0,1293795000.0,1293795000.0,82669000.0,-3437000.0,7.918,0.527,544913000.0,0.0,544913000.0,544913000.0,0.0,0.0,0.0,0.0,0.0,-1549000.0,-1549000.0,-0.008,-1549000.0,-1549000.0,-1549000.0,-0.02,-0.02,-0.02,1644783000.0,,1644783000.0,2636344252.0,-74.0,82.737,-3710000.0,-0.019,1.0,111174000.0,0.574,0.0,0.0,1617561000.0,,46711000.0,810149000.0,810149000.0,0.0,866953000.0,302906000.0,564047000.0,3441854252.0,-89545000.0,0.0,24455000.0,-26832000.0,0.0,-4365000.0,-90139000.0,-81470000.0,4959000.0,0.0,-3437000.0,-3437000.0,-3437000.0,0.0,0.0,-0.018,117701000.0,-6527000.0,257416000.0,0.0,2.093,-85.076,-82.0,130162000.0,0.0,18.04,4.658,4.658,190329000.0,434971000.0,193843000.0,193843000.0,53810000.0,,,,,0.0,63891000.0,1.0,190790147.0,190790147.0,,1.016,2669349000.0,0.0,1888000.0,0.0,13.991,2095516000.0
28,CMVT,MRQ,2003-06-30,2003-07-31,2003-07-31,2021-08-25,-781000.0,2660617000.0,,2384331000.0,276286000.0,,8.601,-13505000.0,1383340000.0,1383340000.0,81324000.0,-1058000.0,8.243,0.548,577830000.0,0.0,577830000.0,577830000.0,0.0,0.0,0.0,0.0,0.0,1168000.0,1168000.0,0.006,1168000.0,1168000.0,1168000.0,-0.01,-0.01,-0.01,1619475000.0,,1619475000.0,1690279792.0,-15.0,-38.137,-5800000.0,-0.031,1.0,107144000.0,0.568,0.0,0.0,1565858000.0,,40455000.0,727033000.0,727033000.0,0.0,887939000.0,289249000.0,598690000.0,2762229792.0,-34898000.0,-5910000.0,142072000.0,232789000.0,0.0,373740000.0,-416343000.0,-396928000.0,7705000.0,0.0,-1058000.0,-1058000.0,-1058000.0,0.0,0.0,-0.006,116564000.0,-9420000.0,245079000.0,0.0,1.706,-23.669,-23.286,137367000.0,0.0,14.67,3.877,3.877,179022000.0,438408000.0,188468000.0,188468000.0,53804000.0,,,,,0.0,62993000.0,1.0,188291056.0,188291056.0,,1.001,2660617000.0,0.0,2226000.0,0.0,14.13,2095082000.0
29,CMVT,MRQ,2003-03-31,2003-04-30,2003-04-30,2021-08-25,5909000.0,2302223000.0,,2034369000.0,267854000.0,,8.221,-10792000.0,1418238000.0,1418238000.0,80373000.0,-5819000.0,6.663,0.433,346288000.0,0.0,346288000.0,346288000.0,0.0,0.0,0.0,0.0,0.0,-3839000.0,-3839000.0,-0.021,-3839000.0,-3839000.0,-3839000.0,-0.03,-0.03,-0.03,1547066000.0,,1547066000.0,1488104319.0,-14.0,-36.83,26502000.0,0.141,1.0,100179000.0,0.555,0.0,0.0,924953000.0,,43315000.0,335504000.0,335504000.0,0.0,669415000.0,305320000.0,364095000.0,2454008319.0,15455000.0,0.0,5319000.0,-83261000.0,0.0,-81026000.0,59187000.0,69979000.0,37294000.0,0.0,-5819000.0,-5819000.0,-5819000.0,0.0,0.0,-0.032,116560000.0,-16381000.0,249683000.0,0.0,1.586,-21.966,-21.733,140601000.0,0.0,13.04,3.48,3.48,184027000.0,439466000.0,180552000.0,180552000.0,54488000.0,,,,,0.0,62072000.0,1.0,188190822.0,188190822.0,,0.959,2302223000.0,0.0,1980000.0,0.0,12.233,1729049000.0
30,CMVT,MRQ,2002-12-31,2003-01-31,2003-01-31,2021-08-25,6912000.0,2403659000.0,,2126858000.0,276801000.0,,8.255,-16314000.0,1402783000.0,1402783000.0,82487000.0,-30142000.0,5.902,0.497,436883000.0,46045000.0,390838000.0,436883000.0,0.0,67355000.0,0.0,0.0,0.0,-31271000.0,36084000.0,0.205,36084000.0,-31271000.0,-31271000.0,-0.16,-0.16,-0.16,1549692000.0,,1549692000.0,853961141.0,-7.0,-14.516,48028000.0,0.256,1.0,93529000.0,0.531,0.0,0.0,1077408000.0,,40015000.0,406089000.0,406089000.0,0.0,770419000.0,360351000.0,410068000.0,1787218141.0,-397772000.0,-3365000.0,-76569000.0,38981000.0,0.0,40417000.0,-502531000.0,-482852000.0,64342000.0,0.0,-30142000.0,-30142000.0,-30142000.0,0.0,0.0,-0.171,134055000.0,-40526000.0,260810000.0,0.0,1.153,-13.803,-13.797,146380000.0,0.0,9.52,2.429,2.429,212953000.0,445285000.0,176016000.0,176016000.0,54280000.0,,,,,0.0,66777000.0,1.0,187732998.0,187732998.0,,0.938,2403659000.0,0.0,-1129000.0,0.0,12.804,1766507000.0
31,CMVT,MRQ,2002-09-30,2002-10-31,2002-10-31,2021-08-25,4239000.0,2439451000.0,,2148936000.0,290515000.0,,8.399,-7245000.0,1328077000.0,1328077000.0,84512000.0,-79683000.0,5.829,0.496,394820000.0,0.0,394820000.0,394820000.0,0.0,0.0,0.0,0.0,0.0,-77734000.0,-77734000.0,-0.464,-77734000.0,-77734000.0,-77734000.0,-0.43,-0.43,-0.43,1575863000.0,,1575863000.0,410060262.0,-3.0,-5.243,-12559000.0,-0.067,1.0,82957000.0,0.495,0.0,0.0,1137554000.0,,49222000.0,430200000.0,430200000.0,0.0,782124000.0,368640000.0,413484000.0,1367765262.0,-63628000.0,0.0,3818000.0,-42692000.0,0.0,-38874000.0,-19440000.0,-12195000.0,-5314000.0,0.0,-79683000.0,-79683000.0,-79683000.0,0.0,0.0,-0.476,173888000.0,-90931000.0,281490000.0,0.0,0.868,-8.919,-8.576,155586000.0,0.0,7.29,1.658,1.658,278792000.0,475427000.0,167469000.0,167469000.0,54556000.0,,,,,0.0,68414000.0,1.0,187622121.0,187622121.0,,0.893,2439451000.0,0.0,1949000.0,0.0,13.002,1780296000.0
32,CMVT,MRQ,2002-06-30,2002-07-31,2002-07-31,2021-08-25,5157000.0,2533815000.0,,2218567000.0,315248000.0,,8.836,-13719000.0,1391705000.0,1391705000.0,79345000.0,3923000.0,6.382,0.485,434000000.0,0.0,434000000.0,434000000.0,0.0,0.0,0.0,0.0,0.0,5084000.0,5084000.0,0.028,5084000.0,5084000.0,5084000.0,0.02,0.02,0.02,1652646000.0,,1652646000.0,794432847.0,-15.0,80.834,33318000.0,0.178,1.0,101865000.0,0.562,0.0,0.0,1228498000.0,,51055000.0,415294000.0,415294000.0,0.0,801030000.0,347612000.0,453418000.0,1488755847.0,97382000.0,-18059000.0,65980000.0,-165544000.0,0.0,-99564000.0,149909000.0,181687000.0,47037000.0,0.0,3923000.0,3923000.0,3923000.0,0.0,0.0,0.022,136130000.0,-34265000.0,255998000.0,0.0,0.901,-20.685,-19.415,175667000.0,0.0,7.96,1.563,1.563,291169000.0,555110000.0,181210000.0,181210000.0,60834000.0,,,,,0.0,72498000.0,1.0,187029629.0,187029629.0,,0.969,2533815000.0,0.0,1161000.0,0.0,13.548,1870955000.0
33,CMVT,MRQ,2002-03-31,2002-04-30,2002-04-30,2021-08-25,890000.0,2671109000.0,,2360764000.0,310345000.0,,8.541,-10205000.0,1294323000.0,1294323000.0,91777000.0,-23576000.0,6.001,0.635,600000000.0,0.0,600000000.0,600000000.0,0.0,0.0,0.0,0.0,0.0,-17019000.0,-17019000.0,-0.081,-17019000.0,-17019000.0,-22263000.0,-0.13,-0.13,-0.13,1595705000.0,,1595705000.0,1876573443.0,-74.0,48.955,-19424000.0,-0.104,1.0,119417000.0,0.565,0.0,5244000.0,1583400000.0,,58714000.0,583364000.0,583364000.0,0.0,1012923000.0,393386000.0,619537000.0,2247612443.0,-67539000.0,-9706000.0,6771000.0,-533000.0,0.0,6238000.0,-64558000.0,-44647000.0,-9219000.0,0.0,-23576000.0,-23576000.0,-23576000.0,0.0,0.0,-0.112,136436000.0,-17019000.0,309318000.0,0.0,1.409,-46.91,-44.556,178062000.0,0.0,12.03,2.013,2.013,348106000.0,551187000.0,211194000.0,211194000.0,62923000.0,,,,,0.0,73513000.0,1.0,186833952.0,186833952.0,,1.13,2671109000.0,0.0,1313000.0,0.0,14.297,1967378000.0
34,CMVT,MRQ,2001-12-31,2002-01-31,2002-01-31,2021-08-25,4788000.0,2704163000.0,,2397103000.0,307060000.0,,8.684,-32596000.0,1361862000.0,1361862000.0,110997000.0,-54016000.0,6.534,0.635,604696000.0,4696000.0,600000000.0,604696000.0,0.0,63824000.0,0.0,0.0,0.0,-52373000.0,11451000.0,0.043,11451000.0,-52373000.0,-57395000.0,-0.31,-0.3,-0.31,1616408000.0,,1616408000.0,3202034429.0,49.0,24.749,24331000.0,0.131,1.0,154062000.0,0.581,0.0,5022000.0,1580144000.0,,56024000.0,530622000.0,530622000.0,0.0,1026452000.0,366853000.0,659599000.0,3977707429.0,-13811000.0,0.0,-26216000.0,44907000.0,0.0,43686000.0,-114424000.0,-99257000.0,56927000.0,0.0,-54016000.0,-54016000.0,-54016000.0,0.0,0.0,-0.204,207147000.0,-53085000.0,322402000.0,0.0,2.461,72.826,71.233,181761000.0,0.0,21.37,3.132,3.132,371928000.0,574763000.0,265059000.0,265059000.0,71910000.0,,,,,0.0,80550000.0,1.0,186135116.0,186135116.0,,1.424,2704163000.0,0.0,-3379000.0,0.0,14.528,2030250000.0
35,CMVT,MRQ,2001-09-30,2001-10-31,2001-10-31,2021-08-25,5014000.0,2703251000.0,,2358648000.0,344603000.0,,8.977,-13452000.0,1375673000.0,1375673000.0,125210000.0,1695000.0,6.623,0.587,600000000.0,0.0,600000000.0,600000000.0,0.0,0.0,0.0,0.0,0.0,10312000.0,10312000.0,0.035,10312000.0,10312000.0,1874000.0,0.01,0.01,0.01,1665083000.0,,1665083000.0,2714973412.0,14.0,11.204,7101000.0,0.038,1.0,169822000.0,0.576,0.0,8438000.0,1571473000.0,,67314000.0,500231000.0,417874000.0,82357000.0,976624000.0,356105000.0,620519000.0,3489090412.0,1556000.0,0.0,8631000.0,-2678000.0,0.0,5953000.0,-24950000.0,-5304000.0,20553000.0,0.0,1695000.0,1695000.0,1695000.0,0.0,0.0,0.006,159510000.0,10312000.0,310487000.0,0.0,2.095,18.809,17.257,192203000.0,0.0,18.81,2.581,2.581,420545000.0,628779000.0,295032000.0,295032000.0,76198000.0,,,,,0.0,83312000.0,1.0,185491250.0,185491250.0,,1.591,2703251000.0,0.0,179000.0,0.0,14.573,2002543000.0
36,CMVT,MRQ,2001-06-30,2001-07-31,2001-07-31,2021-08-25,5417000.0,2718463000.0,,2359607000.0,358856000.0,,9.657,-16078000.0,1374117000.0,1374117000.0,146651000.0,27984000.0,6.213,0.606,600000000.0,0.0,600000000.0,600000000.0,0.0,0.0,0.0,0.0,0.0,33589000.0,33589000.0,0.097,33589000.0,33589000.0,30168000.0,0.16,0.15,0.16,1655160000.0,,1655160000.0,4388128488.0,18.0,14.985,18586000.0,0.108,1.0,198439000.0,0.575,0.0,3421000.0,1564549000.0,,80678000.0,495689000.0,396661000.0,99028000.0,1002550000.0,379797000.0,622753000.0,4846817488.0,15428000.0,0.0,4406000.0,-329000.0,0.0,4077000.0,-23313000.0,-1405000.0,34664000.0,0.0,27984000.0,27984000.0,27984000.0,0.0,0.0,0.081,164850000.0,33589000.0,303868000.0,0.0,2.928,19.53,19.238,191710000.0,0.0,28.28,3.526,3.526,441574000.0,627084000.0,345090000.0,345090000.0,74990000.0,,,,,0.0,80985000.0,1.0,171386757.0,171386757.0,,2.014,2718463000.0,0.0,2184000.0,0.0,15.862,1979810000.0
37,CMVT,MRQ,2001-03-31,2001-04-30,2001-04-30,2021-08-25,-5772000.0,2663398000.0,,2303271000.0,360127000.0,,7.688,-15535000.0,1358689000.0,1358689000.0,142622000.0,78956000.0,6.238,0.982,900000000.0,0.0,900000000.0,900000000.0,0.0,0.0,0.0,0.0,0.0,74028000.0,74028000.0,0.203,74028000.0,74028000.0,84408000.0,0.46,0.43,0.46,1315385000.0,,1315385000.0,11679448883.0,46.0,37.977,14506000.0,0.085,1.0,222415000.0,0.609,0.0,-10380000.0,1835458000.0,,103074000.0,483785000.0,383294000.0,100491000.0,1292158000.0,369251000.0,922907000.0,11720823883.0,83584000.0,0.0,13179000.0,100000.0,0.0,13279000.0,40264000.0,61204000.0,30041000.0,0.0,78956000.0,78956000.0,78956000.0,0.0,0.0,0.216,148387000.0,74028000.0,263104000.0,0.0,8.911,43.109,41.768,187850000.0,0.0,68.5,8.868,8.868,390546000.0,599100000.0,365037000.0,365037000.0,70198000.0,,,,,0.0,78189000.0,1.0,171106918.0,171106918.0,,2.133,2663398000.0,0.0,5452000.0,0.0,15.566,1934020000.0
38,CMVT,MRQ,2000-12-31,2001-01-31,2001-01-31,2021-08-25,7143000.0,2625264000.0,,2275685000.0,349579000.0,,7.447,-42848000.0,1275105000.0,1275105000.0,151594000.0,76865000.0,5.48,1.08,900000000.0,0.0,900000000.0,900000000.0,0.0,53196000.0,0.0,0.0,0.0,71190000.0,124386000.0,0.359,124386000.0,71190000.0,82279000.0,0.46,0.42,0.46,1236165000.0,,1236165000.0,18344351029.0,78.0,63.735,38362000.0,0.231,1.0,194959000.0,0.563,0.0,-11089000.0,1834853000.0,,115799000.0,557605000.0,460735000.0,96870000.0,1335634000.0,415306000.0,920328000.0,18808964029.0,510492000.0,0.0,-71049000.0,592054000.0,0.0,632399000.0,-203117000.0,-171477000.0,81210000.0,0.0,76865000.0,76865000.0,76865000.0,0.0,0.0,0.222,123769000.0,71190000.0,288921000.0,0.0,15.216,75.497,73.579,183444000.0,0.0,113.312,15.354,15.354,359317000.0,520144000.0,346553000.0,346553000.0,65892000.0,,,,,0.0,73841000.0,1.0,165992693.0,165992693.0,,2.088,2625264000.0,0.0,5414000.0,0.0,15.816,1860379000.0
39,CMVT,MRQ,2000-09-30,2000-10-31,2000-10-31,2021-08-25,2718000.0,1879297000.0,,1600461000.0,278836000.0,,6.759,-32724000.0,764613000.0,764613000.0,119024000.0,64362000.0,4.044,0.643,300000000.0,0.0,300000000.0,300000000.0,0.0,0.0,0.0,0.0,0.0,60827000.0,60827000.0,0.191,60827000.0,60827000.0,69127000.0,0.39,0.35,0.39,1112826000.0,,1112826000.0,18223904851.0,87.0,74.504,29464000.0,0.179,1.0,198942000.0,0.626,0.0,-8300000.0,1018881000.0,,124626000.0,381891000.0,320059000.0,61832000.0,714992000.0,395803000.0,319189000.0,18398804851.0,288572000.0,0.0,47037000.0,-690000.0,0.0,183516000.0,42868000.0,79382000.0,62188000.0,0.0,64362000.0,64362000.0,64362000.0,0.0,0.0,0.202,138115000.0,60827000.0,271008000.0,0.0,16.533,82.076,78.697,160602000.0,0.0,111.75,16.274,16.274,328057000.0,443279000.0,317966000.0,317966000.0,60461000.0,,,,,0.0,67549000.0,1.0,164642549.0,164642549.0,,1.931,1879297000.0,0.0,4765000.0,0.0,11.414,1204658000.0
40,CMVT,MRQ,2000-06-30,2000-07-31,2000-07-31,2021-08-25,3772000.0,1606656000.0,,1371097000.0,235559000.0,,5.869,-24889000.0,474900000.0,474900000.0,109989000.0,51703000.0,3.835,0.755,300000000.0,0.0,300000000.0,300000000.0,0.0,0.0,0.0,0.0,0.0,48298000.0,48298000.0,0.165,48298000.0,48298000.0,55703000.0,0.33,0.3,0.33,915696000.0,,915696000.0,13587032432.0,69.0,58.595,57661000.0,0.37,1.0,182081000.0,0.623,0.0,-7405000.0,1074236000.0,,116688000.0,462861000.0,420159000.0,42702000.0,690960000.0,357520000.0,333440000.0,13690336432.0,66312000.0,0.0,13981000.0,-6093000.0,0.0,7888000.0,-24126000.0,4593000.0,82550000.0,0.0,51703000.0,51703000.0,51703000.0,0.0,0.0,0.177,133783000.0,48298000.0,249376000.0,0.0,14.951,67.162,65.977,141660000.0,0.0,87.75,13.095,13.095,306141000.0,390148000.0,292070000.0,292070000.0,55128000.0,,,,,0.0,61705000.0,1.0,156015230.0,156015230.0,,1.872,1606656000.0,0.0,4000000.0,0.0,10.298,1013577000.0
41,CMVT,MRQ,2000-03-31,2000-04-30,2000-04-30,2021-08-25,4185000.0,1498617000.0,,1292017000.0,206600000.0,,5.484,-12365000.0,403304000.0,403304000.0,102051000.0,56206000.0,3.982,0.79,300000000.0,0.0,300000000.0,300000000.0,0.0,0.0,0.0,0.0,0.0,60854000.0,60854000.0,0.227,60854000.0,60854000.0,60854000.0,0.36,0.32,0.36,837337000.0,,837337000.0,13615953568.0,70.0,59.61,6178000.0,0.04,1.0,166418000.0,0.62,0.0,0.0,1070877000.0,,120192000.0,467978000.0,437791000.0,30187000.0,661280000.0,324436000.0,336844000.0,13618382568.0,65948000.0,0.0,10031000.0,2215000.0,0.0,70308000.0,-22903000.0,-6950000.0,18543000.0,0.0,56206000.0,56206000.0,56206000.0,0.0,0.0,0.209,112109000.0,54309000.0,224126000.0,0.0,16.264,70.503,69.138,125867000.0,0.0,89.188,14.036,14.036,282830000.0,342295000.0,268469000.0,268469000.0,50717000.0,,,,,0.0,56512000.0,1.0,152693848.0,152693848.0,,1.758,1498617000.0,0.0,4648000.0,0.0,9.815,967581000.0
42,CMVT,MRQ,1999-12-31,2000-01-31,2000-01-31,2021-08-25,2423000.0,1372847000.0,,1190763000.0,182084000.0,,4.747,-25332000.0,342535000.0,342535000.0,115865000.0,51897000.0,3.582,0.894,300000000.0,0.0,300000000.0,300000000.0,0.0,34969000.0,0.0,0.0,0.0,39654000.0,74623000.0,0.296,74623000.0,39654000.0,56249000.0,0.34,0.32,0.34,724839000.0,,724839000.0,10943811228.0,64.0,52.813,31183000.0,0.204,1.0,136202000.0,0.54,0.0,-16595000.0,997853000.0,,101728000.0,458803000.0,439054000.0,19749000.0,648008000.0,332459000.0,315549000.0,10946240228.0,36239000.0,0.0,12289000.0,4056000.0,0.0,16345000.0,-36621000.0,-21282000.0,56515000.0,0.0,51897000.0,51897000.0,51897000.0,0.0,0.0,0.206,86016000.0,50186000.0,235860000.0,0.0,15.102,63.219,60.242,126101000.0,0.0,71.688,12.033,12.033,266203000.0,282764000.0,252067000.0,252067000.0,46921000.0,,,,,0.0,53165000.0,1.0,152693848.0,152693848.0,,1.651,1372847000.0,0.0,4352000.0,0.0,8.991,858304000.0
43,CMVT,MRQ,1999-09-30,1999-10-31,1999-10-31,2021-08-25,1289000.0,1241130000.0,,1080435000.0,160695000.0,,4.543,-46138000.0,302429000.0,302429000.0,89923000.0,44035000.0,3.83,0.917,300000000.0,0.0,300000000.0,300000000.0,0.0,0.0,0.0,0.0,0.0,48104000.0,48104000.0,0.207,48104000.0,48104000.0,48104000.0,0.3,0.27,0.3,647567000.0,,647567000.0,8201592088.0,50.0,43.72,9073000.0,0.064,1.0,142970000.0,0.614,0.0,0.0,956619000.0,,68866000.0,435421000.0,424455000.0,10966000.0,593563000.0,282082000.0,311481000.0,8090036088.0,-150000.0,0.0,12118000.0,-422000.0,0.0,11696000.0,-67057000.0,-17879000.0,55211000.0,0.0,44035000.0,44035000.0,44035000.0,0.0,0.0,0.189,99066000.0,43904000.0,229999000.0,0.0,12.493,53.611,53.538,117175000.0,0.0,56.75,9.484,9.484,238034000.0,235355000.0,232893000.0,232893000.0,43183000.0,,,,,0.0,50287000.0,1.0,142555702.0,142555702.0,,1.634,1241130000.0,0.0,4069000.0,0.0,8.706,798353000.0
44,CMVT,MRQ,1999-06-30,1999-07-31,1999-07-31,2021-08-25,2576000.0,1147586000.0,,1026500000.0,121086000.0,,3.448,-15325000.0,303444000.0,303444000.0,83839000.0,41023000.0,4.294,1.381,415000000.0,0.0,415000000.0,415000000.0,0.0,0.0,0.0,0.0,0.0,44836000.0,44836000.0,0.207,44836000.0,44836000.0,44836000.0,0.29,0.26,0.29,481976000.0,,481976000.0,5085603313.0,34.0,29.625,26937000.0,0.193,1.0,132971000.0,0.613,0.0,0.0,1020109000.0,,49535000.0,419107000.0,409384000.0,9723000.0,665610000.0,239033000.0,426577000.0,5281172313.0,-305775000.0,0.0,14088000.0,-134000.0,0.0,13954000.0,-361991000.0,-342911000.0,42262000.0,0.0,41023000.0,41023000.0,41023000.0,0.0,0.0,0.189,91457000.0,41514000.0,208325000.0,0.0,10.957,38.836,38.552,78340000.0,0.0,37.781,6.616,6.616,224834000.0,193771000.0,216810000.0,216810000.0,40913000.0,,,,,0.0,45812000.0,1.0,139782890.0,139782890.0,,1.551,1147586000.0,0.0,3813000.0,0.0,8.21,787467000.0
45,CMVT,MRQ,1999-03-31,1999-04-30,1999-04-30,2021-08-25,2223000.0,1080421000.0,,968653000.0,111768000.0,,3.067,-11325000.0,610569000.0,610569000.0,77427000.0,35637000.0,4.292,1.526,415000000.0,0.0,415000000.0,415000000.0,0.0,0.0,0.0,0.0,0.0,39069000.0,39069000.0,0.195,39069000.0,39069000.0,39069000.0,0.26,0.23,0.26,427685000.0,,427685000.0,4422181571.0,33.0,28.405,12037000.0,0.086,1.0,123080000.0,0.614,0.0,0.0,659150000.0,,42224000.0,75867000.0,67183000.0,8684000.0,652736000.0,225702000.0,427034000.0,4471436571.0,24930000.0,0.0,12068000.0,-436000.0,0.0,11632000.0,-10064000.0,4459000.0,23362000.0,0.0,35637000.0,35637000.0,35637000.0,0.0,0.0,0.178,87020000.0,36060000.0,194688000.0,0.0,10.455,36.944,36.025,70401000.0,0.0,32.062,5.971,5.971,213842000.0,153370000.0,200507000.0,200507000.0,38417000.0,,,,,0.0,42845000.0,1.0,139460010.0,139460010.0,,1.438,1080421000.0,0.0,3432000.0,0.0,7.747,742951000.0
46,CMVT,MRQ,1998-12-31,1999-01-31,1999-01-31,2021-08-25,3637000.0,1031393000.0,,932637000.0,98756000.0,,2.848,-17640000.0,583959000.0,583959000.0,83583000.0,30207000.0,4.139,1.702,415000000.0,0.0,415000000.0,415000000.0,0.0,22106000.0,0.0,0.0,0.0,33477000.0,55583000.0,0.274,55583000.0,33477000.0,33477000.0,0.21,0.19,0.21,381662000.0,,381662000.0,3978665484.0,33.0,27.774,38163000.0,0.285,1.0,119230000.0,0.588,0.0,0.0,637078000.0,,46689000.0,81560000.0,73658000.0,7902000.0,649731000.0,225356000.0,424375000.0,3751910484.0,393939000.0,0.0,19877000.0,1329000.0,0.0,21206000.0,316930000.0,327894000.0,55803000.0,0.0,30207000.0,30207000.0,30207000.0,0.0,0.0,0.149,88351000.0,30879000.0,184870000.0,0.0,9.83,34.306,34.568,61445000.0,0.0,28.0,5.293,5.293,192317000.0,118086000.0,202813000.0,202813000.0,37389000.0,,,,,0.0,46300000.0,1.0,133996803.0,133996803.0,,1.514,1031393000.0,0.0,3270000.0,0.0,7.697,707281000.0
47,CMVT,MRQ,1998-09-30,1998-10-31,1998-10-31,2021-08-25,2141000.0,960856000.0,,871658000.0,89198000.0,,2.469,-5869000.0,188311000.0,188311000.0,70949000.0,29121000.0,4.16,1.93,415066000.0,66000.0,415000000.0,415066000.0,0.0,0.0,0.0,0.0,0.0,32176000.0,32176000.0,0.181,32176000.0,32176000.0,32176000.0,0.22,0.205,0.22,327923000.0,,327923000.0,2021554098.0,,,44055000.0,0.332,1.0,107158000.0,0.602,0.0,0.0,978064000.0,,55722000.0,407673000.0,400414000.0,7259000.0,632933000.0,209547000.0,423386000.0,2036501098.0,41764000.0,0.0,3226000.0,-1195000.0,0.0,2031000.0,-10191000.0,-2258000.0,49924000.0,0.0,29121000.0,29121000.0,29121000.0,0.0,0.0,0.164,77245000.0,29913000.0,170804000.0,0.0,6.21,,,53976000.0,0.0,15.333,,,194208000.0,85717000.0,178107000.0,178107000.0,34226000.0,,,,,0.0,38644000.0,1.0,132815289.0,132815289.0,,1.341,960856000.0,0.0,3055000.0,0.0,7.235,662111000.0
48,CMVT,MRQ,1998-06-30,1998-07-31,1998-07-31,2021-08-25,1130000.0,902865000.0,,812048000.0,90817000.0,,1.766,-3604000.0,146547000.0,146547000.0,67716000.0,26067000.0,4.824,1.28,131600000.0,16600000.0,115000000.0,131600000.0,0.0,0.0,0.0,0.0,0.0,28856000.0,28856000.0,0.172,28856000.0,28856000.0,28856000.0,0.2,0.18,0.2,231390000.0,,231390000.0,2189723682.0,,,18175000.0,0.139,1.0,99688000.0,0.595,0.0,0.0,719577000.0,,54965000.0,403684000.0,394221000.0,9463000.0,296262000.0,168341000.0,127921000.0,2230036682.0,-25280000.0,0.0,9976000.0,271441000.0,0.0,281417000.0,-328476000.0,-322485000.0,21779000.0,0.0,26067000.0,26067000.0,26067000.0,0.0,0.0,0.156,72667000.0,27021000.0,125941000.0,0.0,9.638,,,52916000.0,0.0,17.021,,,178765000.0,6559000.0,167404000.0,167404000.0,31932000.0,,,,,0.0,36838000.0,1.0,131018067.0,131018067.0,,1.278,902865000.0,0.0,2789000.0,0.0,6.891,643707000.0
49,CMVT,MRQ,1998-03-31,1998-04-30,1998-04-30,2021-08-25,1812000.0,576142000.0,,492308000.0,83834000.0,,1.984,-7639000.0,171827000.0,171827000.0,65865000.0,23970000.0,2.6,1.223,131514000.0,16514000.0,115000000.0,131514000.0,0.0,0.0,0.0,0.0,0.0,25020000.0,25020000.0,0.156,25020000.0,25020000.0,26639000.0,0.185,0.17,0.185,259204000.0,,259204000.0,2013888587.0,,,-31523000.0,-0.241,1.0,94616000.0,0.59,0.0,-1619000.0,346458000.0,,55703000.0,82921000.0,74400000.0,8521000.0,316938000.0,189371000.0,127567000.0,2063143587.0,-9028000.0,0.0,3162000.0,452000.0,0.0,3614000.0,11242000.0,21106000.0,-23884000.0,0.0,23970000.0,23970000.0,23970000.0,0.0,0.0,0.149,69596000.0,25020000.0,130496000.0,0.0,7.96,,,56425000.0,0.0,15.792,,,158308000.0,30529000.0,160481000.0,160481000.0,30654000.0,,,,,0.0,35324000.0,1.0,130647615.0,130647615.0,,1.228,576142000.0,0.0,2669000.0,0.0,4.41,302937000.0
50,CMVT,MRQ,1997-12-31,1997-12-31,1997-12-31,2021-08-25,1109000.0,457563000.0,,405499000.0,52064000.0,,2.005,-14842000.0,173531000.0,173531000.0,41856000.0,-16265000.0,5.393,0.75,131970000.0,16970000.0,115000000.0,131970000.0,0.0,22000000.0,0.0,0.0,0.0,-21050000.0,950000.0,0.011,950000.0,-21050000.0,-21050000.0,-0.13,-0.12,-0.13,261482000.0,,261482000.0,,,,-12037000.0,-0.092,1.0,46897000.0,0.528,0.0,0.0,340806000.0,,35220000.0,108346000.0,101487000.0,6859000.0,196081000.0,75196000.0,120885000.0,1695011136.0,24673000.0,0.0,7758000.0,14835000.0,0.0,22593000.0,-725000.0,9818000.0,2805000.0,0.0,-16265000.0,-16265000.0,-16265000.0,0.0,0.0,-0.183,68804000.0,-21907000.0,48732000.0,0.0,6.482,49.095,48.148,25105000.0,0.0,13.0,3.467,3.467,79783000.0,114856000.0,88753000.0,88753000.0,23579000.0,,,,,0.0,43294000.0,1.0,130385472.0,130385472.0,,0.681,457563000.0,2163000.0,-4785000.0,0.0,3.509,330303000.0
51,CMVT,MRQ,1997-09-30,1997-09-30,1997-09-30,2021-08-25,,,,,,,,-8483000.0,,,55246000.0,18246000.0,,,,,,,,0.0,,0.0,0.0,23422000.0,23422000.0,0.167,23422000.0,23422000.0,23422000.0,0.143,0.13,0.143,,,,,,,-19664000.0,,1.0,85081000.0,0.606,,0.0,,,,,,,,,,,-15848000.0,0.0,1933000.0,4283000.0,0.0,6216000.0,-10883000.0,-886000.0,-11181000.0,0.0,18246000.0,18246000.0,18246000.0,0.0,0.0,0.13,62988000.0,22093000.0,,0.0,,,,,0.0,17.583,,,,,140327000.0,140327000.0,27188000.0,,,,,0.0,32543000.0,1.0,,,,,,,5176000.0,,,
52,CMVT,MRQ,1997-06-30,1997-06-30,1997-06-30,2021-08-25,,,,,,,,-10902000.0,,,52911000.0,17050000.0,,,,,,,,0.0,,0.0,0.0,21792000.0,21792000.0,0.164,21792000.0,21792000.0,21792000.0,0.137,0.123,0.137,,,,,,,17736000.0,,1.0,80101000.0,0.602,,0.0,,,,,,,,,,,-10902000.0,0.0,9986000.0,-9595000.0,0.0,391000.0,-39931000.0,-27801000.0,28638000.0,0.0,17050000.0,17050000.0,17050000.0,0.0,0.0,0.128,60120000.0,19981000.0,,0.0,,,,,0.0,17.333,,,,,133012000.0,133012000.0,23207000.0,,,,,0.0,33367000.0,1.0,,,,,,,4742000.0,,,
53,CMVT,MRQ,1997-03-31,1997-03-31,1997-03-31,2021-08-25,,,,,,,,-8313000.0,,,52627000.0,15494000.0,,,,,,,,0.0,,0.0,0.0,18878000.0,18878000.0,0.149,18878000.0,18878000.0,19759000.0,0.123,0.113,0.123,,,,,,,-7274000.0,,1.0,74221000.0,0.585,,-881000.0,,,,,,,,,,,-20656000.0,0.0,3364000.0,19466000.0,0.0,22830000.0,-44525000.0,-34655000.0,1039000.0,0.0,15494000.0,15494000.0,15494000.0,0.0,0.0,0.122,55343000.0,18878000.0,,0.0,,,,,0.0,13.167,,,,,126848000.0,126848000.0,22652000.0,,,,,0.0,29100000.0,1.0,,,,,,,4265000.0,,,
54,CMVT,MRQ,1996-12-31,1996-12-31,1996-12-31,2021-08-25,1491000.0,390901000.0,,350977000.0,39924000.0,,,,196724000.0,196724000.0,,,5.976,0.843,126195000.0,11195000.0,115000000.0,126195000.0,0.0,,0.0,0.0,0.0,,,,,,,,,,212058000.0,,212058000.0,,,,,,1.0,,,0.0,,261644000.0,,31494000.0,55252000.0,49464000.0,5788000.0,178843000.0,58728000.0,120115000.0,,,,,,,,,,,,,,,,,,,,40531000.0,,,,34.475,18041000.0,,12.583,,,63540000.0,71356000.0,,,,,,,,,,1.0,,,,,390901000.0,721000.0,,0.0,,292249000.0
0,CMVT,MRT,2012-09-30,2012-10-31,2012-10-31,2021-08-25,-19917000.0,1649985000.0,2353374750.0,503163000.0,1146822000.0,0.567,2.03,-21147000.0,273539000.0,273539000.0,589787000.0,-12966000.0,1.351,2.411,592584000.0,6438000.0,586146000.0,592584000.0,152910000.0,0.0,0.0,0.0,0.0,28253000.0,28253000.0,0.021,28253000.0,28253000.0,-3370000.0,-0.19,-0.19,-0.19,445109000.0,423169500.0,445109000.0,1586362410.0,56.0,56.148,9472000.0,0.043,1.0,744507000.0,0.558,1051221000.0,31623000.0,545478000.0,581651750.0,11711000.0,0.0,0.0,0.0,1073080000.0,372331000.0,700749000.0,1444725410.0,-184325000.0,-11742000.0,13355000.0,-9440000.0,0.0,-219193000.0,7407000.0,43522000.0,30619000.0,-3158000.0,-45324000.0,-45324000.0,-45324000.0,-17277000.0,32358000.0,-0.034,713106000.0,31401000.0,178748000.0,0.0,3.246,-31.876,-34.684,37167000.0,0.0,6.59,1.083,1.083,157402000.0,-1816949000.0,1334294000.0,1334294000.0,179380000.0,-0.019,-0.107,0.049,0.021,0.0,526779000.0,1.0,219229956.0,219238541.0,219238541.0,6.086,598764000.0,22021000.0,41954000.0,49095000.0,2.731,130832000.0
1,CMVT,MRT,2012-06-30,2012-07-31,2012-07-31,2021-08-25,2730000.0,2516637000.0,2611182500.0,996611000.0,1520026000.0,0.51,1.865,-19330000.0,454525000.0,454525000.0,594644000.0,21068000.0,1.064,4.846,596162000.0,8487000.0,587675000.0,596162000.0,660264000.0,0.0,0.0,0.0,0.0,50571000.0,50571000.0,0.038,50571000.0,50571000.0,18857000.0,-0.04,-0.04,-0.04,408560000.0,403127500.0,408560000.0,1254515960.0,25.0,24.807,-26273000.0,-0.12,1.0,737494000.0,0.554,1222778000.0,31714000.0,498656000.0,565554750.0,40426000.0,0.0,0.0,0.0,1979982000.0,936840000.0,1043142000.0,1189424960.0,-56188000.0,-98482000.0,13355000.0,-1524000.0,0.0,-12624000.0,-27304000.0,105769000.0,-6943000.0,-9317000.0,-13318000.0,-13318000.0,-13318000.0,-49869000.0,34386000.0,-0.01,713625000.0,23869000.0,340064000.0,0.0,2.911,-89.31,-135.75,74855000.0,0.0,5.43,0.893,0.893,315758000.0,-1819848000.0,1332138000.0,1332138000.0,180112000.0,-0.005,-0.033,0.089,0.038,0.0,521686000.0,1.0,219046954.0,219108299.0,219108299.0,6.08,1293859000.0,40720000.0,32175000.0,111050000.0,5.905,59771000.0
2,CMVT,MRT,2012-03-31,2012-04-30,2012-04-30,2021-08-25,2340000.0,2589864000.0,2656661250.0,1027833000.0,1562031000.0,0.499,1.816,-19840000.0,532735000.0,532735000.0,597674000.0,-19505000.0,1.046,5.199,597826000.0,8434000.0,589392000.0,597826000.0,732077000.0,0.0,0.0,0.0,0.0,51730000.0,51730000.0,0.039,51730000.0,51730000.0,19889000.0,-0.23,-0.23,-0.23,397501000.0,383260250.0,397501000.0,1454425831.0,28.0,28.116,-16890000.0,-0.077,1.0,727826000.0,0.549,1255163000.0,31841000.0,417348000.0,549821250.0,50098000.0,0.0,0.0,0.0,2066632000.0,982444000.0,1084188000.0,1412244831.0,-24278000.0,-98482000.0,9495000.0,-1145000.0,0.0,-5167000.0,-17476000.0,115244000.0,2950000.0,-4585000.0,-52741000.0,-52741000.0,-52741000.0,-49829000.0,33236000.0,-0.04,720622000.0,7204000.0,377533000.0,0.0,3.553,-26.777,-28.043,74837000.0,0.0,6.45,1.065,1.065,288947000.0,-1819574000.0,1325500000.0,1325500000.0,179904000.0,-0.02,-0.138,0.094,0.039,0.0,527355000.0,1.0,218952687.0,218855251.0,218855251.0,6.057,1334701000.0,42762000.0,72630000.0,112280000.0,6.099,45389000.0
3,CMVT,MRT,2011-12-31,2012-01-31,2012-01-31,2021-08-25,-8805000.0,2657013000.0,2694992500.0,1066802000.0,1590211000.0,0.592,2.12,-22436000.0,335308000.0,335308000.0,745164000.0,-31019000.0,1.091,4.766,599574000.0,8423000.0,591151000.0,599574000.0,182759000.0,0.0,0.0,0.0,0.0,17557000.0,17557000.0,0.011,17557000.0,17557000.0,-15775000.0,-0.28,-0.28,-0.28,441508000.0,375424250.0,441508000.0,1437744784.0,82.0,81.89,-56720000.0,-0.272,1.0,849233000.0,0.533,1078385000.0,33332000.0,865125000.0,554348000.0,14414000.0,272000.0,272000.0,0.0,2104261000.0,977769000.0,1126492000.0,1318062784.0,-65753000.0,-109780000.0,10060000.0,-11720000.0,0.0,-6367000.0,-26990000.0,104889000.0,-34284000.0,1888000.0,-58726000.0,-58726000.0,-58726000.0,0.0,27707000.0,-0.037,822198000.0,27035000.0,188744000.0,0.0,2.985,-22.444,-22.5,29853000.0,0.0,6.3,0.827,0.823,154764000.0,-1762518000.0,1594397000.0,1594397000.0,213712000.0,-0.022,-0.156,0.032,0.011,0.0,582878000.0,1.0,209216315.0,208301686.0,208301686.0,7.654,1578628000.0,22914000.0,42951000.0,44081000.0,7.579,89033000.0
4,CMVT,MRT,2011-09-30,2011-10-31,2011-10-31,2021-08-25,10094000.0,2681216000.0,2734219750.0,1075012000.0,1606204000.0,0.496,1.773,-17465000.0,481416000.0,481416000.0,601222000.0,-27111000.0,1.017,6.075,601098000.0,8403000.0,592695000.0,601098000.0,757100000.0,0.0,0.0,0.0,0.0,27356000.0,27356000.0,0.02,27356000.0,27356000.0,-7258000.0,-0.23,-0.24,-0.23,364941000.0,368299250.0,364941000.0,1424860868.0,52.0,52.086,-8403000.0,-0.041,1.0,755490000.0,0.557,1262866000.0,34614000.0,481090000.0,436960500.0,53883000.0,50259000.0,50259000.0,0.0,2216850000.0,1056942000.0,1159908000.0,1412740868.0,-14338000.0,-27789000.0,-1426000.0,-12997000.0,0.0,-30069000.0,1342000.0,53337000.0,9062000.0,5327000.0,-47773000.0,-47773000.0,-47773000.0,-42790000.0,20662000.0,-0.035,757024000.0,-1534000.0,381003000.0,0.0,3.871,-29.572,-29.957,77054000.0,0.0,6.89,1.041,1.046,314246000.0,-1770840000.0,1356712000.0,1356712000.0,192507000.0,-0.017,-0.13,0.063,0.02,0.0,545429000.0,1.0,205042216.0,205886126.0,205886126.0,6.59,1418350000.0,59966000.0,40515000.0,85249000.0,6.889,18070000.0
5,CMVT,MRT,2011-06-30,2011-07-31,2011-07-31,2021-08-25,11937000.0,2698552000.0,2754819500.0,1200729000.0,1497823000.0,0.575,1.597,-22794000.0,587180000.0,587180000.0,702287000.0,-100884000.0,1.077,6.922,599300000.0,8195000.0,591105000.0,599300000.0,822241000.0,0.0,0.0,0.0,0.0,2628000.0,2628000.0,0.002,2628000.0,2628000.0,-33097000.0,-0.6,-0.62,-0.6,329091000.0,359133750.0,329091000.0,1548832822.0,589.0,589.358,-65089000.0,-0.316,1.0,880521000.0,0.556,1160279000.0,35725000.0,435722000.0,476588250.0,63482000.0,51852000.0,51852000.0,0.0,2277827000.0,1114671000.0,1163156000.0,1537438822.0,27197000.0,58951000.0,-1426000.0,-17680000.0,0.0,-8508000.0,64255000.0,13270000.0,-42295000.0,13745000.0,-125166000.0,-125166000.0,-125166000.0,5549000.0,24282000.0,-0.079,857934000.0,22587000.0,363586000.0,0.0,4.672,-12.283,-12.5,75662000.0,0.0,7.5,0.971,0.976,326966000.0,-1806530000.0,1582808000.0,1582808000.0,227103000.0,-0.045,-0.349,0.006,0.002,0.0,612173000.0,1.0,204991843.0,206079868.0,206079868.0,7.681,1538273000.0,44974000.0,92069000.0,107599000.0,7.464,86058000.0
6,CMVT,MRT,2011-03-31,2011-04-30,2011-04-30,2021-08-25,16858000.0,2743189000.0,2785948750.0,1208271000.0,1534918000.0,0.58,1.78,-22402000.0,587801000.0,587801000.0,707957000.0,-87169000.0,1.058,6.263,599195000.0,6695000.0,592500000.0,599195000.0,818279000.0,0.0,0.0,0.0,0.0,-30834000.0,-30834000.0,-0.019,-30834000.0,-30834000.0,-64607000.0,-0.53,-0.55,-0.53,366157000.0,362557500.0,366157000.0,1535303870.0,-50.0,-49.793,-102732000.0,-0.499,1.0,908079000.0,0.562,1177334000.0,33773000.0,435455000.0,518321750.0,72805000.0,72432000.0,72432000.0,0.0,2293324000.0,1141794000.0,1151530000.0,1557052870.0,56003000.0,58951000.0,2128000.0,-41039000.0,0.0,-24181000.0,147209000.0,56769000.0,-80330000.0,13305000.0,-109642000.0,-109642000.0,-109642000.0,9399000.0,22473000.0,-0.068,907726000.0,353000.0,367654000.0,0.0,4.252,-14.201,-14.377,68366000.0,0.0,7.62,0.964,0.97,301760000.0,-1766833000.0,1616036000.0,1616036000.0,240631000.0,-0.039,-0.302,-0.059,-0.019,0.0,649530000.0,1.0,204337647.0,205699533.0,205699533.0,7.856,1565855000.0,61247000.0,45035000.0,77281000.0,7.612,66477000.0
7,CMVT,MRT,2010-12-31,2011-01-31,2011-01-31,2021-08-25,14919000.0,2813922000.0,2839163500.0,1296062000.0,1517860000.0,0.572,2.013,-22869000.0,654507000.0,654507000.0,718513000.0,-118502000.0,1.088,5.637,591429000.0,8195000.0,583234000.0,591429000.0,830807000.0,0.0,0.0,0.0,0.0,-64277000.0,-64277000.0,-0.04,-64277000.0,-64277000.0,-95090000.0,-0.64,-0.65,-0.64,413008000.0,355511000.0,413008000.0,1318705964.0,-21.0,-20.516,-150151000.0,-0.732,1.0,904914000.0,0.557,1163684000.0,30813000.0,395575000.0,562919750.0,66612000.0,72441000.0,72441000.0,0.0,2328035000.0,1191585000.0,1136450000.0,1340454964.0,6518000.0,55617000.0,-1906000.0,-36202000.0,0.0,-24310000.0,155378000.0,64222000.0,-127282000.0,2732000.0,-132322000.0,-132322000.0,-132322000.0,11039000.0,13820000.0,-0.082,954829000.0,-49915000.0,401940000.0,0.0,3.246,-10.13,-10.25,66843000.0,0.0,6.56,0.826,0.829,319628000.0,-1707638000.0,1623427000.0,1623427000.0,253089000.0,-0.047,-0.372,-0.114,-0.04,0.0,689306000.0,1.0,204337647.0,205162720.0,205162720.0,7.913,1650238000.0,60410000.0,37232000.0,78100000.0,8.044,104477000.0
8,CMVT,MRT,2010-09-30,2010-10-31,2010-10-31,2021-08-25,8582000.0,2763615000.0,2910985750.0,1170106000.0,1593509000.0,0.545,1.599,-23269000.0,452270000.0,452270000.0,724871000.0,-246149000.0,1.061,7.145,600429000.0,2195000.0,598234000.0,600429000.0,827915000.0,0.0,0.0,0.0,0.0,-197754000.0,-197754000.0,-0.125,-197754000.0,-197754000.0,-223513000.0,-1.21,-1.22,-1.21,328279000.0,357880500.0,328279000.0,1571447288.0,-8.0,-7.946,-244590000.0,-1.192,1.0,860877000.0,0.543,1169145000.0,25759000.0,639601000.0,629119750.0,72502000.0,69566000.0,0.0,69566000.0,2345576000.0,1103028000.0,1242548000.0,1634226288.0,-172345000.0,-15292000.0,-681000.0,-26999000.0,0.0,-2539000.0,51270000.0,40571000.0,-221321000.0,245000.0,-248206000.0,-248206000.0,-248206000.0,49153000.0,2057000.0,-0.157,1016515000.0,-155638000.0,397129000.0,0.0,4.978,-6.584,-6.612,70193000.0,0.0,8.0,1.031,1.036,328602000.0,-1723067000.0,1585748000.0,1585748000.0,260394000.0,-0.085,-0.694,-0.314,-0.125,0.0,740989000.0,1.0,204278286.0,205264632.0,205264632.0,7.725,1594470000.0,67111000.0,24693000.0,101386000.0,7.768,67078000.0
9,CMVT,MRT,2010-06-30,2010-07-31,2010-07-31,2021-08-25,4260000.0,2823069000.0,,1189909000.0,1633160000.0,,1.67,-22802000.0,484372000.0,484372000.0,733601000.0,-295929000.0,1.024,7.027,600429000.0,0.0,600429000.0,600429000.0,910956000.0,0.0,0.0,0.0,0.0,-298583000.0,-298583000.0,-0.194,-298583000.0,-298583000.0,-322092000.0,-1.43,-1.43,-1.43,342786000.0,,342786000.0,1374854345.0,-5.0,-4.605,-247395000.0,-1.205,1.0,804500000.0,0.523,1174664000.0,23509000.0,602656000.0,,81577000.0,69349000.0,0.0,69349000.0,2408597000.0,1161806000.0,1246791000.0,1515036345.0,-212387000.0,-15292000.0,-681000.0,-26467000.0,0.0,-21031000.0,35571000.0,40823000.0,-224593000.0,-2334000.0,-293029000.0,-293029000.0,-293029000.0,80769000.0,-2900000.0,-0.191,1032022000.0,-227522000.0,391141000.0,0.0,4.42,-5.17,-5.245,93783000.0,0.0,7.5,0.985,1.001,310285000.0,-1681364000.0,1538101000.0,1538101000.0,264321000.0,,,,-0.194,0.0,755410000.0,1.0,202004846.0,205248892.0,205248892.0,7.494,1648405000.0,66553000.0,-29063000.0,77585000.0,8.031,28103000.0
10,CMVT,MRT,2010-03-31,2010-04-30,2010-04-30,2021-08-25,9573000.0,2956048000.0,,1276402000.0,1679646000.0,,1.65,-26454000.0,509536000.0,509536000.0,714269000.0,-320415000.0,1.003,7.517,622527000.0,22098000.0,600429000.0,622527000.0,971493000.0,0.0,0.0,0.0,0.0,-306789000.0,-306789000.0,-0.204,-306789000.0,-306789000.0,-331448000.0,-1.52,-1.52,-1.52,337971000.0,,337971000.0,1714222486.0,-6.0,-5.588,-196558000.0,-0.959,1.0,788308000.0,0.525,1182717000.0,24659000.0,613847000.0,,88576000.0,98529000.0,28923000.0,69606000.0,2540606000.0,1272475000.0,1268131000.0,1854404486.0,-685525000.0,-15381000.0,-647000.0,-423437000.0,0.0,-428915000.0,-90866000.0,-14100000.0,-170104000.0,4360000.0,-312411000.0,-312411000.0,-312411000.0,60825000.0,-8004000.0,-0.208,1038862000.0,-250554000.0,410547000.0,0.0,5.487,-5.936,-6.039,97002000.0,0.0,9.18,1.234,1.252,332646000.0,-1657191000.0,1502577000.0,1502577000.0,268016000.0,,,,-0.204,0.0,757773000.0,1.0,202004846.0,204882544.0,204882544.0,7.334,1773331000.0,65574000.0,-19037000.0,62265000.0,8.655,3927000.0
11,CMVT,MRT,2009-12-31,2010-01-31,2010-01-31,2021-08-25,19257000.0,3101211000.0,3424739500.0,1397841000.0,1703370000.0,0.448,2.066,-26159000.0,631666000.0,631666000.0,719199000.0,-264252000.0,1.121,6.134,623107000.0,22678000.0,600429000.0,623107000.0,987900000.0,0.0,0.0,0.0,0.0,-253679000.0,-253679000.0,-0.165,-253679000.0,-253679000.0,-279060000.0,-1.33,-1.33,-1.33,422486000.0,537872000.0,422486000.0,1780884085.0,-7.0,-7.02,-126879000.0,-0.62,1.0,814738000.0,0.531,1185148000.0,25381000.0,660375000.0,832861500.0,81004000.0,114650000.0,35846000.0,78804000.0,2591489000.0,1247129000.0,1344360000.0,1921066085.0,-504055000.0,-96000.0,-359000.0,-423522000.0,0.0,-491935000.0,80681000.0,116432000.0,-100720000.0,7919000.0,-272035000.0,-272035000.0,-272035000.0,43062000.0,7783000.0,-0.177,1007839000.0,-193101000.0,450680000.0,0.0,4.547,-7.062,-7.15,99541000.0,0.0,9.51,1.252,1.268,310490000.0,-1575316000.0,1533937000.0,1533937000.0,267211000.0,-0.079,-0.506,-0.305,-0.165,0.0,721731000.0,1.0,202004846.0,204513420.0,204513420.0,7.5,1916063000.0,66051000.0,-7025000.0,53987000.0,9.369,150712000.0
12,CMVT,MRT,2009-09-30,2009-10-31,2009-10-31,2021-08-25,,,,,,,,,,,,,,,,,,,,,,0.0,0.0,,,,,,,,,,,,,1556658706.0,,,,,1.0,,,,,,,,,,,,,,1696840706.0,,,,,,,,,,,,,,,,,,,,,,,,,,8.4,,,,,,,,,,,,,,1.0,202004846.0,204550032.0,,,,,,,,
13,CMVT,MRT,2009-06-30,2009-07-31,2009-07-31,2021-08-25,,,,,,,,,,,,,,,,,,,,,,0.0,0.0,,,,,,,,,,,,,1457676332.0,,,,,1.0,,,,,,,,,,,,,,1597858332.0,,,,,,,,,,,,,,,,,,,,,,,,,,7.91,,,,,,,,,,,,,,1.0,202004846.0,204532916.0,,,,,,,,
14,CMVT,MRT,2009-03-31,2009-04-30,2009-04-30,2021-08-25,,,,,,,,,,,,,,,,,,,,,,0.0,0.0,,,,,,,,,,,,,1304152649.0,,,,,1.0,,,,,,,,,,,,,,1444334649.0,,,,,,,,,,,,,,,,,,,,,,,,,,7.15,,,,,,,,,,,,,,1.0,202004846.0,204304791.0,,,,,,,,
15,CMVT,MRT,2008-12-31,2009-01-31,2009-01-31,2021-08-25,-7936000.0,3748268000.0,3958878000.0,1946403000.0,1801865000.0,0.411,3.2,-38972000.0,1107256000.0,1107256000.0,772760000.0,-358788000.0,1.333,4.57,1044477000.0,423565000.0,620912000.0,1044477000.0,988572000.0,0.0,0.0,0.0,0.0,-230579000.0,-230579000.0,-0.142,-230579000.0,-230579000.0,-276405000.0,-1.59,-1.59,-1.59,653258000.0,816741000.0,653258000.0,1136488627.0,-5.0,-4.929,-9287000.0,-0.045,1.0,855867000.0,0.526,1219690000.0,45826000.0,1005348000.0,1013519000.0,85492000.0,343520000.0,223255000.0,120265000.0,2985081000.0,1460451000.0,1524630000.0,1276670627.0,-160263000.0,-11090000.0,-386000.0,11964000.0,0.0,11608000.0,-187990000.0,-57258000.0,29685000.0,-13566000.0,-325252000.0,-325252000.0,-325252000.0,7371000.0,-33536000.0,-0.2,1049672000.0,-193805000.0,443192000.0,0.0,1.954,-3.925,-3.975,120385000.0,0.0,6.32,0.784,0.792,316335000.0,-1303281000.0,1628627000.0,1628627000.0,329148000.0,-0.082,-0.398,-0.228,-0.142,0.0,657680000.0,1.0,202004846.0,204171793.0,204171793.0,7.977,2528578000.0,61650000.0,48847000.0,74245000.0,12.385,485952000.0
16,CMVT,MRT,2007-12-31,2008-01-31,2008-01-31,2021-08-25,21227000.0,4169488000.0,3947889000.0,2205229000.0,1964259000.0,0.437,4.819,-46080000.0,1242802000.0,1242802000.0,835824000.0,-471999000.0,1.432,3.112,1031751000.0,421751000.0,610000000.0,1031751000.0,958691000.0,0.0,0.0,0.0,0.0,-314589000.0,-314589000.0,-0.183,-314589000.0,-314589000.0,-376492000.0,-1.91,-1.91,-1.91,980224000.0,1236828500.0,980224000.0,3162597232.0,-10.0,-10.053,40314000.0,0.198,1.0,887727000.0,0.515,1396630000.0,61903000.0,1021690000.0,1123203500.0,77816000.0,296286000.0,235498000.0,60788000.0,3050625000.0,1540117000.0,1510508000.0,3302779232.0,322862000.0,-958320000.0,-833000.0,588122000.0,0.0,591439000.0,-372101000.0,630568000.0,86394000.0,17130000.0,-389242000.0,-389242000.0,-389242000.0,0.0,-82757000.0,-0.226,1309542000.0,-421815000.0,516930000.0,0.0,3.369,-8.485,-8.56,145088000.0,0.0,16.35,1.916,1.929,381217000.0,-937454000.0,1723551000.0,1723551000.0,376920000.0,-0.099,-0.315,-0.28,-0.183,0.0,737763000.0,1.0,202004846.0,203393994.0,203393994.0,8.474,2772858000.0,107058000.0,12750000.0,70258000.0,13.633,665112000.0
17,CMVT,MRT,2006-12-31,2007-01-31,2007-01-31,2021-08-25,7246000.0,3726290000.0,3697973000.0,2520305000.0,1205985000.0,0.387,7.353,-56717000.0,921347000.0,921347000.0,722677000.0,-313858000.0,1.83,1.369,426793000.0,419943000.0,6850000.0,426793000.0,804153000.0,0.0,0.0,0.0,0.0,-265774000.0,-265774000.0,-0.186,-265774000.0,-265774000.0,-267546000.0,-1.55,-1.55,-1.55,1493433000.0,1600802500.0,1493433000.0,3796892449.0,-14.0,-14.286,-25311000.0,-0.125,1.0,709274000.0,0.495,629481000.0,1772000.0,1224717000.0,1647526000.0,84099000.0,963339000.0,963339000.0,0.0,2044184000.0,1377538000.0,666646000.0,3937074449.0,216710000.0,-215209000.0,0.0,-3536000.0,0.0,9292000.0,170897000.0,441950000.0,31406000.0,5115000.0,-313858000.0,-313858000.0,-313858000.0,0.0,0.0,-0.219,1099069000.0,-389795000.0,433960000.0,0.0,2.636,-12.544,-12.574,151720000.0,0.0,19.49,2.749,2.764,272914000.0,-489869000.0,1431951000.0,1431951000.0,351735000.0,-0.085,-0.196,-0.161,-0.186,0.0,572138000.0,1.0,202004846.0,203093447.0,203093447.0,7.051,3096809000.0,195060000.0,46312000.0,37456000.0,15.248,1142767000.0
18,CMVT,MRT,2005-12-31,2006-01-31,2006-01-31,2021-08-25,14144000.0,3669656000.0,3212054250.0,2662443000.0,1007213000.0,0.36,8.53,-40577000.0,706503000.0,706503000.0,509554000.0,82400000.0,2.899,1.041,429943000.0,3182000.0,426761000.0,429943000.0,837140000.0,0.0,0.0,0.0,0.0,148639000.0,148639000.0,0.129,148639000.0,148639000.0,143718000.0,0.41,0.38,0.41,1708172000.0,1843380000.0,1708172000.0,5392730732.0,36.0,36.281,150907000.0,0.754,1.0,645452000.0,0.559,404400000.0,4921000.0,2070335000.0,2306511500.0,69329000.0,1303403000.0,1303403000.0,0.0,1777514000.0,918361000.0,859153000.0,5532912732.0,8131000.0,-305852000.0,0.0,-88083000.0,0.0,-32192000.0,-149275000.0,200500000.0,191484000.0,-1886000.0,82400000.0,82400000.0,82400000.0,0.0,0.0,0.071,568694000.0,76758000.0,357098000.0,0.0,3.239,67.147,66.805,138314000.0,0.0,27.39,4.79,4.749,275288000.0,-176011000.0,1155006000.0,1155006000.0,244226000.0,0.026,0.045,0.064,0.129,0.0,320309000.0,1.0,202004846.0,200259474.0,214559489.0,5.768,3265256000.0,207258000.0,61318000.0,18025000.0,16.305,1744082000.0
19,CMVT,MRT,2005-09-30,2005-10-31,2005-10-31,2021-08-25,12269000.0,3128841000.0,3025961750.0,2834489000.0,294352000.0,0.369,9.619,-57618000.0,656105000.0,656105000.0,443087000.0,118413000.0,5.45,0.504,515923000.0,96089000.0,419834000.0,515923000.0,0.0,113682000.0,0.0,0.0,0.0,139997000.0,253679000.0,0.227,253679000.0,139997000.0,139997000.0,0.58,0.55,0.58,1936265000.0,1864844250.0,1936265000.0,4898590401.0,35.0,19.31,50189000.0,0.249,1.0,673656000.0,0.603,0.0,0.0,2468596000.0,2349351250.0,131273000.0,1668941000.0,1668941000.0,0.0,975219000.0,520063000.0,455156000.0,5052567401.0,-215746000.0,-11778000.0,-18826000.0,0.0,0.0,56764000.0,-380317000.0,-310698000.0,107807000.0,0.0,118413000.0,118413000.0,118413000.0,0.0,0.0,0.106,584228000.0,89428000.0,304791000.0,0.0,2.609,42.669,43.276,125906000.0,0.0,25.1,4.524,4.524,278958000.0,594599000.0,1116743000.0,1116743000.0,257564000.0,0.039,0.063,0.06,0.125,0.0,326917000.0,1.0,201297506.0,201297506.0,,5.548,3128841000.0,0.0,21584000.0,0.0,15.543,2314426000.0
20,CMVT,MRT,2005-06-30,2005-07-31,2005-07-31,2021-08-25,12997000.0,3052425000.0,2962029250.0,2767498000.0,284927000.0,0.359,9.429,-56691000.0,670139000.0,670139000.0,418943000.0,96077000.0,5.525,0.506,516162000.0,96255000.0,419907000.0,516162000.0,0.0,116510000.0,0.0,0.0,0.0,115311000.0,231821000.0,0.218,231821000.0,115311000.0,115311000.0,0.47,0.45,0.47,1888447000.0,1820150000.0,1888447000.0,4872962672.0,42.0,21.02,29946000.0,0.15,1.0,644313000.0,0.606,0.0,0.0,2397521000.0,2035681750.0,123634000.0,1623101000.0,1623101000.0,0.0,955884000.0,500927000.0,454957000.0,5065004672.0,-254563000.0,-9527000.0,-8167000.0,0.0,0.0,67631000.0,-408831000.0,-342935000.0,86637000.0,0.0,96077000.0,96077000.0,96077000.0,0.0,0.0,0.09,568343000.0,75970000.0,278369000.0,0.0,2.682,52.718,53.809,127301000.0,0.0,25.29,4.764,4.764,258820000.0,556304000.0,1063256000.0,1063256000.0,252772000.0,0.032,0.053,0.057,0.108,0.0,315926000.0,1.0,200276974.0,200276974.0,,5.309,3052425000.0,0.0,19234000.0,0.0,15.241,2266571000.0
21,CMVT,MRT,2005-03-31,2005-04-30,2005-04-30,2021-08-25,10456000.0,2997295000.0,2899307750.0,2713350000.0,283945000.0,0.349,9.224,-55921000.0,708284000.0,708284000.0,397501000.0,74590000.0,5.262,0.519,516242000.0,96300000.0,419942000.0,516242000.0,0.0,116510000.0,0.0,0.0,0.0,91265000.0,207775000.0,0.206,207775000.0,91265000.0,91265000.0,0.37,0.35,0.37,1840636000.0,1777822750.0,1840636000.0,4334167729.0,47.0,20.86,70504000.0,0.353,1.0,613347000.0,0.607,0.0,0.0,2289594000.0,1719119250.0,121748000.0,1567911000.0,1567911000.0,0.0,955774000.0,515659000.0,440115000.0,4547604729.0,-130247000.0,-10035000.0,-12410000.0,-6835000.0,0.0,56439000.0,-313111000.0,-247155000.0,126425000.0,0.0,74590000.0,74590000.0,74590000.0,0.0,0.0,0.074,549050000.0,64297000.0,296160000.0,0.0,2.471,60.968,61.595,123231000.0,0.0,22.79,4.499,4.499,239968000.0,521490000.0,1010848000.0,1010848000.0,245850000.0,0.026,0.042,0.053,0.09,0.0,303989000.0,1.0,199543867.0,199543867.0,,5.066,2997295000.0,0.0,16675000.0,0.0,15.021,2197691000.0
22,CMVT,MRT,2004-12-31,2005-01-31,2005-01-31,2021-08-25,7047000.0,2925286000.0,2828147500.0,2627088000.0,298198000.0,0.339,9.077,-50349000.0,721350000.0,721350000.0,380710000.0,57330000.0,5.588,0.521,507913000.0,87913000.0,420000000.0,507913000.0,0.0,66692000.0,0.0,0.0,0.0,70544000.0,137236000.0,0.143,137236000.0,70544000.0,70544000.0,0.29,0.28,0.29,1794029000.0,1743076250.0,1794029000.0,3154759376.0,45.0,22.988,66679000.0,0.337,1.0,578732000.0,0.603,0.0,0.0,2241694000.0,1436193250.0,107552000.0,1528280000.0,1528280000.0,0.0,935432000.0,470155000.0,465277000.0,4417537376.0,98287000.0,-45634000.0,0.0,-36873000.0,0.0,39123000.0,-57864000.0,38119000.0,117028000.0,0.0,57330000.0,57330000.0,57330000.0,0.0,0.0,0.06,531799000.0,46933000.0,273861000.0,0.0,2.462,77.055,77.069,122174000.0,0.0,22.35,4.604,4.604,199571000.0,497229000.0,959442000.0,959442000.0,241292000.0,0.02,0.033,0.049,0.074,0.0,290445000.0,1.0,197652679.0,197652679.0,,4.854,2925286000.0,0.0,13214000.0,0.0,14.8,2156933000.0
23,CMVT,MRT,2004-09-30,2004-10-31,2004-10-31,2021-08-25,7390000.0,2873111000.0,2778836500.0,2570293000.0,302818000.0,0.325,8.966,-46333000.0,1779783000.0,1779783000.0,362846000.0,41215000.0,6.484,0.526,517005000.0,9752000.0,507253000.0,517005000.0,0.0,121589000.0,0.0,0.0,0.0,52538000.0,174127000.0,0.193,174127000.0,52538000.0,52538000.0,0.21,0.19,0.21,1757488000.0,1712705500.0,1757488000.0,2753031633.0,52.0,15.81,98626000.0,0.503,1.0,540484000.0,0.598,0.0,0.0,1213918000.0,1458605750.0,88032000.0,410675000.0,410675000.0,0.0,925189000.0,396415000.0,528774000.0,4045592633.0,22742000.0,-45389000.0,-110451000.0,-42057000.0,0.0,45972000.0,-168189000.0,-76467000.0,144959000.0,0.0,41215000.0,41215000.0,41215000.0,0.0,0.0,0.046,509202000.0,31282000.0,283697000.0,0.0,2.302,98.158,98.286,121953000.0,0.0,20.64,4.479,4.479,215619000.0,476186000.0,903330000.0,903330000.0,231841000.0,0.015,0.024,0.036,0.058,0.0,279189000.0,1.0,196007395.0,196007395.0,,4.609,2873111000.0,0.0,11323000.0,0.0,14.658,2173878000.0
24,CMVT,MRT,2004-06-30,2004-07-31,2004-07-31,2021-08-25,4428000.0,2801539000.0,2727896000.0,2506180000.0,295359000.0,0.312,8.788,-44181000.0,1808641000.0,1808641000.0,348579000.0,21819000.0,6.635,0.526,516080000.0,8827000.0,507253000.0,516080000.0,0.0,71771000.0,0.0,0.0,0.0,30979000.0,102750000.0,0.121,102750000.0,30979000.0,30979000.0,0.11,0.09,0.11,1719138000.0,1684529250.0,1719138000.0,2088793700.0,67.0,20.329,93149000.0,0.476,1.0,503115000.0,0.591,0.0,0.0,1131271000.0,1559516500.0,66691000.0,378120000.0,378120000.0,0.0,904221000.0,377707000.0,526514000.0,3337510700.0,-13952000.0,-36107000.0,-108578000.0,-68889000.0,0.0,19144000.0,-170426000.0,-90138000.0,137330000.0,0.0,21819000.0,21819000.0,21819000.0,0.0,0.0,0.026,492456000.0,10659000.0,269304000.0,0.0,1.941,152.964,155.091,124222000.0,0.0,17.06,3.919,3.919,197830000.0,460227000.0,851694000.0,851694000.0,224869000.0,0.008,0.013,0.02,0.036,0.0,269313000.0,1.0,195633687.0,195633687.0,,4.354,2801539000.0,0.0,9160000.0,0.0,14.32,2128473000.0
25,CMVT,MRT,2004-03-31,2004-04-30,2004-04-30,2021-08-25,5289000.0,2712654000.0,2692665500.0,2421857000.0,290797000.0,0.3,8.703,-40659000.0,1771809000.0,1771809000.0,336779000.0,7434000.0,7.913,0.493,523092000.0,8864000.0,514228000.0,523092000.0,0.0,71771000.0,0.0,0.0,0.0,15152000.0,86923000.0,0.108,86923000.0,15152000.0,15152000.0,0.03,0.02,0.03,1701650000.0,1659613500.0,1701650000.0,2215057059.0,146.0,25.483,44961000.0,0.23,1.0,469956000.0,0.583,0.0,0.0,1157890000.0,1668163250.0,53735000.0,374864000.0,374864000.0,0.0,839453000.0,306047000.0,533406000.0,3198680059.0,-135021000.0,-41509000.0,26458000.0,170735000.0,0.0,392745000.0,-613386000.0,-531218000.0,85620000.0,0.0,7434000.0,7434000.0,7434000.0,0.0,0.0,0.009,481520000.0,-11564000.0,226526000.0,0.0,1.88,430.277,545.333,119896000.0,0.0,16.36,3.965,3.965,162096000.0,446900000.0,806735000.0,806735000.0,222146000.0,0.003,0.004,0.009,0.019,0.0,260799000.0,1.0,195518341.0,195518341.0,,4.126,2712654000.0,0.0,7718000.0,0.0,13.874,2115810000.0
26,CMVT,MRT,2003-12-31,2004-01-31,2004-01-31,2021-08-25,9353000.0,2728042000.0,2590057750.0,2462284000.0,265758000.0,0.296,8.674,-43111000.0,623063000.0,623063000.0,327560000.0,-5386000.0,7.67,0.535,547372000.0,2649000.0,544723000.0,547372000.0,0.0,71771000.0,0.0,0.0,0.0,2820000.0,74591000.0,0.097,74591000.0,2820000.0,2820000.0,-0.03,-0.03,-0.03,1672546000.0,1620967500.0,1672546000.0,2635226743.0,934.0,35.329,85509000.0,0.443,1.0,438332000.0,0.572,0.0,0.0,2331344000.0,1609929000.0,54751000.0,1575436000.0,1575436000.0,0.0,894018000.0,321007000.0,573011000.0,3384108743.0,-62032000.0,-5910000.0,0.0,117512000.0,0.0,310195000.0,-500847000.0,-451826000.0,128620000.0,0.0,-5386000.0,-5386000.0,-5386000.0,0.0,0.0,-0.007,468710000.0,-30378000.0,229296000.0,0.0,2.023,-628.316,-585.0,125023000.0,0.0,17.55,4.419,4.419,158236000.0,439899000.0,765892000.0,765892000.0,216457000.0,-0.002,-0.003,0.002,0.004,0.0,254376000.0,1.0,192826709.0,192826709.0,,3.972,2728042000.0,0.0,8206000.0,0.0,14.148,2141277000.0
27,CMVT,MRT,2003-09-30,2003-10-31,2003-10-31,2021-08-25,4649000.0,2669349000.0,2508962000.0,2398422000.0,270927000.0,0.294,8.621,-49280000.0,1293795000.0,1293795000.0,326853000.0,-40456000.0,7.918,0.527,544913000.0,0.0,544913000.0,544913000.0,0.0,67355000.0,0.0,0.0,0.0,-35491000.0,31864000.0,0.043,31864000.0,-35491000.0,-35491000.0,-0.22,-0.22,-0.22,1644783000.0,1590254000.0,1644783000.0,2636344252.0,-74.0,82.737,65020000.0,0.341,1.0,412026000.0,0.558,0.0,0.0,1617561000.0,1296445000.0,46711000.0,810149000.0,810149000.0,0.0,866953000.0,302906000.0,564047000.0,3441854252.0,-506760000.0,-9275000.0,95277000.0,161677000.0,0.0,328766000.0,-949826000.0,-891271000.0,114300000.0,0.0,-40456000.0,-40456000.0,-40456000.0,0.0,0.0,-0.055,484880000.0,-72854000.0,257416000.0,0.0,2.093,-85.076,-82.0,130162000.0,0.0,18.04,4.658,4.658,190329000.0,434971000.0,738879000.0,738879000.0,216382000.0,-0.016,-0.025,-0.027,-0.048,0.0,255733000.0,1.0,190790147.0,190790147.0,,3.873,2669349000.0,0.0,4965000.0,0.0,13.991,2095516000.0
28,CMVT,MRT,2003-06-30,2003-07-31,2003-07-31,2021-08-25,-781000.0,2660617000.0,2451487500.0,2384331000.0,276286000.0,0.291,8.601,-47856000.0,1383340000.0,1383340000.0,328696000.0,-116702000.0,8.243,0.548,577830000.0,0.0,577830000.0,577830000.0,0.0,67355000.0,0.0,0.0,0.0,-111676000.0,-44321000.0,-0.062,-44321000.0,-111676000.0,-111676000.0,-0.63,-0.63,-0.63,1619475000.0,1573024000.0,1619475000.0,1690279792.0,-15.0,-38.137,56171000.0,0.298,1.0,383809000.0,0.539,0.0,0.0,1565858000.0,1176443250.0,40455000.0,727033000.0,727033000.0,0.0,887939000.0,289249000.0,598690000.0,2762229792.0,-480843000.0,-9275000.0,74640000.0,145817000.0,0.0,294257000.0,-879127000.0,-821996000.0,104027000.0,0.0,-116702000.0,-116702000.0,-116702000.0,0.0,0.0,-0.164,541067000.0,-157258000.0,245079000.0,0.0,1.706,-23.669,-23.286,137367000.0,0.0,14.67,3.877,3.877,179022000.0,438408000.0,712505000.0,712505000.0,217128000.0,-0.048,-0.074,-0.095,-0.157,0.0,260256000.0,1.0,188291056.0,188291056.0,,3.784,2660617000.0,0.0,5026000.0,0.0,14.13,2095082000.0
29,CMVT,MRT,2003-03-31,2003-04-30,2003-04-30,2021-08-25,5909000.0,2302223000.0,2419787000.0,2034369000.0,267854000.0,0.291,8.221,-48070000.0,1418238000.0,1418238000.0,326717000.0,-111721000.0,6.663,0.433,346288000.0,0.0,346288000.0,346288000.0,0.0,67355000.0,0.0,0.0,0.0,-107760000.0,-40405000.0,-0.057,-40405000.0,-107760000.0,-107760000.0,-0.6,-0.6,-0.6,1547066000.0,1581316750.0,1547066000.0,1488104319.0,-14.0,-36.83,95289000.0,0.506,1.0,378530000.0,0.537,0.0,0.0,924953000.0,1092103250.0,43315000.0,335504000.0,335504000.0,0.0,669415000.0,305320000.0,364095000.0,2454008319.0,-348563000.0,-21424000.0,-1452000.0,-252516000.0,0.0,-179047000.0,-312875000.0,-243381000.0,143359000.0,0.0,-111721000.0,-111721000.0,-111721000.0,0.0,0.0,-0.158,560633000.0,-182103000.0,249683000.0,0.0,1.586,-21.966,-21.733,140601000.0,0.0,13.04,3.48,3.48,184027000.0,439466000.0,705247000.0,705247000.0,224158000.0,-0.046,-0.071,-0.099,-0.153,0.0,269761000.0,1.0,188190822.0,188190822.0,,3.748,2302223000.0,0.0,3961000.0,0.0,12.233,1729049000.0
30,CMVT,MRT,2002-12-31,2003-01-31,2003-01-31,2021-08-25,6912000.0,2403659000.0,2512008500.0,2126858000.0,276801000.0,0.293,8.255,-47483000.0,1402783000.0,1402783000.0,338121000.0,-129478000.0,5.902,0.497,436883000.0,46045000.0,390838000.0,436883000.0,0.0,67355000.0,0.0,0.0,0.0,-126184000.0,-58829000.0,-0.08,-58829000.0,-126184000.0,-126184000.0,-0.69,-0.69,-0.69,1549692000.0,1593476500.0,1549692000.0,853961141.0,-7.0,-14.516,49363000.0,0.263,1.0,397768000.0,0.541,0.0,0.0,1077408000.0,1256715000.0,40015000.0,406089000.0,406089000.0,0.0,770419000.0,360351000.0,410068000.0,1787218141.0,-431557000.0,-31130000.0,0.0,-169788000.0,0.0,-91783000.0,-436620000.0,-358007000.0,96846000.0,0.0,-129478000.0,-129478000.0,-129478000.0,0.0,0.0,-0.176,580509000.0,-182741000.0,260810000.0,0.0,1.153,-13.803,-13.797,146380000.0,0.0,9.52,2.429,2.429,212953000.0,445285000.0,735889000.0,735889000.0,232593000.0,-0.052,-0.081,-0.1,-0.171,0.0,281202000.0,1.0,187732998.0,187732998.0,,3.92,2403659000.0,0.0,3294000.0,0.0,12.804,1766507000.0
31,CMVT,MRT,2002-09-30,2002-10-31,2002-10-31,2021-08-25,4239000.0,2439451000.0,2587134500.0,2148936000.0,290515000.0,0.319,8.399,-63765000.0,1328077000.0,1328077000.0,366631000.0,-153352000.0,5.829,0.496,394820000.0,0.0,394820000.0,394820000.0,0.0,63824000.0,0.0,0.0,0.0,-142042000.0,-78218000.0,-0.095,-78218000.0,-142042000.0,-152308000.0,-0.85,-0.84,-0.85,1575863000.0,1610155500.0,1575863000.0,410060262.0,-3.0,-5.243,25666000.0,0.137,1.0,458301000.0,0.556,0.0,10266000.0,1137554000.0,1382399000.0,49222000.0,430200000.0,430200000.0,0.0,782124000.0,368640000.0,413484000.0,1367765262.0,-47596000.0,-27765000.0,50353000.0,-163862000.0,0.0,-88514000.0,-48513000.0,25588000.0,89431000.0,0.0,-153352000.0,-153352000.0,-153352000.0,0.0,0.0,-0.186,653601000.0,-195300000.0,281490000.0,0.0,0.868,-8.919,-8.576,155586000.0,0.0,7.29,1.658,1.658,278792000.0,475427000.0,824932000.0,824932000.0,250223000.0,-0.059,-0.095,-0.103,-0.172,0.0,294975000.0,1.0,187622121.0,187622121.0,,4.397,2439451000.0,0.0,1044000.0,0.0,13.002,1780296000.0
32,CMVT,MRT,2002-06-30,2002-07-31,2002-07-31,2021-08-25,5157000.0,2533815000.0,2653084500.0,2218567000.0,315248000.0,0.359,8.836,-69972000.0,1391705000.0,1391705000.0,407329000.0,-71974000.0,6.382,0.485,434000000.0,0.0,434000000.0,434000000.0,0.0,63824000.0,0.0,0.0,0.0,-53996000.0,9828000.0,0.01,9828000.0,-53996000.0,-72700000.0,-0.41,-0.4,-0.41,1652646000.0,1632460500.0,1652646000.0,794432847.0,-15.0,80.834,45326000.0,0.242,1.0,545166000.0,0.572,0.0,18704000.0,1228498000.0,1490878750.0,51055000.0,415294000.0,415294000.0,0.0,801030000.0,347612000.0,453418000.0,1488755847.0,17588000.0,-27765000.0,55166000.0,-123848000.0,0.0,-43687000.0,-54023000.0,32479000.0,115298000.0,0.0,-71974000.0,-71974000.0,-71974000.0,0.0,0.0,-0.076,639223000.0,-94057000.0,255998000.0,0.0,0.901,-20.685,-19.415,175667000.0,0.0,7.96,1.563,1.563,291169000.0,555110000.0,952495000.0,952495000.0,271865000.0,-0.027,-0.044,-0.036,-0.057,0.0,309873000.0,1.0,187029629.0,187029629.0,,5.093,2533815000.0,0.0,-726000.0,0.0,13.548,1870955000.0
33,CMVT,MRT,2002-03-31,2002-04-30,2002-04-30,2021-08-25,890000.0,2671109000.0,2699246500.0,2360764000.0,310345000.0,0.414,8.541,-72331000.0,1294323000.0,1294323000.0,474635000.0,-47913000.0,6.001,0.635,600000000.0,0.0,600000000.0,600000000.0,0.0,63824000.0,0.0,0.0,0.0,-25491000.0,38333000.0,0.034,38333000.0,-25491000.0,-47616000.0,-0.27,-0.27,-0.27,1595705000.0,1633089000.0,1595705000.0,1876573443.0,-74.0,48.955,30594000.0,0.164,1.0,641740000.0,0.575,0.0,22125000.0,1583400000.0,1574891500.0,58714000.0,583364000.0,583364000.0,0.0,1012923000.0,393386000.0,619537000.0,2247612443.0,-64366000.0,-9706000.0,-6408000.0,41367000.0,0.0,59954000.0,-227245000.0,-150613000.0,102925000.0,0.0,-47913000.0,-47913000.0,-47913000.0,0.0,0.0,-0.043,667943000.0,-26203000.0,309318000.0,0.0,1.409,-46.91,-44.556,178062000.0,0.0,12.03,2.013,2.013,348106000.0,551187000.0,1116375000.0,1116375000.0,286021000.0,-0.018,-0.029,-0.016,-0.023,0.0,318360000.0,1.0,186833952.0,186833952.0,,5.975,2671109000.0,0.0,297000.0,0.0,14.297,1967378000.0
34,CMVT,MRT,2001-12-31,2002-01-31,2002-01-31,2021-08-25,4788000.0,2704163000.0,2697318750.0,2397103000.0,307060000.0,0.471,8.684,-77661000.0,1361862000.0,1361862000.0,525480000.0,54619000.0,6.534,0.635,604696000.0,4696000.0,600000000.0,604696000.0,0.0,63824000.0,0.0,0.0,0.0,65556000.0,129380000.0,0.102,129380000.0,65556000.0,59055000.0,0.3,0.29,0.3,1616408000.0,1563009000.0,1616408000.0,3202034429.0,49.0,24.749,64524000.0,0.347,1.0,744738000.0,0.586,0.0,6501000.0,1580144000.0,1637906000.0,56024000.0,530622000.0,530622000.0,0.0,1026452000.0,366853000.0,659599000.0,3977707429.0,86757000.0,0.0,0.0,42000000.0,0.0,66995000.0,-122423000.0,-44762000.0,142185000.0,0.0,54619000.0,54619000.0,54619000.0,0.0,0.0,0.043,679894000.0,64844000.0,322402000.0,0.0,2.461,72.826,71.233,181761000.0,0.0,21.37,3.132,3.132,371928000.0,574763000.0,1270218000.0,1270218000.0,293296000.0,0.02,0.035,0.04,0.052,0.0,323036000.0,1.0,186135116.0,186135116.0,,6.824,2704163000.0,0.0,4436000.0,0.0,14.528,2030250000.0
35,CMVT,MRT,2001-09-30,2001-10-31,2001-10-31,2021-08-25,5014000.0,2703251000.0,2677594000.0,2358648000.0,344603000.0,0.505,8.977,-87913000.0,1375673000.0,1375673000.0,566077000.0,185500000.0,6.623,0.587,600000000.0,0.0,600000000.0,600000000.0,0.0,53196000.0,0.0,0.0,0.0,189119000.0,242315000.0,0.179,242315000.0,189119000.0,198729000.0,1.09,1.01,1.09,1665083000.0,1467948250.0,1665083000.0,2714973412.0,14.0,11.204,78555000.0,0.423,1.0,785635000.0,0.581,0.0,-9610000.0,1571473000.0,1701583250.0,67314000.0,500231000.0,417874000.0,82357000.0,976624000.0,356105000.0,620519000.0,3489090412.0,611060000.0,0.0,-44833000.0,589147000.0,0.0,655708000.0,-211116000.0,-116982000.0,166468000.0,0.0,185500000.0,185500000.0,185500000.0,0.0,0.0,0.137,596516000.0,189119000.0,310487000.0,0.0,2.095,18.809,17.257,192203000.0,0.0,18.81,2.581,2.581,420545000.0,628779000.0,1351712000.0,1351712000.0,287278000.0,0.069,0.126,0.111,0.14,0.0,316327000.0,1.0,185491250.0,185491250.0,,7.287,2703251000.0,0.0,13229000.0,0.0,14.573,2002543000.0
36,CMVT,MRT,2001-06-30,2001-07-31,2001-07-31,2021-08-25,5417000.0,2718463000.0,2471605500.0,2359607000.0,358856000.0,0.556,9.657,-107185000.0,1374117000.0,1374117000.0,559891000.0,248167000.0,6.213,0.606,600000000.0,0.0,600000000.0,600000000.0,0.0,53196000.0,0.0,0.0,0.0,239634000.0,292830000.0,0.213,292830000.0,239634000.0,265982000.0,1.47,1.35,1.47,1655160000.0,1329884000.0,1655160000.0,4388128488.0,18.0,14.985,100918000.0,0.589,1.0,814755000.0,0.593,0.0,-26348000.0,1564549000.0,1563435250.0,80678000.0,495689000.0,396661000.0,99028000.0,1002550000.0,379797000.0,622753000.0,4846817488.0,898076000.0,0.0,-6427000.0,591135000.0,0.0,833271000.0,-143298000.0,-32296000.0,208103000.0,0.0,248167000.0,248167000.0,248167000.0,0.0,0.0,0.181,575121000.0,239634000.0,303868000.0,0.0,2.928,19.53,19.238,191710000.0,0.0,28.28,3.526,3.526,441574000.0,627084000.0,1374646000.0,1374646000.0,271541000.0,0.1,0.187,0.153,0.174,0.0,300564000.0,1.0,171386757.0,171386757.0,,8.021,2718463000.0,0.0,17815000.0,0.0,15.862,1979810000.0
37,CMVT,MRT,2001-03-31,2001-04-30,2001-04-30,2021-08-25,-5772000.0,2663398000.0,2193653750.0,2303271000.0,360127000.0,0.602,7.688,-115996000.0,1358689000.0,1358689000.0,523229000.0,271886000.0,6.238,0.982,900000000.0,0.0,900000000.0,900000000.0,0.0,53196000.0,0.0,0.0,0.0,254343000.0,307539000.0,0.233,307539000.0,254343000.0,291517000.0,1.64,1.5,1.64,1315385000.0,1145018000.0,1315385000.0,11679448883.0,46.0,37.977,139993000.0,0.818,1.0,798397000.0,0.604,0.0,-37174000.0,1835458000.0,1440857000.0,103074000.0,483785000.0,383294000.0,100491000.0,1292158000.0,369251000.0,922907000.0,11720823883.0,948960000.0,0.0,3148000.0,585371000.0,0.0,837082000.0,-144111000.0,-26298000.0,255989000.0,0.0,271886000.0,271886000.0,271886000.0,0.0,0.0,0.206,544054000.0,254343000.0,263104000.0,0.0,8.911,43.109,41.768,187850000.0,0.0,68.5,8.868,8.868,390546000.0,599100000.0,1321626000.0,1321626000.0,251679000.0,0.124,0.237,0.177,0.192,0.0,281284000.0,1.0,171106918.0,171106918.0,,7.724,2663398000.0,0.0,19631000.0,0.0,15.566,1934020000.0
38,CMVT,MRT,2000-12-31,2001-01-31,2001-01-31,2021-08-25,7143000.0,2625264000.0,1902458500.0,2275685000.0,349579000.0,0.644,7.447,-112826000.0,1275105000.0,1275105000.0,482658000.0,249136000.0,5.48,1.08,900000000.0,0.0,900000000.0,900000000.0,0.0,53196000.0,0.0,0.0,0.0,234624000.0,287820000.0,0.235,287820000.0,234624000.0,267963000.0,1.54,1.39,1.54,1236165000.0,1025506000.0,1236165000.0,18344351029.0,78.0,63.735,131665000.0,0.793,1.0,742400000.0,0.606,0.0,-33339000.0,1834853000.0,1249711750.0,115799000.0,557605000.0,460735000.0,96870000.0,1335634000.0,415306000.0,920328000.0,18808964029.0,931324000.0,0.0,0.0,587486000.0,0.0,894111000.0,-207278000.0,-94452000.0,244491000.0,0.0,249136000.0,249136000.0,249136000.0,0.0,0.0,0.203,507776000.0,234624000.0,288921000.0,0.0,15.216,75.497,73.579,183444000.0,0.0,113.312,15.354,15.354,359317000.0,520144000.0,1225058000.0,1225058000.0,232198000.0,0.131,0.243,0.188,0.192,0.0,259607000.0,1.0,165992693.0,165992693.0,,7.38,2625264000.0,0.0,18827000.0,0.0,15.816,1860379000.0
39,CMVT,MRT,2000-09-30,2000-10-31,2000-10-31,2021-08-25,2718000.0,1879297000.0,1589354250.0,1600461000.0,278836000.0,0.711,6.759,-95310000.0,764613000.0,764613000.0,446929000.0,224168000.0,4.044,0.643,300000000.0,0.0,300000000.0,300000000.0,0.0,34969000.0,0.0,0.0,0.0,209633000.0,244602000.0,0.216,244602000.0,209633000.0,241933000.0,1.42,1.29,1.42,1112826000.0,897674500.0,1112826000.0,18223904851.0,87.0,74.504,124486000.0,0.756,1.0,683643000.0,0.605,0.0,-32300000.0,1018881000.0,1040461750.0,124626000.0,381891000.0,320059000.0,61832000.0,714992000.0,395803000.0,319189000.0,18398804851.0,457071000.0,0.0,83338000.0,-512000.0,0.0,278057000.0,-40782000.0,55743000.0,219796000.0,0.0,224168000.0,224168000.0,224168000.0,0.0,0.0,0.198,470023000.0,213620000.0,271008000.0,0.0,16.533,82.076,78.697,160602000.0,0.0,111.75,16.274,16.274,328057000.0,443279000.0,1130572000.0,1130572000.0,213227000.0,0.141,0.25,0.201,0.185,0.0,238931000.0,1.0,164642549.0,164642549.0,,6.867,1879297000.0,0.0,17765000.0,0.0,11.414,1204658000.0
40,CMVT,MRT,2000-06-30,2000-07-31,2000-07-31,2021-08-25,3772000.0,1606656000.0,1429812500.0,1371097000.0,235559000.0,0.731,5.869,-108724000.0,474900000.0,474900000.0,417828000.0,203841000.0,3.835,0.755,300000000.0,0.0,300000000.0,300000000.0,0.0,34969000.0,0.0,0.0,0.0,196910000.0,231879000.0,0.222,231879000.0,196910000.0,220910000.0,1.33,1.21,1.33,915696000.0,781359750.0,915696000.0,13587032432.0,69.0,58.595,104095000.0,0.667,1.0,627671000.0,0.6,0.0,-24000000.0,1074236000.0,1024896250.0,116688000.0,462861000.0,420159000.0,42702000.0,690960000.0,357520000.0,333440000.0,13690336432.0,168349000.0,0.0,48419000.0,-244000.0,0.0,106237000.0,-150707000.0,-41518000.0,212819000.0,0.0,203841000.0,203841000.0,203841000.0,0.0,0.0,0.195,430974000.0,196697000.0,249376000.0,0.0,14.951,67.162,65.977,141660000.0,0.0,87.75,13.095,13.095,306141000.0,390148000.0,1045499000.0,1045499000.0,195949000.0,0.143,0.261,0.192,0.188,0.0,221669000.0,1.0,156015230.0,156015230.0,,6.701,1606656000.0,0.0,17069000.0,0.0,10.298,1013577000.0
41,CMVT,MRT,2000-03-31,2000-04-30,2000-04-30,2021-08-25,4185000.0,1498617000.0,1315045000.0,1292017000.0,206600000.0,0.738,5.484,-99160000.0,403304000.0,403304000.0,391678000.0,193161000.0,3.982,0.79,300000000.0,0.0,300000000.0,300000000.0,0.0,34969000.0,0.0,0.0,0.0,193448000.0,228417000.0,0.235,228417000.0,193448000.0,210043000.0,1.29,1.17,1.29,837337000.0,672929750.0,837337000.0,13615953568.0,70.0,59.61,73371000.0,0.481,1.0,578561000.0,0.596,0.0,-16595000.0,1070877000.0,1011364500.0,120192000.0,467978000.0,437791000.0,30187000.0,661280000.0,324436000.0,336844000.0,13618382568.0,-203738000.0,0.0,48526000.0,5715000.0,0.0,112303000.0,-488572000.0,-389022000.0,172531000.0,0.0,193161000.0,193161000.0,193161000.0,0.0,0.0,0.199,388648000.0,189913000.0,224126000.0,0.0,16.264,70.503,69.138,125867000.0,0.0,89.188,14.036,14.036,282830000.0,342295000.0,970239000.0,970239000.0,181734000.0,0.147,0.287,0.191,0.199,0.0,205776000.0,1.0,152693848.0,152693848.0,,6.354,1498617000.0,0.0,16882000.0,0.0,9.815,967581000.0
42,CMVT,MRT,1999-12-31,2000-01-31,2000-01-31,2021-08-25,2423000.0,1372847000.0,1210496000.0,1190763000.0,182084000.0,0.751,4.747,-98120000.0,342535000.0,342535000.0,371589000.0,173147000.0,3.582,0.894,300000000.0,0.0,300000000.0,300000000.0,0.0,34969000.0,0.0,0.0,0.0,172250000.0,207219000.0,0.228,207219000.0,172250000.0,188845000.0,1.19,1.08,1.19,724839000.0,570516750.0,724839000.0,10943811228.0,64.0,52.813,79230000.0,0.519,1.0,538078000.0,0.592,0.0,-16595000.0,997853000.0,908432750.0,101728000.0,458803000.0,439054000.0,19749000.0,648008000.0,332459000.0,315549000.0,10946240228.0,-244756000.0,0.0,50563000.0,3064000.0,0.0,53627000.0,-475733000.0,-377613000.0,177350000.0,0.0,173147000.0,173147000.0,173147000.0,0.0,0.0,0.19,365828000.0,172250000.0,235860000.0,0.0,15.102,63.219,60.242,126101000.0,0.0,71.688,12.033,12.033,266203000.0,282764000.0,909667000.0,909667000.0,169816000.0,0.143,0.303,0.19,0.189,0.0,193996000.0,1.0,152693848.0,152693848.0,,5.957,1372847000.0,0.0,15698000.0,0.0,8.991,858304000.0
43,CMVT,MRT,1999-09-30,1999-10-31,1999-10-31,2021-08-25,1289000.0,1241130000.0,1125132500.0,1080435000.0,160695000.0,0.758,4.543,-90428000.0,302429000.0,302429000.0,334772000.0,150902000.0,3.83,0.917,300000000.0,0.0,300000000.0,300000000.0,0.0,22106000.0,0.0,0.0,0.0,165486000.0,187592000.0,0.22,187592000.0,165486000.0,165486000.0,1.06,0.95,1.06,647567000.0,484722500.0,647567000.0,8201592088.0,50.0,43.72,86210000.0,0.605,1.0,518251000.0,0.608,0.0,0.0,956619000.0,818239000.0,68866000.0,435421000.0,424455000.0,10966000.0,593563000.0,282082000.0,311481000.0,8090036088.0,112944000.0,0.0,58151000.0,337000.0,0.0,58488000.0,-122182000.0,-28437000.0,176638000.0,0.0,150902000.0,150902000.0,150902000.0,0.0,0.0,0.177,365894000.0,152357000.0,229999000.0,0.0,12.493,53.611,53.538,117175000.0,0.0,56.75,9.484,9.484,238034000.0,235355000.0,853023000.0,853023000.0,159902000.0,0.134,0.311,0.202,0.194,0.0,185244000.0,1.0,142555702.0,142555702.0,,5.984,1241130000.0,0.0,14584000.0,0.0,8.706,798353000.0
44,CMVT,MRT,1999-06-30,1999-07-31,1999-07-31,2021-08-25,2576000.0,1147586000.0,1055064000.0,1026500000.0,121086000.0,0.757,3.448,-50159000.0,303444000.0,303444000.0,315798000.0,135988000.0,4.294,1.381,415000000.0,0.0,415000000.0,415000000.0,0.0,22106000.0,0.0,0.0,0.0,149558000.0,171664000.0,0.215,171664000.0,149558000.0,149558000.0,0.98,0.885,0.98,481976000.0,404811500.0,481976000.0,5085603313.0,34.0,29.625,121192000.0,0.867,1.0,482439000.0,0.604,0.0,0.0,1020109000.0,823600250.0,49535000.0,419107000.0,409384000.0,9723000.0,665610000.0,239033000.0,426577000.0,5281172313.0,154858000.0,0.0,49259000.0,-436000.0,0.0,48823000.0,-65316000.0,-12816000.0,171351000.0,0.0,135988000.0,135988000.0,135988000.0,0.0,0.0,0.17,344073000.0,138366000.0,208325000.0,0.0,10.957,38.836,38.552,78340000.0,0.0,37.781,6.616,6.616,224834000.0,193771000.0,798237000.0,798237000.0,150945000.0,0.129,0.336,0.182,0.187,0.0,173601000.0,1.0,139782890.0,139782890.0,,5.711,1147586000.0,0.0,13570000.0,0.0,8.21,787467000.0
45,CMVT,MRT,1999-03-31,1999-04-30,1999-04-30,2021-08-25,2223000.0,1080421000.0,993883750.0,968653000.0,111768000.0,0.753,3.067,-38438000.0,610569000.0,610569000.0,299675000.0,121032000.0,4.292,1.526,415000000.0,0.0,415000000.0,415000000.0,0.0,22106000.0,0.0,0.0,0.0,133578000.0,155684000.0,0.208,155684000.0,133578000.0,133578000.0,0.89,0.805,0.89,427685000.0,342165000.0,427685000.0,4422181571.0,33.0,28.405,112430000.0,0.806,1.0,449156000.0,0.6,0.0,0.0,659150000.0,748467250.0,42224000.0,75867000.0,67183000.0,8684000.0,652736000.0,225702000.0,427034000.0,4471436571.0,435353000.0,0.0,45147000.0,271139000.0,0.0,316286000.0,-31801000.0,7610000.0,150868000.0,0.0,121032000.0,121032000.0,121032000.0,0.0,0.0,0.162,325283000.0,123873000.0,194688000.0,0.0,10.455,36.944,36.025,70401000.0,0.0,32.062,5.971,5.971,213842000.0,153370000.0,748831000.0,748831000.0,141964000.0,0.122,0.354,0.178,0.178,0.0,164627000.0,1.0,139460010.0,139460010.0,,5.37,1080421000.0,0.0,12546000.0,0.0,7.747,742951000.0
46,CMVT,MRT,1998-12-31,1999-01-31,1999-01-31,2021-08-25,3637000.0,1031393000.0,867814000.0,932637000.0,98756000.0,0.817,2.848,-34752000.0,583959000.0,583959000.0,288113000.0,109365000.0,4.139,1.702,415000000.0,0.0,415000000.0,415000000.0,0.0,22106000.0,0.0,0.0,0.0,121148000.0,143254000.0,0.202,143254000.0,121148000.0,121148000.0,0.81,0.75,0.81,381662000.0,300044750.0,381662000.0,3978665484.0,33.0,27.774,68870000.0,0.514,1.0,420692000.0,0.594,0.0,0.0,637078000.0,670294250.0,46689000.0,81560000.0,73658000.0,7902000.0,649731000.0,225356000.0,424375000.0,3751910484.0,401395000.0,0.0,36241000.0,272027000.0,0.0,308268000.0,-10495000.0,24257000.0,103622000.0,0.0,109365000.0,109365000.0,109365000.0,0.0,0.0,0.154,307859000.0,112833000.0,184870000.0,0.0,9.83,34.306,34.568,61445000.0,0.0,28.0,5.293,5.293,192317000.0,118086000.0,708805000.0,708805000.0,134201000.0,0.126,0.364,0.181,0.171,0.0,157106000.0,1.0,133996803.0,133996803.0,,5.29,1031393000.0,0.0,11783000.0,0.0,7.697,707281000.0
47,CMVT,MRT,1998-09-30,1998-10-31,1998-10-31,2021-08-25,2141000.0,960856000.0,,871658000.0,89198000.0,,2.469,,188311000.0,188311000.0,,,4.16,1.93,415066000.0,66000.0,415000000.0,415066000.0,0.0,,0.0,0.0,0.0,,,,,,,,,,327923000.0,,327923000.0,2021554098.0,,,,,1.0,,,0.0,,978064000.0,,55722000.0,407673000.0,400414000.0,7259000.0,632933000.0,209547000.0,423386000.0,2036501098.0,,,,,,,,,,,,,,,,,,,170804000.0,,6.21,,,53976000.0,,15.333,,,194208000.0,85717000.0,,,,,,,,,,1.0,132815289.0,132815289.0,,,960856000.0,0.0,,0.0,7.235,662111000.0
48,CMVT,MRT,1998-06-30,1998-07-31,1998-07-31,2021-08-25,1130000.0,902865000.0,,812048000.0,90817000.0,,1.766,,146547000.0,146547000.0,,,4.824,1.28,131600000.0,16600000.0,115000000.0,131600000.0,0.0,,0.0,0.0,0.0,,,,,,,,,,231390000.0,,231390000.0,2189723682.0,,,,,1.0,,,0.0,,719577000.0,,54965000.0,403684000.0,394221000.0,9463000.0,296262000.0,168341000.0,127921000.0,2230036682.0,,,,,,,,,,,,,,,,,,,125941000.0,,9.638,,,52916000.0,,17.021,,,178765000.0,6559000.0,,,,,,,,,,1.0,131018067.0,131018067.0,,,902865000.0,0.0,,0.0,6.891,643707000.0
49,CMVT,MRT,1998-03-31,1998-04-30,1998-04-30,2021-08-25,1812000.0,576142000.0,,492308000.0,83834000.0,,1.984,,171827000.0,171827000.0,,,2.6,1.223,131514000.0,16514000.0,115000000.0,131514000.0,0.0,,0.0,0.0,0.0,,,,,,,,,,259204000.0,,259204000.0,2013888587.0,,,,,1.0,,,0.0,,346458000.0,,55703000.0,82921000.0,74400000.0,8521000.0,316938000.0,189371000.0,127567000.0,2063143587.0,,,,,,,,,,,,,,,,,,,130496000.0,,7.96,,,56425000.0,,15.792,,,158308000.0,30529000.0,,,,,,,,,,1.0,130647615.0,130647615.0,,,576142000.0,0.0,,0.0,4.41,302937000.0
50,CMVT,MRT,1997-12-31,1997-12-31,1997-12-31,2021-08-25,1109000.0,457563000.0,424232000.0,405499000.0,52064000.0,1.153,2.005,-42540000.0,173531000.0,173531000.0,202640000.0,34525000.0,5.393,0.75,131970000.0,16970000.0,115000000.0,131970000.0,0.0,22000000.0,0.0,0.0,0.0,43923000.0,65923000.0,0.135,65923000.0,43923000.0,43923000.0,0.27,0.25,0.27,261482000.0,236770000.0,261482000.0,,,,-21239000.0,-0.163,1.0,286300000.0,0.586,0.0,0.0,340806000.0,301225000.0,35220000.0,108346000.0,101487000.0,6859000.0,196081000.0,75196000.0,120885000.0,1695011136.0,-22733000.0,0.0,23041000.0,28989000.0,0.0,52030000.0,-96064000.0,-53524000.0,21301000.0,0.0,34525000.0,34525000.0,34525000.0,0.0,0.0,0.071,247256000.0,39044000.0,48732000.0,0.0,6.482,49.095,48.148,25105000.0,0.0,13.0,3.467,3.467,79783000.0,114856000.0,488940000.0,488940000.0,96626000.0,0.081,0.146,0.146,0.09,0.0,138305000.0,1.0,130385472.0,130385472.0,,3.75,457563000.0,2163000.0,9398000.0,0.0,3.509,330303000.0
51,CMVT,MRT,1997-09-30,1997-09-30,1997-09-30,2021-08-25,,,,,,,,,,,,,,,,,,,,,,0.0,0.0,,,,,,,,,,,,,,,,,,1.0,,,,,,,,,,,,,,,,,,,,,,,,,,,,,,,,,,,,,,,,17.583,,,,,,,,,,,,,,1.0,,,,,,,,,,
52,CMVT,MRT,1997-06-30,1997-06-30,1997-06-30,2021-08-25,,,,,,,,,,,,,,,,,,,,,,0.0,0.0,,,,,,,,,,,,,,,,,,1.0,,,,,,,,,,,,,,,,,,,,,,,,,,,,,,,,,,,,,,,,17.333,,,,,,,,,,,,,,1.0,,,,,,,,,,
53,CMVT,MRT,1997-03-31,1997-03-31,1997-03-31,2021-08-25,,,,,,,,,,,,,,,,,,,,,,0.0,0.0,,,,,,,,,,,,,,,,,,1.0,,,,,,,,,,,,,,,,,,,,,,,,,,,,,,,,,,,,,,,,13.167,,,,,,,,,,,,,,1.0,,,,,,,,,,
54,CMVT,MRT,1996-12-31,1996-12-31,1996-12-31,2021-08-25,1491000.0,390901000.0,,350977000.0,39924000.0,,,-36693000.0,196724000.0,196724000.0,169524000.0,42137000.0,5.976,0.843,126195000.0,11195000.0,115000000.0,126195000.0,0.0,15493000.0,0.0,0.0,0.0,52307000.0,67800000.0,0.174,67800000.0,52307000.0,52307000.0,0.365,0.335,0.365,212058000.0,,212058000.0,,,,-3733000.0,,1.0,220115000.0,0.565,0.0,0.0,261644000.0,,31494000.0,55252000.0,49464000.0,5788000.0,178843000.0,58728000.0,120115000.0,,96965000.0,0.0,7412000.0,122409000.0,0.0,129821000.0,-65816000.0,-27792000.0,32960000.0,0.0,42137000.0,42137000.0,42137000.0,0.0,0.0,0.108,170275000.0,49840000.0,40531000.0,0.0,,,34.475,18041000.0,0.0,12.583,,,63540000.0,71356000.0,389639000.0,389639000.0,66228000.0,,,,0.134,0.0,93604000.0,1.0,,,,,390901000.0,721000.0,10170000.0,0.0,,292249000.0
55,CMVT,MRT,1995-12-31,1995-12-31,1995-12-31,2021-08-25,,,,,,,,-10253000.0,,,59297000.0,17050000.0,,,,,,,,5874000.0,,0.0,0.0,23513000.0,29387000.0,0.201,29387000.0,23513000.0,19107000.0,0.27,0.25,0.27,,,,,,,-3553000.0,,1.0,86599000.0,0.594,,4406000.0,,,,,,,,,,,60637000.0,0.0,2077000.0,0.0,0.0,584000.0,53353000.0,63606000.0,6700000.0,0.0,17050000.0,17050000.0,17050000.0,0.0,0.0,0.117,63233000.0,23366000.0,,0.0,,,24.691,,0.0,6.667,,,,,145896000.0,145896000.0,19426000.0,,,,0.161,0.0,41388000.0,1.0,,,,,,,2057000.0,,,
