None,ticker,dimension,calendardate,datekey,reportperiod,lastupdated,accoci,assets,assetsavg,assetsc,assetsnc,assetturnover,bvps,capex,cashneq,cashnequsd,cor,consolinc,currentratio,de,debt,debtc,debtnc,debtusd,deferredrev,depamor,deposits,divyield,dps,ebit,ebitda,ebitdamargin,ebitdausd,ebitusd,ebt,eps,epsdil,epsusd,equity,equityavg,equityusd,ev,evebit,evebitda,fcf,fcfps,fxusd,gp,grossmargin,intangibles,intexp,invcap,invcapavg,inventory,investments,investmentsc,investmentsnc,liabilities,liabilitiesc,liabilitiesnc,marketcap,ncf,ncfbus,ncfcommon,ncfdebt,ncfdiv,ncff,ncfi,ncfinv,ncfo,ncfx,netinc,netinccmn,netinccmnusd,netincdis,netincnci,netmargin,opex,opinc,payables,payoutratio,pb,pe,pe1,ppnenet,prefdivis,price,ps,ps1,receivables,retearn,revenue,revenueusd,rnd,roa,roe,roic,ros,sbcomp,sgna,sharefactor,sharesbas,shareswa,shareswadil,sps,tangibles,taxassets,taxexp,taxliabilities,tbvps,workingcapital
0,MGM,MRY,2020-12-31,2020-12-31,2020-12-31,2021-08-06,-30677000.0,36494934000.0,37522474750.0,5950659000.0,30544275000.0,0.138,13.163,-264443000.0,5101637000.0,5101637000.0,3452711000.0,-1319907000.0,3.205,3.892,20905633000.0,138832000.0,20766801000.0,20905633000.0,0.0,1393955000.0,0.0,0.005,0.158,-547916000.0,846039000.0,0.164,846039000.0,-547916000.0,-1224296000.0,-2.02,-2.02,-2.02,6504726000.0,7228633250.0,6504726000.0,30915949009.0,-56.0,36.542,-1757486000.0,-3.557,1.0,1709371000.0,0.331,5735026000.0,676380000.0,44707321000.0,44347682250.0,88323000.0,1447043000.0,0.0,1447043000.0,25315026000.0,1856583000.0,23458443000.0,15564021009.0,2772033000.0,2358914000.0,-353720000.0,2350373000.0,-77606000.0,2103427000.0,2159304000.0,0.0,-1493043000.0,2345000.0,-1032724000.0,-1032724000.0,-1032724000.0,0.0,-287183000.0,-0.2,2394743000.0,-685372000.0,172672000.0,-0.078,2.393,-15.071,-15.599,22918785000.0,0.0,31.51,3.015,3.016,316502000.0,3091007000.0,5162082000.0,5162082000.0,0.0,-0.028,-0.143,-0.012,-0.106,106956000.0,2582481000.0,1.0,493939099.0,494152000,494152000.0,10.446,30759908000.0,243415000.0,-191572000.0,2153016000.0,62.248,4094076000.0
1,MGM,MRY,2019-12-31,2019-12-31,2019-12-31,2021-08-06,-10202000.0,33876356000.0,31751465750.0,4007693000.0,29868663000.0,0.406,14.742,-736428000.0,2329604000.0,2329604000.0,7603489000.0,2214380000.0,1.256,2.745,15569124000.0,122250000.0,15446874000.0,15569124000.0,0.0,1376433000.0,0.0,0.016,0.52,3529423000.0,4905856000.0,0.38,4905856000.0,3529423000.0,2681491000.0,3.9,3.88,3.9,7727265000.0,6773626250.0,7727265000.0,31521959624.0,9.0,6.425,1073973000.0,2.049,1.0,5296183000.0,0.411,5911068000.0,847932000.0,38013385000.0,36742300500.0,102888000.0,822366000.0,0.0,822366000.0,21213437000.0,3191423000.0,18022014000.0,17133529624.0,802842000.0,4186274000.0,-1031534000.0,-4211607000.0,-271288000.0,-4529594000.0,3519434000.0,0.0,1810401000.0,2601000.0,2049146000.0,2049146000.0,2049146000.0,0.0,165234000.0,0.159,1475489000.0,3820694000.0,310171000.0,0.133,2.217,8.361,8.531,22678436000.0,0.0,33.27,1.328,1.352,612717000.0,4201337000.0,12899672000.0,12899672000.0,0.0,0.065,0.303,0.096,0.274,88838000.0,2565859000.0,1.0,514984359.0,524173000,527645000.0,24.61,27965288000.0,27167000.0,632345000.0,2106506000.0,53.351,816270000.0
2,MGM,MRY,2018-12-31,2018-12-31,2018-12-31,2021-08-06,-8556000.0,30210706000.0,29614912750.0,2526778000.0,27683928000.0,0.397,11.966,-1461231000.0,1526762000.0,1526762000.0,6918875000.0,583894000.0,0.857,3.031,15271462000.0,183457000.0,15088005000.0,15271462000.0,0.0,1178044000.0,0.0,0.02,0.48,1286397000.0,2464441000.0,0.21,2464441000.0,1286397000.0,516884000.0,0.82,0.81,0.82,6512283000.0,6875893250.0,6512283000.0,26293891461.0,20.0,10.669,261308000.0,0.48,1.0,4844221000.0,0.412,5765855000.0,769513000.0,35240669000.0,33653981250.0,110831000.0,732867000.0,0.0,732867000.0,19740915000.0,2948882000.0,16792033000.0,12789822461.0,26767000.0,-927213000.0,-1283333000.0,2163475000.0,-260592000.0,389234000.0,-2083021000.0,0.0,1722539000.0,-1985000.0,466772000.0,466772000.0,466772000.0,0.0,117122000.0,0.04,3522425000.0,1321796000.0,614371000.0,0.585,1.964,27.401,29.585,20729888000.0,0.0,24.26,1.087,1.122,657206000.0,2423479000.0,11763096000.0,11763096000.0,0.0,0.016,0.068,0.038,0.109,70177000.0,2183842000.0,1.0,527197958.0,544253000,549536000.0,21.613,24444851000.0,28431000.0,50112000.0,1342538000.0,44.914,-422104000.0
3,MGM,MRY,2017-12-31,2017-12-31,2017-12-31,2021-08-06,-3610000.0,29160042000.0,28776988750.0,2376355000.0,26783687000.0,0.375,13.241,-1863364000.0,1499995000.0,1499995000.0,6193122000.0,2088184000.0,0.757,2.316,13044879000.0,293827000.0,12751052000.0,13044879000.0,0.0,993480000.0,0.0,0.013,0.44,1493403000.0,2486883000.0,0.23,2486883000.0,1493403000.0,824658000.0,3.38,3.34,3.38,7577061000.0,6693376750.0,7577061000.0,30531620001.0,20.0,12.277,343047000.0,0.599,1.0,4604357000.0,0.426,5684491000.0,668745000.0,31882138000.0,31990780500.0,102292000.0,1033297000.0,0.0,1033297000.0,17548918000.0,3138297000.0,14410621000.0,18903356001.0,53414000.0,-16727000.0,-327500000.0,-147645000.0,-252014000.0,-568778000.0,-1580592000.0,0.0,2206411000.0,-3627000.0,1952052000.0,1952052000.0,1952052000.0,0.0,136132000.0,0.181,3038052000.0,1566305000.0,729835000.0,0.13,2.495,9.684,9.879,19635459000.0,0.0,33.39,1.751,1.77,542273000.0,2217299000.0,10797479000.0,10797479000.0,0.0,0.068,0.292,0.047,0.138,62494000.0,1916447000.0,1.0,566138245.0,572253000,578795000.0,18.868,23475551000.0,42551000.0,-1127394000.0,1295375000.0,41.023,-761942000.0
4,MGM,MRY,2016-12-31,2016-12-31,2016-12-31,2021-08-06,15053000.0,28173301000.0,26981233000.0,2229587000.0,25943714000.0,0.351,10.948,-2258529000.0,1446581000.0,1446581000.0,5521221000.0,1235846000.0,0.972,2.927,13146623000.0,167403000.0,12979220000.0,13146623000.0,0.0,849527000.0,0.0,0.0,0.0,1816924000.0,2666451000.0,0.281,2666451000.0,1816924000.0,1122151000.0,1.94,1.92,1.94,6220180000.0,5785872500.0,6220180000.0,27986401480.0,15.0,10.496,-724557000.0,-1.275,1.0,3957048000.0,0.417,5904825000.0,694773000.0,31675097000.0,30293776750.0,97733000.0,1220443000.0,0.0,1220443000.0,18203989000.0,2293421000.0,15910568000.0,16530162480.0,-223731000.0,-5979000.0,0.0,-440203000.0,0.0,519422000.0,-2276204000.0,0.0,1533972000.0,-921000.0,1100408000.0,1100408000.0,1100408000.0,0.0,135438000.0,0.116,2407136000.0,1549912000.0,520838000.0,0.0,2.658,15.022,14.861,18425023000.0,0.0,28.83,1.744,1.728,542924000.0,545811000.0,9478269000.0,9478269000.0,0.0,0.041,0.19,0.06,0.192,55487000.0,1691239000.0,1.0,573366718.0,568134000,573317000.0,16.683,22268476000.0,0.0,21743000.0,2561882000.0,39.196,-63834000.0
5,MGM,MRY,2015-12-31,2015-12-31,2015-12-31,2021-08-06,14022000.0,25215178000.0,26460869500.0,2408749000.0,22806429000.0,0.376,9.431,-1458787000.0,1670312000.0,1670312000.0,5625376000.0,-1039649000.0,1.076,3.408,12862667000.0,494356000.0,12368311000.0,12862667000.0,0.0,819883000.0,0.0,0.0,0.0,343265000.0,1163148000.0,0.117,1163148000.0,343265000.0,-454314000.0,-0.82,-0.82,-0.82,5119927000.0,5280624750.0,5119927000.0,23958536570.0,70.0,20.598,-453708000.0,-0.836,1.0,4316465000.0,0.434,5595548000.0,797579000.0,28574034000.0,28951568750.0,104200000.0,1491497000.0,0.0,1491497000.0,17450751000.0,2237951000.0,15212800000.0,12801933570.0,-47065000.0,97757000.0,0.0,55601000.0,0.0,-257879000.0,-795058000.0,570000000.0,1005079000.0,793000.0,-447720000.0,-447720000.0,-447720000.0,0.0,-591929000.0,-0.045,3978807000.0,337658000.0,432151000.0,0.0,2.5,-28.594,-27.707,15371795000.0,0.0,22.72,1.288,1.241,480559000.0,-555629000.0,9941841000.0,9941841000.0,0.0,-0.017,-0.085,0.012,0.035,42872000.0,1583655000.0,1.0,563465386.0,542873000,542873000.0,18.313,19619630000.0,15993000.0,-6594000.0,2680576000.0,36.14,170798000.0
6,MGM,MRY,2014-12-31,2014-12-31,2014-12-31,2021-08-06,12991000.0,26593914000.0,25741353000.0,3027160000.0,23566754000.0,0.421,8.33,-864390000.0,2283715000.0,2283715000.0,6368698000.0,127178000.0,0.888,4.636,14241760000.0,1436475000.0,12805285000.0,14241760000.0,0.0,815765000.0,0.0,0.0,0.0,950896000.0,1766661000.0,0.163,1766661000.0,950896000.0,133835000.0,-0.31,-0.31,-0.31,4090917000.0,4328091250.0,4090917000.0,22282711448.0,23.0,12.613,266280000.0,0.542,1.0,4479566000.0,0.413,7261966000.0,817061000.0,27882068000.0,27458088750.0,104011000.0,1559034000.0,0.0,1559034000.0,18965640000.0,3407925000.0,15557715000.0,10500149448.0,-86292000.0,-102908000.0,0.0,700169000.0,0.0,308077000.0,-1524150000.0,-482833000.0,1130670000.0,-889000.0,-149873000.0,-149873000.0,-149873000.0,0.0,277051000.0,-0.014,2453584000.0,2025982000.0,334691000.0,0.0,2.567,-70.06,-68.968,14441542000.0,0.0,21.38,0.968,0.968,473345000.0,-107909000.0,10848264000.0,10848264000.0,0.0,-0.006,-0.035,0.035,0.088,37264000.0,1557560000.0,1.0,491120180.0,491120180,,22.089,19331948000.0,14675000.0,283708000.0,2684002000.0,39.363,-380765000.0
7,MGM,MRY,2013-12-31,2013-12-31,2013-12-31,2021-08-06,12503000.0,26084610000.0,25880864000.0,2719439000.0,23365171000.0,0.408,8.603,-544094000.0,1803669000.0,1803669000.0,6258716000.0,41374000.0,1.228,4.323,13635752000.0,188522000.0,13447230000.0,13635752000.0,0.0,849225000.0,0.0,0.0,0.0,706429000.0,1555654000.0,0.147,1555654000.0,706429000.0,-150918000.0,-0.35,-0.35,-0.35,4216051000.0,4285081500.0,4216051000.0,23369432988.0,33.0,15.022,766354000.0,1.564,1.0,4305477000.0,0.408,7409303000.0,857347000.0,28292062000.0,28340510250.0,107907000.0,1469261000.0,0.0,1469261000.0,18224115000.0,2215328000.0,16008787000.0,11526359988.0,260160000.0,-28843000.0,0.0,-163838000.0,0.0,-489708000.0,-560137000.0,33046000.0,1310448000.0,-443000.0,-171734000.0,-171734000.0,-171734000.0,0.0,213108000.0,-0.016,2482495000.0,1822982000.0,241192000.0,0.0,2.734,-67.118,-67.2,14055212000.0,0.0,23.52,1.091,1.091,488217000.0,41964000.0,10564193000.0,10564193000.0,0.0,-0.007,-0.04,0.025,0.067,32332000.0,1495195000.0,1.0,490066326.0,490066326,,21.557,18675307000.0,80989000.0,20816000.0,2434780000.0,38.108,504111000.0
8,MGM,MRY,2012-12-31,2012-12-31,2012-12-31,2021-08-06,14303000.0,26284738000.0,27192533750.0,2507092000.0,23777646000.0,0.364,8.924,-422337000.0,1543509000.0,1543509000.0,5921282000.0,-1616912000.0,1.302,4.162,13796019000.0,206736000.0,13589283000.0,13796019000.0,0.0,927697000.0,0.0,0.0,0.0,-768634000.0,159063000.0,0.016,159063000.0,-768634000.0,-1884992000.0,-3.62,-3.62,-3.62,4365548000.0,5380752500.0,4365548000.0,17326269409.0,-23.0,108.927,487014000.0,0.996,1.0,3980387000.0,0.402,7640680000.0,1116358000.0,28970897000.0,29434644500.0,107577000.0,1444547000.0,0.0,1444547000.0,18168722000.0,1925671000.0,16243051000.0,5694301409.0,-322404000.0,-52577000.0,0.0,-574228000.0,0.0,-786959000.0,-446417000.0,29969000.0,909351000.0,1621000.0,-1767691000.0,-1767691000.0,-1767691000.0,0.0,150779000.0,-0.179,3101411000.0,878976000.0,199620000.0,0.0,1.304,-3.221,-3.215,14194652000.0,0.0,11.64,0.575,0.575,443677000.0,213698000.0,9901669000.0,9901669000.0,0.0,-0.065,-0.329,-0.026,-0.078,39560000.0,1474781000.0,1.0,489201152.0,489201152,,20.24,18644058000.0,179431000.0,-117301000.0,2475239000.0,38.111,581421000.0
9,MGM,MRY,2011-12-31,2011-12-31,2011-12-31,2021-08-06,5978000.0,27766276000.0,25398959500.0,2812720000.0,24953556000.0,0.336,12.451,-300896000.0,1865913000.0,1865913000.0,5026361000.0,3234944000.0,1.612,2.938,13673589000.0,203422000.0,13470167000.0,13673589000.0,0.0,817146000.0,0.0,0.0,0.0,3798156000.0,4615302000.0,0.541,4615302000.0,3798156000.0,2711324000.0,6.37,5.62,6.37,6086578000.0,5405111750.0,6086578000.0,16974844194.0,4.0,3.678,374230000.0,0.766,1.0,3506374000.0,0.411,7944726000.0,1086832000.0,29884462000.0,29510850250.0,112735000.0,1635572000.0,0.0,1635572000.0,17884054000.0,1744764000.0,16139290000.0,5098507194.0,1366949000.0,280410000.0,0.0,718447000.0,0.0,711922000.0,-21312000.0,-183000.0,675126000.0,1213000.0,3114637000.0,3114637000.0,3114637000.0,0.0,120307000.0,0.365,2352904000.0,1153470000.0,170994000.0,0.0,0.838,1.637,1.637,14866644000.0,0.0,10.43,0.598,0.598,491730000.0,1981389000.0,8532735000.0,8532735000.0,0.0,0.123,0.576,0.129,0.445,39707000.0,1357476000.0,1.0,488830987.0,488830987,,17.455,19821550000.0,91060000.0,-403313000.0,2509707000.0,40.549,1067956000.0
10,MGM,MRY,2010-12-31,2010-12-31,2010-12-31,2021-08-06,-301000.0,18951848000.0,19771417500.0,1455645000.0,17496203000.0,0.338,6.079,-129890000.0,498964000.0,498964000.0,3794310000.0,-1437397000.0,1.168,5.463,12259612000.0,211914000.0,12047698000.0,12259612000.0,0.0,633423000.0,0.0,0.0,0.0,-1102445000.0,-469022000.0,-0.07,-469022000.0,-1102445000.0,-2216025000.0,-3.19,-3.19,-3.19,2932162000.0,3025607250.0,2932162000.0,19457387090.0,-18.0,-41.485,374124000.0,0.776,1.0,2895219000.0,0.433,419960000.0,1113580000.0,29046315000.0,30304483000.0,96392000.0,1923155000.0,0.0,1923155000.0,16019686000.0,1246221000.0,14773465000.0,7163187090.0,-1557243000.0,-417942000.0,588456000.0,-1979541000.0,0.0,-1475178000.0,-586079000.0,-36577000.0,504014000.0,0.0,-1437397000.0,-1437397000.0,-1437397000.0,0.0,0.0,-0.215,3342188000.0,-446969000.0,167084000.0,0.0,2.443,-4.983,-4.655,14554350000.0,0.0,14.85,1.071,1.071,321894000.0,-1133248000.0,6689529000.0,6689529000.0,0.0,-0.073,-0.475,-0.036,-0.165,34988000.0,1253044000.0,1.0,482369501.0,482369501,,13.868,18531888000.0,286074000.0,-778628000.0,2526519000.0,38.418,209424000.0
11,MGM,MRY,2009-12-31,2009-12-31,2009-12-31,2021-08-06,-1937000.0,22518210000.0,22624076250.0,3053501000.0,19464709000.0,0.295,8.772,-114559000.0,2056207000.0,2056207000.0,3571305000.0,-1291682000.0,1.281,4.818,14262218000.0,1286181000.0,12976037000.0,14262218000.0,0.0,689273000.0,0.0,0.0,0.0,-1237162000.0,-547889000.0,-0.082,-547889000.0,-1237162000.0,-2012593000.0,-3.41,-3.41,-3.41,3870432000.0,4325167750.0,3870432000.0,16243041126.0,-13.0,-29.647,473355000.0,1.073,1.0,3104976000.0,0.465,430606000.0,775431000.0,31910014000.0,29431124250.0,101809000.0,3611799000.0,0.0,3611799000.0,18647778000.0,2383601000.0,16264177000.0,4023923126.0,1746409000.0,-217419000.0,1104418000.0,385695000.0,0.0,1488750000.0,-330255000.0,0.0,587914000.0,0.0,-1291682000.0,-1291682000.0,-1291682000.0,0.0,0.0,-0.193,3314932000.0,-209956000.0,173719000.0,0.0,1.04,-3.115,-2.674,15069952000.0,0.0,9.12,0.603,0.603,368474000.0,370532000.0,6676281000.0,6676281000.0,0.0,-0.057,-0.299,-0.042,-0.185,36571000.0,1243957000.0,1.0,441219641.0,441219641,,15.131,22087604000.0,423042000.0,-720911000.0,3031303000.0,50.06,669900000.0
12,MGM,MRY,2008-12-31,2008-12-31,2008-12-31,2021-08-06,-56901000.0,23274716000.0,23173108500.0,1533030000.0,21741686000.0,0.34,14.374,-695786000.0,295644000.0,295644000.0,4034374000.0,-855286000.0,0.511,4.856,13651763000.0,1235211000.0,12416552000.0,13651763000.0,0.0,778236000.0,0.0,0.0,0.0,-59702000.0,718534000.0,0.091,718534000.0,-59702000.0,-668988000.0,-3.06,-3.06,-3.06,3974361000.0,4825213500.0,3974361000.0,16990487969.0,-285.0,23.646,57246000.0,0.207,1.0,3849821000.0,0.488,433562000.0,609286000.0,33194697000.0,33181319500.0,111505000.0,4642865000.0,0.0,4642865000.0,19300355000.0,3002576000.0,16297779000.0,3804675969.0,-106326000.0,-1279462000.0,-1240856000.0,2341094000.0,0.0,1122082000.0,-1981440000.0,0.0,753032000.0,0.0,-855286000.0,-855286000.0,-855286000.0,0.0,0.0,-0.108,3400267000.0,449554000.0,187796000.0,0.0,0.957,-4.448,-4.497,16289154000.0,0.0,13.76,0.483,0.483,303416000.0,3365122000.0,7884195000.0,7884195000.0,0.0,-0.037,-0.177,-0.002,-0.008,36277000.0,1388223000.0,1.0,276502614.0,276502614,,28.514,22841154000.0,127838000.0,186298000.0,3441198000.0,82.607,-1469546000.0
13,MGM,MRY,2007-12-31,2007-12-31,2007-12-31,2021-08-06,556000.0,22727686000.0,23272709250.0,1125815000.0,21601871000.0,0.361,20.244,-2869838000.0,416124000.0,416124000.0,4027558000.0,1584419000.0,0.653,2.75,11386457000.0,211228000.0,11175229000.0,11386457000.0,0.0,700334000.0,0.0,0.0,0.0,3050645000.0,3750979000.0,0.447,3750979000.0,3050645000.0,2342302000.0,5.52,5.31,5.52,6060703000.0,4726286750.0,6060703000.0,39153406793.0,13.0,10.438,-1875422000.0,-6.264,1.0,4370110000.0,0.52,1625020000.0,708343000.0,30348312000.0,32821457000.0,126941000.0,2482727000.0,0.0,2482727000.0,16666983000.0,1724687000.0,14942296000.0,25153910793.0,-36820000.0,3016105000.0,463785000.0,-1810516000.0,0.0,-1240537000.0,209301000.0,-160000000.0,994416000.0,0.0,1584419000.0,1584419000.0,1584419000.0,-183874000.0,0.0,0.189,2051971000.0,2318139000.0,297019000.0,0.0,4.15,15.876,15.221,16870898000.0,0.0,84.02,2.995,2.995,412933000.0,4220408000.0,8397668000.0,8397668000.0,0.0,0.068,0.335,0.093,0.363,45678000.0,1445845000.0,1.0,299380038.0,299380038,,28.05,21102666000.0,63453000.0,757883000.0,3700735000.0,70.488,-598872000.0
14,MGM,MRY,2006-12-31,2006-12-31,2006-12-31,2021-08-06,415000.0,22146238000.0,21426651750.0,1514751000.0,20631487000.0,0.364,13.691,-1747420000.0,452944000.0,452944000.0,3715057000.0,648264000.0,0.919,4.753,13227826000.0,232957000.0,12994869000.0,13227826000.0,0.0,653919000.0,0.0,0.0,0.0,1750555000.0,2404474000.0,0.308,2404474000.0,1750555000.0,990194000.0,2.29,2.22,2.29,3849549000.0,3560531750.0,3849549000.0,28933277222.0,17.0,12.033,-515468000.0,-1.833,1.0,4081676000.0,0.524,1667947000.0,760361000.0,31605073000.0,30859991750.0,118459000.0,1092257000.0,0.0,1092257000.0,18296689000.0,1648100000.0,16648589000.0,16125149222.0,99549000.0,-103288000.0,-157779000.0,633967000.0,0.0,510024000.0,-1642427000.0,0.0,1231952000.0,0.0,648264000.0,648264000.0,648264000.0,-12268000.0,0.0,0.083,1956822000.0,2124854000.0,416640000.0,0.0,4.189,24.874,25.044,17430293000.0,0.0,57.35,2.068,2.068,362921000.0,2635989000.0,7796733000.0,7796733000.0,0.0,0.03,0.182,0.057,0.225,73626000.0,1330778000.0,1.0,281170867.0,281170867,,27.73,20478291000.0,86665000.0,341930000.0,3441157000.0,72.832,-133349000.0
15,MGM,MRY,2005-12-31,2005-12-31,2005-12-31,2021-08-06,-801000.0,20699420000.0,18171824000.0,1018583000.0,19680837000.0,0.368,11.365,-711318000.0,377933000.0,377933000.0,3316870000.0,443256000.0,0.664,5.398,12585377000.0,229944000.0,12355433000.0,12585377000.0,0.0,588102000.0,0.0,0.0,0.0,1315733000.0,1903835000.0,0.285,1903835000.0,1315733000.0,674975000.0,1.56,1.5,1.56,3235072000.0,3169764750.0,3235072000.0,22616521125.0,17.0,11.879,471478000.0,1.656,1.0,3372727000.0,0.504,1692040000.0,640758000.0,29680256000.0,25961839500.0,111825000.0,931154000.0,0.0,931154000.0,17464348000.0,1534568000.0,15929780000.0,10438534125.0,-57195000.0,-4603990000.0,-71555000.0,4145833000.0,0.0,4062826000.0,-5302817000.0,0.0,1182796000.0,0.0,443256000.0,443256000.0,443256000.0,-7890000.0,0.0,0.066,1633779000.0,1738948000.0,265601000.0,0.0,3.227,23.55,23.506,16541651000.0,0.0,36.67,1.56,1.56,352673000.0,1987725000.0,6689597000.0,6689597000.0,0.0,0.024,0.14,0.051,0.197,101406000.0,1020439000.0,1.0,284661416.0,284661416,,23.5,19007380000.0,65518000.0,231719000.0,3503874000.0,66.772,-515985000.0
16,MGM,MRY,2004-12-31,2004-12-31,2004-12-31,2021-08-06,-1167000.0,11115029000.0,10841121500.0,820202000.0,10294827000.0,0.407,9.912,-652555000.0,435128000.0,435128000.0,2138644000.0,412332000.0,0.884,3.01,5575859000.0,117011000.0,5458848000.0,5575859000.0,0.0,403039000.0,0.0,0.0,0.0,983516000.0,1386555000.0,0.314,1386555000.0,983516000.0,615933000.0,1.48,1.43,1.48,2771704000.0,2630843250.0,2771704000.0,15461555944.0,16.0,11.151,176692000.0,0.632,1.0,2273498000.0,0.515,233335000.0,367583000.0,15094448000.0,15080425500.0,70333000.0,842640000.0,0.0,842640000.0,8343325000.0,927977000.0,7415348000.0,10169773944.0,155522000.0,334128000.0,-212985000.0,-111030000.0,0.0,-325972000.0,-347753000.0,0.0,829247000.0,0.0,412332000.0,412332000.0,412332000.0,-67123000.0,0.0,0.093,1050205000.0,1223293000.0,198050000.0,0.0,3.669,24.664,24.574,8914142000.0,0.0,36.37,2.305,2.305,204151000.0,1544499000.0,4412142000.0,4412142000.0,0.0,0.038,0.157,0.065,0.223,46081000.0,643297000.0,1.0,279619850.0,279619850,,15.779,10881694000.0,28928000.0,203601000.0,1806999000.0,38.916,-107775000.0
17,MGM,MRY,2003-12-31,2003-12-31,2003-12-31,2021-08-06,6345000.0,10811269000.0,10551356500.0,859180000.0,9952089000.0,0.405,8.741,-480665000.0,279606000.0,279606000.0,2152236000.0,243697000.0,0.991,3.267,5618609000.0,96719000.0,5521890000.0,5618609000.0,0.0,412937000.0,0.0,0.0,0.0,694670000.0,1107607000.0,0.259,1107607000.0,694670000.0,357084000.0,0.82,0.8,0.82,2533788000.0,2626121750.0,2533788000.0,10609423383.0,15.0,9.579,260147000.0,0.897,1.0,2123530000.0,0.497,267668000.0,337586000.0,15015986000.0,14666940250.0,65189000.0,756012000.0,0.0,756012000.0,8277481000.0,866618000.0,7410863000.0,5451170383.0,19889000.0,-41350000.0,-406610000.0,261528000.0,0.0,-165235000.0,-555688000.0,0.0,740812000.0,0.0,243697000.0,243697000.0,243697000.0,-13424000.0,0.0,0.057,1064390000.0,1059140000.0,186998000.0,0.0,2.151,22.369,22.933,8681339000.0,0.0,18.805,1.275,1.275,139475000.0,1133903000.0,4275766000.0,4275766000.0,0.0,0.023,0.093,0.047,0.162,9505000.0,646702000.0,1.0,289878776.0,289878776,,14.75,10543601000.0,59187000.0,113387000.0,1765426000.0,36.372,-7438000.0
18,MGM,MRY,2002-12-31,2002-12-31,2002-12-31,2021-08-06,-8886000.0,10504985000.0,10457703000.0,589829000.0,9915156000.0,0.397,8.593,-273386000.0,211234000.0,211234000.0,2016694000.0,292435000.0,0.786,2.943,5301044000.0,87266000.0,5213778000.0,5301044000.0,0.0,398623000.0,0.0,0.0,0.0,744622000.0,1143245000.0,0.275,1143245000.0,744622000.0,460886000.0,0.925,0.915,0.925,2664144000.0,2692651250.0,2664144000.0,10104301698.0,14.0,8.838,573160000.0,1.849,1.0,2136785000.0,0.514,256108000.0,283736000.0,14588619000.0,14655854500.0,68001000.0,710802000.0,0.0,710802000.0,7840841000.0,750068000.0,7090773000.0,5111148698.0,20851000.0,-80314000.0,-161605000.0,-270974000.0,0.0,-454485000.0,-371210000.0,0.0,846546000.0,0.0,292435000.0,292435000.0,292435000.0,-2959000.0,0.0,0.07,1026057000.0,1110728000.0,69959000.0,0.0,1.918,17.478,17.822,8762445000.0,0.0,16.485,1.231,1.231,139935000.0,890206000.0,4153479000.0,4153479000.0,0.0,0.028,0.109,0.051,0.179,18050000.0,604765000.0,1.0,310048450.0,310048450,,13.396,10248877000.0,84348000.0,168451000.0,1770068000.0,33.056,-160239000.0
19,MGM,MRY,2001-12-31,2001-12-31,2001-12-31,2021-08-06,-9150000.0,10497443000.0,10534235750.0,661927000.0,9835516000.0,0.39,7.98,-297728000.0,208971000.0,208971000.0,2047997000.0,169815000.0,0.745,3.181,5542330000.0,247017000.0,5295313000.0,5542330000.0,0.0,390726000.0,0.0,0.0,0.0,613000000.0,1003726000.0,0.244,1003726000.0,613000000.0,274217000.0,0.535,0.53,0.535,2510700000.0,2500997750.0,2510700000.0,9943504231.0,16.0,9.907,498155000.0,1.583,1.0,2062345000.0,0.502,139178000.0,338783000.0,14803714000.0,14937544500.0,78037000.0,632949000.0,0.0,632949000.0,7986743000.0,887910000.0,7098833000.0,4541414231.0,-18997000.0,-38250000.0,-37879000.0,-428233000.0,0.0,-462675000.0,-352205000.0,0.0,795883000.0,0.0,169815000.0,169815000.0,169815000.0,-4627000.0,0.0,0.041,1110762000.0,951583000.0,75787000.0,0.0,1.809,26.743,26.981,8891645000.0,0.0,14.435,1.105,1.105,144374000.0,597771000.0,4110342000.0,4110342000.0,0.0,0.016,0.068,0.041,0.149,2137000.0,590553000.0,1.0,314611308.0,314611308,,13.065,10358265000.0,160922000.0,104402000.0,1746272000.0,32.924,-225983000.0
20,MGM,MRY,2000-12-31,2000-12-31,2000-12-31,2021-08-06,-5280000.0,10734601000.0,8725643250.0,795644000.0,9938957000.0,0.386,7.487,-200688000.0,227968000.0,227968000.0,1624703000.0,160744000.0,0.645,3.506,5947366000.0,599046000.0,5348320000.0,5947366000.0,0.0,293181000.0,0.0,0.002,0.025,544523000.0,837704000.0,0.249,837704000.0,544523000.0,269624000.0,0.555,0.545,0.555,2382445000.0,1996718750.0,2382445000.0,10381753698.0,19.0,12.393,600297000.0,1.887,1.0,1745060000.0,0.518,54281000.0,274899000.0,15166513000.0,12490740000.0,86279000.0,521807000.0,0.0,521807000.0,8352156000.0,1233205000.0,7118951000.0,4485095698.0,106446000.0,-5315466000.0,1195635000.0,3654339000.0,-11341000.0,4838633000.0,-5533172000.0,0.0,800985000.0,0.0,160744000.0,160744000.0,160744000.0,0.0,0.0,0.048,840844000.0,904216000.0,65317000.0,0.045,1.883,27.902,25.396,9064233000.0,0.0,14.095,1.331,1.331,236650000.0,427956000.0,3369763000.0,3369763000.0,0.0,0.018,0.081,0.044,0.162,6947000.0,476504000.0,1.0,318204732.0,318204732,,10.59,10680320000.0,174198000.0,108880000.0,1730158000.0,33.564,-437561000.0
21,MGM,MRY,1999-12-31,1999-12-31,1999-12-31,2021-08-06,-1149000.0,2743454000.0,2666990500.0,269913000.0,2473541000.0,0.544,4.388,-378280000.0,121522000.0,121522000.0,691906000.0,86058000.0,0.93,1.681,1349121000.0,31912000.0,1317209000.0,1349121000.0,0.0,126610000.0,0.0,0.0,0.0,201998000.0,328608000.0,0.227,328608000.0,201998000.0,141087000.0,0.37,0.36,0.37,1023201000.0,1126558000.0,1023201000.0,4129801320.0,20.0,12.568,-88403000.0,-0.379,1.0,757637000.0,0.523,31683000.0,60911000.0,3649280000.0,3483807500.0,15240000.0,12485000.0,0.0,12485000.0,1720253000.0,290090000.0,1430163000.0,2861863320.0,39566000.0,-13346000.0,-245163000.0,381545000.0,0.0,136382000.0,-386693000.0,0.0,289877000.0,0.0,86058000.0,86058000.0,86058000.0,0.0,0.0,0.059,435163000.0,322474000.0,45914000.0,0.0,2.797,33.255,33.993,2384772000.0,0.0,12.578,1.974,2.023,83101000.0,267165000.0,1449543000.0,1449543000.0,0.0,0.032,0.076,0.058,0.139,0.0,217460000.0,1.0,227538328.0,233160000,240172000.0,6.217,2711771000.0,17452000.0,55029000.0,112009000.0,11.631,-20177000.0
22,MGM,MRY,1998-12-31,1998-12-31,1998-12-31,2021-08-06,13004000.0,1768958000.0,1814138250.0,203244000.0,1565714000.0,0.463,4.33,-377316000.0,81956000.0,81956000.0,418259000.0,68948000.0,1.101,0.834,552827000.0,15163000.0,537664000.0,552827000.0,5219000.0,76282000.0,0.0,0.0,0.0,142517000.0,218799000.0,0.261,218799000.0,142517000.0,109528000.0,0.31,0.305,0.31,964381000.0,1040755000.0,964381000.0,1880935840.0,13.0,8.597,-205636000.0,-0.923,1.0,421085000.0,0.502,37574000.0,32989000.0,2017726000.0,1938001250.0,11081000.0,134025000.0,0.0,134025000.0,804577000.0,184529000.0,620048000.0,1411657840.0,47350000.0,0.0,-208877000.0,480031000.0,0.0,271154000.0,-395484000.0,0.0,171680000.0,0.0,68948000.0,68948000.0,68948000.0,0.0,0.0,0.082,223293000.0,197792000.0,41334000.0,0.0,1.464,20.474,21.879,1327722000.0,0.0,6.782,1.682,1.8,64280000.0,192606000.0,839344000.0,839344000.0,0.0,0.038,0.066,0.074,0.17,0.0,106548000.0,1.0,208132376.0,222712000,225368000.0,3.769,1731384000.0,34098000.0,40580000.0,79622000.0,7.774,18715000.0
23,MGM,MRY,1997-12-31,1997-12-31,1997-12-31,2021-08-06,0.0,470252000.0,878970500.0,18021000.0,452231000.0,1.014,0.798,-227554000.0,7296000.0,7296000.0,406473000.0,111018000.0,0.445,1.565,263455000.0,17052000.0,246403000.0,263455000.0,0.0,64244000.0,0.0,0.0,0.0,187196000.0,251440000.0,0.282,251440000.0,187196000.0,176063000.0,0.485,0.47,0.485,183350000.0,578366000.0,183350000.0,,,,-43542000.0,-0.189,1.0,484857000.0,0.544,0.0,11133000.0,685912000.0,880281500.0,460000.0,0.0,0.0,0.0,286902000.0,40499000.0,246403000.0,2095201823.0,-26806000.0,-7190000.0,2799000.0,-11839000.0,0.0,-9040000.0,-201778000.0,0.0,184012000.0,0.0,111018000.0,111018000.0,111018000.0,0.0,0.0,0.125,230154000.0,254703000.0,1632000.0,0.0,11.427,18.873,18.624,446873000.0,0.0,9.033,2.351,2.33,4266000.0,72270000.0,891330000.0,891330000.0,0.0,0.126,0.192,0.213,0.21,0.0,105670000.0,1.0,231962560.0,229900000,235340000.0,3.877,470252000.0,0.0,65045000.0,0.0,2.045,-22478000.0
24,MGM,MRY,1996-12-31,1996-12-31,1996-12-31,2021-08-06,-4106000.0,1287689000.0,,226708000.0,1060981000.0,,4.612,-262211000.0,76667000.0,76667000.0,413000.0,-15683000.0,1.188,0.323,94022000.0,15675000.0,78347000.0,94022000.0,6712000.0,0.0,0.0,0.0,0.0,-15830000.0,-15830000.0,-45.884,-15830000.0,-15830000.0,-15683000.0,0.207,0.203,0.207,973382000.0,,973382000.0,,,,-236120000.0,-1.119,1.0,-68000.0,-0.197,39622000.0,-147000.0,1074651000.0,,13520000.0,72896000.0,0.0,72896000.0,314307000.0,190771000.0,123536000.0,,5600000.0,0.0,0.0,225999000.0,0.0,270999000.0,-291490000.0,0.0,26091000.0,0.0,-15683000.0,-15683000.0,-15683000.0,0.0,0.0,-45.458,15762000.0,-15830000.0,32995000.0,0.0,,,42.126,884750000.0,0.0,8.72,,5334.018,80529000.0,13221000.0,345000.0,345000.0,0.0,,,,-45.884,0.0,0.0,1.0,,211036000,217028000.0,0.002,1248067000.0,58039000.0,0.0,62130000.0,5.914,35937000.0
25,MGM,MRY,1995-12-31,1995-12-31,1995-12-31,2021-08-06,,,,,,,,-36959000.0,,,386817000.0,46565000.0,,,,,,,,55419000.0,,0.0,0.0,105894000.0,161313000.0,0.208,161313000.0,105894000.0,46565000.0,0.242,0.24,0.242,,,,,,,77585000.0,0.403,1.0,387939000.0,0.501,,59329000.0,,,,,,,,,,,34158000.0,-108442000.0,7549000.0,78099000.0,0.0,85648000.0,-166034000.0,13796000.0,114544000.0,0.0,46565000.0,46565000.0,46565000.0,0.0,0.0,0.06,228141000.0,159798000.0,,0.0,,,23.76,,0.0,5.75,,1.427,,,774756000.0,774756000.0,0.0,,,,0.137,0.0,109201000.0,1.0,,192304000,194176000.0,4.029,,,0.0,,,
0,MGM,MRQ,2021-06-30,2021-06-30,2021-06-30,2021-08-06,-21173000.0,36776378000.0,,6574543000.0,30201835000.0,,12.627,-95613000.0,5626232000.0,5626232000.0,1145652000.0,90304000.0,3.229,4.154,21140369000.0,161568000.0,20978801000.0,21140369000.0,0.0,327187000.0,0.0,0.0,0.003,342351000.0,669538000.0,0.295,669538000.0,342351000.0,139579000.0,0.14,0.14,0.14,6180181000.0,,6180181000.0,36562755861.0,-53.0,56.282,360413000.0,0.736,1.0,1122310000.0,0.495,5635027000.0,202772000.0,44619117000.0,,79019000.0,1484717000.0,0.0,1484717000.0,25672256000.0,2036371000.0,23635885000.0,20921347861.0,-545280000.0,-25000000.0,-220392000.0,-679636000.0,-1220000.0,-883513000.0,-118810000.0,0.0,456026000.0,1017000.0,104753000.0,104753000.0,104753000.0,0.0,-14449000.0,0.046,941888000.0,180422000.0,232394000.0,0.021,3.385,-17.299,-16.725,22553656000.0,0.0,42.65,3.201,3.194,430841000.0,2861474000.0,2267962000.0,2267962000.0,0.0,,,,,10858000.0,687079000.0,1.0,490535706.0,489459000,495302000.0,4.634,31141351000.0,226193000.0,34826000.0,2170945000.0,63.624,4538172000.0
1,MGM,MRQ,2021-03-31,2021-03-31,2021-03-31,2021-08-06,-25218000.0,37330767000.0,,7083867000.0,30246900000.0,,12.745,-78409000.0,6171512000.0,6171512000.0,927787000.0,-335938000.0,3.86,4.138,21812920000.0,175256000.0,21637664000.0,21812920000.0,0.0,335018000.0,0.0,0.0,0.003,-231232000.0,103786000.0,0.063,103786000.0,-231232000.0,-426527000.0,-0.69,-0.69,-0.69,6306828000.0,,6306828000.0,34603474956.0,-17.0,-53.576,-166019000.0,-0.335,1.0,719960000.0,0.437,5674061000.0,195295000.0,45462728000.0,,82346000.0,1439454000.0,0.0,1439454000.0,26098248000.0,1835386000.0,24262862000.0,18799478956.0,1069875000.0,-76845000.0,-119269000.0,866465000.0,-1237000.0,1313499000.0,-154912000.0,0.0,-87610000.0,-1102000.0,-331829000.0,-331829000.0,-331829000.0,0.0,-4109000.0,-0.201,941071000.0,-221111000.0,185289000.0,-0.004,2.981,-8.658,-8.713,22694929000.0,0.0,37.99,4.125,4.125,360188000.0,2757941000.0,1647747000.0,1647747000.0,0.0,,,,,16549000.0,624444000.0,1.0,494853355.0,494864000,494864000.0,3.33,31656706000.0,242177000.0,-94698000.0,2154832000.0,63.971,5248481000.0
2,MGM,MRQ,2020-12-31,2020-12-31,2020-12-31,2021-08-06,-30677000.0,36494934000.0,,5950659000.0,30544275000.0,,13.161,-87305000.0,5101637000.0,5101637000.0,910660000.0,-455968000.0,3.205,3.892,20905633000.0,138832000.0,20766801000.0,20905633000.0,0.0,342182000.0,0.0,0.005,0.003,-365830000.0,-23648000.0,-0.016,-23648000.0,-365830000.0,-554509000.0,-0.92,-0.92,-0.92,6504726000.0,,6504726000.0,30915949009.0,-56.0,36.542,-330743000.0,-0.669,1.0,582876000.0,0.39,5735026000.0,188679000.0,44707321000.0,,88323000.0,1447043000.0,0.0,1447043000.0,25315026000.0,1856583000.0,23458443000.0,15564021009.0,507765000.0,-25815000.0,0.0,955773000.0,-1236000.0,863589000.0,-112250000.0,0.0,-243438000.0,-136000.0,-447605000.0,-447605000.0,-447605000.0,0.0,-8363000.0,-0.3,941352000.0,-358476000.0,172672000.0,-0.003,2.393,-15.071,-15.599,22918785000.0,0.0,31.51,3.015,3.016,316502000.0,3091007000.0,1493536000.0,1493536000.0,0.0,,,,,29275000.0,634495000.0,1.0,493939099.0,494230000,494230000.0,3.022,30759908000.0,243415000.0,-106904000.0,2153016000.0,62.238,4094076000.0
3,MGM,MRQ,2020-09-30,2020-09-30,2020-09-30,2021-08-06,-39370000.0,37004775000.0,,6186281000.0,30818494000.0,,13.902,-37122000.0,4593872000.0,4593872000.0,729517000.0,-601971000.0,2.236,3.688,19945800000.0,150729000.0,19795071000.0,19945800000.0,0.0,337613000.0,0.0,0.013,0.003,-437657000.0,-100044000.0,-0.089,-100044000.0,-437657000.0,-611465000.0,-1.08,-1.08,-1.08,6861104000.0,,6861104000.0,25738121404.0,10.0,6.445,-201225000.0,-0.408,1.0,396403000.0,0.352,5789318000.0,173808000.0,43800601000.0,,97316000.0,1473955000.0,0.0,1473955000.0,25302113000.0,2766784000.0,22535329000.0,10728865404.0,-241633000.0,-32766000.0,0.0,68480000.0,-1233000.0,-7985000.0,-69561000.0,0.0,-164103000.0,16000.0,-534731000.0,-534731000.0,-534731000.0,0.0,-67240000.0,-0.475,912220000.0,-515817000.0,179272000.0,-0.003,1.564,7.521,7.967,23122908000.0,0.0,21.75,1.565,1.566,328413000.0,3539848000.0,1125920000.0,1125920000.0,0.0,,,,,21948000.0,613730000.0,1.0,493281168.0,493517000,493517000.0,2.281,31215457000.0,170377000.0,-76734000.0,2164231000.0,63.251,3419497000.0
4,MGM,MRQ,2020-06-30,2020-06-30,2020-06-30,2021-08-06,-39030000.0,37471285000.0,,6370768000.0,31100517000.0,,14.945,-67081000.0,4835505000.0,4835505000.0,374370000.0,-936487000.0,2.474,3.407,19844761000.0,128430000.0,19716331000.0,19844761000.0,0.0,344774000.0,0.0,0.025,0.003,-970739000.0,-625965000.0,-2.16,-625965000.0,-970739000.0,-1127495000.0,-1.67,-1.67,-1.67,7374789000.0,,7374789000.0,22496668957.0,7.0,4.887,-729646000.0,-1.479,1.0,-84561000.0,-0.292,5838431000.0,156756000.0,44066982000.0,,106791000.0,1468495000.0,0.0,1468495000.0,25122503000.0,2575128000.0,22547375000.0,8286056957.0,-1180912000.0,-17695000.0,0.0,-411876000.0,-1233000.0,-496930000.0,-21566000.0,0.0,-662565000.0,149000.0,-857257000.0,-857257000.0,-857257000.0,0.0,-79230000.0,-2.958,941615000.0,-1026176000.0,149135000.0,-0.002,1.124,4.307,4.504,23357015000.0,0.0,16.8,0.916,0.917,287065000.0,4075812000.0,289809000.0,289809000.0,0.0,,,,,18835000.0,616142000.0,1.0,493217676.0,493456000,493456000.0,0.587,31632854000.0,166507000.0,-270238000.0,2242707000.0,64.105,3795640000.0
5,MGM,MRQ,2020-03-31,2020-03-31,2020-03-31,2021-08-06,-39774000.0,39118905000.0,,7597929000.0,31520976000.0,,16.499,-72935000.0,6016417000.0,6016417000.0,1438164000.0,674519000.0,2.893,3.155,20227029000.0,108694000.0,20118335000.0,20227029000.0,0.0,369386000.0,0.0,0.046,0.15,1226310000.0,1595696000.0,0.708,1595696000.0,1226310000.0,1069173000.0,1.64,1.64,1.64,8173914000.0,,8173914000.0,19050245224.0,4.0,3.256,-495872000.0,-1.001,1.0,814653000.0,0.362,5887445000.0,157137000.0,44815825000.0,,106327000.0,1596170000.0,0.0,1596170000.0,25786904000.0,2626247000.0,23160657000.0,5810725224.0,3686813000.0,2435190000.0,-353720000.0,1737996000.0,-73904000.0,1744753000.0,2362681000.0,0.0,-422937000.0,2316000.0,806869000.0,806869000.0,806869000.0,0.0,-132350000.0,0.358,-400444000.0,1215097000.0,243696000.0,0.091,0.711,2.057,2.153,23598612000.0,0.0,11.8,0.485,0.488,454826000.0,4934302000.0,2252817000.0,2252817000.0,0.0,,,,,36898000.0,718114000.0,1.0,492434341.0,495415000,496984000.0,4.547,33231460000.0,44459000.0,262304000.0,2388072000.0,67.078,4971682000.0
6,MGM,MRQ,2019-12-31,2019-12-31,2019-12-31,2021-08-06,-10202000.0,33876356000.0,,4007693000.0,29868663000.0,,15.11,-255578000.0,2329604000.0,2329604000.0,1899644000.0,2065950000.0,1.256,2.745,15569124000.0,122250000.0,15446874000.0,15569124000.0,0.0,355469000.0,0.0,0.016,0.13,2768433000.0,3123902000.0,0.981,3123902000.0,2768433000.0,2567953000.0,3.84,3.82,3.84,7727265000.0,,7727265000.0,31521959624.0,9.0,6.425,198715000.0,0.389,1.0,1285492000.0,0.404,5911068000.0,200480000.0,38013385000.0,,102888000.0,822366000.0,0.0,822366000.0,21213437000.0,3191423000.0,18022014000.0,17133529624.0,1096035000.0,4803226000.0,-392719000.0,-3927231000.0,-66125000.0,-3909708000.0,4548687000.0,0.0,454293000.0,2763000.0,2011577000.0,2011577000.0,2011577000.0,0.0,54373000.0,0.632,-1657043000.0,2942535000.0,310171000.0,0.034,2.217,8.361,8.531,22678436000.0,0.0,33.27,1.328,1.352,612717000.0,4201337000.0,3185136000.0,3185136000.0,0.0,,,,,24320000.0,676053000.0,1.0,514984359.0,511405000,514961000.0,6.228,27965288000.0,27167000.0,556376000.0,2106506000.0,54.683,816270000.0
7,MGM,MRQ,2019-09-30,2019-09-30,2019-09-30,2021-08-06,-46841000.0,31168871000.0,,2880746000.0,28288125000.0,,11.678,-159805000.0,1233569000.0,1233569000.0,1936650000.0,6104000.0,0.875,3.407,15621999000.0,159760000.0,15462239000.0,15621999000.0,0.0,338492000.0,0.0,0.018,0.13,171094000.0,509586000.0,0.154,509586000.0,171094000.0,-44409000.0,-0.08,-0.08,-0.08,6060552000.0,,6060552000.0,28621011877.0,27.0,12.034,228470000.0,0.44,1.0,1377732000.0,0.416,5942967000.0,215503000.0,36321090000.0,,104206000.0,758992000.0,0.0,758992000.0,20648253000.0,3293244000.0,17355009000.0,14453946877.0,72978000.0,-602000.0,-356982000.0,251052000.0,-66948000.0,-162107000.0,-151688000.0,0.0,388275000.0,-1502000.0,-37133000.0,-37133000.0,-37133000.0,0.0,43237000.0,-0.011,1175565000.0,202167000.0,398141000.0,-1.625,2.385,1014.882,,21254968000.0,0.0,27.72,1.132,1.127,550345000.0,2255885000.0,3314382000.0,3314382000.0,0.0,,,,,15320000.0,602773000.0,1.0,521426655.0,518983000,518983000.0,6.386,25225904000.0,23877000.0,-7276000.0,1536426000.0,48.606,-412498000.0
8,MGM,MRQ,2019-06-30,2019-06-30,2019-06-30,2021-08-06,-26330000.0,30813715000.0,,2040034000.0,28773681000.0,,12.248,-138134000.0,1160591000.0,1160591000.0,1904820000.0,76169000.0,0.732,3.046,15327656000.0,136790000.0,15190866000.0,15327656000.0,0.0,351068000.0,0.0,0.018,0.13,270968000.0,622036000.0,0.193,622036000.0,270968000.0,55139000.0,0.08,0.08,0.08,6520484000.0,,6520484000.0,29506073627.0,24.0,11.631,429917000.0,0.808,1.0,1318423000.0,0.409,6003588000.0,215829000.0,36190653000.0,,106707000.0,746733000.0,0.0,746733000.0,19858994000.0,2786539000.0,17072455000.0,15347840627.0,-62813000.0,-71111000.0,-281833000.0,-135550000.0,-68416000.0,-482630000.0,-150754000.0,0.0,568051000.0,2520000.0,43405000.0,43405000.0,43405000.0,0.0,32764000.0,0.013,973942000.0,344481000.0,509331000.0,1.625,2.354,79.01,84.029,21719154000.0,0.0,28.57,1.23,1.218,562772000.0,2359966000.0,3223243000.0,3223243000.0,0.0,,,,,17062000.0,632485000.0,1.0,537201282.0,532365000,535417000.0,6.055,24810127000.0,20994000.0,11734000.0,1552552000.0,46.604,-746505000.0
9,MGM,MRQ,2019-03-31,2019-03-31,2019-03-31,2021-08-06,-24608000.0,31146921000.0,,2207135000.0,28939786000.0,,12.703,-182911000.0,1223404000.0,1223404000.0,1862375000.0,66157000.0,0.785,2.937,15381637000.0,139857000.0,15241780000.0,15381637000.0,0.0,331404000.0,0.0,0.019,0.13,318928000.0,650332000.0,0.205,650332000.0,318928000.0,102808000.0,0.05,0.05,0.05,6786204000.0,,6786204000.0,27521980187.0,21.0,10.836,216871000.0,0.406,1.0,1314536000.0,0.414,6048402000.0,216120000.0,36444074000.0,,111302000.0,730996000.0,0.0,730996000.0,19929056000.0,2812678000.0,17116378000.0,13777280187.0,-303358000.0,-545239000.0,0.0,-399878000.0,-69799000.0,24851000.0,-726811000.0,0.0,399782000.0,-1180000.0,31297000.0,31297000.0,31297000.0,0.0,34860000.0,0.01,983025000.0,331511000.0,585875000.0,2.6,2.03,50.168,54.596,21838350000.0,0.0,25.66,1.137,1.131,602602000.0,2384977000.0,3176911000.0,3176911000.0,0.0,,,,,32136000.0,654548000.0,1.0,536916609.0,534219000,537506000.0,5.947,25098519000.0,18536000.0,71511000.0,1566931000.0,46.982,-605543000.0
10,MGM,MRQ,2018-12-31,2018-12-31,2018-12-31,2021-08-06,-8556000.0,30210706000.0,,2526778000.0,27683928000.0,,12.316,-237882000.0,1526762000.0,1526762000.0,1826825000.0,5760000.0,0.857,3.031,15271462000.0,183457000.0,15088005000.0,15271462000.0,0.0,312542000.0,0.0,0.02,0.12,283946000.0,596488000.0,0.195,596488000.0,283946000.0,69408000.0,-0.05,-0.05,-0.05,6512283000.0,,6512283000.0,26293891461.0,20.0,10.669,89191000.0,0.169,1.0,1226037000.0,0.402,5765855000.0,214538000.0,35240669000.0,,110831000.0,732867000.0,0.0,732867000.0,19740915000.0,2948882000.0,16792033000.0,12789822461.0,224085000.0,-53792000.0,-149999000.0,452447000.0,-63297000.0,181837000.0,-284329000.0,0.0,327073000.0,-496000.0,-23327000.0,-23327000.0,-23327000.0,0.0,29087000.0,-0.008,922775000.0,303262000.0,614371000.0,-2.4,1.964,27.401,29.585,20729888000.0,0.0,24.26,1.087,1.122,657206000.0,2423479000.0,3052862000.0,3052862000.0,0.0,,,,,19167000.0,563046000.0,1.0,527197958.0,528758000,531581000.0,5.774,24444851000.0,28431000.0,92735000.0,1342538000.0,46.231,-422104000.0
11,MGM,MRQ,2018-09-30,2018-09-30,2018-09-30,2021-08-06,6234000.0,29973515000.0,,2208024000.0,27765491000.0,,12.657,-362028000.0,1302677000.0,1302677000.0,1787426000.0,171410000.0,0.742,2.839,14806746000.0,142774000.0,14663972000.0,14806746000.0,0.0,300472000.0,0.0,0.017,0.12,367497000.0,667969000.0,0.221,667969000.0,367497000.0,161924000.0,0.26,0.26,0.26,6773358000.0,,6773358000.0,27393501058.0,23.0,11.993,-59713000.0,-0.112,1.0,1241876000.0,0.41,5813972000.0,205573000.0,34686022000.0,,104438000.0,666210000.0,0.0,666210000.0,19227336000.0,2977590000.0,16249746000.0,15012848058.0,29805000.0,-870918000.0,-176070000.0,1138944000.0,-63961000.0,845548000.0,-1119259000.0,0.0,302315000.0,1201000.0,142878000.0,142878000.0,142878000.0,0.0,28532000.0,0.047,866468000.0,375408000.0,673752000.0,0.462,2.216,7.996,8.561,20733381000.0,0.0,27.91,1.328,1.321,546646000.0,2510103000.0,3029302000.0,3029302000.0,0.0,,,,,17099000.0,561506000.0,1.0,537902116.0,535130000,540396000.0,5.661,24159543000.0,19552000.0,19046000.0,1241036000.0,45.147,-769566000.0
12,MGM,MRQ,2018-06-30,2018-06-30,2018-06-30,2021-08-06,-3237000.0,28977160000.0,,2083116000.0,26894044000.0,,12.485,-442922000.0,1272872000.0,1272872000.0,1669414000.0,140423000.0,0.68,2.649,13653525000.0,140184000.0,13513341000.0,13653525000.0,0.0,296208000.0,0.0,0.016,0.12,328980000.0,625188000.0,0.219,625188000.0,328980000.0,147487000.0,0.21,0.21,0.21,6847142000.0,,6847142000.0,28046091454.0,23.0,12.236,72565000.0,0.132,1.0,1189281000.0,0.416,5577804000.0,181493000.0,32715216000.0,,109130000.0,882940000.0,0.0,882940000.0,18137219000.0,3064793000.0,15072426000.0,16163500454.0,-252530000.0,0.0,-594864000.0,198858000.0,-65335000.0,-521101000.0,-247056000.0,0.0,515487000.0,140000.0,123777000.0,123777000.0,123777000.0,0.0,16646000.0,0.043,874146000.0,315135000.0,687085000.0,0.571,2.361,8.584,8.905,19863078000.0,0.0,29.03,1.455,1.433,497350000.0,2431186000.0,2858695000.0,2858695000.0,0.0,,,,,17801000.0,541891000.0,1.0,556786099.0,548433000,554339000.0,5.212,23399356000.0,23124000.0,23710000.0,1226397000.0,42.666,-981677000.0
13,MGM,MRQ,2018-03-31,2018-03-31,2018-03-31,2021-08-06,-7480000.0,29298270000.0,,2392713000.0,26905557000.0,,13.05,-418399000.0,1525402000.0,1525402000.0,1635210000.0,266301000.0,0.667,2.428,13407993000.0,665132000.0,12742861000.0,13407993000.0,0.0,268822000.0,0.0,0.013,0.12,305974000.0,574796000.0,0.204,574796000.0,305974000.0,138065000.0,0.39,0.38,0.39,7370790000.0,,7370790000.0,31379071259.0,23.0,13.244,159265000.0,0.282,1.0,1187027000.0,0.421,5619955000.0,167909000.0,31974018000.0,,107309000.0,1050795000.0,0.0,1050795000.0,17897899000.0,3586888000.0,14311011000.0,19834187259.0,25407000.0,-2503000.0,-362400000.0,373226000.0,-67999000.0,-117050000.0,-432377000.0,0.0,577664000.0,-2830000.0,223444000.0,223444000.0,223444000.0,0.0,42857000.0,0.079,859036000.0,327991000.0,688330000.0,0.308,2.691,10.073,10.27,19711829000.0,0.0,35.02,1.819,1.814,505591000.0,2372744000.0,2822237000.0,2822237000.0,0.0,,,,,16110000.0,517399000.0,1.0,566367426.0,564832000,571970000.0,4.997,23678315000.0,41653000.0,-85379000.0,1206591000.0,41.921,-1194175000.0
14,MGM,MRQ,2017-12-31,2017-12-31,2017-12-31,2021-08-06,-3610000.0,29160042000.0,,2376355000.0,26783687000.0,,13.382,-464457000.0,1499995000.0,1499995000.0,1542064000.0,1418993000.0,0.757,2.316,13044879000.0,293827000.0,12751052000.0,13044879000.0,0.0,249357000.0,0.0,0.013,0.11,166850000.0,416207000.0,0.16,416207000.0,166850000.0,9509000.0,2.4,2.37,2.4,7577061000.0,,7577061000.0,30531620001.0,20.0,12.277,230045000.0,0.406,1.0,1055541000.0,0.406,5684491000.0,157341000.0,31882138000.0,,102292000.0,1033297000.0,0.0,1033297000.0,17548918000.0,3138297000.0,14410621000.0,18903356001.0,-486693000.0,-310806000.0,0.0,-603950000.0,-62288000.0,-726798000.0,-453978000.0,0.0,694502000.0,-419000.0,1387413000.0,1387413000.0,1387413000.0,0.0,31580000.0,0.534,860154000.0,195387000.0,729835000.0,0.046,2.495,9.684,9.879,19635459000.0,0.0,33.39,1.751,1.77,542273000.0,2217299000.0,2597605000.0,2597605000.0,0.0,,,,,16188000.0,530201000.0,1.0,566138245.0,566226000,572357000.0,4.588,23475551000.0,42551000.0,-1377904000.0,1295375000.0,41.46,-761942000.0
15,MGM,MRQ,2017-09-30,2017-09-30,2017-09-30,2021-08-06,-9840000.0,29101890000.0,,2794536000.0,26307354000.0,,11.0,-526590000.0,1986688000.0,1986688000.0,1598072000.0,175744000.0,1.021,2.976,13614952000.0,588025000.0,13026927000.0,13614952000.0,0.0,249600000.0,0.0,0.01,0.11,426360000.0,675960000.0,0.239,675960000.0,426360000.0,263073000.0,0.26,0.26,0.26,6308543000.0,,6308543000.0,30333746592.0,20.0,12.009,46193000.0,0.081,1.0,1232103000.0,0.435,5731575000.0,163287000.0,32262819000.0,,101242000.0,1007584000.0,0.0,1007584000.0,18777150000.0,2735760000.0,16041390000.0,18745512592.0,229626000.0,-1148000.0,-327500000.0,256856000.0,-63297000.0,190965000.0,-533836000.0,0.0,572783000.0,-286000.0,148363000.0,148363000.0,148363000.0,0.0,27381000.0,0.052,777189000.0,454914000.0,480690000.0,0.423,2.971,31.865,31.951,19134748000.0,0.0,32.59,1.852,1.847,515423000.0,922657000.0,2830175000.0,2830175000.0,0.0,,,,,15341000.0,490529000.0,1.0,575192163.0,573527000,580676000.0,4.935,23370315000.0,0.0,114710000.0,2674877000.0,40.748,58776000.0
16,MGM,MRQ,2017-06-30,2017-06-30,2017-06-30,2021-08-06,-9148000.0,28542931000.0,,2485131000.0,26057800000.0,,11.326,-416422000.0,1757062000.0,1757062000.0,1520616000.0,240873000.0,0.927,2.812,13345296000.0,620028000.0,12725268000.0,13345296000.0,0.0,244754000.0,0.0,0.007,0.11,457582000.0,702336000.0,0.265,702336000.0,457582000.0,283524000.0,0.36,0.36,0.36,6511408000.0,,6511408000.0,29799440454.0,17.0,10.962,117269000.0,0.204,1.0,1131517000.0,0.427,5779818000.0,174058000.0,31671779000.0,,103119000.0,980885000.0,0.0,980885000.0,18311934000.0,2679568000.0,15632366000.0,17983598454.0,361618000.0,298727000.0,0.0,96874000.0,-63247000.0,-43411000.0,-126829000.0,0.0,533691000.0,-1833000.0,209864000.0,209864000.0,209864000.0,0.0,31009000.0,0.079,672258000.0,459259000.0,460468000.0,0.306,2.762,18.435,18.406,18896912000.0,0.0,31.29,1.795,1.796,469126000.0,836840000.0,2652133000.0,2652133000.0,0.0,,,,,15005000.0,433797000.0,1.0,574739484.0,574931000,582056000.0,4.613,22763113000.0,7362000.0,73660000.0,2560127000.0,39.593,-194437000.0
17,MGM,MRQ,2017-03-31,2017-03-31,2017-03-31,2021-08-06,7217000.0,28303092000.0,,2172718000.0,26130374000.0,,11.101,-455895000.0,1395444000.0,1395444000.0,1532370000.0,252574000.0,1.023,2.848,13211286000.0,112096000.0,13099190000.0,13211286000.0,0.0,249769000.0,0.0,0.004,0.11,442611000.0,692380000.0,0.255,692380000.0,442611000.0,268552000.0,0.36,0.36,0.36,6376495000.0,,6376495000.0,27433076297.0,14.0,9.505,-50460000.0,-0.088,1.0,1185196000.0,0.436,5847784000.0,174059000.0,32146386000.0,,100502000.0,1252432000.0,0.0,1252432000.0,18162375000.0,2124764000.0,16037611000.0,15733034297.0,-51137000.0,-3500000.0,0.0,102575000.0,-63182000.0,10466000.0,-465949000.0,0.0,405435000.0,-1089000.0,206412000.0,206412000.0,206412000.0,0.0,46162000.0,0.076,728451000.0,456745000.0,419696000.0,0.306,2.467,12.688,12.569,18619666000.0,0.0,27.4,1.603,1.604,493765000.0,689476000.0,2717566000.0,2717566000.0,0.0,,,,,15960000.0,461920000.0,1.0,574198332.0,574403000,580165000.0,4.731,22455308000.0,0.0,62140000.0,2619094000.0,39.093,47954000.0
18,MGM,MRQ,2016-12-31,2016-12-31,2016-12-31,2021-08-06,15053000.0,28173301000.0,,2229587000.0,25943714000.0,,10.839,-671511000.0,1446581000.0,1446581000.0,1481020000.0,68890000.0,0.972,2.927,13146623000.0,167403000.0,12979220000.0,13146623000.0,0.0,233052000.0,0.0,0.0,0.0,222289000.0,455341000.0,0.237,455341000.0,222289000.0,60585000.0,0.04,0.04,0.04,6220180000.0,,6220180000.0,27986401480.0,15.0,10.496,-186544000.0,-0.325,1.0,438170000.0,0.228,5904825000.0,161704000.0,31675097000.0,,97733000.0,1220443000.0,0.0,1220443000.0,18203989000.0,2293421000.0,15910568000.0,16530162480.0,423000.0,-11485000.0,0.0,191454000.0,0.0,201710000.0,-686435000.0,0.0,484967000.0,181000.0,23637000.0,23637000.0,23637000.0,0.0,45253000.0,0.012,755210000.0,-317040000.0,520838000.0,0.0,2.658,15.022,14.861,18425023000.0,0.0,28.83,1.744,1.728,542924000.0,545811000.0,1919190000.0,1919190000.0,0.0,,,,,16610000.0,448506000.0,1.0,573366718.0,573876000,579218000.0,3.344,22268476000.0,0.0,36948000.0,2561882000.0,38.804,-63834000.0
19,MGM,MRQ,2016-09-30,2016-09-30,2016-09-30,2021-08-06,12801000.0,27705286000.0,,2214348000.0,25490938000.0,,10.897,-618106000.0,1446158000.0,1446158000.0,1425519000.0,561260000.0,1.039,2.873,12902397000.0,115977000.0,12786420000.0,12902397000.0,0.0,209737000.0,0.0,0.0,0.0,658672000.0,868409000.0,0.318,868409000.0,658672000.0,490624000.0,0.94,0.93,0.94,6190831000.0,,6190831000.0,24745048641.0,23.0,13.12,-182747000.0,-0.322,1.0,1301966000.0,0.477,5952684000.0,168048000.0,31078206000.0,,97400000.0,1196543000.0,0.0,1196543000.0,17787827000.0,2130635000.0,15657192000.0,14722938641.0,-1057097000.0,-536376000.0,0.0,-188237000.0,0.0,-334932000.0,-1157543000.0,0.0,435359000.0,19000.0,535619000.0,535619000.0,535619000.0,0.0,25641000.0,0.196,409418000.0,892548000.0,539459000.0,0.0,2.378,49.855,56.587,17948045000.0,0.0,26.03,1.482,1.489,492426000.0,521142000.0,2727485000.0,2727485000.0,0.0,,,,,13954000.0,459732000.0,1.0,565614239.0,568125000,573812000.0,4.801,21752602000.0,478000.0,-44995000.0,2543815000.0,38.288,83713000.0
20,MGM,MRQ,2016-06-30,2016-06-30,2016-06-30,2021-08-06,10809000.0,26549055000.0,,3193787000.0,23355268000.0,,9.784,-541640000.0,2503255000.0,2503255000.0,1312969000.0,514498000.0,1.665,3.077,12525365000.0,160445000.0,12364920000.0,12525365000.0,0.0,206899000.0,0.0,0.0,0.0,663185000.0,870084000.0,0.355,870084000.0,663185000.0,482833000.0,0.84,0.83,0.84,5532580000.0,,5532580000.0,24196915430.0,37.0,16.526,-152590000.0,-0.27,1.0,1135305000.0,0.464,5501596000.0,180352000.0,29151790000.0,,97800000.0,1364163000.0,0.0,1364163000.0,17022172000.0,1917779000.0,15104393000.0,12789429430.0,838350000.0,541808000.0,0.0,-651182000.0,0.0,451682000.0,-2202000.0,0.0,389050000.0,-180000.0,474353000.0,474353000.0,474353000.0,0.0,40145000.0,0.194,635787000.0,499518000.0,495216000.0,0.0,2.312,-73.554,-62.861,16102856000.0,0.0,22.63,1.322,1.323,443903000.0,-14477000.0,2448274000.0,2448274000.0,0.0,,,,,12875000.0,403210000.0,1.0,565153753.0,565459000,570762000.0,4.33,21047459000.0,11194000.0,8480000.0,2591317000.0,37.222,1276008000.0
21,MGM,MRQ,2016-03-31,2016-03-31,2016-03-31,2021-08-06,11622000.0,25497290000.0,,2401644000.0,23095646000.0,,9.202,-427272000.0,1664905000.0,1664905000.0,1301713000.0,91198000.0,1.15,3.391,13072391000.0,386010000.0,12686381000.0,13072391000.0,0.0,199839000.0,0.0,0.0,0.0,272778000.0,472617000.0,0.198,472617000.0,272778000.0,88109000.0,0.12,0.12,0.12,5199899000.0,,5199899000.0,23302976705.0,81.0,21.193,-202676000.0,-0.359,1.0,1081607000.0,0.454,5546451000.0,184669000.0,29270014000.0,,97584000.0,1478501000.0,0.0,1478501000.0,17632280000.0,2088311000.0,15543969000.0,12110621705.0,-5407000.0,74000.0,0.0,207762000.0,0.0,200962000.0,-430024000.0,0.0,224596000.0,-941000.0,66799000.0,66799000.0,66799000.0,0.0,24399000.0,0.028,606721000.0,474886000.0,469256000.0,0.0,2.329,-21.988,-21.02,15692731000.0,0.0,21.44,1.235,1.236,452751000.0,-488830000.0,2383320000.0,2383320000.0,0.0,,,,,12048000.0,379791000.0,1.0,564861087.0,565056000,569455000.0,4.218,19950839000.0,9148000.0,21310000.0,2687946000.0,35.308,313333000.0
22,MGM,MRQ,2015-12-31,2015-12-31,2015-12-31,2021-08-06,14022000.0,25215178000.0,,2408749000.0,22806429000.0,,9.431,-458552000.0,1670312000.0,1670312000.0,1319559000.0,-1473497000.0,1.076,3.408,12862667000.0,494356000.0,12368311000.0,12862667000.0,0.0,200164000.0,0.0,0.0,0.0,-525187000.0,-325023000.0,-0.137,-325023000.0,-525187000.0,-711478000.0,-1.44,-1.43,-1.44,5119927000.0,,5119927000.0,23958536570.0,70.0,20.598,-191253000.0,-0.352,1.0,1055970000.0,0.445,5595548000.0,186291000.0,28574034000.0,,104200000.0,1491497000.0,0.0,1491497000.0,17450751000.0,2237951000.0,15212800000.0,12801933570.0,-145626000.0,69634000.0,0.0,-7000000.0,0.0,-19868000.0,-393005000.0,0.0,267299000.0,-52000.0,-781454000.0,-781454000.0,-781454000.0,0.0,-692043000.0,-0.329,2109800000.0,-1053830000.0,432151000.0,0.0,2.5,-28.594,-27.707,15371795000.0,0.0,22.72,1.288,1.241,480559000.0,-555629000.0,2375529000.0,2375529000.0,0.0,,,,,12248000.0,397302000.0,1.0,563465386.0,542873000,,4.376,19619630000.0,15993000.0,69976000.0,2680576000.0,36.14,170798000.0
23,MGM,MRQ,2015-09-30,2015-09-30,2015-09-30,2021-08-06,14447000.0,26680266000.0,,2582274000.0,24097992000.0,,10.48,-406453000.0,1807795000.0,1807795000.0,1397900000.0,94735000.0,1.322,2.955,12964398000.0,143361000.0,12821037000.0,12964398000.0,0.0,204742000.0,0.0,0.0,0.0,241713000.0,446455000.0,0.181,446455000.0,241713000.0,49932000.0,0.12,0.12,0.12,5901244000.0,,5901244000.0,21409210794.0,20.0,11.403,-115942000.0,-0.206,1.0,1066291000.0,0.433,7111656000.0,191781000.0,28772358000.0,,100533000.0,1536531000.0,0.0,1536531000.0,17440544000.0,1952855000.0,15487689000.0,10389160794.0,-526402000.0,-17131000.0,0.0,-550998000.0,0.0,-591870000.0,-225174000.0,200205000.0,290511000.0,131000.0,66425000.0,66425000.0,66425000.0,0.0,28310000.0,0.027,642889000.0,423402000.0,356897000.0,0.0,1.761,-1218.098,-369.0,15014642000.0,0.0,18.45,1.024,1.024,470842000.0,225825000.0,2464191000.0,2464191000.0,0.0,,,,,9688000.0,414514000.0,1.0,563098146.0,563098146,,4.376,19568610000.0,16054000.0,-16493000.0,2586128000.0,34.752,629419000.0
24,MGM,MRQ,2015-06-30,2015-06-30,2015-06-30,2021-08-06,13891000.0,27149587000.0,,3267022000.0,23882565000.0,,10.351,-301617000.0,2542545000.0,2542545000.0,1455797000.0,126467000.0,1.171,3.084,13562595000.0,1067386000.0,12495209000.0,13562595000.0,0.0,208565000.0,0.0,0.0,0.0,296932000.0,505497000.0,0.196,505497000.0,296932000.0,93687000.0,0.18,0.17,0.18,5828210000.0,,5828210000.0,22816005041.0,23.0,12.493,-29996000.0,-0.053,1.0,1125681000.0,0.436,7154792000.0,203245000.0,28224050000.0,,106914000.0,1491052000.0,0.0,1491052000.0,17972757000.0,2790795000.0,15181962000.0,10275525041.0,142591000.0,204222000.0,0.0,221600000.0,0.0,164636000.0,-293676000.0,-200205000.0,271621000.0,10000.0,97459000.0,97459000.0,97459000.0,0.0,29008000.0,0.038,623717000.0,501964000.0,377600000.0,0.0,1.763,-107.909,-86.905,14791558000.0,0.0,18.25,0.992,0.992,467960000.0,159400000.0,2581478000.0,2581478000.0,0.0,,,,,10260000.0,393310000.0,1.0,563042468.0,563042468,,4.585,19994795000.0,12947000.0,-3772000.0,2608946000.0,35.512,476227000.0
25,MGM,MRQ,2015-03-31,2015-03-31,2015-03-31,2021-08-06,13580000.0,26798447000.0,,2956607000.0,23841840000.0,,8.697,-292165000.0,2195535000.0,2195535000.0,1452120000.0,212646000.0,1.56,4.48,14736015000.0,184205000.0,14551810000.0,14736015000.0,0.0,206412000.0,0.0,0.0,0.0,329807000.0,536219000.0,0.213,536219000.0,329807000.0,113545000.0,0.35,0.33,0.35,4273118000.0,,4273118000.0,22398959816.0,23.0,12.542,-116517000.0,-0.237,1.0,1068523000.0,0.424,7207333000.0,216262000.0,30235833000.0,,103286000.0,1661444000.0,0.0,1661444000.0,19145412000.0,1895761000.0,17249651000.0,10332317816.0,482372000.0,-158968000.0,0.0,391999000.0,0.0,189223000.0,116797000.0,570000000.0,175648000.0,704000.0,169850000.0,169850000.0,169850000.0,0.0,42796000.0,0.067,602401000.0,466122000.0,313045000.0,0.0,2.418,-124.975,-123.706,14561951000.0,0.0,21.03,0.979,0.979,461751000.0,61941000.0,2520643000.0,2520643000.0,0.0,,,,,10676000.0,378529000.0,1.0,491313258.0,491313258,,5.13,19591114000.0,7725000.0,-56305000.0,2617702000.0,39.875,1060846000.0
26,MGM,MRQ,2014-12-31,2014-12-31,2014-12-31,2021-08-06,12991000.0,26593914000.0,,3027160000.0,23566754000.0,,8.33,-247468000.0,2283715000.0,2283715000.0,1506553000.0,-287472000.0,0.888,4.636,14241760000.0,1436475000.0,12805285000.0,14241760000.0,0.0,202654000.0,0.0,0.0,0.0,186749000.0,389403000.0,0.151,389403000.0,186749000.0,-14154000.0,-0.7,-0.7,-0.7,4090917000.0,,4090917000.0,22282711448.0,23.0,12.613,-139612000.0,-0.284,1.0,1075817000.0,0.417,7261966000.0,200903000.0,27882068000.0,,104011000.0,1559034000.0,0.0,1559034000.0,18965640000.0,3407925000.0,15557715000.0,10500149448.0,402603000.0,-33461000.0,0.0,1230069000.0,0.0,1227156000.0,-933097000.0,-570000000.0,107856000.0,688000.0,-342263000.0,-342263000.0,-342263000.0,0.0,54791000.0,-0.133,610753000.0,465064000.0,334691000.0,0.0,2.567,-70.06,-68.968,14441542000.0,0.0,21.38,0.968,0.968,473345000.0,-107909000.0,2582370000.0,2582370000.0,0.0,,,,,10713000.0,393990000.0,1.0,491120180.0,491120180,,5.258,19331948000.0,14675000.0,328109000.0,2684002000.0,39.363,-380765000.0
27,MGM,MRQ,2014-09-30,2014-09-30,2014-09-30,2021-08-06,8388000.0,25448486000.0,,1991057000.0,23457429000.0,,9.009,-247086000.0,1313427000.0,1313427000.0,1593058000.0,50382000.0,0.591,3.97,13095989000.0,1372334000.0,11723655000.0,13095989000.0,0.0,202386000.0,0.0,0.0,0.0,192773000.0,395159000.0,0.148,395159000.0,192773000.0,-10062000.0,-0.04,-0.04,-0.04,4420856000.0,,4420856000.0,22928806705.0,25.0,13.175,-27896000.0,-0.057,1.0,1084433000.0,0.405,7225235000.0,202835000.0,26636499000.0,,99274000.0,1555353000.0,0.0,1555353000.0,17549850000.0,3369314000.0,14180536000.0,11179088705.0,-50363000.0,-16487000.0,0.0,-7000000.0,0.0,-79559000.0,-188893000.0,69066000.0,219190000.0,-1101000.0,-20270000.0,-20270000.0,-20270000.0,0.0,70652000.0,-0.008,628463000.0,455970000.0,266696000.0,0.0,2.529,82.451,84.37,14253703000.0,0.0,22.78,1.019,1.019,433853000.0,234354000.0,2677491000.0,2677491000.0,0.0,,,,,9951000.0,409050000.0,1.0,490741383.0,490741383,,5.456,18223251000.0,0.0,10208000.0,2360376000.0,37.134,-1378257000.0
28,MGM,MRQ,2014-06-30,2014-06-30,2014-06-30,2021-08-06,15235000.0,25572303000.0,,2166315000.0,23405988000.0,,9.085,-177220000.0,1365137000.0,1365137000.0,1618992000.0,178168000.0,0.846,3.955,13114855000.0,508335000.0,12606520000.0,13114855000.0,0.0,203070000.0,0.0,0.0,0.0,261999000.0,465069000.0,0.168,465069000.0,261999000.0,58063000.0,0.22,0.22,0.22,4457303000.0,,4457303000.0,24956507231.0,28.0,14.434,335609000.0,0.684,1.0,1151406000.0,0.416,7295297000.0,203936000.0,27466408000.0,,102524000.0,1420924000.0,0.0,1420924000.0,17630775000.0,2560316000.0,15070459000.0,12952234231.0,250401000.0,-21282000.0,0.0,-7000000.0,0.0,-74832000.0,-188091000.0,9102000.0,512829000.0,495000.0,110008000.0,110008000.0,110008000.0,0.0,68160000.0,0.04,627922000.0,523484000.0,253475000.0,0.0,2.906,96.99,101.538,14113722000.0,0.0,26.4,1.183,1.183,473922000.0,270796000.0,2770398000.0,2770398000.0,0.0,,,,,8405000.0,381923000.0,1.0,490614933.0,490614933,,5.647,18277006000.0,0.0,-51945000.0,2391337000.0,37.253,-394001000.0
29,MGM,MRQ,2014-03-31,2014-03-31,2014-03-31,2021-08-06,12236000.0,25350709000.0,,1970630000.0,23380079000.0,,8.856,-192616000.0,1114736000.0,1114736000.0,1650095000.0,186100000.0,0.913,4.036,13119009000.0,188281000.0,12930728000.0,13119009000.0,0.0,207655000.0,0.0,0.0,0.0,309375000.0,517030000.0,0.183,517030000.0,309375000.0,99988000.0,0.21,0.2,0.21,4343289000.0,,4343289000.0,24514607377.0,32.0,15.25,98179000.0,0.2,1.0,1167910000.0,0.414,7348038000.0,209387000.0,27847380000.0,,101553000.0,1416664000.0,0.0,1416664000.0,17527863000.0,2159564000.0,15368299000.0,12682524377.0,-688933000.0,-31678000.0,0.0,-515900000.0,0.0,-764688000.0,-214069000.0,8999000.0,290795000.0,-971000.0,102652000.0,102652000.0,102652000.0,0.0,83448000.0,0.036,586446000.0,581464000.0,220523000.0,0.0,2.92,-182.682,-172.4,14034075000.0,0.0,25.86,1.169,1.169,492535000.0,165252000.0,2818005000.0,2818005000.0,0.0,,,,,8195000.0,372597000.0,1.0,490430177.0,490430177,,5.746,18002671000.0,0.0,-2664000.0,2372513000.0,36.708,-188934000.0
30,MGM,MRQ,2013-12-31,2013-12-31,2013-12-31,2021-08-06,12503000.0,26084610000.0,,2719439000.0,23365171000.0,,8.603,-165067000.0,1803669000.0,1803669000.0,1605175000.0,22407000.0,1.228,4.323,13635752000.0,188522000.0,13447230000.0,13635752000.0,0.0,207474000.0,0.0,0.0,0.0,155539000.0,363013000.0,0.134,363013000.0,155539000.0,-52922000.0,-0.12,-0.12,-0.12,4216051000.0,,4216051000.0,23369432988.0,33.0,15.022,49624000.0,0.101,1.0,1100809000.0,0.407,7409303000.0,208461000.0,28292062000.0,,107907000.0,1469261000.0,0.0,1469261000.0,18224115000.0,2215328000.0,16008787000.0,11526359988.0,428266000.0,-4990000.0,0.0,406485000.0,0.0,402174000.0,-188785000.0,3098000.0,214691000.0,186000.0,-56805000.0,-56805000.0,-56805000.0,0.0,79212000.0,-0.021,593814000.0,506995000.0,241192000.0,0.0,2.734,-67.118,-67.2,14055212000.0,0.0,23.52,1.091,1.091,488217000.0,41964000.0,2705984000.0,2705984000.0,0.0,,,,,8398000.0,380945000.0,1.0,490066326.0,490066326,,5.522,18675307000.0,80989000.0,3883000.0,2434780000.0,38.108,504111000.0
31,MGM,MRQ,2013-09-30,2013-09-30,2013-09-30,2021-08-06,11619000.0,25658835000.0,,2284015000.0,23374820000.0,,8.706,-136472000.0,1375403000.0,1375403000.0,1580077000.0,33171000.0,1.057,4.184,13218476000.0,183958000.0,13034518000.0,13218476000.0,0.0,211682000.0,0.0,0.0,0.0,172198000.0,383880000.0,0.145,383880000.0,172198000.0,-36741000.0,-0.05,-0.05,-0.05,4262357000.0,,4262357000.0,22034353195.0,-46.0,55.901,229223000.0,0.468,1.0,1073439000.0,0.405,7449173000.0,208939000.0,27891265000.0,,98330000.0,1416462000.0,0.0,1416462000.0,17831664000.0,2161470000.0,15670194000.0,10007405195.0,96730000.0,-9453000.0,0.0,-77028000.0,0.0,-137884000.0,-131139000.0,15012000.0,365695000.0,58000.0,-22313000.0,-22313000.0,-22313000.0,0.0,55484000.0,-0.008,639125000.0,434314000.0,202792000.0,0.0,2.348,-7.51,-7.46,13969293000.0,0.0,20.44,0.968,0.968,411077000.0,95427000.0,2653516000.0,2653516000.0,0.0,,,,,7379000.0,397037000.0,1.0,489599080.0,489599080,,5.42,18209662000.0,126396000.0,-14428000.0,2480563000.0,37.193,122545000.0
32,MGM,MRQ,2013-06-30,2013-06-30,2013-06-30,2021-08-06,11308000.0,25722137000.0,,2210240000.0,23511897000.0,,8.764,-145375000.0,1278673000.0,1278673000.0,1579869000.0,-30578000.0,1.053,4.165,13305621000.0,193660000.0,13111961000.0,13305621000.0,0.0,218151000.0,0.0,0.0,0.0,125407000.0,343558000.0,0.129,343558000.0,125407000.0,-89093000.0,-0.19,-0.19,-0.19,4289061000.0,,4289061000.0,19648391139.0,-35.0,59.41,390031000.0,0.797,1.0,1089649000.0,0.408,7509631000.0,214500000.0,28141308000.0,,101110000.0,1408139000.0,0.0,1408139000.0,17864971000.0,2098146000.0,15766825000.0,7233125139.0,-201964000.0,-8103000.0,0.0,-596295000.0,0.0,-601476000.0,-136597000.0,14962000.0,535406000.0,703000.0,-92958000.0,-92958000.0,-92958000.0,0.0,62380000.0,-0.035,676476000.0,413173000.0,229599000.0,0.0,1.686,-4.85,-4.83,14042309000.0,0.0,14.78,0.714,0.714,440326000.0,127286000.0,2669518000.0,2669518000.0,0.0,,,,,7932000.0,366688000.0,1.0,489386004.0,489386004,,5.455,18212506000.0,141516000.0,3865000.0,2512682000.0,37.215,112094000.0
33,MGM,MRQ,2013-03-31,2013-03-31,2013-03-31,2021-08-06,7982000.0,26057874000.0,,2439245000.0,23618629000.0,,8.937,-97180000.0,1480637000.0,1480637000.0,1493595000.0,22578000.0,1.304,4.157,13895903000.0,205204000.0,13690699000.0,13895903000.0,0.0,211918000.0,0.0,0.0,0.0,262424000.0,474342000.0,0.187,474342000.0,262424000.0,36977000.0,0.01,0.01,0.01,4372857000.0,,4372857000.0,18686861598.0,-31.0,61.8,97476000.0,0.199,1.0,1041580000.0,0.411,7564746000.0,225447000.0,29037406000.0,,105047000.0,1435136000.0,0.0,1435136000.0,18178821000.0,1870988000.0,16307833000.0,6434351598.0,-62872000.0,-6297000.0,0.0,103000000.0,0.0,-152522000.0,-103616000.0,-26000.0,194656000.0,-1390000.0,6546000.0,6546000.0,6546000.0,0.0,16032000.0,0.003,573080000.0,468500000.0,178435000.0,0.0,1.471,-4.168,-4.148,14117778000.0,0.0,13.15,0.646,0.646,475581000.0,220244000.0,2535175000.0,2535175000.0,0.0,,,,,8623000.0,350525000.0,1.0,489304304.0,489304304,,5.181,18493128000.0,119196000.0,30431000.0,2480728000.0,37.795,568257000.0
34,MGM,MRQ,2012-12-31,2012-12-31,2012-12-31,2021-08-06,14303000.0,26284738000.0,,2507092000.0,23777646000.0,,8.924,-105816000.0,1543509000.0,1543509000.0,1484080000.0,-1188497000.0,1.302,4.162,13796019000.0,206736000.0,13589283000.0,13796019000.0,0.0,226831000.0,0.0,0.0,0.0,-1034446000.0,-807615000.0,-0.325,-807615000.0,-1034446000.0,-1314368000.0,-2.51,-2.51,-2.51,4365548000.0,,4365548000.0,17326269409.0,-23.0,108.927,-83727000.0,-0.171,1.0,1000357000.0,0.403,7640680000.0,279922000.0,28970897000.0,,107577000.0,1444547000.0,0.0,1444547000.0,18168722000.0,1925671000.0,16243051000.0,5694301409.0,-899650000.0,-16924000.0,0.0,-795065000.0,0.0,-799257000.0,-123010000.0,-19000.0,22089000.0,528000.0,-1223827000.0,-1223827000.0,-1223827000.0,0.0,35330000.0,-0.493,1222928000.0,-222571000.0,199620000.0,0.0,1.304,-3.221,-3.215,14194652000.0,0.0,11.64,0.575,0.575,443677000.0,213698000.0,2484437000.0,2484437000.0,0.0,,,,,9428000.0,395116000.0,1.0,489201152.0,489201152,,5.079,18644058000.0,179431000.0,-90541000.0,2475239000.0,38.111,581421000.0
35,MGM,MRQ,2012-09-30,2012-09-30,2012-09-30,2021-08-06,12533000.0,27831361000.0,,3347817000.0,24483544000.0,,11.358,-100387000.0,2443159000.0,2443159000.0,1462554000.0,-154674000.0,1.653,3.343,14075127000.0,249676000.0,13825451000.0,14075127000.0,0.0,228414000.0,0.0,0.0,0.0,92027000.0,320441000.0,0.131,320441000.0,92027000.0,-183744000.0,-0.37,-0.37,-0.37,5553270000.0,,5553270000.0,17142572908.0,73.0,14.602,274619000.0,0.562,1.0,975699000.0,0.4,7714456000.0,275771000.0,29723019000.0,,107772000.0,1488662000.0,0.0,1488662000.0,18565858000.0,2025854000.0,16540004000.0,5256127908.0,711238000.0,-12738000.0,0.0,437512000.0,0.0,434412000.0,-98454000.0,14985000.0,375006000.0,274000.0,-181159000.0,-181159000.0,-181159000.0,0.0,26485000.0,-0.074,617080000.0,358619000.0,201150000.0,0.0,0.946,-7.993,-7.963,14765349000.0,0.0,10.75,0.531,0.531,412390000.0,1437525000.0,2438253000.0,2438253000.0,0.0,,,,,9336000.0,382098000.0,1.0,488942131.0,488942131,,4.987,20116905000.0,140831000.0,-2585000.0,2528186000.0,41.144,1321963000.0
36,MGM,MRQ,2012-06-30,2012-06-30,2012-06-30,2021-08-06,11046000.0,27263008000.0,,2677417000.0,24585591000.0,,11.711,-102397000.0,1731921000.0,1731921000.0,1476248000.0,-70434000.0,1.388,3.118,13618366000.0,393047000.0,13225319000.0,13618366000.0,0.0,235643000.0,0.0,0.0,0.0,79567000.0,315210000.0,0.126,315210000.0,79567000.0,-196756000.0,-0.3,-0.3,-0.3,5725785000.0,,5725785000.0,17434536578.0,82.0,14.874,118165000.0,0.242,1.0,1030438000.0,0.411,7789548000.0,276323000.0,29430521000.0,,113316000.0,1498864000.0,0.0,1498864000.0,17850801000.0,1929384000.0,15921417000.0,5456400578.0,97029000.0,-12116000.0,0.0,-2509000.0,0.0,-9192000.0,-115012000.0,-3000.0,220562000.0,671000.0,-145452000.0,-145452000.0,-145452000.0,0.0,75018000.0,-0.058,678128000.0,352310000.0,171878000.0,0.0,0.953,-9.091,-9.073,14783177000.0,0.0,11.16,0.552,0.552,478588000.0,1618684000.0,2506686000.0,2506686000.0,0.0,,,,,10192000.0,352018000.0,1.0,488924783.0,488924783,,5.127,19473460000.0,122134000.0,-51304000.0,2514176000.0,39.829,748033000.0
37,MGM,MRQ,2012-03-31,2012-03-31,2012-03-31,2021-08-06,6837000.0,27391028000.0,,2593677000.0,24797351000.0,,12.025,-113737000.0,1634892000.0,1634892000.0,1498400000.0,-203307000.0,1.371,3.045,13613028000.0,253075000.0,13359953000.0,13613028000.0,0.0,236809000.0,0.0,0.0,0.0,94218000.0,331027000.0,0.134,331027000.0,94218000.0,-190124000.0,-0.44,-0.44,-0.44,5878407000.0,,5878407000.0,18465851368.0,5.0,3.955,177957000.0,0.364,1.0,973893000.0,0.394,7862636000.0,284342000.0,29614141000.0,,110674000.0,1589915000.0,0.0,1589915000.0,17899793000.0,1892387000.0,16007406000.0,6658175368.0,-231021000.0,-10799000.0,0.0,-214166000.0,0.0,-412922000.0,-109941000.0,15006000.0,291694000.0,148000.0,-217253000.0,-217253000.0,-217253000.0,0.0,13946000.0,-0.088,583275000.0,390618000.0,163626000.0,0.0,1.133,2.229,2.229,14786820000.0,0.0,13.62,0.713,0.713,477484000.0,1764136000.0,2472293000.0,2472293000.0,0.0,,,,,10604000.0,345549000.0,1.0,488852817.0,488852817,,5.057,19528392000.0,99935000.0,27129000.0,2533604000.0,39.947,701290000.0
38,MGM,MRQ,2011-12-31,2011-12-31,2011-12-31,2021-08-06,5978000.0,27766276000.0,,2812720000.0,24953556000.0,,12.451,-124572000.0,1865913000.0,1865913000.0,1505176000.0,-19301000.0,1.612,2.938,13673589000.0,203422000.0,13470167000.0,13673589000.0,0.0,237762000.0,0.0,0.0,0.0,-30415000.0,207347000.0,0.084,207347000.0,-30415000.0,-304567000.0,-0.24,-0.21,-0.24,6086578000.0,,6086578000.0,16974844194.0,4.0,3.678,69514000.0,0.142,1.0,977161000.0,0.394,7944726000.0,274152000.0,29884462000.0,,112735000.0,1635572000.0,0.0,1635572000.0,17884054000.0,1744764000.0,16139290000.0,5098507194.0,50788000.0,-22065000.0,0.0,4320000.0,0.0,2345000.0,-147189000.0,-14000.0,194086000.0,1546000.0,-113691000.0,-113691000.0,-113691000.0,0.0,94390000.0,-0.046,695791000.0,281370000.0,170994000.0,0.0,0.838,1.637,1.637,14866644000.0,0.0,10.43,0.598,0.598,491730000.0,1981389000.0,2482337000.0,2482337000.0,0.0,,,,,11046000.0,362259000.0,1.0,488830987.0,488830987,,5.078,19821550000.0,91060000.0,-190876000.0,2509707000.0,40.549,1067956000.0
39,MGM,MRQ,2011-09-30,2011-09-30,2011-09-30,2021-08-06,-3276000.0,27853023000.0,,2721807000.0,25131216000.0,,12.788,-91146000.0,1815125000.0,1815125000.0,1442623000.0,-106575000.0,1.351,2.866,13691462000.0,592388000.0,13099074000.0,13691462000.0,0.0,249520000.0,0.0,0.0,0.0,69076000.0,318596000.0,0.132,318596000.0,69076000.0,-203466000.0,-0.25,-0.25,-0.25,6248856000.0,,6248856000.0,16448920522.0,4.0,3.543,92971000.0,0.19,1.0,977200000.0,0.404,8026040000.0,272542000.0,29687973000.0,,104279000.0,1659719000.0,0.0,1659719000.0,17911417000.0,2015347000.0,15896070000.0,4539436522.0,893572000.0,-4722000.0,0.0,807996000.0,0.0,804810000.0,-95269000.0,-38000.0,184117000.0,-86000.0,-123786000.0,-123786000.0,-123786000.0,0.0,17211000.0,-0.051,678929000.0,298271000.0,158477000.0,0.0,0.726,1.469,1.461,14868394000.0,0.0,9.29,0.591,0.591,463407000.0,2161463000.0,2419823000.0,2419823000.0,0.0,,,,,10055000.0,347572000.0,1.0,488636870.0,488636870,,4.952,19826983000.0,79458000.0,-79680000.0,2606057000.0,40.576,706460000.0
40,MGM,MRQ,2011-06-30,2011-06-30,2011-06-30,2021-08-06,-1520000.0,27216190000.0,,1793280000.0,25422910000.0,,13.029,-50719000.0,921553000.0,921553000.0,1130608000.0,3450691000.0,1.131,2.697,12831037000.0,200746000.0,12630291000.0,12831037000.0,0.0,177467000.0,0.0,0.0,0.0,3634035000.0,3811502000.0,1.936,3811502000.0,3634035000.0,3363811000.0,7.04,6.22,7.04,6365851000.0,,6365851000.0,18342284132.0,5.0,4.309,222226000.0,0.455,1.0,838332000.0,0.426,8116621000.0,270224000.0,29424028000.0,,105318000.0,1690136000.0,0.0,1690136000.0,17170916000.0,1585025000.0,15585891000.0,6454276132.0,490278000.0,382860000.0,0.0,-113399000.0,0.0,-114103000.0,331683000.0,-90000.0,272945000.0,-247000.0,3441985000.0,3441985000.0,3441985000.0,0.0,8706000.0,1.748,519649000.0,318683000.0,179703000.0,0.0,1.014,2.23,2.243,15017905000.0,0.0,13.21,0.924,0.924,370075000.0,2285249000.0,1968940000.0,1968940000.0,0.0,,,,,9396000.0,341598000.0,1.0,488590169.0,488590169,,4.03,19099569000.0,151044000.0,-78174000.0,2738360000.0,39.091,208255000.0
41,MGM,MRQ,2011-03-31,2011-03-31,2011-03-31,2021-08-06,2261000.0,18760349000.0,,1366411000.0,17393938000.0,,5.975,-34459000.0,431275000.0,431275000.0,947954000.0,-89871000.0,1.165,5.427,12319283000.0,238175000.0,12081108000.0,12319283000.0,0.0,152397000.0,0.0,0.0,0.0,125460000.0,277857000.0,0.167,277857000.0,125460000.0,-144454000.0,-0.18,-0.18,-0.18,2919162000.0,,2919162000.0,18184799182.0,-17.0,-39.414,-10481000.0,-0.021,1.0,713681000.0,0.43,428979000.0,269914000.0,29046938000.0,,95097000.0,1941786000.0,0.0,1941786000.0,15841187000.0,1172440000.0,14668747000.0,6424151182.0,-67689000.0,-75663000.0,0.0,19530000.0,0.0,18870000.0,-110537000.0,-41000.0,23978000.0,0.0,-89871000.0,-89871000.0,-89871000.0,0.0,0.0,-0.054,458535000.0,255146000.0,138533000.0,0.0,2.201,-4.491,-4.175,14426622000.0,0.0,13.15,0.955,0.955,317974000.0,-1156736000.0,1661635000.0,1661635000.0,0.0,,,,,9210000.0,306047000.0,1.0,488528607.0,488528607,,3.401,18331370000.0,258018000.0,-54583000.0,2371875000.0,37.524,193971000.0
42,MGM,MRQ,2010-12-31,2010-12-31,2010-12-31,2021-08-06,-301000.0,18951848000.0,,1455645000.0,17496203000.0,,6.079,-8025000.0,498964000.0,498964000.0,936106000.0,-139189000.0,1.168,5.463,12259612000.0,211914000.0,12047698000.0,12259612000.0,0.0,146666000.0,0.0,0.0,0.0,88063000.0,234729000.0,0.144,234729000.0,88063000.0,-185034000.0,-0.25,-0.25,-0.25,2932162000.0,,2932162000.0,19457387090.0,-18.0,-41.485,115591000.0,0.24,1.0,693743000.0,0.426,419960000.0,273097000.0,29046315000.0,,96392000.0,1923155000.0,0.0,1923155000.0,16019686000.0,1246221000.0,14773465000.0,7163187090.0,-53793000.0,-9942000.0,588456000.0,-599729000.0,0.0,-12252000.0,-165157000.0,-146753000.0,123616000.0,0.0,-139189000.0,-139189000.0,-139189000.0,0.0,0.0,-0.085,459261000.0,234482000.0,167084000.0,0.0,2.443,-4.983,-4.655,14554350000.0,0.0,14.85,1.071,1.071,321894000.0,-1133248000.0,1629849000.0,1629849000.0,0.0,,,,,8832000.0,314587000.0,1.0,482369501.0,482369501,,3.379,18531888000.0,286074000.0,-45845000.0,2526519000.0,38.418,209424000.0
43,MGM,MRQ,2010-09-30,2010-09-30,2010-09-30,2021-08-06,-1619000.0,19136372000.0,,1288801000.0,17847571000.0,,5.756,-42869000.0,552757000.0,552757000.0,965682000.0,-317991000.0,0.977,6.533,12846957000.0,223106000.0,12623851000.0,12846957000.0,0.0,158857000.0,0.0,0.0,0.0,-225788000.0,-66931000.0,-0.039,-66931000.0,-225788000.0,-510927000.0,-0.72,-0.72,-0.72,2540371000.0,,2540371000.0,17232934899.0,-10.0,-16.649,-12315000.0,-0.028,1.0,762768000.0,0.441,429348000.0,285139000.0,29682267000.0,,93479000.0,2115760000.0,0.0,2115760000.0,16596001000.0,1318957000.0,15277044000.0,4978056899.0,-460451000.0,-106000000.0,0.0,-435839000.0,0.0,-436269000.0,-54736000.0,110176000.0,30554000.0,0.0,-317991000.0,-317991000.0,-317991000.0,0.0,0.0,-0.184,808739000.0,-45971000.0,153049000.0,0.0,1.96,-2.874,-2.856,14697192000.0,0.0,11.28,0.742,0.742,324206000.0,-927676000.0,1728450000.0,1728450000.0,0.0,,,,,8599000.0,323171000.0,1.0,441317101.0,441317101,,3.917,18707024000.0,202862000.0,-192936000.0,2400984000.0,42.389,-30156000.0
44,MGM,MRQ,2010-06-30,2010-06-30,2010-06-30,2021-08-06,-2770000.0,19987547000.0,,1791956000.0,18195591000.0,,6.457,-25054000.0,1013208000.0,1013208000.0,964013000.0,-883476000.0,1.5,6.015,13268086000.0,221447000.0,13046639000.0,13268086000.0,0.0,164766000.0,0.0,0.0,0.0,-1071802000.0,-907036000.0,-0.531,-907036000.0,-1071802000.0,-1362971000.0,-2.0,-2.0,-2.0,2849158000.0,,2849158000.0,16711151601.0,-7.0,-9.421,369699000.0,0.838,1.0,742867000.0,0.435,429545000.0,291169000.0,30617893000.0,,96805000.0,2118498000.0,0.0,2118498000.0,17138389000.0,1194987000.0,15943402000.0,4253881601.0,572621000.0,-40000000.0,0.0,310327000.0,0.0,227820000.0,-49952000.0,0.0,394753000.0,0.0,-883476000.0,-883476000.0,-883476000.0,0.0,0.0,-0.518,1605939000.0,-863072000.0,117463000.0,0.0,1.493,-1.965,-1.955,14814594000.0,0.0,9.64,0.637,0.637,363031000.0,-609685000.0,1706880000.0,1706880000.0,0.0,,,,,8002000.0,314354000.0,1.0,441274025.0,441274025,,3.868,19558002000.0,229375000.0,-479495000.0,2653470000.0,44.322,596969000.0
45,MGM,MRQ,2010-03-31,2010-03-31,2010-03-31,2021-08-06,-2007000.0,21009903000.0,,1780750000.0,19229153000.0,,8.568,-53942000.0,440587000.0,440587000.0,919648000.0,-96741000.0,1.527,4.557,12897857000.0,203186000.0,12694671000.0,12897857000.0,0.0,163134000.0,0.0,0.0,0.0,107082000.0,270216000.0,0.167,270216000.0,107082000.0,-157093000.0,-0.22,-0.22,-0.22,3780738000.0,,3780738000.0,17500861900.0,-12.0,-21.834,-98851000.0,-0.224,1.0,695841000.0,0.431,429886000.0,264175000.0,31871457000.0,,96367000.0,3492021000.0,0.0,3492021000.0,17229165000.0,1165830000.0,16063335000.0,5294850900.0,-1615620000.0,-262000000.0,0.0,-1254300000.0,0.0,-1254477000.0,-316234000.0,0.0,-44909000.0,0.0,-96741000.0,-96741000.0,-96741000.0,0.0,0.0,-0.06,468249000.0,227592000.0,127697000.0,0.0,1.4,-3.545,-3.399,14955546000.0,0.0,12.0,0.799,0.799,563101000.0,273791000.0,1615489000.0,1615489000.0,0.0,,,,,9555000.0,300932000.0,1.0,441237575.0,441237575,,3.661,20580017000.0,562116000.0,-60352000.0,3115419000.0,46.642,614920000.0
46,MGM,MRQ,2009-12-31,2009-12-31,2009-12-31,2021-08-06,-1937000.0,22518210000.0,,3053501000.0,19464709000.0,,8.772,-13942000.0,2056207000.0,2056207000.0,934745000.0,-433918000.0,1.281,4.818,14262218000.0,1286181000.0,12976037000.0,14262218000.0,0.0,167396000.0,0.0,0.0,0.0,-498725000.0,-331329000.0,-0.2,-331329000.0,-498725000.0,-719334000.0,-1.01,-1.01,-1.01,3870432000.0,,3870432000.0,16243041126.0,-13.0,-29.647,55656000.0,0.126,1.0,719358000.0,0.435,430606000.0,220609000.0,31910014000.0,,101809000.0,3611799000.0,0.0,3611799000.0,18647778000.0,2383601000.0,16264177000.0,4023923126.0,1159217000.0,-41618000.0,681000.0,1145502000.0,0.0,1145588000.0,-55969000.0,0.0,69598000.0,0.0,-433918000.0,-433918000.0,-433918000.0,0.0,0.0,-0.262,1061267000.0,-341909000.0,173719000.0,0.0,1.04,-3.115,-2.674,15069952000.0,0.0,9.12,0.603,0.603,368474000.0,370532000.0,1654103000.0,1654103000.0,0.0,,,,,9495000.0,319039000.0,1.0,441219641.0,441219641,,3.749,22087604000.0,423042000.0,-285416000.0,3031303000.0,50.06,669900000.0
47,MGM,MRQ,2009-09-30,2009-09-30,2009-09-30,2021-08-06,-1602000.0,21726521000.0,,1624465000.0,20102056000.0,,9.736,-7256000.0,896990000.0,896990000.0,889138000.0,-750388000.0,1.404,4.058,13116108000.0,205786000.0,12910322000.0,13116108000.0,0.0,170651000.0,0.0,0.0,0.0,-976349000.0,-805698000.0,-0.472,-805698000.0,-976349000.0,-1158248000.0,-1.7,-1.7,-1.7,4295143000.0,,4295143000.0,17458215106.0,-10.0,-17.574,123031000.0,0.279,1.0,816283000.0,0.479,431329000.0,181899000.0,32357181000.0,,98121000.0,3544425000.0,0.0,3544425000.0,17431378000.0,1157129000.0,16274249000.0,5311502106.0,485634000.0,-164336000.0,-632000.0,528071000.0,0.0,527337000.0,-171990000.0,0.0,130287000.0,0.0,-750388000.0,-750388000.0,-750388000.0,0.0,0.0,-0.44,1474611000.0,-658328000.0,143916000.0,0.0,1.237,-2.648,-2.0,15751056000.0,0.0,12.04,0.779,0.779,309281000.0,804450000.0,1705421000.0,1705421000.0,0.0,,,,,9320000.0,322694000.0,1.0,441154660.0,441154660,,3.866,21295192000.0,212904000.0,-407860000.0,3142220000.0,48.271,467336000.0
48,MGM,MRQ,2009-06-30,2009-06-30,2009-06-30,2021-08-06,-1647000.0,22409925000.0,,1075320000.0,21334605000.0,,18.242,-34854000.0,411356000.0,411356000.0,863582000.0,-212575000.0,0.873,3.442,12558069000.0,193230000.0,12364839000.0,12558069000.0,0.0,174368000.0,0.0,0.0,0.0,-109100000.0,65268000.0,0.039,65268000.0,-109100000.0,-310387000.0,-0.6,-0.6,-0.6,5044930000.0,,5044930000.0,14938151435.0,-31.0,59.182,218912000.0,0.792,1.0,791628000.0,0.478,432052000.0,201287000.0,32892625000.0,,100401000.0,4600375000.0,0.0,4600375000.0,17364995000.0,1231961000.0,16133034000.0,1767201435.0,-954225000.0,-117462000.0,1103737000.0,-2162875000.0,0.0,-1059470000.0,-148521000.0,0.0,253766000.0,0.0,-212575000.0,-212575000.0,-212575000.0,0.0,0.0,-0.128,503649000.0,287979000.0,139350000.0,0.0,0.35,-1.48,-1.559,15924679000.0,0.0,6.39,0.25,0.25,287862000.0,1554838000.0,1655210000.0,1655210000.0,0.0,,,,,9022000.0,316623000.0,1.0,276557345.0,276557345,,5.985,21977873000.0,192843000.0,-97812000.0,3581454000.0,79.469,-156641000.0
49,MGM,MRQ,2009-03-31,2009-03-31,2009-03-31,2021-08-06,-55145000.0,23841649000.0,,2090864000.0,21750785000.0,,14.79,-58507000.0,1365581000.0,1365581000.0,883840000.0,105199000.0,0.131,4.829,14536531000.0,14532541000.0,3990000.0,14536531000.0,0.0,176858000.0,0.0,0.0,0.0,347012000.0,523870000.0,0.315,523870000.0,347012000.0,175376000.0,0.38,0.38,0.38,4090166000.0,,4090166000.0,14000497614.0,-293.0,19.637,75756000.0,0.274,1.0,777707000.0,0.468,432794000.0,171636000.0,20564677000.0,,102828000.0,4689120000.0,0.0,4689120000.0,19751483000.0,16015128000.0,3736355000.0,644378614.0,1055783000.0,105997000.0,632000.0,874997000.0,0.0,875295000.0,46225000.0,0.0,134263000.0,0.0,105199000.0,105199000.0,105199000.0,0.0,0.0,0.063,275405000.0,502302000.0,140117000.0,0.0,0.158,-0.742,-0.754,16067874000.0,0.0,2.33,0.086,0.086,449468000.0,3470321000.0,1661547000.0,1661547000.0,0.0,,,,,8734000.0,285601000.0,1.0,276557345.0,276557345,,6.008,23408855000.0,53424000.0,70177000.0,3518159000.0,84.644,-13924264000.0
50,MGM,MRQ,2008-12-31,2008-12-31,2008-12-31,2021-08-06,-56901000.0,23274716000.0,,1533030000.0,21741686000.0,,14.374,-22324000.0,295644000.0,295644000.0,976171000.0,-1148011000.0,0.511,4.856,13651763000.0,1235211000.0,12416552000.0,13651763000.0,0.0,186577000.0,0.0,0.0,0.0,-963447000.0,-776870000.0,-0.433,-776870000.0,-963447000.0,-1132889000.0,-4.1,-4.08,-4.1,3974361000.0,,3974361000.0,16990487969.0,-285.0,23.646,229988000.0,0.832,1.0,817414000.0,0.456,433562000.0,169442000.0,33194697000.0,,111505000.0,4642865000.0,0.0,4642865000.0,19300355000.0,3002576000.0,16297779000.0,3804675969.0,59711000.0,-398326000.0,-14009000.0,253007000.0,0.0,251697000.0,-444298000.0,0.0,252312000.0,0.0,-1148011000.0,-1148011000.0,-1148011000.0,0.0,0.0,-0.64,1701116000.0,-883702000.0,187796000.0,0.0,0.957,-4.448,-4.497,16289154000.0,0.0,13.76,0.483,0.483,303416000.0,3365122000.0,1793585000.0,1793585000.0,0.0,,,,,6612000.0,333670000.0,1.0,276502614.0,276502614,,6.487,22841154000.0,127838000.0,15122000.0,3441198000.0,82.607,-1469546000.0
51,MGM,MRQ,2008-09-30,2008-09-30,2008-09-30,2021-08-06,-26517000.0,23390728000.0,,913212000.0,22477516000.0,,18.615,-194354000.0,250087000.0,250087000.0,993316000.0,61278000.0,0.779,3.547,13435899000.0,147593000.0,13288306000.0,13435899000.0,0.0,200102000.0,0.0,0.0,0.0,240040000.0,440142000.0,0.225,440142000.0,240040000.0,95289000.0,0.22,0.22,0.22,5144460000.0,,5144460000.0,20797473786.0,9.0,6.53,49953000.0,0.181,1.0,959369000.0,0.491,1622633000.0,144751000.0,33781402000.0,,125423000.0,2536193000.0,0.0,2536193000.0,18246268000.0,1172505000.0,17073763000.0,7876333786.0,-29908000.0,-323447000.0,2679000.0,244279000.0,0.0,247205000.0,-521420000.0,0.0,244307000.0,0.0,61278000.0,61278000.0,61278000.0,0.0,0.0,0.031,589230000.0,370139000.0,202044000.0,0.0,1.531,6.761,7.037,16889955000.0,0.0,28.5,0.962,0.962,322821000.0,4513133000.0,1952685000.0,1952685000.0,0.0,,,,,8870000.0,351297000.0,1.0,276362589.0,276362589,,7.066,21768095000.0,97548000.0,34011000.0,3420190000.0,78.766,-259293000.0
52,MGM,MRQ,2008-06-30,2008-06-30,2008-06-30,2021-08-06,-9749000.0,23131111000.0,,941821000.0,22189290000.0,,18.246,-229765000.0,279995000.0,279995000.0,1024491000.0,113101000.0,0.732,3.548,13201135000.0,190322000.0,13010813000.0,13201135000.0,0.0,197218000.0,0.0,0.0,0.0,328612000.0,525830000.0,0.255,525830000.0,328612000.0,183308000.0,0.41,0.4,0.41,5086315000.0,,5086315000.0,22048890635.0,8.0,6.525,150970000.0,0.542,1.0,1035617000.0,0.503,1623424000.0,145304000.0,33141566000.0,,125781000.0,2504529000.0,0.0,2504529000.0,18044796000.0,1287261000.0,16757535000.0,9447324635.0,-50456000.0,-330505000.0,-128755000.0,237700000.0,0.0,110867000.0,-542058000.0,0.0,380735000.0,0.0,113101000.0,113101000.0,113101000.0,0.0,0.0,0.055,554489000.0,481128000.0,221713000.0,0.0,1.857,7.338,7.565,16924342000.0,0.0,33.89,1.138,1.138,366133000.0,4451855000.0,2060108000.0,2060108000.0,0.0,,,,,9592000.0,350432000.0,1.0,278764374.0,278764374,,7.39,21507687000.0,74189000.0,70207000.0,3375204000.0,77.154,-345440000.0
53,MGM,MRQ,2008-03-31,2008-03-31,2008-03-31,2021-08-06,-2666000.0,22895879000.0,,1088555000.0,21807324000.0,,17.341,-249343000.0,327745000.0,327745000.0,1021024000.0,118346000.0,0.859,3.493,12929311000.0,152096000.0,12777215000.0,12929311000.0,0.0,194339000.0,0.0,0.0,0.0,335093000.0,529432000.0,0.257,529432000.0,335093000.0,185304000.0,0.41,0.4,0.41,5095718000.0,,5095718000.0,28243374264.0,10.0,7.702,-373665000.0,-1.272,1.0,1037421000.0,0.504,1621909000.0,149789000.0,32607613000.0,,124190000.0,2487363000.0,0.0,2487363000.0,17800161000.0,1267923000.0,16532238000.0,17269307264.0,-85673000.0,-227184000.0,-1100771000.0,1606108000.0,0.0,512313000.0,-473664000.0,0.0,-124322000.0,0.0,118346000.0,118346000.0,118346000.0,0.0,0.0,0.057,555432000.0,481989000.0,236965000.0,0.0,3.389,11.253,11.006,16845320000.0,0.0,58.77,2.067,2.067,390452000.0,4338754000.0,2058445000.0,2058445000.0,0.0,,,,,11203000.0,352824000.0,1.0,293845623.0,293845623,,7.005,21273970000.0,56464000.0,66958000.0,3426154000.0,72.398,-179368000.0
54,MGM,MRQ,2007-12-31,2007-12-31,2007-12-31,2021-08-06,556000.0,22727686000.0,,1125815000.0,21601871000.0,,20.244,-402261000.0,416124000.0,416124000.0,1026854000.0,872211000.0,0.653,2.75,11386457000.0,211228000.0,11175229000.0,11386457000.0,0.0,193768000.0,0.0,0.0,0.0,1495656000.0,1689424000.0,0.799,1689424000.0,1495656000.0,1334786000.0,3.01,2.9,3.01,6060703000.0,,6060703000.0,39153406793.0,13.0,10.438,-105233000.0,-0.352,1.0,1087019000.0,0.514,1625020000.0,160870000.0,30348312000.0,,126941000.0,2482727000.0,0.0,2482727000.0,16666983000.0,1724687000.0,14942296000.0,25153910793.0,101362000.0,2437232000.0,562345000.0,-2959884000.0,0.0,-2363283000.0,2167617000.0,0.0,297028000.0,0.0,872211000.0,872211000.0,872211000.0,182373000.0,0.0,0.413,476246000.0,610773000.0,297019000.0,0.0,4.15,15.876,15.221,16870898000.0,0.0,84.02,2.995,2.995,412933000.0,4220408000.0,2113873000.0,2113873000.0,0.0,,,,,11191000.0,349162000.0,1.0,299380038.0,299380038,,7.061,21102666000.0,63453000.0,462575000.0,3700735000.0,70.488,-598872000.0
55,MGM,MRQ,2007-09-30,2007-09-30,2007-09-30,2021-08-06,1115000.0,24307211000.0,,1134499000.0,23172712000.0,,16.113,-692052000.0,311605000.0,311605000.0,1001636000.0,183863000.0,0.665,4.305,14311101000.0,179724000.0,14131377000.0,14311101000.0,0.0,170780000.0,0.0,0.0,0.0,463632000.0,634412000.0,0.306,634412000.0,463632000.0,283599000.0,0.65,0.62,0.65,4581752000.0,,4581752000.0,38948187359.0,19.0,14.255,-672712000.0,-2.366,1.0,1068375000.0,0.516,1630144000.0,180033000.0,34970818000.0,,124562000.0,1107179000.0,0.0,1107179000.0,19725459000.0,1705745000.0,18019714000.0,25431799359.0,17118000.0,170211000.0,23128000.0,575755000.0,0.0,627096000.0,-629318000.0,-160000000.0,19340000.0,0.0,183863000.0,183863000.0,183863000.0,0.0,0.0,0.089,485081000.0,583294000.0,558163000.0,0.0,5.551,27.831,27.776,19780851000.0,0.0,89.44,3.062,3.062,378697000.0,3348197000.0,2070011000.0,2070011000.0,0.0,,,,,10712000.0,377675000.0,1.0,284344805.0,284344805,,7.28,22677067000.0,115757000.0,99736000.0,3373770000.0,79.752,-571246000.0
56,MGM,MRQ,2007-06-30,2007-06-30,2007-06-30,2021-08-06,918000.0,23498171000.0,,981930000.0,22516241000.0,,15.269,-1209932000.0,294609000.0,294609000.0,1006592000.0,360172000.0,0.538,4.425,13810997000.0,250212000.0,13560785000.0,13810997000.0,0.0,167509000.0,0.0,0.0,0.0,646238000.0,813747000.0,0.386,813747000.0,646238000.0,462809000.0,1.27,1.22,1.27,4331094000.0,,4331094000.0,36516199334.0,18.0,13.627,-788144000.0,-2.779,1.0,1104232000.0,0.523,1631402000.0,183429000.0,33557345000.0,,125485000.0,1124836000.0,0.0,1124836000.0,19167077000.0,1825812000.0,17341265000.0,23395508334.0,-14492000.0,408662000.0,16465000.0,321313000.0,0.0,349160000.0,-785440000.0,0.0,421788000.0,0.0,360172000.0,360172000.0,360172000.0,-177274000.0,0.0,0.171,557443000.0,546789000.0,507131000.0,0.0,5.402,26.4,26.436,19100667000.0,0.0,82.48,2.859,2.859,333295000.0,3164334000.0,2110824000.0,2110824000.0,0.0,,,,,9948000.0,373379000.0,1.0,283650683.0,283650683,,7.442,21866769000.0,69909000.0,102637000.0,3464053000.0,77.09,-843882000.0
57,MGM,MRQ,2007-03-31,2007-03-31,2007-03-31,2021-08-06,433000.0,22557769000.0,,1434819000.0,21122950000.0,,13.836,-565593000.0,313967000.0,313967000.0,992476000.0,168173000.0,0.878,4.738,13434658000.0,194343000.0,13240315000.0,13434658000.0,0.0,168277000.0,0.0,0.0,0.0,445119000.0,613396000.0,0.292,613396000.0,445119000.0,261108000.0,0.59,0.57,0.59,3931598000.0,,3931598000.0,32530078336.0,18.0,13.284,-309333000.0,-1.089,1.0,1110484000.0,0.528,1634155000.0,184011000.0,32409353000.0,,124500000.0,1086189000.0,0.0,1086189000.0,18626171000.0,1634952000.0,16991219000.0,19755196336.0,-140808000.0,0.0,-138153000.0,252300000.0,0.0,146490000.0,-543558000.0,0.0,256260000.0,0.0,168173000.0,168173000.0,168173000.0,-5163000.0,0.0,0.08,533201000.0,577283000.0,453086000.0,0.0,5.025,29.38,29.458,17875276000.0,0.0,69.52,2.478,2.478,373391000.0,2804162000.0,2102960000.0,2102960000.0,0.0,,,,,13827000.0,345629000.0,1.0,284165655.0,284165655,,7.4,20923614000.0,70405000.0,92935000.0,3416951000.0,73.632,-200133000.0
58,MGM,MRQ,2006-12-31,2006-12-31,2006-12-31,2021-08-06,415000.0,22146238000.0,,1514751000.0,20631487000.0,,13.691,-522275000.0,452944000.0,452944000.0,898607000.0,201571000.0,0.919,4.753,13227826000.0,232957000.0,12994869000.0,13227826000.0,0.0,170126000.0,0.0,0.0,0.0,500576000.0,670702000.0,0.332,670702000.0,500576000.0,313208000.0,0.71,0.69,0.71,3849549000.0,,3849549000.0,28933277222.0,17.0,12.033,-66619000.0,-0.237,1.0,1122291000.0,0.555,1667947000.0,187368000.0,31605073000.0,,118459000.0,1092257000.0,0.0,1092257000.0,18296689000.0,1648100000.0,16648589000.0,16125149222.0,133766000.0,-17288000.0,55711000.0,23045000.0,0.0,105347000.0,-427237000.0,0.0,455656000.0,0.0,201571000.0,201571000.0,201571000.0,-2443000.0,0.0,0.1,534753000.0,587538000.0,416640000.0,0.0,4.189,24.874,25.044,17430293000.0,0.0,57.35,2.068,2.068,362921000.0,2635989000.0,2020898000.0,2020898000.0,0.0,,,,,15345000.0,435013000.0,1.0,281170867.0,281170867,,7.187,20478291000.0,86665000.0,111637000.0,3441157000.0,72.832,-133349000.0
59,MGM,MRQ,2006-09-30,2006-09-30,2006-09-30,2021-08-06,-27000.0,21644600000.0,,1002533000.0,20642067000.0,,12.501,-534111000.0,343716000.0,343716000.0,965403000.0,156262000.0,0.645,5.112,13151844000.0,196022000.0,12955822000.0,13151844000.0,0.0,163536000.0,0.0,0.0,0.0,418258000.0,581794000.0,0.299,581794000.0,418258000.0,228890000.0,0.55,0.54,0.55,3541411000.0,,3541411000.0,23733305791.0,15.0,10.692,-175866000.0,-0.621,1.0,982216000.0,0.504,1682233000.0,189368000.0,31216339000.0,,117335000.0,1082664000.0,0.0,1082664000.0,18103189000.0,1554156000.0,16549033000.0,11187201791.0,48724000.0,-23345000.0,-100518000.0,357050000.0,0.0,257518000.0,-567039000.0,0.0,358245000.0,0.0,156262000.0,156262000.0,156262000.0,-2497000.0,0.0,0.08,476380000.0,505836000.0,439782000.0,0.0,3.159,20.546,20.568,17355926000.0,0.0,39.49,1.531,1.531,343491000.0,2434418000.0,1947619000.0,1947619000.0,0.0,,,,,17463000.0,313735000.0,1.0,283292018.0,283292018,,6.875,19962367000.0,63693000.0,72628000.0,3403097000.0,70.466,-551623000.0
60,MGM,MRQ,2006-06-30,2006-06-30,2006-06-30,2021-08-06,-313000.0,21071660000.0,,905861000.0,20165799000.0,,12.136,-369974000.0,294992000.0,294992000.0,919144000.0,146394000.0,0.622,5.081,12841096000.0,236951000.0,12604145000.0,12841096000.0,0.0,164984000.0,0.0,0.0,0.0,417987000.0,582971000.0,0.307,582971000.0,417987000.0,227211000.0,0.51,0.5,0.51,3465393000.0,,3465393000.0,24031323058.0,16.0,11.229,-91678000.0,-0.321,1.0,982111000.0,0.517,1684812000.0,190776000.0,30476434000.0,,118144000.0,1053474000.0,0.0,1053474000.0,17606267000.0,1456518000.0,16149749000.0,11650090058.0,-2042000.0,-30655000.0,-87665000.0,99012000.0,0.0,11927000.0,-292265000.0,0.0,278296000.0,0.0,146394000.0,146394000.0,146394000.0,-3053000.0,0.0,0.077,481023000.0,501088000.0,366812000.0,0.0,3.362,24.198,24.0,16917534000.0,0.0,40.8,1.59,1.59,312932000.0,2278156000.0,1901255000.0,1901255000.0,0.0,,,,,17413000.0,295267000.0,1.0,285541423.0,285541423,,6.658,19386848000.0,64875000.0,80817000.0,3354190000.0,67.895,-550657000.0
61,MGM,MRQ,2006-03-31,2006-03-31,2006-03-31,2021-08-06,-701000.0,20844109000.0,,911269000.0,19932840000.0,,11.89,-321060000.0,297034000.0,297034000.0,931903000.0,144037000.0,0.653,5.156,12678267000.0,173515000.0,12504752000.0,12678267000.0,0.0,155273000.0,0.0,0.0,0.0,413734000.0,569007000.0,0.295,569007000.0,413734000.0,220885000.0,0.51,0.49,0.51,3385774000.0,,3385774000.0,24477699701.0,17.0,11.735,-181305000.0,-0.637,1.0,995058000.0,0.516,1688774000.0,192849000.0,30142121000.0,,117451000.0,964800000.0,0.0,964800000.0,17458335000.0,1394447000.0,16063888000.0,12270255701.0,-80899000.0,-32000000.0,-25307000.0,154860000.0,0.0,135232000.0,-355886000.0,0.0,139755000.0,0.0,144037000.0,144037000.0,144037000.0,-4275000.0,0.0,0.075,464666000.0,530392000.0,295578000.0,0.0,3.624,25.766,25.649,16689693000.0,0.0,43.09,1.683,1.683,314148000.0,2131762000.0,1926961000.0,1926961000.0,0.0,,,,,23405000.0,286763000.0,1.0,284758777.0,284758777,,6.767,19155335000.0,66254000.0,76848000.0,3424160000.0,67.269,-483178000.0
62,MGM,MRQ,2005-12-31,2005-12-31,2005-12-31,2021-08-06,-801000.0,20699420000.0,,1018583000.0,19680837000.0,,11.365,-266611000.0,377933000.0,377933000.0,736939000.0,97799000.0,0.664,5.398,12585377000.0,229944000.0,12355433000.0,12585377000.0,0.0,164368000.0,0.0,0.0,0.0,321570000.0,485938000.0,0.318,485938000.0,321570000.0,142778000.0,0.35,0.34,0.35,3235072000.0,,3235072000.0,22616521125.0,17.0,11.879,118017000.0,0.415,1.0,792614000.0,0.518,1692040000.0,178792000.0,29680256000.0,,111825000.0,931154000.0,0.0,931154000.0,17464348000.0,1534568000.0,15929780000.0,10438534125.0,112491000.0,95000.0,-119137000.0,89840000.0,0.0,-29670000.0,-242467000.0,0.0,384628000.0,0.0,97799000.0,97799000.0,97799000.0,-7890000.0,0.0,0.064,381544000.0,411070000.0,265601000.0,0.0,3.227,23.55,23.506,16541651000.0,0.0,36.67,1.56,1.56,352673000.0,1987725000.0,1529553000.0,1529553000.0,0.0,,,,,10956000.0,233080000.0,1.0,284661416.0,284661416,,5.373,19007380000.0,65518000.0,44979000.0,3503874000.0,66.772,-515985000.0
63,MGM,MRQ,2005-09-30,2005-09-30,2005-09-30,2021-08-06,-1207000.0,20349963000.0,,858665000.0,19491298000.0,,11.257,-174580000.0,265442000.0,265442000.0,1006049000.0,93210000.0,0.677,5.271,12443429000.0,172067000.0,12271362000.0,12443429000.0,0.0,161566000.0,0.0,0.0,0.0,340705000.0,502271000.0,0.255,502271000.0,340705000.0,147555000.0,0.33,0.31,0.33,3245177000.0,,3245177000.0,24780708859.0,21.0,14.294,4663000.0,0.016,1.0,963319000.0,0.489,1695078000.0,193150000.0,29564377000.0,,106257000.0,911852000.0,0.0,911852000.0,17104786000.0,1268495000.0,15836291000.0,12618321859.0,-41053000.0,0.0,-49972000.0,5290000.0,0.0,-45009000.0,-175287000.0,0.0,179243000.0,0.0,93210000.0,93210000.0,93210000.0,0.0,0.0,0.047,511201000.0,452118000.0,161013000.0,0.0,3.888,30.019,29.574,16396269000.0,0.0,43.77,2.077,2.077,298657000.0,1889926000.0,1969368000.0,1969368000.0,0.0,,,,,25818000.0,320840000.0,1.0,288286997.0,288286997,,6.831,18654885000.0,58534000.0,54345000.0,3442253000.0,64.709,-409830000.0
64,MGM,MRQ,2005-06-30,2005-06-30,2005-06-30,2021-08-06,-1314000.0,20506615000.0,,1042198000.0,19464417000.0,,11.071,-126989000.0,306495000.0,306495000.0,930189000.0,141168000.0,0.689,5.457,12468882000.0,199999000.0,12268883000.0,12468882000.0,0.0,151673000.0,0.0,0.0,0.0,377063000.0,528736000.0,0.284,528736000.0,377063000.0,209715000.0,0.49,0.48,0.49,3176014000.0,,3176014000.0,16376578069.0,14.0,10.234,324773000.0,1.132,1.0,934281000.0,0.501,1664867000.0,167348000.0,29490869000.0,,114451000.0,886301000.0,0.0,886301000.0,17330601000.0,1513266000.0,15817335000.0,11354832069.0,-89251000.0,-4604085000.0,10177000.0,4195942000.0,0.0,4195783000.0,-4736796000.0,0.0,451762000.0,0.0,141168000.0,141168000.0,141168000.0,0.0,0.0,0.076,438723000.0,495558000.0,182930000.0,0.0,3.575,25.01,24.584,16538104000.0,0.0,39.58,2.162,2.162,301919000.0,1796716000.0,1864470000.0,1864470000.0,0.0,,,,,12287000.0,281364000.0,1.0,286883074.0,286883074,,6.499,18841748000.0,115878000.0,68547000.0,3533616000.0,65.677,-471068000.0
65,MGM,MRQ,2005-03-31,2005-03-31,2005-03-31,2021-08-06,-876000.0,11131298000.0,,809628000.0,10321670000.0,,10.545,-143138000.0,395746000.0,395746000.0,643693000.0,111079000.0,1.002,2.682,5417492000.0,82842000.0,5334650000.0,5417492000.0,0.0,110495000.0,0.0,0.0,0.0,276395000.0,386890000.0,0.292,386890000.0,276395000.0,174927000.0,0.39,0.38,0.39,3022796000.0,,3022796000.0,15291605504.0,15.0,10.735,24025000.0,0.084,1.0,682513000.0,0.515,232902000.0,101468000.0,15111856000.0,,70553000.0,856241000.0,0.0,856241000.0,8108502000.0,808286000.0,7300216000.0,10150874504.0,-39382000.0,0.0,87377000.0,-145239000.0,0.0,-58278000.0,-148267000.0,0.0,167163000.0,0.0,111079000.0,111079000.0,111079000.0,0.0,0.0,0.084,302311000.0,380202000.0,123342000.0,0.0,3.358,24.31,23.765,8909721000.0,0.0,35.41,2.224,2.224,218360000.0,1657314000.0,1326206000.0,1326206000.0,0.0,,,,,52345000.0,185155000.0,1.0,286666888.0,286666888,,4.626,10898396000.0,39670000.0,63848000.0,1818059000.0,38.018,1342000.0
66,MGM,MRQ,2004-12-31,2004-12-31,2004-12-31,2021-08-06,-1167000.0,11115029000.0,,820202000.0,10294827000.0,,9.912,-127415000.0,435128000.0,435128000.0,438890000.0,74886000.0,0.884,3.01,5575859000.0,117011000.0,5458848000.0,5575859000.0,0.0,106263000.0,0.0,0.0,0.0,209456000.0,315719000.0,0.345,315719000.0,209456000.0,119567000.0,0.27,0.26,0.27,2771704000.0,,2771704000.0,15461555944.0,16.0,11.151,112208000.0,0.401,1.0,476937000.0,0.521,233335000.0,89889000.0,15094448000.0,,70333000.0,842640000.0,0.0,842640000.0,8343325000.0,927977000.0,7415348000.0,10169773944.0,25109000.0,-2377000.0,46089000.0,-115640000.0,0.0,-68700000.0,-145814000.0,0.0,239623000.0,0.0,74886000.0,74886000.0,74886000.0,-4647000.0,0.0,0.082,227032000.0,249905000.0,198050000.0,0.0,3.669,24.664,24.574,8914142000.0,0.0,36.37,2.305,2.305,204151000.0,1544499000.0,915827000.0,915827000.0,0.0,,,,,23138000.0,131245000.0,1.0,279619850.0,279619850,,3.275,10881694000.0,28928000.0,44681000.0,1806999000.0,38.916,-107775000.0
67,MGM,MRQ,2004-09-30,2004-09-30,2004-09-30,2021-08-06,-2861000.0,10898830000.0,,719201000.0,10179629000.0,,9.484,-206677000.0,355632000.0,355632000.0,559267000.0,126881000.0,0.918,3.142,5647414000.0,77646000.0,5569768000.0,5647414000.0,0.0,101245000.0,0.0,0.0,0.0,267638000.0,368883000.0,0.322,368883000.0,267638000.0,172376000.0,0.46,0.45,0.46,2631385000.0,,2631385000.0,12331028140.0,13.0,8.943,13047000.0,0.047,1.0,586081000.0,0.512,233059000.0,95262000.0,15174070000.0,,64173000.0,805046000.0,0.0,805046000.0,8267445000.0,783483000.0,7483962000.0,6887662140.0,163212000.0,140177000.0,-1493000.0,15244000.0,0.0,13429000.0,-69941000.0,0.0,219724000.0,0.0,126881000.0,126881000.0,126881000.0,-50714000.0,0.0,0.111,286248000.0,299833000.0,101584000.0,0.0,2.618,16.048,16.386,8862740000.0,0.0,24.825,1.51,1.51,172408000.0,1471349000.0,1145348000.0,1145348000.0,0.0,,,,,442000.0,180155000.0,1.0,277448626.0,277448626,,4.128,10665771000.0,38337000.0,45495000.0,1818841000.0,38.442,-64282000.0
68,MGM,MRQ,2004-06-30,2004-06-30,2004-06-30,2021-08-06,2848000.0,10704208000.0,,623623000.0,10080585000.0,,8.835,-160430000.0,185793000.0,185793000.0,566668000.0,104717000.0,0.791,3.266,5629159000.0,102431000.0,5526728000.0,5629159000.0,0.0,97484000.0,0.0,0.0,0.0,255504000.0,352988000.0,0.3,352988000.0,255504000.0,162882000.0,0.37,0.36,0.37,2509340000.0,,2509340000.0,11951196331.0,14.0,9.427,68352000.0,0.241,1.0,609425000.0,0.518,232353000.0,92622000.0,15127051000.0,,64110000.0,791812000.0,0.0,791812000.0,8194868000.0,788170000.0,7406698000.0,6666125331.0,-7054000.0,-4088000.0,-207760000.0,139632000.0,0.0,-67320000.0,-168516000.0,0.0,228782000.0,0.0,104717000.0,104717000.0,104717000.0,-3054000.0,0.0,0.089,274802000.0,334623000.0,127650000.0,0.0,2.657,19.073,19.317,8790673000.0,0.0,23.47,1.482,1.482,166166000.0,1344468000.0,1176093000.0,1176093000.0,0.0,,,,,3796000.0,169861000.0,1.0,284027496.0,284027496,,4.141,10471855000.0,48458000.0,58165000.0,1770034000.0,36.869,-164547000.0
69,MGM,MRQ,2004-03-31,2004-03-31,2004-03-31,2021-08-06,7129000.0,10646419000.0,,645056000.0,10001363000.0,,9.154,-158033000.0,196413000.0,196413000.0,573819000.0,105848000.0,0.835,3.078,5481484000.0,86495000.0,5394989000.0,5481484000.0,0.0,98047000.0,0.0,0.0,0.0,250918000.0,348965000.0,0.297,348965000.0,250918000.0,161108000.0,0.37,0.36,0.37,2610944000.0,,2610944000.0,11906393984.0,15.0,10.031,-16915000.0,-0.059,1.0,601055000.0,0.512,232671000.0,89810000.0,14926133000.0,,63230000.0,772976000.0,0.0,772976000.0,8035475000.0,772686000.0,7262789000.0,6465831985.0,-25745000.0,200416000.0,-49821000.0,-150266000.0,0.0,-203381000.0,36518000.0,0.0,141118000.0,0.0,105848000.0,105848000.0,105848000.0,-8708000.0,0.0,0.09,262123000.0,338932000.0,95229000.0,0.0,2.476,21.658,22.117,8718333000.0,0.0,22.67,1.471,1.471,161883000.0,1239751000.0,1174874000.0,1174874000.0,0.0,,,,,18705000.0,162036000.0,1.0,285215350.0,285215350,,4.119,10413748000.0,48498000.0,55260000.0,1790861000.0,36.512,-127630000.0
70,MGM,MRQ,2003-12-31,2003-12-31,2003-12-31,2021-08-06,6345000.0,10811269000.0,,859180000.0,9952089000.0,,8.741,-155334000.0,279606000.0,279606000.0,551323000.0,91735000.0,0.991,3.267,5618609000.0,96719000.0,5521890000.0,5618609000.0,0.0,98790000.0,0.0,0.0,0.0,209181000.0,307971000.0,0.289,307971000.0,209181000.0,119784000.0,0.315,0.305,0.315,2533788000.0,,2533788000.0,10609423383.0,15.0,9.579,51188000.0,0.177,1.0,513546000.0,0.482,267668000.0,89397000.0,15015986000.0,,65189000.0,756012000.0,0.0,756012000.0,8277481000.0,866618000.0,7410863000.0,5451170383.0,66698000.0,-17000000.0,-216560000.0,256362000.0,0.0,37489000.0,-177313000.0,0.0,206522000.0,0.0,91735000.0,91735000.0,91735000.0,-6069000.0,0.0,0.086,214703000.0,298843000.0,186998000.0,0.0,2.151,22.369,22.933,8681339000.0,0.0,18.805,1.275,1.275,139475000.0,1133903000.0,1064869000.0,1064869000.0,0.0,,,,,2648000.0,164782000.0,1.0,289878776.0,289878776,,3.673,10543601000.0,59187000.0,28049000.0,1765426000.0,36.372,-7438000.0
71,MGM,MRQ,2003-09-30,2003-09-30,2003-09-30,2021-08-06,-552000.0,10551650000.0,,741905000.0,9809745000.0,,8.78,-113060000.0,153806000.0,153806000.0,548596000.0,47209000.0,0.924,3.014,5312059000.0,65181000.0,5246878000.0,5312059000.0,0.0,102340000.0,0.0,0.0,0.0,155498000.0,257838000.0,0.238,257838000.0,155498000.0,70288000.0,0.16,0.155,0.16,2628597000.0,,2628597000.0,10545683757.0,17.0,10.165,49790000.0,0.166,1.0,534269000.0,0.493,264699000.0,85210000.0,14641891000.0,,64407000.0,733129000.0,0.0,733129000.0,7923053000.0,803313000.0,7119740000.0,5471458757.0,21391000.0,-18000000.0,-100690000.0,113190000.0,0.0,5486000.0,-146945000.0,0.0,162850000.0,0.0,47209000.0,47209000.0,47209000.0,-5834000.0,0.0,0.044,287722000.0,246547000.0,100072000.0,0.0,2.082,28.645,28.78,8592190000.0,0.0,18.275,1.304,1.304,141295000.0,1042168000.0,1082865000.0,1082865000.0,0.0,,,,,6410000.0,168475000.0,1.0,299395828.0,299395828,,3.617,10286951000.0,57943000.0,23079000.0,1784255000.0,34.359,-61408000.0
72,MGM,MRQ,2003-06-30,2003-06-30,2003-06-30,2021-08-06,-3752000.0,10411171000.0,,665201000.0,9745970000.0,,8.855,-136575000.0,130724000.0,130724000.0,523339000.0,53750000.0,0.889,2.872,5204949000.0,88605000.0,5116344000.0,5204949000.0,0.0,106194000.0,0.0,0.0,0.0,165954000.0,272148000.0,0.254,272148000.0,165954000.0,85773000.0,0.18,0.175,0.18,2689038000.0,,2689038000.0,10265297950.0,16.0,9.745,87209000.0,0.287,1.0,548515000.0,0.512,256704000.0,80181000.0,14480075000.0,,61995000.0,710559000.0,0.0,710559000.0,7722133000.0,748617000.0,6973516000.0,5189572950.0,-29100000.0,-4850000.0,-22859000.0,-73970000.0,0.0,-104905000.0,-147979000.0,0.0,223784000.0,0.0,53750000.0,53750000.0,53750000.0,706000.0,0.0,0.05,287765000.0,260750000.0,80444000.0,0.0,1.93,24.323,24.59,8579833000.0,0.0,17.09,1.247,1.247,131091000.0,994959000.0,1071854000.0,1071854000.0,0.0,,,,,415000.0,161399000.0,1.0,303661378.0,303661378,,3.53,10154467000.0,51937000.0,32023000.0,1748662000.0,33.44,-83416000.0
73,MGM,MRQ,2003-03-31,2003-03-31,2003-03-31,2021-08-06,-6441000.0,10431336000.0,,527962000.0,9903374000.0,,8.726,-75696000.0,172134000.0,172134000.0,528978000.0,51003000.0,0.733,2.932,5247859000.0,63623000.0,5184236000.0,5247859000.0,0.0,105613000.0,0.0,0.0,0.0,164037000.0,269650000.0,0.255,269650000.0,164037000.0,81239000.0,0.17,0.165,0.17,2653064000.0,,2653064000.0,9536612181.0,13.0,8.612,71960000.0,0.237,1.0,527200000.0,0.499,257351000.0,82798000.0,14529809000.0,,68066000.0,713682000.0,0.0,713682000.0,7778272000.0,719901000.0,7058371000.0,4446802181.0,-39100000.0,-1500000.0,-66501000.0,-34054000.0,0.0,-103305000.0,-83451000.0,0.0,147656000.0,0.0,51003000.0,51003000.0,51003000.0,-2227000.0,0.0,0.048,274200000.0,253000000.0,75168000.0,0.0,1.676,17.006,17.515,8739506000.0,0.0,14.625,1.069,1.069,134586000.0,941209000.0,1056178000.0,1056178000.0,0.0,,,,,32000.0,152046000.0,1.0,304054850.0,304054850,,3.474,10173985000.0,65604000.0,30236000.0,1774986000.0,33.461,-191939000.0
74,MGM,MRQ,2002-12-31,2002-12-31,2002-12-31,2021-08-06,-8886000.0,10504985000.0,,589829000.0,9915156000.0,,8.593,-83395000.0,211234000.0,211234000.0,504314000.0,39044000.0,0.786,2.943,5301044000.0,87266000.0,5213778000.0,5301044000.0,0.0,101656000.0,0.0,0.0,0.0,136117000.0,237773000.0,0.241,237773000.0,136117000.0,58942000.0,0.125,0.125,0.125,2664144000.0,,2664144000.0,10104301698.0,14.0,8.838,110056000.0,0.355,1.0,481877000.0,0.489,256108000.0,77175000.0,14588619000.0,,68001000.0,710802000.0,0.0,710802000.0,7840841000.0,750068000.0,7090773000.0,5111148698.0,90623000.0,0.0,-137292000.0,140305000.0,0.0,-16145000.0,-86683000.0,0.0,193451000.0,0.0,39044000.0,39044000.0,39044000.0,-2882000.0,0.0,0.04,257227000.0,224650000.0,69959000.0,0.0,1.918,17.478,17.822,8762445000.0,0.0,16.485,1.231,1.231,139935000.0,890206000.0,986191000.0,986191000.0,0.0,,,,,151000.0,153992000.0,1.0,310048450.0,310048450,,3.181,10248877000.0,84348000.0,19898000.0,1770068000.0,33.056,-160239000.0
75,MGM,MRQ,2002-09-30,2002-09-30,2002-09-30,2021-08-06,-10951000.0,10434637000.0,,520661000.0,9913976000.0,,8.657,-69275000.0,139199000.0,139199000.0,509518000.0,69560000.0,0.706,2.783,5132352000.0,63109000.0,5069243000.0,5132352000.0,0.0,96029000.0,0.0,0.0,0.0,177784000.0,273813000.0,0.261,273813000.0,177784000.0,108611000.0,0.22,0.215,0.22,2758213000.0,,2758213000.0,10989612281.0,15.0,9.928,111159000.0,0.349,1.0,538838000.0,0.514,104522000.0,69173000.0,14585495000.0,,84183000.0,709206000.0,0.0,709206000.0,7676424000.0,737773000.0,6938651000.0,5941877281.0,-74001000.0,-43500000.0,-30824000.0,-106418000.0,0.0,-138090000.0,-116345000.0,0.0,180434000.0,0.0,69560000.0,69560000.0,69560000.0,3377000.0,0.0,0.066,263011000.0,275827000.0,62915000.0,0.0,2.154,21.445,21.314,8786931000.0,0.0,18.65,1.516,1.516,114767000.0,851162000.0,1048356000.0,1048356000.0,0.0,,,,,592000.0,156101000.0,1.0,318599318.0,318599318,,3.291,10330115000.0,98045000.0,39051000.0,1761915000.0,32.424,-217112000.0
76,MGM,MRQ,2002-06-30,2002-06-30,2002-06-30,2021-08-06,-8705000.0,10424206000.0,,619321000.0,9804885000.0,,8.51,-70341000.0,213200000.0,213200000.0,505621000.0,101875000.0,0.864,2.834,5260935000.0,88500000.0,5172435000.0,5260935000.0,0.0,97565000.0,0.0,0.0,0.0,228503000.0,326068000.0,0.305,326068000.0,228503000.0,161268000.0,0.32,0.315,0.32,2719200000.0,,2719200000.0,10544421221.0,18.0,10.62,174373000.0,0.546,1.0,563380000.0,0.527,105445000.0,67235000.0,14649294000.0,,80630000.0,670269000.0,0.0,670269000.0,7705006000.0,717202000.0,6987804000.0,5392212221.0,927000.0,0.0,-18474000.0,-153361000.0,0.0,-173446000.0,-70341000.0,0.0,244714000.0,0.0,101875000.0,101875000.0,101875000.0,-1495000.0,0.0,0.095,245944000.0,317436000.0,66194000.0,0.0,1.983,27.915,27.664,8821828000.0,0.0,16.875,1.359,1.359,130145000.0,781602000.0,1069001000.0,1069001000.0,0.0,,,,,7394000.0,147439000.0,1.0,319538502.0,319538502,,3.345,10318761000.0,124301000.0,59393000.0,1765036000.0,32.293,-97881000.0
77,MGM,MRQ,2002-03-31,2002-03-31,2002-03-31,2021-08-06,-7433000.0,10466984000.0,,638005000.0,9828979000.0,,8.281,-50375000.0,212273000.0,212273000.0,532977000.0,81956000.0,0.892,2.981,5364482000.0,64756000.0,5299726000.0,5364482000.0,0.0,103373000.0,0.0,0.0,0.0,206483000.0,309856000.0,0.278,309856000.0,206483000.0,133609000.0,0.26,0.255,0.26,2629048000.0,,2629048000.0,11084155197.0,19.0,11.292,177572000.0,0.559,1.0,582046000.0,0.522,104083000.0,72874000.0,14800010000.0,,83144000.0,671661000.0,0.0,671661000.0,7837936000.0,715100000.0,7122836000.0,5750796197.0,3302000.0,-36814000.0,24985000.0,-151500000.0,0.0,-126804000.0,-97841000.0,0.0,227947000.0,0.0,81956000.0,81956000.0,81956000.0,0.0,0.0,0.074,275788000.0,306258000.0,71662000.0,0.0,2.187,34.256,34.179,8843206000.0,0.0,18.115,1.42,1.42,136864000.0,679727000.0,1115023000.0,1115023000.0,0.0,,,,,9913000.0,158118000.0,1.0,317460458.0,317460458,,3.512,10362901000.0,138543000.0,51653000.0,1759226000.0,32.643,-77095000.0
78,MGM,MRQ,2001-12-31,2001-12-31,2001-12-31,2021-08-06,-9150000.0,10497443000.0,,661927000.0,9835516000.0,,7.98,-86252000.0,208971000.0,208971000.0,352103000.0,23688000.0,0.745,3.181,5542330000.0,247017000.0,5295313000.0,5542330000.0,0.0,98692000.0,0.0,0.0,0.0,98555000.0,197247000.0,0.287,197247000.0,98555000.0,35961000.0,0.075,0.075,0.075,2510700000.0,,2510700000.0,9943504231.0,16.0,9.907,101455000.0,0.322,1.0,335882000.0,0.488,139178000.0,62594000.0,14803714000.0,,78037000.0,632949000.0,0.0,632949000.0,7986743000.0,887910000.0,7098833000.0,4541414231.0,75531000.0,-24000000.0,1695000.0,-4571000.0,0.0,1327000.0,-113503000.0,0.0,187707000.0,0.0,23688000.0,23688000.0,23688000.0,-4627000.0,0.0,0.034,253649000.0,82233000.0,75787000.0,0.0,1.809,26.743,26.981,8891645000.0,0.0,14.435,1.105,1.105,144374000.0,597771000.0,687985000.0,687985000.0,0.0,,,,,2137000.0,107186000.0,1.0,314611308.0,314611308,,2.187,10358265000.0,160922000.0,12273000.0,1746272000.0,32.924,-225983000.0
79,MGM,MRQ,2001-09-30,2001-09-30,2001-09-30,2021-08-06,-11151000.0,10430487000.0,,616254000.0,9814233000.0,,7.784,-80120000.0,133440000.0,133440000.0,572625000.0,-14353000.0,0.739,3.201,5535530000.0,203631000.0,5331899000.0,5535530000.0,0.0,98697000.0,0.0,0.0,0.0,60993000.0,159690000.0,0.146,159690000.0,60993000.0,-23674000.0,-0.045,-0.045,-0.045,2482948000.0,,2482948000.0,9009103326.0,12.0,8.084,76766000.0,0.241,1.0,522807000.0,0.477,102922000.0,84667000.0,14895770000.0,,87756000.0,603927000.0,0.0,603927000.0,7947539000.0,833885000.0,7113654000.0,3585435326.0,-81426000.0,-14250000.0,-43781000.0,-102180000.0,0.0,-138415000.0,-99897000.0,0.0,156886000.0,0.0,-14353000.0,-14353000.0,-14353000.0,0.0,0.0,-0.013,311855000.0,210952000.0,66038000.0,0.0,1.444,16.744,16.409,8892797000.0,0.0,11.24,0.791,0.791,145103000.0,574083000.0,1095432000.0,1095432000.0,0.0,,,,,0.0,165163000.0,1.0,318988908.0,318988908,,3.434,10327565000.0,168828000.0,-9321000.0,1737845000.0,32.376,-217631000.0
80,MGM,MRQ,2001-06-30,2001-06-30,2001-06-30,2021-08-06,-6616000.0,10550437000.0,,690860000.0,9859577000.0,,7.99,-80811000.0,214866000.0,214866000.0,558222000.0,76586000.0,0.761,3.144,5638534000.0,313983000.0,5324551000.0,5638534000.0,0.0,97394000.0,0.0,0.0,0.0,217375000.0,314769000.0,0.274,314769000.0,217375000.0,124206000.0,0.24,0.235,0.24,2546230000.0,,2546230000.0,10332922691.0,12.0,8.105,153010000.0,0.48,1.0,592282000.0,0.515,104401000.0,93169000.0,14961801000.0,,87239000.0,590670000.0,0.0,590670000.0,8004207000.0,907903000.0,7096304000.0,4773668691.0,-44516000.0,0.0,3223000.0,-197524000.0,0.0,-194606000.0,-83731000.0,0.0,233821000.0,0.0,76586000.0,76586000.0,76586000.0,0.0,0.0,0.067,277501000.0,314781000.0,57659000.0,0.0,1.875,16.132,15.936,8913647000.0,0.0,14.98,1.041,1.041,188693000.0,588436000.0,1150504000.0,1150504000.0,0.0,,,,,0.0,161914000.0,1.0,318669472.0,318669472,,3.61,10446036000.0,137851000.0,47620000.0,1721126000.0,32.78,-217043000.0
81,MGM,MRQ,2001-03-31,2001-03-31,2001-03-31,2021-08-06,-8490000.0,10658576000.0,,768463000.0,9890113000.0,,7.737,-50545000.0,259382000.0,259382000.0,565005000.0,83894000.0,0.713,3.326,5818636000.0,481166000.0,5337470000.0,5818636000.0,0.0,95943000.0,0.0,0.0,0.0,236077000.0,332020000.0,0.282,332020000.0,236077000.0,137724000.0,0.265,0.26,0.265,2464113000.0,,2464113000.0,9727546534.0,14.0,9.385,166924000.0,0.524,1.0,611416000.0,0.52,50650000.0,98353000.0,15088893000.0,,86333000.0,524360000.0,0.0,524360000.0,8194463000.0,1078287000.0,7116176000.0,3996957534.0,31414000.0,0.0,984000.0,-123958000.0,0.0,-130981000.0,-55074000.0,0.0,217469000.0,0.0,83894000.0,83894000.0,83894000.0,0.0,0.0,0.071,267799000.0,343617000.0,59013000.0,0.0,1.622,19.952,19.764,9034577000.0,0.0,12.55,0.977,0.977,208786000.0,511850000.0,1176421000.0,1176421000.0,0.0,,,,,0.0,156332000.0,1.0,318482672.0,318482672,,3.694,10607926000.0,146679000.0,53830000.0,1746670000.0,33.308,-309824000.0
82,MGM,MRQ,2000-12-31,2000-12-31,2000-12-31,2021-08-06,-5280000.0,10734601000.0,,795644000.0,9938957000.0,,7.487,-29723000.0,227968000.0,227968000.0,550949000.0,68002000.0,0.645,3.506,5947366000.0,599046000.0,5348320000.0,5947366000.0,0.0,96085000.0,0.0,0.002,0.0,211888000.0,307973000.0,0.278,307973000.0,211888000.0,112519000.0,0.225,0.22,0.225,2382445000.0,,2382445000.0,10381753698.0,19.0,12.393,195321000.0,0.614,1.0,558182000.0,0.503,54281000.0,99369000.0,15166513000.0,,86279000.0,521807000.0,0.0,521807000.0,8352156000.0,1233205000.0,7118951000.0,4485095698.0,16696000.0,0.0,-4465000.0,-169671000.0,-3000.0,-174139000.0,-34209000.0,0.0,225044000.0,0.0,68002000.0,68002000.0,68002000.0,0.0,0.0,0.061,269799000.0,288383000.0,65317000.0,0.0,1.883,27.902,25.396,9064233000.0,0.0,14.095,1.331,1.331,236650000.0,427956000.0,1109131000.0,1109131000.0,0.0,,,,,6947000.0,153789000.0,1.0,318204732.0,318204732,,3.486,10680320000.0,174198000.0,44517000.0,1730158000.0,33.564,-437561000.0
83,MGM,MRQ,2000-09-30,2000-09-30,2000-09-30,2021-08-06,-3686000.0,10700640000.0,,696871000.0,10003769000.0,,7.282,-91082000.0,211272000.0,211272000.0,553796000.0,67431000.0,1.047,3.625,6107930000.0,72876000.0,6035054000.0,6107930000.0,3801000.0,97576000.0,0.0,0.001,0.0,222511000.0,320087000.0,0.278,320087000.0,222511000.0,116714000.0,0.21,0.21,0.21,2313553000.0,,2313553000.0,12182259626.0,29.0,18.648,199927000.0,0.629,1.0,596273000.0,0.518,53979000.0,105797000.0,15877685000.0,,85156000.0,395674000.0,0.0,395674000.0,8387087000.0,665634000.0,7721453000.0,6067848626.0,-116000.0,0.0,9956000.0,-236520000.0,0.0,-226564000.0,-64561000.0,0.0,291009000.0,0.0,67431000.0,67431000.0,67431000.0,0.0,0.0,0.059,270077000.0,326196000.0,63932000.0,0.0,2.623,45.738,37.078,9195936000.0,0.0,19.095,2.28,2.279,178139000.0,359954000.0,1150069000.0,1150069000.0,0.0,,,,,0.0,160226000.0,1.0,317771596.0,317696000,324734000.0,3.62,10646661000.0,156411000.0,49283000.0,1682598000.0,33.512,31237000.0
84,MGM,MRQ,2000-06-30,2000-06-30,2000-06-30,2021-08-06,14290000.0,10734268000.0,,678383000.0,10055885000.0,,7.505,-15208000.0,211388000.0,211388000.0,309436000.0,-18994000.0,0.427,3.762,6325799000.0,1031761000.0,5294038000.0,6325799000.0,3833000.0,59337000.0,0.0,0.002,0.0,17081000.0,76418000.0,0.117,76418000.0,17081000.0,-30561000.0,-0.065,-0.065,-0.065,2254142000.0,,2254142000.0,6359617908.0,27.0,15.522,197287000.0,0.657,1.0,344551000.0,0.527,64523000.0,47642000.0,15193619000.0,,86852000.0,408286000.0,0.0,408286000.0,8480126000.0,1590537000.0,6889589000.0,5090965908.0,113308000.0,-5315466000.0,1235433000.0,4035351000.0,-11000.0,5272092000.0,-5371279000.0,0.0,212495000.0,0.0,-18994000.0,-18994000.0,-18994000.0,0.0,0.0,-0.029,180650000.0,163901000.0,73959000.0,0.0,2.258,65.405,44.639,9237733000.0,0.0,16.07,2.621,2.175,175679000.0,292523000.0,653987000.0,653987000.0,0.0,,,,,0.0,94116000.0,1.0,316799372.0,300368000,300368000.0,2.177,10669745000.0,158421000.0,-11567000.0,1591718000.0,35.522,-912154000.0
85,MGM,MRQ,2000-03-31,2000-03-31,2000-03-31,2021-08-06,13308000.0,2733064000.0,,220810000.0,2512254000.0,,4.635,-64675000.0,98080000.0,98080000.0,215730000.0,44305000.0,0.919,1.636,1366732000.0,21174000.0,1345558000.0,1366732000.0,4776000.0,40183000.0,0.0,0.002,0.025,93043000.0,133226000.0,0.291,133226000.0,93043000.0,70952000.0,0.195,0.19,0.195,1036735000.0,,1036735000.0,3899297488.0,15.0,9.446,7762000.0,0.035,1.0,241577000.0,0.528,36294000.0,22091000.0,3725143000.0,,12143000.0,12632000.0,0.0,12632000.0,1696329000.0,240279000.0,1456050000.0,2683969488.0,-23442000.0,0.0,-45289000.0,25179000.0,-11327000.0,-32756000.0,-63123000.0,0.0,72437000.0,0.0,44305000.0,44305000.0,44305000.0,0.0,0.0,0.097,115841000.0,125736000.0,35758000.0,0.128,2.589,22.193,23.077,2411940000.0,0.0,12.0,1.644,1.644,75308000.0,311529000.0,457307000.0,457307000.0,0.0,,,,,0.0,63897000.0,1.0,223664124.0,223664124,,2.045,2696770000.0,5645000.0,26647000.0,119716000.0,12.057,-19469000.0
86,MGM,MRQ,1999-12-31,1999-12-31,1999-12-31,2021-08-06,-1149000.0,2743454000.0,,269913000.0,2473541000.0,,4.498,-77660000.0,121522000.0,121522000.0,192624000.0,39922000.0,0.93,1.681,1349121000.0,31912000.0,1317209000.0,1349121000.0,0.0,38881000.0,0.0,0.0,0.0,84654000.0,123535000.0,0.309,123535000.0,84654000.0,63370000.0,0.175,0.17,0.175,1023201000.0,,1023201000.0,4129801320.0,20.0,12.568,38412000.0,0.169,1.0,207315000.0,0.518,31683000.0,21284000.0,3649280000.0,,15240000.0,12485000.0,0.0,12485000.0,1720253000.0,290090000.0,1430163000.0,2861863320.0,13769000.0,0.0,4806000.0,-26963000.0,0.0,-22157000.0,-80146000.0,0.0,116072000.0,0.0,39922000.0,39922000.0,39922000.0,0.0,0.0,0.1,90100000.0,117215000.0,45914000.0,0.0,2.797,33.255,33.993,2384772000.0,0.0,12.578,1.974,2.023,83101000.0,267165000.0,399939000.0,399939000.0,0.0,,,,,0.0,64346000.0,1.0,227538328.0,227496000,234628000.0,1.758,2711771000.0,17452000.0,23448000.0,112009000.0,11.92,-20177000.0
87,MGM,MRQ,1999-09-30,1999-09-30,1999-09-30,2021-08-06,9839000.0,2711159000.0,,262056000.0,2449103000.0,,4.255,-95853000.0,107753000.0,107753000.0,201949000.0,12605000.0,1.052,1.709,1375691000.0,26486000.0,1349205000.0,1375691000.0,5144000.0,37378000.0,0.0,0.0,0.0,39171000.0,76549000.0,0.178,76549000.0,39171000.0,19695000.0,0.055,0.05,0.055,1000849000.0,,1000849000.0,3853695532.0,24.0,14.347,-26231000.0,-0.112,1.0,228929000.0,0.531,36806000.0,19476000.0,3693202000.0,,12585000.0,11783000.0,0.0,11783000.0,1710310000.0,249089000.0,1461221000.0,2881052532.0,233000.0,0.0,-272101000.0,301320000.0,0.0,29219000.0,-98608000.0,0.0,69622000.0,0.0,12605000.0,12605000.0,12605000.0,0.0,0.0,0.029,159832000.0,69097000.0,52959000.0,0.0,2.879,42.764,43.776,2348105000.0,0.0,12.783,2.247,2.345,59975000.0,239323000.0,430878000.0,430878000.0,0.0,,,,,0.0,65627000.0,1.0,225390380.0,235224000,242732000.0,1.832,2674353000.0,31934000.0,7090000.0,113554000.0,11.369,12967000.0
88,MGM,MRQ,1999-06-30,1999-06-30,1999-06-30,2021-08-06,9370000.0,2674494000.0,,251966000.0,2422528000.0,,5.075,-96980000.0,107520000.0,107520000.0,158836000.0,24106000.0,0.989,1.123,1080163000.0,31318000.0,1048845000.0,1080163000.0,4936000.0,29256000.0,0.0,0.0,0.0,50229000.0,79485000.0,0.231,79485000.0,50229000.0,38264000.0,0.095,0.095,0.095,1259876000.0,,1259876000.0,3994512324.0,25.0,16.027,-23471000.0,-0.095,1.0,185896000.0,0.539,37062000.0,11965000.0,3355408000.0,,11607000.0,11516000.0,0.0,11516000.0,1414618000.0,254667000.0,1159951000.0,3041894324.0,41751000.0,-1000.0,15648000.0,49281000.0,0.0,64929000.0,-96687000.0,0.0,73509000.0,0.0,24106000.0,24106000.0,24106000.0,0.0,0.0,0.07,110033000.0,75863000.0,83105000.0,0.0,2.414,42.356,38.889,2321165000.0,0.0,12.25,2.864,2.863,68872000.0,226718000.0,344732000.0,344732000.0,0.0,,,,,0.0,53969000.0,1.0,248317904.0,248268000,254932000.0,1.389,2637432000.0,32444000.0,14158000.0,109927000.0,10.623,-2701000.0
89,MGM,MRQ,1999-03-31,1999-03-31,1999-03-31,2021-08-06,11553000.0,2538855000.0,,203368000.0,2335487000.0,,5.518,-107787000.0,65769000.0,65769000.0,133614000.0,9425000.0,0.938,1.077,1018387000.0,21818000.0,996569000.0,1018387000.0,4874000.0,21095000.0,0.0,0.0,0.0,29002000.0,50097000.0,0.183,50097000.0,29002000.0,19758000.0,0.043,0.043,0.043,1222306000.0,,1222306000.0,2260804419.0,16.0,10.248,-77113000.0,-0.348,1.0,140231000.0,0.512,37318000.0,9244000.0,3237340000.0,,11212000.0,10967000.0,0.0,10967000.0,1316549000.0,216815000.0,1099734000.0,2076949419.0,-16187000.0,-13345000.0,6484000.0,57907000.0,0.0,64391000.0,-111252000.0,0.0,30674000.0,0.0,9425000.0,9425000.0,9425000.0,0.0,0.0,0.034,79811000.0,60420000.0,53557000.0,0.0,1.699,33.439,29.708,2230791000.0,0.0,8.408,2.264,2.03,66158000.0,202612000.0,273845000.0,273845000.0,0.0,,,,,0.0,38714000.0,1.0,247035316.0,221504000,226584000.0,1.236,2501537000.0,30779000.0,10333000.0,113192000.0,11.293,-13447000.0
90,MGM,MRQ,1998-12-31,1998-12-31,1998-12-31,2021-08-06,13004000.0,1768958000.0,,203244000.0,1565714000.0,,4.637,-63692000.0,81956000.0,81956000.0,115666000.0,21235000.0,1.101,0.834,552827000.0,15163000.0,537664000.0,552827000.0,5219000.0,19733000.0,0.0,0.0,0.0,42742000.0,62475000.0,0.268,62475000.0,42742000.0,33961000.0,0.1,0.098,0.1,964381000.0,,964381000.0,1880935840.0,13.0,8.597,3747000.0,0.018,1.0,117082000.0,0.503,37574000.0,8781000.0,2017726000.0,,11081000.0,134025000.0,0.0,134025000.0,804577000.0,184529000.0,620048000.0,1411657840.0,-8816000.0,-533000.0,-71000.0,-12768000.0,0.0,-12839000.0,-63416000.0,0.0,67439000.0,0.0,21235000.0,21235000.0,21235000.0,0.0,0.0,0.091,56410000.0,60672000.0,41334000.0,0.0,1.464,20.474,21.879,1327722000.0,0.0,6.782,1.682,1.8,64280000.0,192606000.0,232748000.0,232748000.0,0.0,,,,,0.0,22130000.0,1.0,208132376.0,207964000,209564000.0,1.119,1731384000.0,34098000.0,12726000.0,79622000.0,8.325,18715000.0
91,MGM,MRQ,1998-09-30,1998-09-30,1998-09-30,2021-08-06,15436000.0,1709402000.0,,204012000.0,1505390000.0,,4.317,-94923000.0,90772000.0,90772000.0,102257000.0,17052000.0,1.378,0.808,560050000.0,21031000.0,539019000.0,560050000.0,4429000.0,20730000.0,0.0,0.0,0.0,36451000.0,57181000.0,0.271,57181000.0,36451000.0,26643000.0,0.077,0.077,0.077,945649000.0,,945649000.0,1543335148.0,10.0,6.798,-62188000.0,-0.284,1.0,108517000.0,0.515,37830000.0,9808000.0,1992781000.0,,12701000.0,126463000.0,0.0,126463000.0,763753000.0,148069000.0,615684000.0,1338243148.0,-277433000.0,533000.0,-209303000.0,-1991000.0,0.0,-211294000.0,-98874000.0,0.0,32735000.0,0.0,17052000.0,17052000.0,17052000.0,0.0,0.0,0.081,57268000.0,51249000.0,38135000.0,0.0,1.415,16.496,16.014,1280941000.0,0.0,5.765,1.599,1.509,56668000.0,171952000.0,210774000.0,210774000.0,0.0,,,,,0.0,28320000.0,1.0,232132376.0,219060000,221560000.0,0.962,1671572000.0,34098000.0,9591000.0,72977000.0,7.631,55943000.0
92,MGM,MRQ,1998-06-30,1998-06-30,1998-06-30,2021-08-06,13279000.0,1905934000.0,,480921000.0,1425013000.0,,4.895,-110421000.0,368205000.0,368205000.0,100713000.0,14399000.0,3.028,0.678,573297000.0,31414000.0,541883000.0,573297000.0,5210000.0,18877000.0,0.0,0.0,0.0,31972000.0,50849000.0,0.254,50849000.0,31972000.0,23515000.0,0.062,0.062,0.062,1135742000.0,,1135742000.0,1964633837.0,14.0,9.208,-62584000.0,-0.27,1.0,99499000.0,0.497,38086000.0,8457000.0,1914131000.0,,14584000.0,118910000.0,0.0,118910000.0,770192000.0,158809000.0,611383000.0,1830488837.0,-69128000.0,0.0,31000.0,-2516000.0,0.0,-2485000.0,-114480000.0,0.0,47837000.0,0.0,14399000.0,14399000.0,14399000.0,0.0,0.0,0.072,57549000.0,41950000.0,39443000.0,0.0,1.612,23.309,22.87,1209961000.0,0.0,7.89,2.155,2.155,59099000.0,154900000.0,200212000.0,200212000.0,0.0,,,,,0.0,29123000.0,1.0,232001120.0,232004000,234452000.0,0.863,1867848000.0,28620000.0,9116000.0,64290000.0,8.051,322112000.0
93,MGM,MRQ,1998-03-31,1998-03-31,1998-03-31,2021-08-06,9214000.0,1872259000.0,,539593000.0,1332666000.0,,4.817,-108280000.0,437333000.0,437333000.0,99623000.0,16262000.0,3.835,0.676,571478000.0,22982000.0,548496000.0,571478000.0,5721000.0,16942000.0,0.0,0.0,0.0,31352000.0,48294000.0,0.247,48294000.0,31352000.0,25409000.0,0.07,0.07,0.07,1117248000.0,,1117248000.0,2019683420.0,12.0,8.678,-84611000.0,-0.365,1.0,95987000.0,0.491,38342000.0,5943000.0,1827367000.0,,13882000.0,115951000.0,0.0,115951000.0,755011000.0,140695000.0,614316000.0,1986179420.0,402727000.0,0.0,466000.0,497306000.0,0.0,497772000.0,-118714000.0,0.0,23669000.0,0.0,16262000.0,16262000.0,16262000.0,0.0,0.0,0.083,52066000.0,43921000.0,47109000.0,0.0,1.778,20.449,20.147,1122017000.0,0.0,8.562,2.272,2.272,47747000.0,140501000.0,195610000.0,195610000.0,0.0,,,,,0.0,26975000.0,1.0,231962560.0,231960000,235100000.0,0.843,1833917000.0,28986000.0,9147000.0,60099000.0,7.906,398898000.0
94,MGM,MRQ,1997-12-31,1997-12-31,1997-12-31,2021-08-06,0.0,470252000.0,,18021000.0,452231000.0,,0.816,-108686000.0,7296000.0,7296000.0,106293000.0,33413000.0,0.445,1.565,263455000.0,17052000.0,246403000.0,263455000.0,0.0,16513000.0,0.0,0.0,0.0,54175000.0,70688000.0,0.307,70688000.0,54175000.0,51803000.0,0.15,0.14,0.15,183350000.0,,183350000.0,,,,-52411000.0,-0.233,1.0,123805000.0,0.538,0.0,2372000.0,685912000.0,,460000.0,0.0,0.0,0.0,286902000.0,40499000.0,246403000.0,2095201823.0,-24387000.0,-7000.0,305000.0,-2647000.0,0.0,-2342000.0,-78320000.0,0.0,56275000.0,0.0,33413000.0,33413000.0,33413000.0,0.0,0.0,0.145,52299000.0,71506000.0,1632000.0,0.0,11.427,18.873,18.624,446873000.0,0.0,9.033,2.351,2.33,4266000.0,72270000.0,230098000.0,230098000.0,0.0,,,,,0.0,28054000.0,1.0,231962560.0,224656000,235772000.0,1.024,470252000.0,0.0,18390000.0,0.0,2.093,-22478000.0
95,MGM,MRQ,1997-09-30,1997-09-30,1997-09-30,2021-08-06,,,,,,,,-48369000.0,,,99964000.0,14456000.0,,,,,,,,16269000.0,,0.0,0.0,27257000.0,43526000.0,0.195,43526000.0,27257000.0,24746000.0,0.062,0.062,0.062,,,,,,,2652000.0,0.011,1.0,123557000.0,0.553,,2511000.0,,,,,,,,,,,11580000.0,0.0,142000.0,-2941000.0,0.0,-2799000.0,-36642000.0,0.0,51021000.0,0.0,14456000.0,14456000.0,14456000.0,0.0,0.0,0.065,77116000.0,46441000.0,,0.0,,,,,0.0,10.875,,,,,223521000.0,223521000.0,0.0,,,,,0.0,27377000.0,1.0,,231892000,235248000.0,0.964,,,10290000.0,,,
96,MGM,MRQ,1997-06-30,1997-06-30,1997-06-30,2021-08-06,,,,,,,,-46852000.0,,,105062000.0,32999000.0,,,,,,,,15969000.0,,0.0,0.0,54248000.0,70217000.0,0.312,70217000.0,54248000.0,51437000.0,0.142,0.14,0.142,,,,,,,20239000.0,0.087,1.0,120052000.0,0.533,,2811000.0,,,,,,,,,,,2040000.0,-23000.0,469000.0,-18059000.0,0.0,-17590000.0,-47461000.0,0.0,67091000.0,0.0,32999000.0,32999000.0,32999000.0,0.0,0.0,0.147,49944000.0,70108000.0,,0.0,,,,,0.0,9.25,,,,,225114000.0,225114000.0,0.0,,,,,0.0,28093000.0,1.0,,231708000,235232000.0,0.972,,,18438000.0,,,
97,MGM,MRQ,1997-03-31,1997-03-31,1997-03-31,2021-08-06,,,,,,,,-23647000.0,,,95154000.0,30150000.0,,,,,,,,15493000.0,,0.0,0.0,51516000.0,67009000.0,0.315,67009000.0,51516000.0,48077000.0,0.13,0.128,0.13,,,,,,,-14022000.0,-0.061,1.0,117443000.0,0.552,,3439000.0,,,,,,,,,,,-16039000.0,-7160000.0,1883000.0,11808000.0,0.0,13691000.0,-39355000.0,0.0,9625000.0,0.0,30150000.0,30150000.0,30150000.0,0.0,0.0,0.142,50795000.0,66648000.0,,0.0,,,,,0.0,9.062,,,,,212597000.0,212597000.0,0.0,,,,,0.0,26924000.0,1.0,,231344000,235088000.0,0.919,,,17927000.0,,,
98,MGM,MRQ,1996-12-31,1996-12-31,1996-12-31,2021-08-06,-4106000.0,1287689000.0,,226708000.0,1060981000.0,,4.612,,76667000.0,76667000.0,,,1.188,0.323,94022000.0,15675000.0,78347000.0,94022000.0,6712000.0,,0.0,0.0,0.0,,,,,,,,,,973382000.0,,973382000.0,,,,,,1.0,,,39622000.0,,1074651000.0,,13520000.0,72896000.0,0.0,72896000.0,314307000.0,190771000.0,123536000.0,,,,,,,,,,,,,,,,,,,,32995000.0,,,,42.126,884750000.0,,8.72,,5334.018,80529000.0,13221000.0,,,,,,,,,,1.0,,211036000,,,1248067000.0,58039000.0,,62130000.0,5.914,35937000.0
0,MGM,MRT,2021-06-30,2021-06-30,2021-06-30,2021-08-06,-21173000.0,36776378000.0,36901713500.0,6574543000.0,30201835000.0,0.177,12.627,-298449000.0,5626232000.0,5626232000.0,3713616000.0,-1303573000.0,3.229,4.154,21140369000.0,161568000.0,20978801000.0,21140369000.0,0.0,1342000000.0,0.0,0.0,0.01,-692368000.0,649632000.0,0.099,649632000.0,-692368000.0,-1452922000.0,-2.55,-2.55,-2.55,6180181000.0,6463209750.0,6180181000.0,36562755861.0,-53.0,56.282,-337574000.0,-0.69,1.0,2821549000.0,0.432,5635027000.0,760554000.0,44619117000.0,44647441750.0,79019000.0,1484717000.0,0.0,1484717000.0,25672256000.0,2036371000.0,23635885000.0,20921347861.0,790727000.0,-160426000.0,-339661000.0,1211082000.0,-4926000.0,1285590000.0,-455533000.0,0.0,-39125000.0,-205000.0,-1209412000.0,-1209412000.0,-1209412000.0,0.0,-94161000.0,-0.185,3736531000.0,-914982000.0,232394000.0,-0.004,3.385,-17.299,-16.725,22553656000.0,0.0,42.65,3.201,3.194,430841000.0,2861474000.0,6535165000.0,6535165000.0,0.0,-0.033,-0.187,-0.016,-0.106,78630000.0,2559748000.0,1.0,490535706.0,489459000,495302000.0,13.352,31141351000.0,226193000.0,-243510000.0,2170945000.0,63.624,4538172000.0
1,MGM,MRT,2021-03-31,2021-03-31,2021-03-31,2021-08-06,-25218000.0,37330767000.0,37075440250.0,7083867000.0,30246900000.0,0.123,12.745,-269917000.0,6171512000.0,6171512000.0,2942334000.0,-2330364000.0,3.86,4.138,21812920000.0,175256000.0,21637664000.0,21812920000.0,0.0,1359587000.0,0.0,0.0,0.01,-2005458000.0,-645871000.0,-0.142,-645871000.0,-2005458000.0,-2719996000.0,-4.36,-4.36,-4.36,6306828000.0,6761861750.0,6306828000.0,34603474956.0,-17.0,-53.576,-1427633000.0,-2.885,1.0,1614678000.0,0.354,5674061000.0,714538000.0,45462728000.0,44509408000.0,82346000.0,1439454000.0,0.0,1439454000.0,26098248000.0,1835386000.0,24262862000.0,18799478956.0,155095000.0,-153121000.0,-119269000.0,1478842000.0,-4939000.0,1672173000.0,-358289000.0,0.0,-1157716000.0,-1073000.0,-2171422000.0,-2171422000.0,-2171422000.0,0.0,-158942000.0,-0.477,3736258000.0,-2121580000.0,185289000.0,-0.002,2.981,-8.658,-8.713,22694929000.0,0.0,37.99,4.125,4.125,360188000.0,2757941000.0,4557012000.0,4557012000.0,0.0,-0.059,-0.321,-0.045,-0.44,86607000.0,2488811000.0,1.0,494853355.0,494864000,494864000.0,9.209,31656706000.0,242177000.0,-548574000.0,2154832000.0,63.971,5248481000.0
2,MGM,MRT,2020-12-31,2020-12-31,2020-12-31,2021-08-06,-30677000.0,36494934000.0,37522474750.0,5950659000.0,30544275000.0,0.138,13.163,-264443000.0,5101637000.0,5101637000.0,3452711000.0,-1319907000.0,3.205,3.892,20905633000.0,138832000.0,20766801000.0,20905633000.0,0.0,1393955000.0,0.0,0.005,0.158,-547916000.0,846039000.0,0.164,846039000.0,-547916000.0,-1224296000.0,-2.02,-2.02,-2.02,6504726000.0,7228633250.0,6504726000.0,30915949009.0,-56.0,36.542,-1757486000.0,-3.557,1.0,1709371000.0,0.331,5735026000.0,676380000.0,44707321000.0,44347682250.0,88323000.0,1447043000.0,0.0,1447043000.0,25315026000.0,1856583000.0,23458443000.0,15564021009.0,2772033000.0,2358914000.0,-353720000.0,2350373000.0,-77606000.0,2103427000.0,2159304000.0,0.0,-1493043000.0,2345000.0,-1032724000.0,-1032724000.0,-1032724000.0,0.0,-287183000.0,-0.2,2394743000.0,-685372000.0,172672000.0,-0.078,2.393,-15.071,-15.599,22918785000.0,0.0,31.51,3.015,3.016,316502000.0,3091007000.0,5162082000.0,5162082000.0,0.0,-0.028,-0.143,-0.012,-0.106,106956000.0,2582481000.0,1.0,493939099.0,494152000,494152000.0,10.446,30759908000.0,243415000.0,-191572000.0,2153016000.0,62.248,4094076000.0
3,MGM,MRT,2020-09-30,2020-09-30,2020-09-30,2021-08-06,-39370000.0,37004775000.0,36867830250.0,6186281000.0,30818494000.0,0.186,13.902,-432716000.0,4593872000.0,4593872000.0,4441695000.0,1202011000.0,2.236,3.688,19945800000.0,150729000.0,19795071000.0,19945800000.0,0.0,1407242000.0,0.0,0.013,0.285,2586347000.0,3993589000.0,0.583,3993589000.0,2586347000.0,1898166000.0,2.73,2.71,2.73,6861104000.0,7534268000.0,6861104000.0,25738121404.0,10.0,6.445,-1228028000.0,-2.488,1.0,2411987000.0,0.352,5789318000.0,688181000.0,43800601000.0,42674198250.0,97316000.0,1473955000.0,0.0,1473955000.0,25302113000.0,2766784000.0,22535329000.0,10728865404.0,3360303000.0,7187955000.0,-746439000.0,-2532631000.0,-142495000.0,-2669870000.0,6820241000.0,0.0,-795312000.0,5244000.0,1426458000.0,1426458000.0,1426458000.0,0.0,-224447000.0,0.208,-203652000.0,2615639000.0,179272000.0,0.104,1.564,7.521,7.967,23122908000.0,0.0,21.75,1.565,1.566,328413000.0,3539848000.0,6853682000.0,6853682000.0,0.0,0.039,0.189,0.061,0.377,102001000.0,2624039000.0,1.0,493281168.0,493517000,493517000.0,13.887,31215457000.0,170377000.0,471708000.0,2164231000.0,63.251,3419497000.0
4,MGM,MRT,2020-06-30,2020-06-30,2020-06-30,2021-08-06,-39030000.0,37471285000.0,35408854250.0,6370768000.0,31100517000.0,0.255,14.945,-555399000.0,4835505000.0,4835505000.0,5648828000.0,1810086000.0,2.474,3.407,19844761000.0,128430000.0,19716331000.0,19844761000.0,0.0,1408121000.0,0.0,0.025,0.412,3195098000.0,4603219000.0,0.509,4603219000.0,3195098000.0,2465222000.0,3.73,3.71,3.73,7374789000.0,7334130000.0,7374789000.0,22496668957.0,7.0,4.887,-798333000.0,-1.618,1.0,3393316000.0,0.375,5838431000.0,729876000.0,44066982000.0,40804320500.0,106791000.0,1468495000.0,0.0,1468495000.0,25122503000.0,2575128000.0,22547375000.0,8286056957.0,3674914000.0,7220119000.0,-1103421000.0,-2350059000.0,-208210000.0,-2823992000.0,6738114000.0,0.0,-242934000.0,3726000.0,1924056000.0,1924056000.0,1924056000.0,0.0,-113970000.0,0.213,59693000.0,3333623000.0,149135000.0,0.11,1.124,4.307,4.504,23357015000.0,0.0,16.8,0.916,0.917,287065000.0,4075812000.0,9042144000.0,9042144000.0,0.0,0.054,0.262,0.078,0.353,95373000.0,2613082000.0,1.0,493217676.0,493456000,493456000.0,18.324,31632854000.0,166507000.0,541166000.0,2242707000.0,64.105,3795640000.0
5,MGM,MRT,2020-03-31,2020-03-31,2020-03-31,2021-08-06,-39774000.0,39118905000.0,33744461750.0,7597929000.0,31520976000.0,0.355,16.499,-626452000.0,6016417000.0,6016417000.0,7179278000.0,2822742000.0,2.893,3.155,20227029000.0,108694000.0,20118335000.0,20227029000.0,0.0,1414415000.0,0.0,0.046,0.54,4436805000.0,5851220000.0,0.489,5851220000.0,4436805000.0,3647856000.0,5.48,5.46,5.48,8173914000.0,7120553750.0,8173914000.0,19050245224.0,4.0,3.256,361230000.0,0.729,1.0,4796300000.0,0.401,5887445000.0,788949000.0,44815825000.0,38835238250.0,106327000.0,1596170000.0,0.0,1596170000.0,25786904000.0,2626247000.0,23160657000.0,5810725224.0,4793013000.0,7166703000.0,-1385254000.0,-2073733000.0,-275393000.0,-2809692000.0,6608926000.0,0.0,987682000.0,6097000.0,2824718000.0,2824718000.0,2824718000.0,0.0,-1976000.0,0.236,92020000.0,4704280000.0,243696000.0,0.099,0.711,2.057,2.153,23598612000.0,0.0,11.8,0.485,0.488,454826000.0,4934302000.0,11975578000.0,11975578000.0,0.0,0.084,0.397,0.114,0.37,93600000.0,2629425000.0,1.0,492434341.0,495415000,496984000.0,24.173,33231460000.0,44459000.0,823138000.0,2388072000.0,67.078,4971682000.0
6,MGM,MRT,2019-12-31,2019-12-31,2019-12-31,2021-08-06,-10202000.0,33876356000.0,31751465750.0,4007693000.0,29868663000.0,0.406,14.742,-736428000.0,2329604000.0,2329604000.0,7603489000.0,2214380000.0,1.256,2.745,15569124000.0,122250000.0,15446874000.0,15569124000.0,0.0,1376433000.0,0.0,0.016,0.52,3529423000.0,4905856000.0,0.38,4905856000.0,3529423000.0,2681491000.0,3.9,3.88,3.9,7727265000.0,6773626250.0,7727265000.0,31521959624.0,9.0,6.425,1073973000.0,2.049,1.0,5296183000.0,0.411,5911068000.0,847932000.0,38013385000.0,36742300500.0,102888000.0,822366000.0,0.0,822366000.0,21213437000.0,3191423000.0,18022014000.0,17133529624.0,802842000.0,4186274000.0,-1031534000.0,-4211607000.0,-271288000.0,-4529594000.0,3519434000.0,0.0,1810401000.0,2601000.0,2049146000.0,2049146000.0,2049146000.0,0.0,165234000.0,0.159,1475489000.0,3820694000.0,310171000.0,0.133,2.217,8.361,8.531,22678436000.0,0.0,33.27,1.328,1.352,612717000.0,4201337000.0,12899672000.0,12899672000.0,0.0,0.065,0.303,0.096,0.274,88838000.0,2565859000.0,1.0,514984359.0,524173000,527645000.0,24.61,27965288000.0,27167000.0,632345000.0,2106506000.0,53.351,816270000.0
7,MGM,MRT,2019-09-30,2019-09-30,2019-09-30,2021-08-06,-46841000.0,31168871000.0,30835053250.0,2880746000.0,28288125000.0,0.414,11.678,-718732000.0,1233569000.0,1233569000.0,7530670000.0,154190000.0,0.875,3.407,15621999000.0,159760000.0,15462239000.0,15621999000.0,0.0,1333506000.0,0.0,0.018,0.51,1044936000.0,2378442000.0,0.186,2378442000.0,1044936000.0,182946000.0,0.0,0.0,0.0,6060552000.0,6469880750.0,6060552000.0,28621011877.0,27.0,12.034,964449000.0,1.858,1.0,5236728000.0,0.41,5942967000.0,861990000.0,36321090000.0,36049121500.0,104206000.0,758992000.0,0.0,758992000.0,20648253000.0,3293244000.0,17355009000.0,14453946877.0,-69108000.0,-670744000.0,-788814000.0,168071000.0,-268460000.0,-438049000.0,-1313582000.0,0.0,1683181000.0,-658000.0,14242000.0,14242000.0,14242000.0,0.0,139948000.0,0.001,4055307000.0,1181421000.0,398141000.0,,2.385,1014.882,,21254968000.0,0.0,27.72,1.132,1.127,550345000.0,2255885000.0,12767398000.0,12767398000.0,0.0,0.0,0.002,0.029,0.082,83685000.0,2452852000.0,1.0,521426655.0,518983000,518983000.0,24.601,25225904000.0,23877000.0,168704000.0,1536426000.0,48.606,-412498000.0
8,MGM,MRT,2019-06-30,2019-06-30,2019-06-30,2021-08-06,-26330000.0,30813715000.0,30536214250.0,2040034000.0,28773681000.0,0.409,12.248,-920955000.0,1160591000.0,1160591000.0,7381446000.0,319496000.0,0.732,3.046,15327656000.0,136790000.0,15190866000.0,15327656000.0,0.0,1295486000.0,0.0,0.018,0.5,1241339000.0,2536825000.0,0.203,2536825000.0,1241339000.0,389279000.0,0.34,0.34,0.34,6520484000.0,6648082250.0,6520484000.0,29506073627.0,24.0,11.631,676266000.0,1.27,1.0,5100872000.0,0.409,6003588000.0,852060000.0,36190653000.0,35640354500.0,106707000.0,746733000.0,0.0,746733000.0,19858994000.0,2786539000.0,17072455000.0,15347840627.0,-112281000.0,-1541060000.0,-607902000.0,1055963000.0,-265473000.0,569606000.0,-2281153000.0,0.0,1597221000.0,2045000.0,194253000.0,194253000.0,194253000.0,0.0,125243000.0,0.016,3746210000.0,1354662000.0,509331000.0,1.471,2.354,79.01,84.029,21719154000.0,0.0,28.57,1.23,1.218,562772000.0,2359966000.0,12482318000.0,12482318000.0,0.0,0.006,0.029,0.035,0.099,85464000.0,2411585000.0,1.0,537201282.0,532365000,535417000.0,23.447,24810127000.0,20994000.0,195026000.0,1552552000.0,46.604,-746505000.0
9,MGM,MRT,2019-03-31,2019-03-31,2019-03-31,2021-08-06,-24608000.0,31146921000.0,30077075500.0,2207135000.0,28939786000.0,0.403,12.703,-1225743000.0,1223404000.0,1223404000.0,7146040000.0,383750000.0,0.785,2.937,15381637000.0,139857000.0,15241780000.0,15381637000.0,0.0,1240626000.0,0.0,0.019,0.49,1299351000.0,2539977000.0,0.21,2539977000.0,1299351000.0,481627000.0,0.47,0.47,0.47,6786204000.0,6729746750.0,6786204000.0,27521980187.0,21.0,10.836,318914000.0,0.597,1.0,4971730000.0,0.41,6048402000.0,817724000.0,36444074000.0,34771495250.0,111302000.0,730996000.0,0.0,730996000.0,19929056000.0,2812678000.0,17116378000.0,13777280187.0,-301998000.0,-1469949000.0,-920933000.0,1390371000.0,-262392000.0,531135000.0,-2377455000.0,0.0,1544657000.0,-335000.0,274625000.0,274625000.0,274625000.0,0.0,109125000.0,0.023,3646414000.0,1325316000.0,585875000.0,1.043,2.03,50.168,54.596,21838350000.0,0.0,25.66,1.137,1.131,602602000.0,2384977000.0,12117770000.0,12117770000.0,0.0,0.009,0.041,0.037,0.107,86203000.0,2320991000.0,1.0,536916609.0,534219000,537506000.0,22.683,25098519000.0,18536000.0,207002000.0,1566931000.0,46.982,-605543000.0
10,MGM,MRT,2018-12-31,2018-12-31,2018-12-31,2021-08-06,-8556000.0,30210706000.0,29614912750.0,2526778000.0,27683928000.0,0.397,11.966,-1461231000.0,1526762000.0,1526762000.0,6918875000.0,583894000.0,0.857,3.031,15271462000.0,183457000.0,15088005000.0,15271462000.0,0.0,1178044000.0,0.0,0.02,0.48,1286397000.0,2464441000.0,0.21,2464441000.0,1286397000.0,516884000.0,0.82,0.81,0.82,6512283000.0,6875893250.0,6512283000.0,26293891461.0,20.0,10.669,261308000.0,0.48,1.0,4844221000.0,0.412,5765855000.0,769513000.0,35240669000.0,33653981250.0,110831000.0,732867000.0,0.0,732867000.0,19740915000.0,2948882000.0,16792033000.0,12789822461.0,26767000.0,-927213000.0,-1283333000.0,2163475000.0,-260592000.0,389234000.0,-2083021000.0,0.0,1722539000.0,-1985000.0,466772000.0,466772000.0,466772000.0,0.0,117122000.0,0.04,3522425000.0,1321796000.0,614371000.0,0.585,1.964,27.401,29.585,20729888000.0,0.0,24.26,1.087,1.122,657206000.0,2423479000.0,11763096000.0,11763096000.0,0.0,0.016,0.068,0.038,0.109,70177000.0,2183842000.0,1.0,527197958.0,544253000,549536000.0,21.613,24444851000.0,28431000.0,50112000.0,1342538000.0,44.914,-422104000.0
11,MGM,MRT,2018-09-30,2018-09-30,2018-09-30,2021-08-06,6234000.0,29973515000.0,29352246750.0,2208024000.0,27765491000.0,0.385,12.657,-1687806000.0,1302677000.0,1302677000.0,6634114000.0,1997127000.0,0.742,2.839,14806746000.0,142774000.0,14663972000.0,14806746000.0,0.0,1114859000.0,0.0,0.017,0.47,1169301000.0,2284160000.0,0.202,2284160000.0,1169301000.0,456985000.0,3.26,3.22,3.26,6773358000.0,7142087750.0,6773358000.0,27393501058.0,23.0,11.993,402162000.0,0.752,1.0,4673725000.0,0.413,5813972000.0,712316000.0,34686022000.0,32814348500.0,104438000.0,666210000.0,0.0,666210000.0,19227336000.0,2977590000.0,16249746000.0,15012848058.0,-684011000.0,-1184227000.0,-1133334000.0,1107078000.0,-259583000.0,-519401000.0,-2252670000.0,0.0,2089968000.0,-1908000.0,1877512000.0,1877512000.0,1877512000.0,0.0,119615000.0,0.166,3459804000.0,1213921000.0,673752000.0,0.144,2.216,7.996,8.561,20733381000.0,0.0,27.91,1.328,1.321,546646000.0,2510103000.0,11307839000.0,11307839000.0,0.0,0.064,0.263,0.036,0.103,67198000.0,2150997000.0,1.0,537902116.0,535130000,540396000.0,21.131,24159543000.0,19552000.0,-1420527000.0,1241036000.0,45.147,-769566000.0
12,MGM,MRT,2018-06-30,2018-06-30,2018-06-30,2021-08-06,-3237000.0,28977160000.0,29134340500.0,2083116000.0,26894044000.0,0.381,12.485,-1852368000.0,1272872000.0,1272872000.0,6444760000.0,2001461000.0,0.68,2.649,13653525000.0,140184000.0,13513341000.0,13653525000.0,0.0,1063987000.0,0.0,0.016,0.46,1228164000.0,2292151000.0,0.206,2292151000.0,1228164000.0,558134000.0,3.26,3.22,3.26,6847142000.0,7025884000.0,6847142000.0,28046091454.0,23.0,12.236,508068000.0,0.926,1.0,4663952000.0,0.42,5577804000.0,670030000.0,32715216000.0,32208547750.0,109130000.0,882940000.0,0.0,882940000.0,18137219000.0,3064793000.0,15072426000.0,16163500454.0,-484190000.0,-314457000.0,-1284764000.0,224990000.0,-258919000.0,-1173984000.0,-1667247000.0,0.0,2360436000.0,-3395000.0,1882997000.0,1882997000.0,1882997000.0,0.0,118464000.0,0.17,3370525000.0,1293427000.0,687085000.0,0.141,2.361,8.584,8.905,19863078000.0,0.0,29.03,1.455,1.433,497350000.0,2431186000.0,11108712000.0,11108712000.0,0.0,0.065,0.268,0.038,0.111,65440000.0,2080020000.0,1.0,556786099.0,548433000,554339000.0,20.255,23399356000.0,23124000.0,-1324863000.0,1226397000.0,42.666,-981677000.0
13,MGM,MRT,2018-03-31,2018-03-31,2018-03-31,2021-08-06,-7480000.0,29298270000.0,29025783250.0,2392713000.0,26905557000.0,0.376,13.05,-1825868000.0,1525402000.0,1525402000.0,6295962000.0,2101911000.0,0.667,2.428,13407993000.0,665132000.0,12742861000.0,13407993000.0,0.0,1012533000.0,0.0,0.013,0.45,1356766000.0,2369299000.0,0.217,2369299000.0,1356766000.0,694171000.0,3.41,3.37,3.41,7370790000.0,6941950500.0,7370790000.0,31379071259.0,23.0,13.244,552772000.0,0.979,1.0,4606188000.0,0.423,5619955000.0,662595000.0,31974018000.0,31947688500.0,107309000.0,1050795000.0,0.0,1050795000.0,17897899000.0,3586888000.0,14311011000.0,19834187259.0,129958000.0,-15730000.0,-689900000.0,123006000.0,-256831000.0,-696294000.0,-1547020000.0,0.0,2378640000.0,-5368000.0,1969084000.0,1969084000.0,1969084000.0,0.0,132827000.0,0.181,3168637000.0,1437551000.0,688330000.0,0.132,2.691,10.073,10.27,19711829000.0,0.0,35.02,1.819,1.814,505591000.0,2372744000.0,10902150000.0,10902150000.0,0.0,0.068,0.284,0.042,0.124,62644000.0,1971926000.0,1.0,566367426.0,564832000,571970000.0,19.302,23678315000.0,41653000.0,-1274913000.0,1206591000.0,41.921,-1194175000.0
14,MGM,MRT,2017-12-31,2017-12-31,2017-12-31,2021-08-06,-3610000.0,29160042000.0,28776988750.0,2376355000.0,26783687000.0,0.375,13.241,-1863364000.0,1499995000.0,1499995000.0,6193122000.0,2088184000.0,0.757,2.316,13044879000.0,293827000.0,12751052000.0,13044879000.0,0.0,993480000.0,0.0,0.013,0.44,1493403000.0,2486883000.0,0.23,2486883000.0,1493403000.0,824658000.0,3.38,3.34,3.38,7577061000.0,6693376750.0,7577061000.0,30531620001.0,20.0,12.277,343047000.0,0.599,1.0,4604357000.0,0.426,5684491000.0,668745000.0,31882138000.0,31990780500.0,102292000.0,1033297000.0,0.0,1033297000.0,17548918000.0,3138297000.0,14410621000.0,18903356001.0,53414000.0,-16727000.0,-327500000.0,-147645000.0,-252014000.0,-568778000.0,-1580592000.0,0.0,2206411000.0,-3627000.0,1952052000.0,1952052000.0,1952052000.0,0.0,136132000.0,0.181,3038052000.0,1566305000.0,729835000.0,0.13,2.495,9.684,9.879,19635459000.0,0.0,33.39,1.751,1.77,542273000.0,2217299000.0,10797479000.0,10797479000.0,0.0,0.068,0.292,0.047,0.138,62494000.0,1916447000.0,1.0,566138245.0,572253000,578795000.0,18.868,23475551000.0,42551000.0,-1127394000.0,1295375000.0,41.023,-761942000.0
15,MGM,MRT,2017-09-30,2017-09-30,2017-09-30,2021-08-06,-9840000.0,29101890000.0,28530303500.0,2794536000.0,26307354000.0,0.355,11.0,-2070418000.0,1986688000.0,1986688000.0,6132078000.0,738081000.0,1.021,2.976,13614952000.0,588025000.0,13026927000.0,13614952000.0,0.0,977175000.0,0.0,0.01,0.33,1548842000.0,2526017000.0,0.25,2526017000.0,1548842000.0,875734000.0,1.02,1.02,1.02,6308543000.0,6354156500.0,6308543000.0,30333746592.0,20.0,12.009,-73542000.0,-0.128,1.0,3986986000.0,0.394,5731575000.0,673108000.0,32262819000.0,31939020250.0,101242000.0,1007584000.0,0.0,1007584000.0,18777150000.0,2735760000.0,16041390000.0,18745512592.0,540530000.0,282594000.0,-327500000.0,647759000.0,-189726000.0,359730000.0,-1813049000.0,0.0,1996876000.0,-3027000.0,588276000.0,588276000.0,588276000.0,0.0,149805000.0,0.058,2933108000.0,1053878000.0,480690000.0,0.324,2.971,31.865,31.951,19134748000.0,0.0,32.59,1.852,1.847,515423000.0,922657000.0,10119064000.0,10119064000.0,0.0,0.021,0.093,0.048,0.153,62916000.0,1834752000.0,1.0,575192163.0,573527000,580676000.0,17.644,23370315000.0,0.0,287458000.0,2674877000.0,40.748,58776000.0
16,MGM,MRT,2017-06-30,2017-06-30,2017-06-30,2021-08-06,-9148000.0,28542931000.0,28181152500.0,2485131000.0,26057800000.0,0.355,11.326,-2161934000.0,1757062000.0,1757062000.0,5959525000.0,1123597000.0,0.927,2.812,13345296000.0,620028000.0,12725268000.0,13345296000.0,0.0,937312000.0,0.0,0.007,0.22,1781154000.0,2718466000.0,0.271,2718466000.0,1781154000.0,1103285000.0,1.7,1.69,1.7,6511408000.0,6324728500.0,6511408000.0,29799440454.0,17.0,10.962,-302482000.0,-0.526,1.0,4056849000.0,0.405,5779818000.0,677869000.0,31671779000.0,31642867000.0,103119000.0,980885000.0,0.0,980885000.0,18311934000.0,2679568000.0,15632366000.0,17983598454.0,-746193000.0,-252634000.0,0.0,202666000.0,-126429000.0,-166167000.0,-2436756000.0,0.0,1859452000.0,-2722000.0,975532000.0,975532000.0,975532000.0,0.0,148065000.0,0.097,2565337000.0,1491512000.0,460468000.0,0.129,2.762,18.435,18.406,18896912000.0,0.0,31.29,1.795,1.796,469126000.0,836840000.0,10016374000.0,10016374000.0,0.0,0.035,0.154,0.056,0.178,61529000.0,1803955000.0,1.0,574739484.0,574931000,582056000.0,17.422,22763113000.0,7362000.0,127753000.0,2560127000.0,39.593,-194437000.0
17,MGM,MRT,2017-03-31,2017-03-31,2017-03-31,2021-08-06,7217000.0,28303092000.0,27682683500.0,2172718000.0,26130374000.0,0.354,11.101,-2287152000.0,1395444000.0,1395444000.0,5751878000.0,1397222000.0,1.023,2.848,13211286000.0,112096000.0,13099190000.0,13211286000.0,0.0,899457000.0,0.0,0.004,0.11,1986757000.0,2886214000.0,0.294,2886214000.0,1986757000.0,1302594000.0,2.18,2.16,2.18,6376495000.0,6080021500.0,6376495000.0,27433076297.0,14.0,9.505,-572341000.0,-0.996,1.0,4060637000.0,0.414,5847784000.0,684163000.0,32146386000.0,31012869750.0,100502000.0,1252432000.0,0.0,1252432000.0,18162375000.0,2124764000.0,16037611000.0,15733034297.0,-269461000.0,-9553000.0,0.0,-545390000.0,-63182000.0,328926000.0,-2312129000.0,0.0,1714811000.0,-1069000.0,1240021000.0,1240021000.0,1240021000.0,0.0,157201000.0,0.126,2528866000.0,1531771000.0,419696000.0,0.05,2.467,12.688,12.569,18619666000.0,0.0,27.4,1.603,1.604,493765000.0,689476000.0,9812515000.0,9812515000.0,0.0,0.045,0.204,0.064,0.202,59399000.0,1773368000.0,1.0,574198332.0,574403000,580165000.0,17.083,22455308000.0,0.0,62573000.0,2619094000.0,39.093,47954000.0
18,MGM,MRT,2016-12-31,2016-12-31,2016-12-31,2021-08-06,15053000.0,28173301000.0,26981233000.0,2229587000.0,25943714000.0,0.351,10.948,-2258529000.0,1446581000.0,1446581000.0,5521221000.0,1235846000.0,0.972,2.927,13146623000.0,167403000.0,12979220000.0,13146623000.0,0.0,849527000.0,0.0,0.0,0.0,1816924000.0,2666451000.0,0.281,2666451000.0,1816924000.0,1122151000.0,1.94,1.92,1.94,6220180000.0,5785872500.0,6220180000.0,27986401480.0,15.0,10.496,-724557000.0,-1.275,1.0,3957048000.0,0.417,5904825000.0,694773000.0,31675097000.0,30293776750.0,97733000.0,1220443000.0,0.0,1220443000.0,18203989000.0,2293421000.0,15910568000.0,16530162480.0,-223731000.0,-5979000.0,0.0,-440203000.0,0.0,519422000.0,-2276204000.0,0.0,1533972000.0,-921000.0,1100408000.0,1100408000.0,1100408000.0,0.0,135438000.0,0.116,2407136000.0,1549912000.0,520838000.0,0.0,2.658,15.022,14.861,18425023000.0,0.0,28.83,1.744,1.728,542924000.0,545811000.0,9478269000.0,9478269000.0,0.0,0.041,0.19,0.06,0.192,55487000.0,1691239000.0,1.0,573366718.0,568134000,573317000.0,16.683,22268476000.0,0.0,21743000.0,2561882000.0,39.196,-63834000.0
19,MGM,MRT,2016-09-30,2016-09-30,2016-09-30,2021-08-06,12801000.0,27705286000.0,26241702250.0,2214348000.0,25490938000.0,0.379,10.897,-2045570000.0,1446158000.0,1446158000.0,5359760000.0,-306541000.0,1.039,2.873,12902397000.0,115977000.0,12786420000.0,12902397000.0,0.0,816639000.0,0.0,0.0,0.0,1069448000.0,1886087000.0,0.19,1886087000.0,1069448000.0,350088000.0,0.46,0.45,0.46,6190831000.0,5510809250.0,6190831000.0,24745048641.0,23.0,13.12,-729266000.0,-1.284,1.0,4574848000.0,0.46,5952684000.0,719360000.0,31078206000.0,29518511000.0,97400000.0,1196543000.0,0.0,1196543000.0,17787827000.0,2130635000.0,15657192000.0,14722938641.0,-369780000.0,75140000.0,0.0,-638657000.0,0.0,297844000.0,-1982774000.0,0.0,1316304000.0,-1154000.0,295317000.0,295317000.0,295317000.0,0.0,-601858000.0,0.03,3761726000.0,813122000.0,539459000.0,0.0,2.378,49.855,56.587,17948045000.0,0.0,26.03,1.482,1.489,492426000.0,521142000.0,9934608000.0,9934608000.0,0.0,0.011,0.054,0.036,0.108,51125000.0,1640035000.0,1.0,565614239.0,568125000,,17.487,21752602000.0,478000.0,54771000.0,2543815000.0,38.288,83713000.0
20,MGM,MRT,2016-06-30,2016-06-30,2016-06-30,2021-08-06,10809000.0,26549055000.0,25985447250.0,3193787000.0,23355268000.0,0.372,9.784,-1833917000.0,2503255000.0,2503255000.0,5332141000.0,-773066000.0,1.665,3.077,12525365000.0,160445000.0,12364920000.0,12525365000.0,0.0,811644000.0,0.0,0.0,0.0,652489000.0,1464133000.0,0.151,1464133000.0,652489000.0,-90604000.0,-0.36,-0.36,-0.36,5532580000.0,5438412500.0,5532580000.0,24196915430.0,37.0,16.526,-662461000.0,-1.172,1.0,4339173000.0,0.449,5501596000.0,743093000.0,29151790000.0,28942049000.0,97800000.0,1364163000.0,0.0,1364163000.0,17022172000.0,1917779000.0,15104393000.0,12789429430.0,160915000.0,594385000.0,0.0,-1001418000.0,0.0,40906000.0,-1050405000.0,200205000.0,1171456000.0,-1042000.0,-173877000.0,-173877000.0,-173877000.0,0.0,-599189000.0,-0.018,3995197000.0,343976000.0,495216000.0,0.0,2.312,-73.554,-62.861,16102856000.0,0.0,22.63,1.322,1.323,443903000.0,-14477000.0,9671314000.0,9671314000.0,0.0,-0.007,-0.032,0.023,0.067,46859000.0,1594817000.0,1.0,565153753.0,565459000,,17.103,21047459000.0,11194000.0,83273000.0,2591317000.0,37.222,1276008000.0
21,MGM,MRT,2016-03-31,2016-03-31,2016-03-31,2021-08-06,11622000.0,25497290000.0,26135580250.0,2401644000.0,23095646000.0,0.375,9.202,-1593894000.0,1664905000.0,1664905000.0,5474969000.0,-1161097000.0,1.15,3.391,13072391000.0,386010000.0,12686381000.0,13072391000.0,0.0,813310000.0,0.0,0.0,0.0,286236000.0,1099546000.0,0.112,1099546000.0,286236000.0,-479750000.0,-1.02,-1.02,-1.02,5199899000.0,5512320000.0,5199899000.0,23302976705.0,81.0,21.193,-539867000.0,-0.955,1.0,4329549000.0,0.442,5546451000.0,765986000.0,29270014000.0,28710114000.0,97584000.0,1478501000.0,0.0,1478501000.0,17632280000.0,2088311000.0,15543969000.0,12110621705.0,-534844000.0,256799000.0,0.0,-128636000.0,0.0,-246140000.0,-1341879000.0,0.0,1054027000.0,-852000.0,-550771000.0,-550771000.0,-550771000.0,0.0,-610326000.0,-0.056,3983127000.0,346422000.0,469256000.0,0.0,2.329,-21.988,-21.02,15692731000.0,0.0,21.44,1.235,1.236,452751000.0,-488830000.0,9804518000.0,9804518000.0,0.0,-0.021,-0.1,0.01,0.029,44244000.0,1584917000.0,1.0,564861087.0,565056000,,17.351,19950839000.0,9148000.0,71021000.0,2687946000.0,35.308,313333000.0
22,MGM,MRT,2015-12-31,2015-12-31,2015-12-31,2021-08-06,14022000.0,25215178000.0,26460869500.0,2408749000.0,22806429000.0,0.376,9.431,-1458787000.0,1670312000.0,1670312000.0,5625376000.0,-1039649000.0,1.076,3.408,12862667000.0,494356000.0,12368311000.0,12862667000.0,0.0,819883000.0,0.0,0.0,0.0,343265000.0,1163148000.0,0.117,1163148000.0,343265000.0,-454314000.0,-0.82,-0.82,-0.82,5119927000.0,5280624750.0,5119927000.0,23958536570.0,70.0,20.598,-453708000.0,-0.836,1.0,4316465000.0,0.434,5595548000.0,797579000.0,28574034000.0,28951568750.0,104200000.0,1491497000.0,0.0,1491497000.0,17450751000.0,2237951000.0,15212800000.0,12801933570.0,-47065000.0,97757000.0,0.0,55601000.0,0.0,-257879000.0,-795058000.0,570000000.0,1005079000.0,793000.0,-447720000.0,-447720000.0,-447720000.0,0.0,-591929000.0,-0.045,3978807000.0,337658000.0,432151000.0,0.0,2.5,-28.594,-27.707,15371795000.0,0.0,22.72,1.288,1.241,480559000.0,-555629000.0,9941841000.0,9941841000.0,0.0,-0.017,-0.085,0.012,0.035,42872000.0,1583655000.0,1.0,563465386.0,542873000,542873000.0,18.313,19619630000.0,15993000.0,-6594000.0,2680576000.0,36.14,170798000.0
23,MGM,MRT,2015-09-30,2015-09-30,2015-09-30,2021-08-06,14447000.0,26680266000.0,26805553500.0,2582274000.0,24097992000.0,0.379,10.48,-1247703000.0,1807795000.0,1807795000.0,5812370000.0,146376000.0,1.322,2.955,12964398000.0,143361000.0,12821037000.0,12964398000.0,0.0,822373000.0,0.0,0.0,0.0,1055201000.0,1877574000.0,0.185,1877574000.0,1055201000.0,243010000.0,-0.05,-0.08,-0.05,5901244000.0,5023372250.0,5901244000.0,21409210794.0,20.0,11.403,-402067000.0,-0.714,1.0,4336312000.0,0.427,7111656000.0,812191000.0,28772358000.0,28778577250.0,100533000.0,1536531000.0,0.0,1536531000.0,17440544000.0,1952855000.0,15487689000.0,10389160794.0,501164000.0,-5338000.0,0.0,1292670000.0,0.0,989145000.0,-1335150000.0,0.0,845636000.0,1533000.0,-8529000.0,-8529000.0,-8529000.0,0.0,154905000.0,-0.001,2479760000.0,1856552000.0,356897000.0,0.0,1.761,-1218.098,-369.0,15014642000.0,0.0,18.45,1.024,1.024,470842000.0,225825000.0,10148682000.0,10148682000.0,0.0,0.0,-0.002,0.037,0.104,41337000.0,1580343000.0,1.0,563098146.0,563098146,,18.023,19568610000.0,16054000.0,251539000.0,2586128000.0,34.752,629419000.0
24,MGM,MRT,2015-06-30,2015-06-30,2015-06-30,2021-08-06,13891000.0,27149587000.0,26497608500.0,3267022000.0,23882565000.0,0.391,10.351,-1088336000.0,2542545000.0,2542545000.0,6007528000.0,102023000.0,1.171,3.084,13562595000.0,1067386000.0,12495209000.0,13562595000.0,0.0,820017000.0,0.0,0.0,0.0,1006261000.0,1826278000.0,0.176,1826278000.0,1006261000.0,183016000.0,-0.21,-0.24,-0.21,5828210000.0,4653275250.0,5828210000.0,22816005041.0,23.0,12.493,-314021000.0,-0.558,1.0,4354454000.0,0.42,7154792000.0,823245000.0,28224050000.0,28244612500.0,106914000.0,1491052000.0,0.0,1491052000.0,17972757000.0,2790795000.0,15181962000.0,10275525041.0,977203000.0,-4694000.0,0.0,1836668000.0,0.0,1501456000.0,-1298869000.0,-131139000.0,774315000.0,301000.0,-95224000.0,-95224000.0,-95224000.0,0.0,197247000.0,-0.009,2465334000.0,1889120000.0,377600000.0,0.0,1.763,-107.909,-86.905,14791558000.0,0.0,18.25,0.992,0.992,467960000.0,159400000.0,10361982000.0,10361982000.0,0.0,-0.004,-0.02,0.036,0.097,41600000.0,1574879000.0,1.0,563042468.0,563042468,,18.404,19994795000.0,12947000.0,278240000.0,2608946000.0,35.512,476227000.0
25,MGM,MRT,2015-03-31,2015-03-31,2015-03-31,2021-08-06,13580000.0,26798447000.0,26103287500.0,2956607000.0,23841840000.0,0.404,8.697,-963939000.0,2195535000.0,2195535000.0,6170723000.0,153724000.0,1.56,4.48,14736015000.0,184205000.0,14551810000.0,14736015000.0,0.0,814522000.0,0.0,0.0,0.0,971328000.0,1785850000.0,0.169,1785850000.0,971328000.0,147392000.0,-0.17,-0.19,-0.17,4273118000.0,4310548500.0,4273118000.0,22398959816.0,23.0,12.542,51584000.0,0.105,1.0,4380179000.0,0.415,7207333000.0,823936000.0,30235833000.0,28055202000.0,103286000.0,1661444000.0,0.0,1661444000.0,19145412000.0,1895761000.0,17249651000.0,10332317816.0,1085013000.0,-230198000.0,0.0,1608068000.0,0.0,1261988000.0,-1193284000.0,78168000.0,1015523000.0,786000.0,-82675000.0,-82675000.0,-82675000.0,0.0,236399000.0,-0.008,2469539000.0,1910640000.0,313045000.0,0.0,2.418,-124.975,-123.706,14561951000.0,0.0,21.03,0.979,0.979,461751000.0,61941000.0,10550902000.0,10550902000.0,0.0,-0.003,-0.019,0.035,0.092,39745000.0,1563492000.0,1.0,491313258.0,491313258,,21.475,19591114000.0,7725000.0,230067000.0,2617702000.0,39.875,1060846000.0
26,MGM,MRT,2014-12-31,2014-12-31,2014-12-31,2021-08-06,12991000.0,26593914000.0,25741353000.0,3027160000.0,23566754000.0,0.421,8.33,-864390000.0,2283715000.0,2283715000.0,6368698000.0,127178000.0,0.888,4.636,14241760000.0,1436475000.0,12805285000.0,14241760000.0,0.0,815765000.0,0.0,0.0,0.0,950896000.0,1766661000.0,0.163,1766661000.0,950896000.0,133835000.0,-0.31,-0.31,-0.31,4090917000.0,4328091250.0,4090917000.0,22282711448.0,23.0,12.613,266280000.0,0.542,1.0,4479566000.0,0.413,7261966000.0,817061000.0,27882068000.0,27458088750.0,104011000.0,1559034000.0,0.0,1559034000.0,18965640000.0,3407925000.0,15557715000.0,10500149448.0,-86292000.0,-102908000.0,0.0,700169000.0,0.0,308077000.0,-1524150000.0,-482833000.0,1130670000.0,-889000.0,-149873000.0,-149873000.0,-149873000.0,0.0,277051000.0,-0.014,2453584000.0,2025982000.0,334691000.0,0.0,2.567,-70.06,-68.968,14441542000.0,0.0,21.38,0.968,0.968,473345000.0,-107909000.0,10848264000.0,10848264000.0,0.0,-0.006,-0.035,0.035,0.088,37264000.0,1557560000.0,1.0,491120180.0,491120180,,22.089,19331948000.0,14675000.0,283708000.0,2684002000.0,39.363,-380765000.0
27,MGM,MRT,2014-09-30,2014-09-30,2014-09-30,2021-08-06,8388000.0,25448486000.0,25614027000.0,1991057000.0,23457429000.0,0.428,9.009,-781989000.0,1313427000.0,1313427000.0,6467320000.0,437057000.0,0.591,3.97,13095989000.0,1372334000.0,11723655000.0,13095989000.0,0.0,820585000.0,0.0,0.0,0.0,919686000.0,1740271000.0,0.159,1740271000.0,919686000.0,95067000.0,0.27,0.26,0.27,4420856000.0,4359374750.0,4420856000.0,22928806705.0,25.0,13.175,455516000.0,0.928,1.0,4504558000.0,0.411,7225235000.0,824619000.0,26636499000.0,27560587250.0,99274000.0,1555353000.0,0.0,1555353000.0,17549850000.0,3369314000.0,14180536000.0,11179088705.0,-60629000.0,-74437000.0,0.0,-123415000.0,0.0,-516905000.0,-779838000.0,90265000.0,1237505000.0,-1391000.0,135585000.0,135585000.0,135585000.0,0.0,301472000.0,0.012,2436645000.0,2067913000.0,266696000.0,0.0,2.529,82.451,84.37,14253703000.0,0.0,22.78,1.019,1.019,433853000.0,234354000.0,10971878000.0,10971878000.0,0.0,0.005,0.031,0.033,0.084,34949000.0,1544515000.0,1.0,490741383.0,490741383,,22.358,18223251000.0,0.0,-40518000.0,2360376000.0,37.134,-1378257000.0
28,MGM,MRT,2014-06-30,2014-06-30,2014-06-30,2021-08-06,15235000.0,25572303000.0,25666614250.0,2166315000.0,23405988000.0,0.427,9.085,-671375000.0,1365137000.0,1365137000.0,6454339000.0,419846000.0,0.846,3.955,13114855000.0,508335000.0,12606520000.0,13114855000.0,0.0,829881000.0,0.0,0.0,0.0,899111000.0,1728992000.0,0.158,1728992000.0,899111000.0,68388000.0,0.26,0.25,0.26,4457303000.0,4319750000.0,4457303000.0,24956507231.0,28.0,14.434,712635000.0,1.453,1.0,4493564000.0,0.41,7295297000.0,830723000.0,27466408000.0,27874278750.0,102524000.0,1420924000.0,0.0,1420924000.0,17630775000.0,2560316000.0,15070459000.0,12952234231.0,86464000.0,-67403000.0,0.0,-193443000.0,0.0,-575230000.0,-722084000.0,36211000.0,1384010000.0,-232000.0,133542000.0,133542000.0,133542000.0,0.0,286304000.0,0.012,2447307000.0,2046257000.0,253475000.0,0.0,2.906,96.99,101.538,14113722000.0,0.0,26.4,1.183,1.183,473922000.0,270796000.0,10947903000.0,10947903000.0,0.0,0.005,0.031,0.032,0.082,32377000.0,1532502000.0,1.0,490614933.0,490614933,,22.315,18277006000.0,0.0,-65154000.0,2391337000.0,37.253,-394001000.0
29,MGM,MRT,2014-03-31,2014-03-31,2014-03-31,2021-08-06,12236000.0,25350709000.0,25704072750.0,1970630000.0,23380079000.0,0.422,8.856,-639530000.0,1114736000.0,1114736000.0,6415216000.0,211100000.0,0.913,4.036,13119009000.0,188281000.0,12930728000.0,13119009000.0,0.0,844962000.0,0.0,0.0,0.0,762519000.0,1607481000.0,0.148,1607481000.0,762519000.0,-78768000.0,-0.15,-0.16,-0.15,4343289000.0,4277689500.0,4343289000.0,24514607377.0,32.0,15.25,767057000.0,1.564,1.0,4431807000.0,0.409,7348038000.0,841287000.0,27847380000.0,28043003750.0,101553000.0,1416664000.0,0.0,1416664000.0,17527863000.0,2159564000.0,15368299000.0,12682524377.0,-365901000.0,-54224000.0,0.0,-782738000.0,0.0,-1101874000.0,-670590000.0,42071000.0,1406587000.0,-24000.0,-69424000.0,-69424000.0,-69424000.0,0.0,280524000.0,-0.006,2495861000.0,1935946000.0,220523000.0,0.0,2.92,-182.682,-172.4,14034075000.0,0.0,25.86,1.169,1.169,492535000.0,165252000.0,10847023000.0,10847023000.0,0.0,-0.003,-0.016,0.027,0.07,31904000.0,1517267000.0,1.0,490430177.0,490430177,,22.117,18002671000.0,0.0,-9344000.0,2372513000.0,36.708,-188934000.0
30,MGM,MRT,2013-12-31,2013-12-31,2013-12-31,2021-08-06,12503000.0,26084610000.0,25880864000.0,2719439000.0,23365171000.0,0.408,8.603,-544094000.0,1803669000.0,1803669000.0,6258716000.0,41374000.0,1.228,4.323,13635752000.0,188522000.0,13447230000.0,13635752000.0,0.0,849225000.0,0.0,0.0,0.0,706429000.0,1555654000.0,0.147,1555654000.0,706429000.0,-150918000.0,-0.35,-0.35,-0.35,4216051000.0,4285081500.0,4216051000.0,23369432988.0,33.0,15.022,766354000.0,1.564,1.0,4305477000.0,0.408,7409303000.0,857347000.0,28292062000.0,28340510250.0,107907000.0,1469261000.0,0.0,1469261000.0,18224115000.0,2215328000.0,16008787000.0,11526359988.0,260160000.0,-28843000.0,0.0,-163838000.0,0.0,-489708000.0,-560137000.0,33046000.0,1310448000.0,-443000.0,-171734000.0,-171734000.0,-171734000.0,0.0,213108000.0,-0.016,2482495000.0,1822982000.0,241192000.0,0.0,2.734,-67.118,-67.2,14055212000.0,0.0,23.52,1.091,1.091,488217000.0,41964000.0,10564193000.0,10564193000.0,0.0,-0.007,-0.04,0.025,0.067,32332000.0,1495195000.0,1.0,490066326.0,490066326,,21.557,18675307000.0,80989000.0,20816000.0,2434780000.0,38.108,504111000.0
31,MGM,MRT,2013-09-30,2013-09-30,2013-09-30,2021-08-06,11619000.0,25658835000.0,25930896000.0,2284015000.0,23374820000.0,0.399,8.706,-484843000.0,1375403000.0,1375403000.0,6137621000.0,-1163326000.0,1.057,4.184,13218476000.0,183958000.0,13034518000.0,13218476000.0,0.0,868582000.0,0.0,0.0,0.0,-474417000.0,394165000.0,0.038,394165000.0,-474417000.0,-1403225000.0,-2.74,-2.74,-2.74,4262357000.0,4322455750.0,4262357000.0,22034353195.0,-46.0,55.901,633003000.0,1.293,1.0,4205025000.0,0.407,7449173000.0,928808000.0,27891265000.0,28510219000.0,98330000.0,1416462000.0,0.0,1416462000.0,17831664000.0,2161470000.0,15670194000.0,10007405195.0,-1067756000.0,-40777000.0,0.0,-1365388000.0,0.0,-1691139000.0,-494362000.0,29929000.0,1117846000.0,-101000.0,-1332552000.0,-1332552000.0,-1332552000.0,0.0,169226000.0,-0.129,3111609000.0,1093416000.0,202792000.0,0.0,2.348,-7.51,-7.46,13969293000.0,0.0,20.44,0.968,0.968,411077000.0,95427000.0,10342646000.0,10342646000.0,0.0,-0.051,-0.308,-0.017,-0.046,33362000.0,1509366000.0,1.0,489599080.0,489599080,,21.125,18209662000.0,126396000.0,-70673000.0,2480563000.0,37.193,122545000.0
32,MGM,MRT,2013-06-30,2013-06-30,2013-06-30,2021-08-06,11308000.0,25722137000.0,26474027500.0,2210240000.0,23511897000.0,0.383,8.764,-448758000.0,1278673000.0,1278673000.0,6020098000.0,-1351171000.0,1.053,4.165,13305621000.0,193660000.0,13111961000.0,13305621000.0,0.0,885314000.0,0.0,0.0,0.0,-554588000.0,330726000.0,0.033,330726000.0,-554588000.0,-1550228000.0,-3.06,-3.06,-3.06,4289061000.0,4645184000.0,4289061000.0,19648391139.0,-35.0,59.41,678399000.0,1.386,1.0,4107285000.0,0.406,7509631000.0,995640000.0,28141308000.0,28968157500.0,101110000.0,1408139000.0,0.0,1408139000.0,17864971000.0,2098146000.0,15766825000.0,7233125139.0,-453248000.0,-44062000.0,0.0,-850848000.0,0.0,-1118843000.0,-461677000.0,29902000.0,1127157000.0,115000.0,-1491398000.0,-1491398000.0,-1491398000.0,0.0,140227000.0,-0.147,3089564000.0,1017721000.0,229599000.0,0.0,1.686,-4.85,-4.83,14042309000.0,0.0,14.78,0.714,0.714,440326000.0,127286000.0,10127383000.0,10127383000.0,0.0,-0.056,-0.321,-0.019,-0.055,35319000.0,1494427000.0,1.0,489386004.0,489386004,,20.694,18212506000.0,141516000.0,-58830000.0,2512682000.0,37.215,112094000.0
33,MGM,MRT,2013-03-31,2013-03-31,2013-03-31,2021-08-06,7982000.0,26057874000.0,26859245250.0,2439245000.0,23618629000.0,0.371,8.937,-405780000.0,1480637000.0,1480637000.0,5916477000.0,-1391027000.0,1.304,4.157,13895903000.0,205204000.0,13690699000.0,13895903000.0,0.0,902806000.0,0.0,0.0,0.0,-600428000.0,302378000.0,0.03,302378000.0,-600428000.0,-1657891000.0,-3.17,-3.17,-3.17,4372857000.0,5004365000.0,4372857000.0,18686861598.0,-31.0,61.8,406533000.0,0.831,1.0,4048074000.0,0.406,7564746000.0,1057463000.0,29037406000.0,29290460750.0,105047000.0,1435136000.0,0.0,1435136000.0,18178821000.0,1870988000.0,16307833000.0,6434351598.0,-154255000.0,-48075000.0,0.0,-257062000.0,0.0,-526559000.0,-440092000.0,14937000.0,812313000.0,83000.0,-1543892000.0,-1543892000.0,-1543892000.0,0.0,152865000.0,-0.155,3091216000.0,956858000.0,178435000.0,0.0,1.471,-4.168,-4.148,14117778000.0,0.0,13.15,0.646,0.646,475581000.0,220244000.0,9964551000.0,9964551000.0,0.0,-0.057,-0.309,-0.02,-0.06,37579000.0,1479757000.0,1.0,489304304.0,489304304,,20.365,18493128000.0,119196000.0,-113999000.0,2480728000.0,37.795,568257000.0
34,MGM,MRT,2012-12-31,2012-12-31,2012-12-31,2021-08-06,14303000.0,26284738000.0,27192533750.0,2507092000.0,23777646000.0,0.364,8.924,-422337000.0,1543509000.0,1543509000.0,5921282000.0,-1616912000.0,1.302,4.162,13796019000.0,206736000.0,13589283000.0,13796019000.0,0.0,927697000.0,0.0,0.0,0.0,-768634000.0,159063000.0,0.016,159063000.0,-768634000.0,-1884992000.0,-3.62,-3.62,-3.62,4365548000.0,5380752500.0,4365548000.0,17326269409.0,-23.0,108.927,487014000.0,0.996,1.0,3980387000.0,0.402,7640680000.0,1116358000.0,28970897000.0,29434644500.0,107577000.0,1444547000.0,0.0,1444547000.0,18168722000.0,1925671000.0,16243051000.0,5694301409.0,-322404000.0,-52577000.0,0.0,-574228000.0,0.0,-786959000.0,-446417000.0,29969000.0,909351000.0,1621000.0,-1767691000.0,-1767691000.0,-1767691000.0,0.0,150779000.0,-0.179,3101411000.0,878976000.0,199620000.0,0.0,1.304,-3.221,-3.215,14194652000.0,0.0,11.64,0.575,0.575,443677000.0,213698000.0,9901669000.0,9901669000.0,0.0,-0.065,-0.329,-0.026,-0.078,39560000.0,1474781000.0,1.0,489201152.0,489201152,,20.24,18644058000.0,179431000.0,-117301000.0,2475239000.0,38.111,581421000.0
35,MGM,MRT,2012-09-30,2012-09-30,2012-09-30,2021-08-06,12533000.0,27831361000.0,27562918250.0,3347817000.0,24483544000.0,0.359,11.358,-441093000.0,2443159000.0,2443159000.0,5942378000.0,-447716000.0,1.653,3.343,14075127000.0,249676000.0,13825451000.0,14075127000.0,0.0,938628000.0,0.0,0.0,0.0,235397000.0,1174025000.0,0.119,1174025000.0,235397000.0,-875191000.0,-1.35,-1.32,-1.35,5553270000.0,5811010000.0,5553270000.0,17142572908.0,73.0,14.602,640255000.0,1.309,1.0,3957191000.0,0.4,7714456000.0,1110588000.0,29723019000.0,29663035750.0,107772000.0,1488662000.0,0.0,1488662000.0,18565858000.0,2025854000.0,16540004000.0,5256127908.0,628034000.0,-57718000.0,0.0,225157000.0,0.0,14643000.0,-470596000.0,29974000.0,1081348000.0,2639000.0,-657555000.0,-657555000.0,-657555000.0,0.0,209839000.0,-0.066,2574274000.0,1382917000.0,201150000.0,0.0,0.946,-7.993,-7.963,14765349000.0,0.0,10.75,0.531,0.531,412390000.0,1437525000.0,9899569000.0,9899569000.0,0.0,-0.024,-0.113,0.008,0.024,41178000.0,1441924000.0,1.0,488942131.0,488942131,,20.247,20116905000.0,140831000.0,-217636000.0,2528186000.0,41.144,1321963000.0
36,MGM,MRT,2012-06-30,2012-06-30,2012-06-30,2021-08-06,11046000.0,27263008000.0,27568333750.0,2677417000.0,24585591000.0,0.358,11.711,-431852000.0,1731921000.0,1731921000.0,5922447000.0,-399617000.0,1.388,3.118,13618366000.0,393047000.0,13225319000.0,13618366000.0,0.0,959734000.0,0.0,0.0,0.0,212446000.0,1172180000.0,0.119,1172180000.0,212446000.0,-894913000.0,-1.23,-1.2,-1.23,5725785000.0,5984906500.0,5725785000.0,17434536578.0,82.0,14.874,458607000.0,0.938,1.0,3958692000.0,0.401,7789548000.0,1107359000.0,29430521000.0,29654274250.0,113316000.0,1498864000.0,0.0,1498864000.0,17850801000.0,1929384000.0,15921417000.0,5456400578.0,810368000.0,-49702000.0,0.0,595641000.0,0.0,385041000.0,-467411000.0,14951000.0,890459000.0,2279000.0,-600182000.0,-600182000.0,-600182000.0,0.0,200565000.0,-0.061,2636123000.0,1322569000.0,171878000.0,0.0,0.953,-9.091,-9.073,14783177000.0,0.0,11.16,0.552,0.552,478588000.0,1618684000.0,9881139000.0,9881139000.0,0.0,-0.022,-0.1,0.007,0.022,41897000.0,1407398000.0,1.0,488924783.0,488924783,,20.21,19473460000.0,122134000.0,-294731000.0,2514176000.0,39.829,748033000.0
37,MGM,MRT,2012-03-31,2012-03-31,2012-03-31,2021-08-06,6837000.0,27391028000.0,27556629250.0,2593677000.0,24797351000.0,0.339,12.025,-380174000.0,1634892000.0,1634892000.0,5576807000.0,3121508000.0,1.371,3.045,13613028000.0,253075000.0,13359953000.0,13613028000.0,0.0,901558000.0,0.0,0.0,0.0,3766914000.0,4668472000.0,0.5,4668472000.0,3766914000.0,2665654000.0,6.11,5.32,6.11,5878407000.0,6144923000.0,5878407000.0,18465851368.0,5.0,3.955,562668000.0,1.151,1.0,3766586000.0,0.403,7862636000.0,1101260000.0,29614141000.0,29652651000.0,110674000.0,1589915000.0,0.0,1589915000.0,17899793000.0,1892387000.0,16007406000.0,6658175368.0,1203617000.0,345274000.0,0.0,484751000.0,0.0,280130000.0,-20716000.0,14864000.0,942842000.0,1361000.0,2987255000.0,2987255000.0,2987255000.0,0.0,134253000.0,0.32,2477644000.0,1288942000.0,163626000.0,0.0,1.133,2.229,2.229,14786820000.0,0.0,13.62,0.713,0.713,477484000.0,1764136000.0,9343393000.0,9343393000.0,0.0,0.108,0.486,0.127,0.403,41101000.0,1396978000.0,1.0,488852817.0,488852817,,19.113,19528392000.0,99935000.0,-321601000.0,2533604000.0,39.947,701290000.0
38,MGM,MRT,2011-12-31,2011-12-31,2011-12-31,2021-08-06,5978000.0,27766276000.0,25398959500.0,2812720000.0,24953556000.0,0.336,12.451,-300896000.0,1865913000.0,1865913000.0,5026361000.0,3234944000.0,1.612,2.938,13673589000.0,203422000.0,13470167000.0,13673589000.0,0.0,817146000.0,0.0,0.0,0.0,3798156000.0,4615302000.0,0.541,4615302000.0,3798156000.0,2711324000.0,6.37,5.62,6.37,6086578000.0,5405111750.0,6086578000.0,16974844194.0,4.0,3.678,374230000.0,0.766,1.0,3506374000.0,0.411,7944726000.0,1086832000.0,29884462000.0,29510850250.0,112735000.0,1635572000.0,0.0,1635572000.0,17884054000.0,1744764000.0,16139290000.0,5098507194.0,1366949000.0,280410000.0,0.0,718447000.0,0.0,711922000.0,-21312000.0,-183000.0,675126000.0,1213000.0,3114637000.0,3114637000.0,3114637000.0,0.0,120307000.0,0.365,2352904000.0,1153470000.0,170994000.0,0.0,0.838,1.637,1.637,14866644000.0,0.0,10.43,0.598,0.598,491730000.0,1981389000.0,8532735000.0,8532735000.0,0.0,0.123,0.576,0.129,0.445,39707000.0,1357476000.0,1.0,488830987.0,488830987,,17.455,19821550000.0,91060000.0,-403313000.0,2509707000.0,40.549,1067956000.0
39,MGM,MRT,2011-09-30,2011-09-30,2011-09-30,2021-08-06,-3276000.0,27853023000.0,23195352500.0,2721807000.0,25131216000.0,0.331,12.788,-184349000.0,1815125000.0,1815125000.0,4457291000.0,3115056000.0,1.351,2.866,13691462000.0,592388000.0,13099074000.0,13691462000.0,0.0,726050000.0,0.0,0.0,0.0,3916634000.0,4642684000.0,0.604,4642684000.0,3916634000.0,2830857000.0,6.36,5.54,6.36,6248856000.0,4616507750.0,6248856000.0,16448920522.0,4.0,3.543,420307000.0,0.86,1.0,3222956000.0,0.42,8026040000.0,1085777000.0,29687973000.0,29301313500.0,104279000.0,1659719000.0,0.0,1659719000.0,17911417000.0,2015347000.0,15896070000.0,4539436522.0,1262368000.0,292533000.0,588456000.0,114398000.0,0.0,697325000.0,-39280000.0,-146922000.0,604656000.0,-333000.0,3089139000.0,3089139000.0,3089139000.0,0.0,25917000.0,0.402,2116374000.0,1106582000.0,158477000.0,0.0,0.726,1.469,1.461,14868394000.0,0.0,9.29,0.591,0.591,463407000.0,2161463000.0,7680247000.0,7680247000.0,0.0,0.133,0.669,0.134,0.51,37493000.0,1309804000.0,1.0,488636870.0,488636870,,15.718,19826983000.0,79458000.0,-258282000.0,2606057000.0,40.576,706460000.0
40,MGM,MRT,2011-06-30,2011-06-30,2011-06-30,2021-08-06,-1520000.0,27216190000.0,21016189750.0,1793280000.0,25422910000.0,0.333,13.029,-136072000.0,921553000.0,921553000.0,3980350000.0,2903640000.0,1.131,2.697,12831037000.0,200746000.0,12630291000.0,12831037000.0,0.0,635387000.0,0.0,0.0,0.0,3621770000.0,4257157000.0,0.609,4257157000.0,3621770000.0,2523396000.0,5.89,5.07,5.89,6365851000.0,3689386500.0,6365851000.0,18342284132.0,5.0,4.309,315021000.0,0.645,1.0,3008524000.0,0.43,8116621000.0,1098374000.0,29424028000.0,29299887000.0,105318000.0,1690136000.0,0.0,1690136000.0,17170916000.0,1585025000.0,15585891000.0,6454276132.0,-91655000.0,191255000.0,588456000.0,-1129437000.0,0.0,-543754000.0,1253000.0,-36708000.0,451093000.0,-247000.0,2894934000.0,2894934000.0,2894934000.0,0.0,8706000.0,0.414,2246184000.0,762340000.0,179703000.0,0.0,1.014,2.23,2.243,15017905000.0,0.0,13.21,0.924,0.924,370075000.0,2285249000.0,6988874000.0,6988874000.0,0.0,0.138,0.785,0.124,0.518,36037000.0,1285403000.0,1.0,488590169.0,488590169,,14.304,19099569000.0,151044000.0,-371538000.0,2738360000.0,39.091,208255000.0
41,MGM,MRT,2011-03-31,2011-03-31,2011-03-31,2021-08-06,2261000.0,18760349000.0,19209029000.0,1366411000.0,17393938000.0,0.35,5.975,-110407000.0,431275000.0,431275000.0,3813755000.0,-1430527000.0,1.165,5.427,12319283000.0,238175000.0,12081108000.0,12319283000.0,0.0,622686000.0,0.0,0.0,0.0,-1084067000.0,-461381000.0,-0.069,-461381000.0,-1084067000.0,-2203386000.0,-3.15,-3.15,-3.15,2919162000.0,2810213250.0,2919162000.0,18184799182.0,-17.0,-39.414,462494000.0,0.947,1.0,2913059000.0,0.433,428979000.0,1119319000.0,29046938000.0,29598353250.0,95097000.0,1941786000.0,0.0,1941786000.0,15841187000.0,1172440000.0,14668747000.0,6424151182.0,-9312000.0,-231605000.0,588456000.0,-705711000.0,0.0,-201831000.0,-380382000.0,-36618000.0,572901000.0,0.0,-1430527000.0,-1430527000.0,-1430527000.0,0.0,0.0,-0.213,3332474000.0,-419415000.0,138533000.0,0.0,2.201,-4.491,-4.175,14426622000.0,0.0,13.15,0.955,0.955,317974000.0,-1156736000.0,6726814000.0,6726814000.0,0.0,-0.074,-0.509,-0.037,-0.161,34643000.0,1258159000.0,1.0,488528607.0,488528607,,13.77,18331370000.0,258018000.0,-772859000.0,2371875000.0,37.524,193971000.0
42,MGM,MRT,2010-12-31,2010-12-31,2010-12-31,2021-08-06,-301000.0,18951848000.0,19771417500.0,1455645000.0,17496203000.0,0.338,6.079,-129890000.0,498964000.0,498964000.0,3794310000.0,-1437397000.0,1.168,5.463,12259612000.0,211914000.0,12047698000.0,12259612000.0,0.0,633423000.0,0.0,0.0,0.0,-1102445000.0,-469022000.0,-0.07,-469022000.0,-1102445000.0,-2216025000.0,-3.19,-3.19,-3.19,2932162000.0,3025607250.0,2932162000.0,19457387090.0,-18.0,-41.485,374124000.0,0.776,1.0,2895219000.0,0.433,419960000.0,1113580000.0,29046315000.0,30304483000.0,96392000.0,1923155000.0,0.0,1923155000.0,16019686000.0,1246221000.0,14773465000.0,7163187090.0,-1557243000.0,-417942000.0,588456000.0,-1979541000.0,0.0,-1475178000.0,-586079000.0,-36577000.0,504014000.0,0.0,-1437397000.0,-1437397000.0,-1437397000.0,0.0,0.0,-0.215,3342188000.0,-446969000.0,167084000.0,0.0,2.443,-4.983,-4.655,14554350000.0,0.0,14.85,1.071,1.071,321894000.0,-1133248000.0,6689529000.0,6689529000.0,0.0,-0.073,-0.475,-0.036,-0.165,34988000.0,1253044000.0,1.0,482369501.0,482369501,,13.868,18531888000.0,286074000.0,-778628000.0,2526519000.0,38.418,209424000.0
43,MGM,MRT,2010-09-30,2010-09-30,2010-09-30,2021-08-06,-1619000.0,19136372000.0,20663008000.0,1288801000.0,17847571000.0,0.324,5.756,-135807000.0,552757000.0,552757000.0,3784088000.0,-1732126000.0,0.977,6.533,12846957000.0,223106000.0,12623851000.0,12846957000.0,0.0,654153000.0,0.0,0.0,0.0,-1689233000.0,-1035080000.0,-0.154,-1035080000.0,-1689233000.0,-2750325000.0,-3.95,-3.95,-3.95,2540371000.0,3260174750.0,2540371000.0,17232934899.0,-10.0,-16.649,314189000.0,0.712,1.0,2920834000.0,0.436,429348000.0,1061092000.0,29682267000.0,31020407750.0,93479000.0,2115760000.0,0.0,2115760000.0,16596001000.0,1318957000.0,15277044000.0,4978056899.0,-344233000.0,-449618000.0,681000.0,-234310000.0,0.0,-317338000.0,-476891000.0,110176000.0,449996000.0,0.0,-1732126000.0,-1732126000.0,-1732126000.0,0.0,0.0,-0.258,3944194000.0,-1023360000.0,153049000.0,0.0,1.96,-2.874,-2.856,14697192000.0,0.0,11.28,0.742,0.742,324206000.0,-927676000.0,6704922000.0,6704922000.0,0.0,-0.084,-0.531,-0.054,-0.252,35651000.0,1257496000.0,1.0,441317101.0,441317101,,15.193,18707024000.0,202862000.0,-1018199000.0,2400984000.0,42.389,-30156000.0
44,MGM,MRT,2010-06-30,2010-06-30,2010-06-30,2021-08-06,-2770000.0,19987547000.0,21310545250.0,1791956000.0,18195591000.0,0.314,6.457,-100194000.0,1013208000.0,1013208000.0,3707544000.0,-2164523000.0,1.5,6.015,13268086000.0,221447000.0,13046639000.0,13268086000.0,0.0,665947000.0,0.0,0.0,0.0,-2439794000.0,-1773847000.0,-0.265,-1773847000.0,-2439794000.0,-3397646000.0,-4.93,-4.93,-4.93,2849158000.0,3698867750.0,2849158000.0,16711151601.0,-7.0,-9.421,449535000.0,1.019,1.0,2974349000.0,0.445,429545000.0,957852000.0,30617893000.0,31689136250.0,96805000.0,2118498000.0,0.0,2118498000.0,17138389000.0,1194987000.0,15943402000.0,4253881601.0,601852000.0,-507954000.0,49000.0,729600000.0,0.0,646268000.0,-594145000.0,0.0,549729000.0,0.0,-2164523000.0,-2164523000.0,-2164523000.0,0.0,0.0,-0.324,4610066000.0,-1635717000.0,117463000.0,0.0,1.493,-1.965,-1.955,14814594000.0,0.0,9.64,0.637,0.637,363031000.0,-609685000.0,6681893000.0,6681893000.0,0.0,-0.102,-0.585,-0.077,-0.365,36372000.0,1257019000.0,1.0,441274025.0,441274025,,15.142,19558002000.0,229375000.0,-1233123000.0,2653470000.0,44.322,596969000.0
45,MGM,MRT,2010-03-31,2010-03-31,2010-03-31,2021-08-06,-2007000.0,21009903000.0,21916139750.0,1780750000.0,19229153000.0,0.303,8.568,-109994000.0,440587000.0,440587000.0,3607113000.0,-1493622000.0,1.527,4.557,12897857000.0,203186000.0,12694671000.0,12897857000.0,0.0,675549000.0,0.0,0.0,0.0,-1477092000.0,-801543000.0,-0.121,-801543000.0,-1477092000.0,-2345062000.0,-3.53,-3.53,-3.53,3780738000.0,4247810750.0,3780738000.0,17500861900.0,-12.0,-21.834,298748000.0,0.677,1.0,3023110000.0,0.456,429886000.0,867970000.0,31871457000.0,32257819250.0,96367000.0,3492021000.0,0.0,3492021000.0,17229165000.0,1165830000.0,16063335000.0,5294850900.0,-924994000.0,-585416000.0,1103786000.0,-1743602000.0,0.0,-641022000.0,-692714000.0,0.0,408742000.0,0.0,-1493622000.0,-1493622000.0,-1493622000.0,0.0,0.0,-0.225,3507776000.0,-484666000.0,127697000.0,0.0,1.4,-3.545,-3.399,14955546000.0,0.0,12.0,0.799,0.799,563101000.0,273791000.0,6630223000.0,6630223000.0,0.0,-0.068,-0.352,-0.046,-0.223,37392000.0,1259288000.0,1.0,441237575.0,441237575,,15.026,20580017000.0,562116000.0,-851440000.0,3115419000.0,46.642,614920000.0
46,MGM,MRT,2009-12-31,2009-12-31,2009-12-31,2021-08-06,-1937000.0,22518210000.0,22624076250.0,3053501000.0,19464709000.0,0.295,8.772,-114559000.0,2056207000.0,2056207000.0,3571305000.0,-1291682000.0,1.281,4.818,14262218000.0,1286181000.0,12976037000.0,14262218000.0,0.0,689273000.0,0.0,0.0,0.0,-1237162000.0,-547889000.0,-0.082,-547889000.0,-1237162000.0,-2012593000.0,-3.41,-3.41,-3.41,3870432000.0,4325167750.0,3870432000.0,16243041126.0,-13.0,-29.647,473355000.0,1.073,1.0,3104976000.0,0.465,430606000.0,775431000.0,31910014000.0,29431124250.0,101809000.0,3611799000.0,0.0,3611799000.0,18647778000.0,2383601000.0,16264177000.0,4023923126.0,1746409000.0,-217419000.0,1104418000.0,385695000.0,0.0,1488750000.0,-330255000.0,0.0,587914000.0,0.0,-1291682000.0,-1291682000.0,-1291682000.0,0.0,0.0,-0.193,3314932000.0,-209956000.0,173719000.0,0.0,1.04,-3.115,-2.674,15069952000.0,0.0,9.12,0.603,0.603,368474000.0,370532000.0,6676281000.0,6676281000.0,0.0,-0.057,-0.299,-0.042,-0.185,36571000.0,1243957000.0,1.0,441219641.0,441219641,,15.131,22087604000.0,423042000.0,-720911000.0,3031303000.0,50.06,669900000.0
47,MGM,MRT,2009-09-30,2009-09-30,2009-09-30,2021-08-06,-1602000.0,21726521000.0,22813202750.0,1624465000.0,20102056000.0,0.299,9.736,-122941000.0,896990000.0,896990000.0,3612731000.0,-2005775000.0,1.404,4.058,13116108000.0,205786000.0,12910322000.0,13116108000.0,0.0,708454000.0,0.0,0.0,0.0,-1701884000.0,-993430000.0,-0.146,-993430000.0,-1701884000.0,-2426148000.0,-6.02,-6.0,-6.02,4295143000.0,4351150000.0,4295143000.0,17458215106.0,-10.0,-17.574,647687000.0,1.468,1.0,3203032000.0,0.47,431329000.0,724264000.0,32357181000.0,29752295000.0,98121000.0,3544425000.0,0.0,3544425000.0,17431378000.0,1157129000.0,16274249000.0,5311502106.0,646903000.0,-574127000.0,1089728000.0,-506800000.0,0.0,594859000.0,-718584000.0,0.0,770628000.0,0.0,-2005775000.0,-2005775000.0,-2005775000.0,0.0,0.0,-0.294,3954781000.0,-751749000.0,143916000.0,0.0,1.237,-2.648,-2.0,15751056000.0,0.0,12.04,0.779,0.779,309281000.0,804450000.0,6815763000.0,6815763000.0,0.0,-0.088,-0.461,-0.057,-0.25,33688000.0,1258588000.0,1.0,441154660.0,441154660,,15.45,21295192000.0,212904000.0,-420373000.0,3142220000.0,48.271,467336000.0
48,MGM,MRT,2009-06-30,2009-06-30,2009-06-30,2021-08-06,-1647000.0,22409925000.0,23229254500.0,1075320000.0,21334605000.0,0.304,18.242,-310039000.0,411356000.0,411356000.0,3716909000.0,-1194109000.0,0.873,3.442,12558069000.0,193230000.0,12364839000.0,12558069000.0,0.0,737905000.0,0.0,0.0,0.0,-485495000.0,252410000.0,0.036,252410000.0,-485495000.0,-1172611000.0,-4.1,-4.08,-4.1,5044930000.0,4563479250.0,5044930000.0,14938151435.0,-31.0,59.182,574609000.0,2.078,1.0,3346118000.0,0.474,432052000.0,687116000.0,32892625000.0,30108350250.0,100401000.0,4600375000.0,0.0,4600375000.0,17364995000.0,1231961000.0,16133034000.0,1767201435.0,131361000.0,-733238000.0,1093039000.0,-790592000.0,0.0,314727000.0,-1068014000.0,0.0,884648000.0,0.0,-1194109000.0,-1194109000.0,-1194109000.0,0.0,0.0,-0.169,3069400000.0,276718000.0,139350000.0,0.0,0.35,-1.48,-1.559,15924679000.0,0.0,6.39,0.25,0.25,287862000.0,1554838000.0,7063027000.0,7063027000.0,0.0,-0.051,-0.262,-0.016,-0.069,33238000.0,1287191000.0,1.0,276557345.0,276557345,,25.539,21977873000.0,192843000.0,21498000.0,3581454000.0,79.469,-156641000.0
49,MGM,MRT,2009-03-31,2009-03-31,2009-03-31,2021-08-06,-55145000.0,23841649000.0,23409551000.0,2090864000.0,21750785000.0,0.319,14.79,-504950000.0,1365581000.0,1365581000.0,3877818000.0,-868433000.0,0.131,4.829,14536531000.0,14532541000.0,3990000.0,14536531000.0,0.0,760755000.0,0.0,0.0,0.0,-47783000.0,712972000.0,0.095,712972000.0,-47783000.0,-678916000.0,-3.09,-3.08,-3.09,4090166000.0,4573825500.0,4090166000.0,14000497614.0,-293.0,19.637,506667000.0,1.832,1.0,3590107000.0,0.481,432794000.0,631133000.0,20564677000.0,30170585500.0,102828000.0,4689120000.0,0.0,4689120000.0,19751483000.0,16015128000.0,3736355000.0,644378614.0,1035130000.0,-946281000.0,-139453000.0,1609983000.0,0.0,1485064000.0,-1461551000.0,0.0,1011617000.0,0.0,-868433000.0,-868433000.0,-868433000.0,0.0,0.0,-0.116,3120240000.0,469867000.0,140117000.0,0.0,0.158,-0.742,-0.754,16067874000.0,0.0,2.33,0.086,0.086,449468000.0,3470321000.0,7467925000.0,7467925000.0,0.0,-0.037,-0.19,-0.002,-0.006,33808000.0,1321000000.0,1.0,276557345.0,276557345,,27.003,23408855000.0,53424000.0,189517000.0,3518159000.0,84.644,-13924264000.0
50,MGM,MRT,2008-12-31,2008-12-31,2008-12-31,2021-08-06,-56901000.0,23274716000.0,23173108500.0,1533030000.0,21741686000.0,0.34,14.374,-695786000.0,295644000.0,295644000.0,4034374000.0,-855286000.0,0.511,4.856,13651763000.0,1235211000.0,12416552000.0,13651763000.0,0.0,778236000.0,0.0,0.0,0.0,-59702000.0,718534000.0,0.091,718534000.0,-59702000.0,-668988000.0,-3.06,-3.06,-3.06,3974361000.0,4825213500.0,3974361000.0,16990487969.0,-285.0,23.646,57246000.0,0.207,1.0,3849821000.0,0.488,433562000.0,609286000.0,33194697000.0,33181319500.0,111505000.0,4642865000.0,0.0,4642865000.0,19300355000.0,3002576000.0,16297779000.0,3804675969.0,-106326000.0,-1279462000.0,-1240856000.0,2341094000.0,0.0,1122082000.0,-1981440000.0,0.0,753032000.0,0.0,-855286000.0,-855286000.0,-855286000.0,0.0,0.0,-0.108,3400267000.0,449554000.0,187796000.0,0.0,0.957,-4.448,-4.497,16289154000.0,0.0,13.76,0.483,0.483,303416000.0,3365122000.0,7884195000.0,7884195000.0,0.0,-0.037,-0.177,-0.002,-0.008,36277000.0,1388223000.0,1.0,276502614.0,276502614,,28.514,22841154000.0,127838000.0,186298000.0,3441198000.0,82.607,-1469546000.0
51,MGM,MRT,2008-09-30,2008-09-30,2008-09-30,2021-08-06,-26517000.0,23390728000.0,23036351000.0,913212000.0,22477516000.0,0.355,18.615,-1075723000.0,250087000.0,250087000.0,4065685000.0,1164936000.0,0.779,3.547,13435899000.0,147593000.0,13288306000.0,13435899000.0,0.0,785427000.0,0.0,0.0,0.0,2399401000.0,3184828000.0,0.389,3184828000.0,2399401000.0,1798687000.0,4.05,3.92,4.05,5144460000.0,5346799000.0,5144460000.0,20797473786.0,9.0,6.53,-277975000.0,-1.006,1.0,4119426000.0,0.503,1622633000.0,600714000.0,33781402000.0,32469723250.0,125423000.0,2536193000.0,0.0,2536193000.0,18246268000.0,1172505000.0,17073763000.0,7876333786.0,-64675000.0,1556096000.0,-664502000.0,-871797000.0,0.0,-1492898000.0,630475000.0,0.0,797748000.0,0.0,1164936000.0,1164936000.0,1164936000.0,182373000.0,0.0,0.142,2175397000.0,1944029000.0,202044000.0,0.0,1.531,6.761,7.037,16889955000.0,0.0,28.5,0.962,0.962,322821000.0,4513133000.0,8185111000.0,8185111000.0,0.0,0.051,0.218,0.074,0.293,40856000.0,1403715000.0,1.0,276362589.0,276362589,,29.617,21768095000.0,97548000.0,633751000.0,3420190000.0,78.766,-259293000.0
52,MGM,MRT,2008-06-30,2008-06-30,2008-06-30,2021-08-06,-9749000.0,23131111000.0,23265471750.0,941821000.0,22189290000.0,0.357,18.246,-1573421000.0,279995000.0,279995000.0,4074005000.0,1287521000.0,0.732,3.548,13201135000.0,190322000.0,13010813000.0,13201135000.0,0.0,756105000.0,0.0,0.0,0.0,2622993000.0,3379098000.0,0.407,3379098000.0,2622993000.0,1986997000.0,4.48,4.32,4.48,5086315000.0,5206122000.0,5086315000.0,22048890635.0,8.0,6.525,-1000640000.0,-3.59,1.0,4228432000.0,0.509,1623424000.0,635996000.0,33141566000.0,32767077250.0,125781000.0,2504529000.0,0.0,2504529000.0,18044796000.0,1287261000.0,16757535000.0,9447324635.0,-17649000.0,2049754000.0,-644053000.0,-540321000.0,0.0,-1113007000.0,522577000.0,-160000000.0,572781000.0,0.0,1287521000.0,1287521000.0,1287521000.0,182373000.0,0.0,0.155,2071248000.0,2157184000.0,221713000.0,0.0,1.857,7.338,7.565,16924342000.0,0.0,33.89,1.138,1.138,366133000.0,4451855000.0,8302437000.0,8302437000.0,0.0,0.055,0.247,0.08,0.316,42698000.0,1430093000.0,1.0,278764374.0,278764374,,29.783,21507687000.0,74189000.0,699476000.0,3375204000.0,77.154,-345440000.0
53,MGM,MRT,2008-03-31,2008-03-31,2008-03-31,2021-08-06,-2666000.0,22895879000.0,23357236750.0,1088555000.0,21807324000.0,0.358,17.341,-2553588000.0,327745000.0,327745000.0,4056106000.0,1534592000.0,0.859,3.493,12929311000.0,152096000.0,12777215000.0,12929311000.0,0.0,726396000.0,0.0,0.0,0.0,2940619000.0,3667015000.0,0.439,3667015000.0,2940619000.0,2266498000.0,5.34,5.14,5.34,5095718000.0,5017316750.0,5095718000.0,28243374264.0,10.0,7.702,-1939754000.0,-6.601,1.0,4297047000.0,0.514,1621909000.0,674121000.0,32607613000.0,32871022000.0,124190000.0,2487363000.0,0.0,2487363000.0,17800161000.0,1267923000.0,16532238000.0,17269307264.0,18315000.0,2788921000.0,-498833000.0,-456708000.0,0.0,-874714000.0,279195000.0,-160000000.0,613834000.0,0.0,1534592000.0,1534592000.0,1534592000.0,5099000.0,0.0,0.184,2074202000.0,2222845000.0,236965000.0,0.0,3.389,11.253,11.006,16845320000.0,0.0,58.77,2.067,2.067,390452000.0,4338754000.0,8353153000.0,8353153000.0,0.0,0.066,0.306,0.089,0.352,43054000.0,1453040000.0,1.0,293845623.0,293845623,,28.427,21273970000.0,56464000.0,731906000.0,3426154000.0,72.398,-179368000.0
54,MGM,MRT,2007-12-31,2007-12-31,2007-12-31,2021-08-06,556000.0,22727686000.0,23272709250.0,1125815000.0,21601871000.0,0.361,20.244,-2869838000.0,416124000.0,416124000.0,4027558000.0,1584419000.0,0.653,2.75,11386457000.0,211228000.0,11175229000.0,11386457000.0,0.0,700334000.0,0.0,0.0,0.0,3050645000.0,3750979000.0,0.447,3750979000.0,3050645000.0,2342302000.0,5.52,5.31,5.52,6060703000.0,4726286750.0,6060703000.0,39153406793.0,13.0,10.438,-1875422000.0,-6.264,1.0,4370110000.0,0.52,1625020000.0,708343000.0,30348312000.0,32821457000.0,126941000.0,2482727000.0,0.0,2482727000.0,16666983000.0,1724687000.0,14942296000.0,25153910793.0,-36820000.0,3016105000.0,463785000.0,-1810516000.0,0.0,-1240537000.0,209301000.0,-160000000.0,994416000.0,0.0,1584419000.0,1584419000.0,1584419000.0,-183874000.0,0.0,0.189,2051971000.0,2318139000.0,297019000.0,0.0,4.15,15.876,15.221,16870898000.0,0.0,84.02,2.995,2.995,412933000.0,4220408000.0,8397668000.0,8397668000.0,0.0,0.068,0.335,0.093,0.363,45678000.0,1445845000.0,1.0,299380038.0,299380038,,28.05,21102666000.0,63453000.0,757883000.0,3700735000.0,70.488,-598872000.0
55,MGM,MRT,2007-09-30,2007-09-30,2007-09-30,2021-08-06,1115000.0,24307211000.0,23127347250.0,1134499000.0,23172712000.0,0.359,16.113,-2989852000.0,311605000.0,311605000.0,3899311000.0,913779000.0,0.665,4.305,14311101000.0,179724000.0,14131377000.0,14311101000.0,0.0,676692000.0,0.0,0.0,0.0,2055565000.0,2732257000.0,0.329,2732257000.0,2055565000.0,1320724000.0,3.22,3.1,3.22,4581752000.0,4173498250.0,4581752000.0,38948187359.0,19.0,14.255,-1836808000.0,-6.46,1.0,4405382000.0,0.53,1630144000.0,734841000.0,34970818000.0,33135647250.0,124562000.0,1107179000.0,0.0,1107179000.0,19725459000.0,1705745000.0,18019714000.0,25431799359.0,-4416000.0,561585000.0,-42849000.0,1172413000.0,0.0,1228093000.0,-2385553000.0,-160000000.0,1153044000.0,0.0,913779000.0,913779000.0,913779000.0,-184880000.0,0.0,0.11,2110478000.0,2294904000.0,558163000.0,0.0,5.551,27.831,27.776,19780851000.0,0.0,89.44,3.062,3.062,378697000.0,3348197000.0,8304693000.0,8304693000.0,0.0,0.04,0.219,0.062,0.248,49832000.0,1531696000.0,1.0,284344805.0,284344805,,29.206,22677067000.0,115757000.0,406945000.0,3373770000.0,79.752,-571246000.0
56,MGM,MRT,2007-06-30,2007-06-30,2007-06-30,2021-08-06,918000.0,23498171000.0,22461694500.0,981930000.0,22516241000.0,0.364,15.269,-2831911000.0,294609000.0,294609000.0,3863078000.0,886178000.0,0.538,4.425,13810997000.0,250212000.0,13560785000.0,13810997000.0,0.0,669448000.0,0.0,0.0,0.0,2010191000.0,2679639000.0,0.327,2679639000.0,2010191000.0,1266015000.0,3.12,3.02,3.12,4331094000.0,3913413000.0,4331094000.0,36516199334.0,18.0,13.627,-1339962000.0,-4.724,1.0,4319223000.0,0.528,1631402000.0,744176000.0,33557345000.0,32197027500.0,125485000.0,1124836000.0,0.0,1124836000.0,19167077000.0,1825812000.0,17341265000.0,23395508334.0,27190000.0,368029000.0,-166495000.0,953708000.0,0.0,858515000.0,-2323274000.0,0.0,1491949000.0,0.0,886178000.0,886178000.0,886178000.0,-187377000.0,0.0,0.108,2101777000.0,2217446000.0,507131000.0,0.0,5.402,26.4,26.436,19100667000.0,0.0,82.48,2.859,2.859,333295000.0,3164334000.0,8182301000.0,8182301000.0,0.0,0.039,0.226,0.062,0.246,56583000.0,1467756000.0,1.0,283650683.0,283650683,,28.846,21866769000.0,69909000.0,379837000.0,3464053000.0,77.09,-843882000.0
57,MGM,MRT,2007-03-31,2007-03-31,2007-03-31,2021-08-06,433000.0,22557769000.0,21855066750.0,1434819000.0,21122950000.0,0.365,13.836,-1991953000.0,313967000.0,313967000.0,3775630000.0,672400000.0,0.878,4.738,13434658000.0,194343000.0,13240315000.0,13434658000.0,0.0,666923000.0,0.0,0.0,0.0,1781940000.0,2448863000.0,0.307,2448863000.0,1781940000.0,1030417000.0,2.36,2.3,2.36,3931598000.0,3696987750.0,3931598000.0,32530078336.0,18.0,13.284,-643496000.0,-2.265,1.0,4197102000.0,0.526,1634155000.0,751523000.0,32409353000.0,31426799750.0,124500000.0,1086189000.0,0.0,1086189000.0,18626171000.0,1634952000.0,16991219000.0,19755196336.0,39640000.0,-71288000.0,-270625000.0,731407000.0,0.0,521282000.0,-1830099000.0,0.0,1348457000.0,0.0,672400000.0,672400000.0,672400000.0,-13156000.0,0.0,0.084,2025357000.0,2171745000.0,453086000.0,0.0,5.025,29.38,29.458,17875276000.0,0.0,69.52,2.478,2.478,373391000.0,2804162000.0,7972732000.0,7972732000.0,0.0,0.031,0.182,0.057,0.224,64048000.0,1389644000.0,1.0,284165655.0,284165655,,28.057,20923614000.0,70405000.0,358017000.0,3416951000.0,73.632,-200133000.0
58,MGM,MRT,2006-12-31,2006-12-31,2006-12-31,2021-08-06,415000.0,22146238000.0,21426651750.0,1514751000.0,20631487000.0,0.364,13.691,-1747420000.0,452944000.0,452944000.0,3715057000.0,648264000.0,0.919,4.753,13227826000.0,232957000.0,12994869000.0,13227826000.0,0.0,653919000.0,0.0,0.0,0.0,1750555000.0,2404474000.0,0.308,2404474000.0,1750555000.0,990194000.0,2.29,2.22,2.29,3849549000.0,3560531750.0,3849549000.0,28933277222.0,17.0,12.033,-515468000.0,-1.833,1.0,4081676000.0,0.524,1667947000.0,760361000.0,31605073000.0,30859991750.0,118459000.0,1092257000.0,0.0,1092257000.0,18296689000.0,1648100000.0,16648589000.0,16125149222.0,99549000.0,-103288000.0,-157779000.0,633967000.0,0.0,510024000.0,-1642427000.0,0.0,1231952000.0,0.0,648264000.0,648264000.0,648264000.0,-12268000.0,0.0,0.083,1956822000.0,2124854000.0,416640000.0,0.0,4.189,24.874,25.044,17430293000.0,0.0,57.35,2.068,2.068,362921000.0,2635989000.0,7796733000.0,7796733000.0,0.0,0.03,0.182,0.057,0.225,73626000.0,1330778000.0,1.0,281170867.0,281170867,,27.73,20478291000.0,86665000.0,341930000.0,3441157000.0,72.832,-133349000.0
59,MGM,MRT,2006-09-30,2006-09-30,2006-09-30,2021-08-06,-27000.0,21644600000.0,21064947250.0,1002533000.0,20642067000.0,0.347,12.501,-1491756000.0,343716000.0,343716000.0,3553389000.0,544492000.0,0.645,5.112,13151844000.0,196022000.0,12955822000.0,13151844000.0,0.0,648161000.0,0.0,0.0,0.0,1571549000.0,2219710000.0,0.304,2219710000.0,1571549000.0,819764000.0,1.92,1.87,1.92,3541411000.0,3406912500.0,3541411000.0,23733305791.0,15.0,10.692,-330832000.0,-1.168,1.0,3751999000.0,0.514,1682233000.0,751785000.0,31216339000.0,30378787500.0,117335000.0,1082664000.0,0.0,1082664000.0,18103189000.0,1554156000.0,16549033000.0,11187201791.0,78274000.0,-85905000.0,-332627000.0,700762000.0,0.0,375007000.0,-1457657000.0,0.0,1160924000.0,0.0,544492000.0,544492000.0,544492000.0,-17715000.0,0.0,0.075,1803613000.0,1948386000.0,439782000.0,0.0,3.159,20.546,20.568,17355926000.0,0.0,39.49,1.531,1.531,343491000.0,2434418000.0,7305388000.0,7305388000.0,0.0,0.026,0.16,0.052,0.215,69237000.0,1128845000.0,1.0,283292018.0,283292018,,25.787,19962367000.0,63693000.0,275272000.0,3403097000.0,70.466,-551623000.0
60,MGM,MRT,2006-06-30,2006-06-30,2006-06-30,2021-08-06,-313000.0,21071660000.0,20741288000.0,905861000.0,20165799000.0,0.353,12.136,-1132225000.0,294992000.0,294992000.0,3594035000.0,481440000.0,0.622,5.081,12841096000.0,236951000.0,12604145000.0,12841096000.0,0.0,646191000.0,0.0,0.0,0.0,1493996000.0,2140187000.0,0.292,2140187000.0,1493996000.0,738429000.0,1.7,1.64,1.7,3465393000.0,3332854000.0,3465393000.0,24031323058.0,16.0,11.229,-150303000.0,-0.526,1.0,3733102000.0,0.509,1684812000.0,755567000.0,30476434000.0,29965797000.0,118144000.0,1053474000.0,0.0,1053474000.0,17606267000.0,1456518000.0,16149749000.0,11650090058.0,-11503000.0,-62560000.0,-282081000.0,349002000.0,0.0,72480000.0,-1065905000.0,0.0,981922000.0,0.0,481440000.0,481440000.0,481440000.0,-15218000.0,0.0,0.066,1838434000.0,1894668000.0,366812000.0,0.0,3.362,24.198,24.0,16917534000.0,0.0,40.8,1.59,1.59,312932000.0,2278156000.0,7327137000.0,7327137000.0,0.0,0.023,0.144,0.05,0.204,77592000.0,1135950000.0,1.0,285541423.0,285541423,,25.661,19386848000.0,64875000.0,256989000.0,3354190000.0,67.895,-550657000.0
61,MGM,MRT,2006-03-31,2006-03-31,2006-03-31,2021-08-06,-701000.0,20844109000.0,20600026750.0,911269000.0,19932840000.0,0.354,11.89,-889240000.0,297034000.0,297034000.0,3605080000.0,476214000.0,0.653,5.156,12678267000.0,173515000.0,12504752000.0,12678267000.0,0.0,632880000.0,0.0,0.0,0.0,1453072000.0,2085952000.0,0.286,2085952000.0,1453072000.0,720933000.0,1.68,1.62,1.68,3385774000.0,3260509250.0,3385774000.0,24477699701.0,17.0,11.735,266148000.0,0.935,1.0,3685272000.0,0.505,1688774000.0,732139000.0,30142121000.0,29719405750.0,117451000.0,964800000.0,0.0,964800000.0,17458335000.0,1394447000.0,16063888000.0,12270255701.0,-98712000.0,-4635990000.0,-184239000.0,4445932000.0,0.0,4256336000.0,-5510436000.0,0.0,1155388000.0,0.0,476214000.0,476214000.0,476214000.0,-12165000.0,0.0,0.065,1796134000.0,1889138000.0,295578000.0,0.0,3.624,25.766,25.649,16689693000.0,0.0,43.09,1.683,1.683,314148000.0,2131762000.0,7290352000.0,7290352000.0,0.0,0.023,0.146,0.049,0.199,72466000.0,1122047000.0,1.0,284758777.0,284758777,,25.602,19155335000.0,66254000.0,244719000.0,3424160000.0,67.269,-483178000.0
62,MGM,MRT,2005-12-31,2005-12-31,2005-12-31,2021-08-06,-801000.0,20699420000.0,18171824000.0,1018583000.0,19680837000.0,0.368,11.365,-711318000.0,377933000.0,377933000.0,3316870000.0,443256000.0,0.664,5.398,12585377000.0,229944000.0,12355433000.0,12585377000.0,0.0,588102000.0,0.0,0.0,0.0,1315733000.0,1903835000.0,0.285,1903835000.0,1315733000.0,674975000.0,1.56,1.5,1.56,3235072000.0,3169764750.0,3235072000.0,22616521125.0,17.0,11.879,471478000.0,1.656,1.0,3372727000.0,0.504,1692040000.0,640758000.0,29680256000.0,25961839500.0,111825000.0,931154000.0,0.0,931154000.0,17464348000.0,1534568000.0,15929780000.0,10438534125.0,-57195000.0,-4603990000.0,-71555000.0,4145833000.0,0.0,4062826000.0,-5302817000.0,0.0,1182796000.0,0.0,443256000.0,443256000.0,443256000.0,-7890000.0,0.0,0.066,1633779000.0,1738948000.0,265601000.0,0.0,3.227,23.55,23.506,16541651000.0,0.0,36.67,1.56,1.56,352673000.0,1987725000.0,6689597000.0,6689597000.0,0.0,0.024,0.14,0.051,0.197,101406000.0,1020439000.0,1.0,284661416.0,284661416,,23.5,19007380000.0,65518000.0,231719000.0,3503874000.0,66.772,-515985000.0
63,MGM,MRT,2005-09-30,2005-09-30,2005-09-30,2021-08-06,-1207000.0,20349963000.0,15775726250.0,858665000.0,19491298000.0,0.385,11.257,-572122000.0,265442000.0,265442000.0,3018821000.0,420343000.0,0.677,5.271,12443429000.0,172067000.0,12271362000.0,12443429000.0,0.0,529997000.0,0.0,0.0,0.0,1203619000.0,1733616000.0,0.285,1733616000.0,1203619000.0,651764000.0,1.48,1.43,1.48,3245177000.0,3053922750.0,3245177000.0,24780708859.0,21.0,14.294,465669000.0,1.615,1.0,3057050000.0,0.503,1695078000.0,551855000.0,29564377000.0,22315387500.0,106257000.0,911852000.0,0.0,911852000.0,17104786000.0,1268495000.0,15836291000.0,12618321859.0,-144577000.0,-4606462000.0,93671000.0,3940353000.0,0.0,4023796000.0,-5206164000.0,0.0,1037791000.0,0.0,420343000.0,420343000.0,420343000.0,-4647000.0,0.0,0.069,1479267000.0,1577783000.0,161013000.0,0.0,3.888,30.019,29.574,16396269000.0,0.0,43.77,2.077,2.077,298657000.0,1889926000.0,6075871000.0,6075871000.0,0.0,0.027,0.138,0.054,0.198,113588000.0,918604000.0,1.0,288286997.0,288286997,,21.076,18654885000.0,58534000.0,231421000.0,3442253000.0,64.709,-409830000.0
64,MGM,MRT,2005-06-30,2005-06-30,2005-06-30,2021-08-06,-1314000.0,20506615000.0,13412943000.0,1042198000.0,19464417000.0,0.392,11.071,-604219000.0,306495000.0,306495000.0,2572039000.0,454014000.0,0.689,5.457,12468882000.0,199999000.0,12268883000.0,12468882000.0,0.0,469676000.0,0.0,0.0,0.0,1130552000.0,1600228000.0,0.305,1600228000.0,1130552000.0,676585000.0,1.61,1.57,1.61,3176014000.0,2900474750.0,3176014000.0,16376578069.0,14.0,10.234,474053000.0,1.652,1.0,2679812000.0,0.51,1664867000.0,453967000.0,29490869000.0,18717810750.0,114451000.0,886301000.0,0.0,886301000.0,17330601000.0,1513266000.0,15817335000.0,11354832069.0,59688000.0,-4466285000.0,142150000.0,3950307000.0,0.0,4082234000.0,-5100818000.0,0.0,1078272000.0,0.0,454014000.0,454014000.0,454014000.0,-55361000.0,0.0,0.086,1254314000.0,1425498000.0,182930000.0,0.0,3.575,25.01,24.584,16538104000.0,0.0,39.58,2.162,2.162,301919000.0,1796716000.0,5251851000.0,5251851000.0,0.0,0.034,0.157,0.06,0.215,88212000.0,777919000.0,1.0,286883074.0,286883074,,18.307,18841748000.0,115878000.0,222571000.0,3533616000.0,65.677,-471068000.0
65,MGM,MRT,2005-03-31,2005-03-31,2005-03-31,2021-08-06,-876000.0,11131298000.0,10962341250.0,809628000.0,10321670000.0,0.416,10.545,-637660000.0,395746000.0,395746000.0,2208518000.0,417563000.0,1.002,2.682,5417492000.0,82842000.0,5334650000.0,5417492000.0,0.0,415487000.0,0.0,0.0,0.0,1008993000.0,1424480000.0,0.312,1424480000.0,1008993000.0,629752000.0,1.49,1.45,1.49,3022796000.0,2733806250.0,3022796000.0,15291605504.0,15.0,10.735,217632000.0,0.759,1.0,2354956000.0,0.516,232902000.0,379241000.0,15111856000.0,15126856250.0,70553000.0,856241000.0,0.0,856241000.0,8108502000.0,808286000.0,7300216000.0,10150874504.0,141885000.0,133712000.0,-75787000.0,-106003000.0,0.0,-180869000.0,-532538000.0,0.0,855292000.0,0.0,417563000.0,417563000.0,417563000.0,-58415000.0,0.0,0.092,1090393000.0,1264563000.0,123342000.0,0.0,3.358,24.31,23.765,8909721000.0,0.0,35.41,2.224,2.224,218360000.0,1657314000.0,4563474000.0,4563474000.0,0.0,0.038,0.153,0.067,0.221,79721000.0,666416000.0,1.0,286666888.0,286666888,,15.919,10898396000.0,39670000.0,212189000.0,1818059000.0,38.018,1342000.0
66,MGM,MRT,2004-12-31,2004-12-31,2004-12-31,2021-08-06,-1167000.0,11115029000.0,10841121500.0,820202000.0,10294827000.0,0.407,9.912,-652555000.0,435128000.0,435128000.0,2138644000.0,412332000.0,0.884,3.01,5575859000.0,117011000.0,5458848000.0,5575859000.0,0.0,403039000.0,0.0,0.0,0.0,983516000.0,1386555000.0,0.314,1386555000.0,983516000.0,615933000.0,1.48,1.43,1.48,2771704000.0,2630843250.0,2771704000.0,15461555944.0,16.0,11.151,176692000.0,0.632,1.0,2273498000.0,0.515,233335000.0,367583000.0,15094448000.0,15080425500.0,70333000.0,842640000.0,0.0,842640000.0,8343325000.0,927977000.0,7415348000.0,10169773944.0,155522000.0,334128000.0,-212985000.0,-111030000.0,0.0,-325972000.0,-347753000.0,0.0,829247000.0,0.0,412332000.0,412332000.0,412332000.0,-67123000.0,0.0,0.093,1050205000.0,1223293000.0,198050000.0,0.0,3.669,24.664,24.574,8914142000.0,0.0,36.37,2.305,2.305,204151000.0,1544499000.0,4412142000.0,4412142000.0,0.0,0.038,0.157,0.065,0.223,46081000.0,643297000.0,1.0,279619850.0,279619850,,15.779,10881694000.0,28928000.0,203601000.0,1806999000.0,38.916,-107775000.0
67,MGM,MRT,2004-09-30,2004-09-30,2004-09-30,2021-08-06,-2861000.0,10898830000.0,10765181500.0,719201000.0,10179629000.0,0.424,9.484,-680474000.0,355632000.0,355632000.0,2251077000.0,429181000.0,0.918,3.142,5647414000.0,77646000.0,5569768000.0,5647414000.0,0.0,395566000.0,0.0,0.0,0.0,983241000.0,1378807000.0,0.302,1378807000.0,983241000.0,616150000.0,1.515,1.475,1.515,2631385000.0,2571364250.0,2631385000.0,12331028140.0,13.0,8.943,115672000.0,0.417,1.0,2310107000.0,0.506,233059000.0,367091000.0,15174070000.0,15060810000.0,64173000.0,805046000.0,0.0,805046000.0,8267445000.0,783483000.0,7483962000.0,6887662140.0,197111000.0,319505000.0,-475634000.0,260972000.0,0.0,-219783000.0,-379252000.0,0.0,796146000.0,0.0,429181000.0,429181000.0,429181000.0,-68545000.0,0.0,0.094,1037876000.0,1272231000.0,101584000.0,0.0,2.618,16.048,16.386,8862740000.0,0.0,24.825,1.51,1.51,172408000.0,1471349000.0,4561184000.0,4561184000.0,0.0,0.04,0.167,0.065,0.216,25591000.0,676834000.0,1.0,277448626.0,277448626,,16.44,10665771000.0,38337000.0,186969000.0,1818841000.0,38.442,-64282000.0
68,MGM,MRT,2004-06-30,2004-06-30,2004-06-30,2021-08-06,2848000.0,10704208000.0,10678386500.0,623623000.0,10080585000.0,0.421,8.835,-586857000.0,185793000.0,185793000.0,2240406000.0,349509000.0,0.791,3.266,5629159000.0,102431000.0,5526728000.0,5629159000.0,0.0,396661000.0,0.0,0.0,0.0,871101000.0,1267762000.0,0.282,1267762000.0,871101000.0,514062000.0,1.215,1.18,1.215,2509340000.0,2570667250.0,2509340000.0,11951196331.0,14.0,9.427,152415000.0,0.537,1.0,2258295000.0,0.502,232353000.0,357039000.0,15127051000.0,14927765250.0,64110000.0,791812000.0,0.0,791812000.0,8194868000.0,788170000.0,7406698000.0,6666125331.0,55290000.0,161328000.0,-574831000.0,358918000.0,0.0,-227726000.0,-456256000.0,0.0,739272000.0,0.0,349509000.0,349509000.0,349509000.0,-23665000.0,0.0,0.078,1039350000.0,1218945000.0,127650000.0,0.0,2.657,19.073,19.317,8790673000.0,0.0,23.47,1.482,1.482,166166000.0,1344468000.0,4498701000.0,4498701000.0,0.0,0.033,0.136,0.058,0.194,31559000.0,665154000.0,1.0,284027496.0,284027496,,15.839,10471855000.0,48458000.0,164553000.0,1770034000.0,36.869,-164547000.0
69,MGM,MRT,2004-03-31,2004-03-31,2004-03-31,2021-08-06,7129000.0,10646419000.0,10605127250.0,645056000.0,10001363000.0,0.414,9.154,-563002000.0,196413000.0,196413000.0,2197077000.0,298542000.0,0.835,3.078,5481484000.0,86495000.0,5394989000.0,5481484000.0,0.0,405371000.0,0.0,0.0,0.0,781551000.0,1186922000.0,0.27,1186922000.0,781551000.0,436953000.0,1.025,0.995,1.025,2610944000.0,2615591750.0,2610944000.0,11906393984.0,15.0,10.031,171272000.0,0.601,1.0,2197385000.0,0.5,232671000.0,344598000.0,14926133000.0,14766021250.0,63230000.0,772976000.0,0.0,772976000.0,8035475000.0,772686000.0,7262789000.0,6465831985.0,33244000.0,160566000.0,-389930000.0,145316000.0,0.0,-265311000.0,-435719000.0,0.0,734274000.0,0.0,298542000.0,298542000.0,298542000.0,-19905000.0,0.0,0.068,1052313000.0,1145072000.0,95229000.0,0.0,2.476,21.658,22.117,8718333000.0,0.0,22.67,1.471,1.471,161883000.0,1239751000.0,4394462000.0,4394462000.0,0.0,0.028,0.114,0.053,0.178,28178000.0,656692000.0,1.0,285215350.0,285215350,,15.408,10413748000.0,48498000.0,138411000.0,1790861000.0,36.512,-127630000.0
70,MGM,MRT,2003-12-31,2003-12-31,2003-12-31,2021-08-06,6345000.0,10811269000.0,10551356500.0,859180000.0,9952089000.0,0.405,8.741,-480665000.0,279606000.0,279606000.0,2152236000.0,243697000.0,0.991,3.267,5618609000.0,96719000.0,5521890000.0,5618609000.0,0.0,412937000.0,0.0,0.0,0.0,694670000.0,1107607000.0,0.259,1107607000.0,694670000.0,357084000.0,0.82,0.8,0.82,2533788000.0,2626121750.0,2533788000.0,10609423383.0,15.0,9.579,260147000.0,0.897,1.0,2123530000.0,0.497,267668000.0,337586000.0,15015986000.0,14666940250.0,65189000.0,756012000.0,0.0,756012000.0,8277481000.0,866618000.0,7410863000.0,5451170383.0,19889000.0,-41350000.0,-406610000.0,261528000.0,0.0,-165235000.0,-555688000.0,0.0,740812000.0,0.0,243697000.0,243697000.0,243697000.0,-13424000.0,0.0,0.057,1064390000.0,1059140000.0,186998000.0,0.0,2.151,22.369,22.933,8681339000.0,0.0,18.805,1.275,1.275,139475000.0,1133903000.0,4275766000.0,4275766000.0,0.0,0.023,0.093,0.047,0.162,9505000.0,646702000.0,1.0,289878776.0,289878776,,14.75,10543601000.0,59187000.0,113387000.0,1765426000.0,36.372,-7438000.0
71,MGM,MRT,2003-09-30,2003-09-30,2003-09-30,2021-08-06,-552000.0,10551650000.0,10474785500.0,741905000.0,9809745000.0,0.401,8.78,-408726000.0,153806000.0,153806000.0,2105227000.0,191006000.0,0.924,3.014,5312059000.0,65181000.0,5246878000.0,5312059000.0,0.0,415803000.0,0.0,0.0,0.0,621606000.0,1037409000.0,0.247,1037409000.0,621606000.0,296242000.0,0.635,0.62,0.635,2628597000.0,2658710750.0,2628597000.0,10545683757.0,17.0,10.165,319015000.0,1.066,1.0,2091861000.0,0.498,264699000.0,325364000.0,14641891000.0,14560098500.0,64407000.0,733129000.0,0.0,733129000.0,7923053000.0,803313000.0,7119740000.0,5471458757.0,43814000.0,-24350000.0,-327342000.0,145471000.0,0.0,-218869000.0,-465058000.0,0.0,727741000.0,0.0,191006000.0,191006000.0,191006000.0,-10237000.0,0.0,0.046,1106914000.0,984947000.0,100072000.0,0.0,2.082,28.645,28.78,8592190000.0,0.0,18.275,1.304,1.304,141295000.0,1042168000.0,4197088000.0,4197088000.0,0.0,0.018,0.072,0.043,0.148,7008000.0,635912000.0,1.0,299395828.0,299395828,,14.019,10286951000.0,57943000.0,105236000.0,1784255000.0,34.359,-61408000.0
72,MGM,MRT,2003-06-30,2003-06-30,2003-06-30,2021-08-06,-3752000.0,10411171000.0,10445532250.0,665201000.0,9745970000.0,0.399,8.855,-364941000.0,130724000.0,130724000.0,2066149000.0,213357000.0,0.889,2.872,5204949000.0,88605000.0,5116344000.0,5204949000.0,0.0,409492000.0,0.0,0.0,0.0,643892000.0,1053384000.0,0.253,1053384000.0,643892000.0,334565000.0,0.695,0.68,0.695,2689038000.0,2691114750.0,2689038000.0,10265297950.0,16.0,9.745,380384000.0,1.253,1.0,2096430000.0,0.504,256704000.0,309327000.0,14480075000.0,14545999500.0,61995000.0,710559000.0,0.0,710559000.0,7722133000.0,748617000.0,6973516000.0,5189572950.0,-51578000.0,-49850000.0,-257476000.0,-74137000.0,0.0,-362445000.0,-434458000.0,0.0,745325000.0,0.0,213357000.0,213357000.0,213357000.0,-1026000.0,0.0,0.051,1082203000.0,1014227000.0,80444000.0,0.0,1.93,24.323,24.59,8579833000.0,0.0,17.09,1.247,1.247,131091000.0,994959000.0,4162579000.0,4162579000.0,0.0,0.02,0.079,0.044,0.155,1190000.0,623538000.0,1.0,303661378.0,303661378,,13.708,10154467000.0,51937000.0,121208000.0,1748662000.0,33.44,-83416000.0
73,MGM,MRT,2003-03-31,2003-03-31,2003-03-31,2021-08-06,-6441000.0,10431336000.0,10448791000.0,527962000.0,9903374000.0,0.398,8.726,-298707000.0,172134000.0,172134000.0,2048431000.0,261482000.0,0.733,2.932,5247859000.0,63623000.0,5184236000.0,5247859000.0,0.0,400863000.0,0.0,0.0,0.0,706441000.0,1107304000.0,0.266,1107304000.0,706441000.0,410060000.0,0.835,0.82,0.835,2653064000.0,2698655250.0,2653064000.0,9536612181.0,13.0,8.612,467548000.0,1.538,1.0,2111295000.0,0.508,257351000.0,296381000.0,14529809000.0,14588304250.0,68066000.0,713682000.0,0.0,713682000.0,7778272000.0,719901000.0,7058371000.0,4446802181.0,-21551000.0,-45000000.0,-253091000.0,-153528000.0,0.0,-430986000.0,-356820000.0,0.0,766255000.0,0.0,261482000.0,261482000.0,261482000.0,-3227000.0,0.0,0.063,1040382000.0,1070913000.0,75168000.0,0.0,1.676,17.006,17.515,8739506000.0,0.0,14.625,1.069,1.069,134586000.0,941209000.0,4159726000.0,4159726000.0,0.0,0.025,0.097,0.048,0.17,8169000.0,609578000.0,1.0,304054850.0,304054850,,13.681,10173985000.0,65604000.0,148578000.0,1774986000.0,33.461,-191939000.0
74,MGM,MRT,2002-12-31,2002-12-31,2002-12-31,2021-08-06,-8886000.0,10504985000.0,10457703000.0,589829000.0,9915156000.0,0.397,8.593,-273386000.0,211234000.0,211234000.0,2016694000.0,292435000.0,0.786,2.943,5301044000.0,87266000.0,5213778000.0,5301044000.0,0.0,398623000.0,0.0,0.0,0.0,744622000.0,1143245000.0,0.275,1143245000.0,744622000.0,460886000.0,0.925,0.915,0.925,2664144000.0,2692651250.0,2664144000.0,10104301698.0,14.0,8.838,573160000.0,1.849,1.0,2136785000.0,0.514,256108000.0,283736000.0,14588619000.0,14655854500.0,68001000.0,710802000.0,0.0,710802000.0,7840841000.0,750068000.0,7090773000.0,5111148698.0,20851000.0,-80314000.0,-161605000.0,-270974000.0,0.0,-454485000.0,-371210000.0,0.0,846546000.0,0.0,292435000.0,292435000.0,292435000.0,-2959000.0,0.0,0.07,1026057000.0,1110728000.0,69959000.0,0.0,1.918,17.478,17.822,8762445000.0,0.0,16.485,1.231,1.231,139935000.0,890206000.0,4153479000.0,4153479000.0,0.0,0.028,0.109,0.051,0.179,18050000.0,604765000.0,1.0,310048450.0,310048450,,13.396,10248877000.0,84348000.0,168451000.0,1770068000.0,33.056,-160239000.0
75,MGM,MRT,2002-09-30,2002-09-30,2002-09-30,2021-08-06,-10951000.0,10434637000.0,10455817500.0,520661000.0,9913976000.0,0.375,8.657,-276243000.0,139199000.0,139199000.0,1900219000.0,277079000.0,0.706,2.783,5132352000.0,63109000.0,5069243000.0,5132352000.0,0.0,395659000.0,0.0,0.0,0.0,711325000.0,1106984000.0,0.282,1106984000.0,711325000.0,439449000.0,0.875,0.86,0.875,2758213000.0,2654290250.0,2758213000.0,10989612281.0,15.0,9.928,564559000.0,1.772,1.0,2020146000.0,0.515,104522000.0,271876000.0,14585495000.0,14709628250.0,84183000.0,709206000.0,0.0,709206000.0,7676424000.0,737773000.0,6938651000.0,5941877281.0,5759000.0,-104314000.0,-22618000.0,-415850000.0,0.0,-437013000.0,-398030000.0,0.0,840802000.0,0.0,277079000.0,277079000.0,277079000.0,-2745000.0,0.0,0.071,1038392000.0,981754000.0,62915000.0,0.0,2.154,21.445,21.314,8786931000.0,0.0,18.65,1.516,1.516,114767000.0,851162000.0,3920365000.0,3920365000.0,0.0,0.026,0.104,0.048,0.181,20036000.0,568844000.0,1.0,318599318.0,318599318,,12.305,10330115000.0,98045000.0,162370000.0,1761915000.0,32.424,-217112000.0
76,MGM,MRT,2002-06-30,2002-06-30,2002-06-30,2021-08-06,-8705000.0,10424206000.0,10454780000.0,619321000.0,9804885000.0,0.379,8.51,-287088000.0,213200000.0,213200000.0,1963326000.0,193166000.0,0.864,2.834,5260935000.0,88500000.0,5172435000.0,5260935000.0,0.0,398327000.0,0.0,0.0,0.0,594534000.0,992861000.0,0.25,992861000.0,594534000.0,307164000.0,0.61,0.6,0.61,2719200000.0,2585474000.0,2719200000.0,10544421221.0,18.0,10.62,530166000.0,1.659,1.0,2004115000.0,0.505,105445000.0,287370000.0,14649294000.0,14787197000.0,80630000.0,670269000.0,0.0,670269000.0,7705006000.0,717202000.0,6987804000.0,5392212221.0,-1666000.0,-75064000.0,-35575000.0,-411612000.0,0.0,-437338000.0,-381582000.0,0.0,817254000.0,0.0,193166000.0,193166000.0,193166000.0,-6122000.0,0.0,0.049,1087236000.0,916879000.0,66194000.0,0.0,1.983,27.915,27.664,8821828000.0,0.0,16.875,1.359,1.359,130145000.0,781602000.0,3967441000.0,3967441000.0,0.0,0.018,0.075,0.04,0.15,19444000.0,577906000.0,1.0,319538502.0,319538502,,12.416,10318761000.0,124301000.0,113998000.0,1765036000.0,32.293,-97881000.0
77,MGM,MRT,2002-03-31,2002-03-31,2002-03-31,2021-08-06,-7433000.0,10466984000.0,10486337750.0,638005000.0,9828979000.0,0.386,8.281,-297558000.0,212273000.0,212273000.0,2015927000.0,167877000.0,0.892,2.981,5364482000.0,64756000.0,5299726000.0,5364482000.0,0.0,398156000.0,0.0,0.0,0.0,583406000.0,981562000.0,0.242,981562000.0,583406000.0,270102000.0,0.53,0.52,0.53,2629048000.0,2542231500.0,2629048000.0,11084155197.0,19.0,11.292,508803000.0,1.603,1.0,2033017000.0,0.502,104083000.0,313304000.0,14800010000.0,14865323750.0,83144000.0,671661000.0,0.0,671661000.0,7837936000.0,715100000.0,7122836000.0,5750796197.0,-47109000.0,-75064000.0,-13878000.0,-455775000.0,0.0,-458498000.0,-394972000.0,0.0,806361000.0,0.0,167877000.0,167877000.0,167877000.0,-4627000.0,0.0,0.041,1118793000.0,914224000.0,71662000.0,0.0,2.187,34.256,34.179,8843206000.0,0.0,18.115,1.42,1.42,136864000.0,679727000.0,4048944000.0,4048944000.0,0.0,0.016,0.066,0.039,0.144,12050000.0,592381000.0,1.0,317460458.0,317460458,,12.754,10362901000.0,138543000.0,102225000.0,1759226000.0,32.643,-77095000.0
78,MGM,MRT,2001-12-31,2001-12-31,2001-12-31,2021-08-06,-9150000.0,10497443000.0,10534235750.0,661927000.0,9835516000.0,0.39,7.98,-297728000.0,208971000.0,208971000.0,2047997000.0,169815000.0,0.745,3.181,5542330000.0,247017000.0,5295313000.0,5542330000.0,0.0,390726000.0,0.0,0.0,0.0,613000000.0,1003726000.0,0.244,1003726000.0,613000000.0,274217000.0,0.535,0.53,0.535,2510700000.0,2500997750.0,2510700000.0,9943504231.0,16.0,9.907,498155000.0,1.583,1.0,2062345000.0,0.502,139178000.0,338783000.0,14803714000.0,14937544500.0,78037000.0,632949000.0,0.0,632949000.0,7986743000.0,887910000.0,7098833000.0,4541414231.0,-18997000.0,-38250000.0,-37879000.0,-428233000.0,0.0,-462675000.0,-352205000.0,0.0,795883000.0,0.0,169815000.0,169815000.0,169815000.0,-4627000.0,0.0,0.041,1110762000.0,951583000.0,75787000.0,0.0,1.809,26.743,26.981,8891645000.0,0.0,14.435,1.105,1.105,144374000.0,597771000.0,4110342000.0,4110342000.0,0.0,0.016,0.068,0.041,0.149,2137000.0,590553000.0,1.0,314611308.0,314611308,,13.065,10358265000.0,160922000.0,104402000.0,1746272000.0,32.924,-225983000.0
79,MGM,MRT,2001-09-30,2001-09-30,2001-09-30,2021-08-06,-11151000.0,10430487000.0,10593525250.0,616254000.0,9814233000.0,0.428,7.784,-241199000.0,133440000.0,133440000.0,2246801000.0,214129000.0,0.739,3.201,5535530000.0,203631000.0,5331899000.0,5535530000.0,0.0,388119000.0,0.0,0.0,0.0,726333000.0,1114452000.0,0.246,1114452000.0,726333000.0,350775000.0,0.685,0.67,0.685,2482948000.0,2468934000.0,2482948000.0,9009103326.0,12.0,8.084,592021000.0,1.856,1.0,2284687000.0,0.504,102922000.0,375558000.0,14895770000.0,15028244250.0,87756000.0,603927000.0,0.0,603927000.0,7947539000.0,833885000.0,7113654000.0,3585435326.0,-77832000.0,-14250000.0,-44039000.0,-593333000.0,-3000.0,-638141000.0,-272911000.0,0.0,833220000.0,0.0,214129000.0,214129000.0,214129000.0,0.0,0.0,0.047,1126954000.0,1157733000.0,66038000.0,0.0,1.444,16.744,16.409,8892797000.0,0.0,11.24,0.791,0.791,145103000.0,574083000.0,4531488000.0,4531488000.0,0.0,0.02,0.087,0.048,0.16,6947000.0,637198000.0,1.0,318988908.0,318988908,,14.206,10327565000.0,168828000.0,136646000.0,1737845000.0,32.376,-217631000.0
80,MGM,MRT,2001-06-30,2001-06-30,2001-06-30,2021-08-06,-6616000.0,10550437000.0,10661063500.0,690860000.0,9859577000.0,0.43,7.99,-252161000.0,214866000.0,214866000.0,2227972000.0,295913000.0,0.761,3.144,5638534000.0,313983000.0,5324551000.0,5638534000.0,0.0,386998000.0,0.0,0.0,0.0,887851000.0,1274849000.0,0.278,1274849000.0,887851000.0,491163000.0,0.94,0.925,0.94,2546230000.0,2426585250.0,2546230000.0,10332922691.0,12.0,8.105,715182000.0,2.244,1.0,2358153000.0,0.514,104401000.0,396688000.0,14961801000.0,15273723000.0,87239000.0,590670000.0,0.0,590670000.0,8004207000.0,907903000.0,7096304000.0,4773668691.0,3478000.0,0.0,9698000.0,-727673000.0,-3000.0,-726290000.0,-237575000.0,0.0,967343000.0,0.0,295913000.0,295913000.0,295913000.0,0.0,0.0,0.065,1085176000.0,1272977000.0,57659000.0,0.0,1.875,16.132,15.936,8913647000.0,0.0,14.98,1.041,1.041,188693000.0,588436000.0,4586125000.0,4586125000.0,0.0,0.028,0.122,0.058,0.194,6947000.0,632261000.0,1.0,318669472.0,318669472,,14.391,10446036000.0,137851000.0,195250000.0,1721126000.0,32.78,-217043000.0
81,MGM,MRT,2001-03-31,2001-03-31,2001-03-31,2021-08-06,-8490000.0,10658576000.0,10707021250.0,768463000.0,9890113000.0,0.382,7.737,-186558000.0,259382000.0,259382000.0,1979186000.0,200333000.0,0.713,3.326,5818636000.0,481166000.0,5337470000.0,5818636000.0,0.0,348941000.0,0.0,0.0,0.0,687557000.0,1036498000.0,0.253,1036498000.0,687557000.0,336396000.0,0.635,0.625,0.635,2464113000.0,2353563250.0,2464113000.0,9727546534.0,14.0,9.385,759459000.0,2.385,1.0,2110422000.0,0.516,50650000.0,351161000.0,15088893000.0,15331677500.0,86333000.0,524360000.0,0.0,524360000.0,8194463000.0,1078287000.0,7116176000.0,3996957534.0,161302000.0,-5315466000.0,1241908000.0,3505202000.0,-14000.0,4740408000.0,-5525123000.0,0.0,946017000.0,0.0,200333000.0,200333000.0,200333000.0,0.0,0.0,0.049,988325000.0,1122097000.0,59013000.0,0.0,1.622,19.952,19.764,9034577000.0,0.0,12.55,0.977,0.977,208786000.0,511850000.0,4089608000.0,4089608000.0,0.0,0.019,0.085,0.045,0.168,6947000.0,564463000.0,1.0,318482672.0,318482672,,12.841,10607926000.0,146679000.0,136063000.0,1746670000.0,33.308,-309824000.0
82,MGM,MRT,2000-12-31,2000-12-31,2000-12-31,2021-08-06,-5280000.0,10734601000.0,8725643250.0,795644000.0,9938957000.0,0.386,7.487,-200688000.0,227968000.0,227968000.0,1624703000.0,160744000.0,0.645,3.506,5947366000.0,599046000.0,5348320000.0,5947366000.0,0.0,293181000.0,0.0,0.002,0.025,544523000.0,837704000.0,0.249,837704000.0,544523000.0,269624000.0,0.555,0.545,0.555,2382445000.0,1996718750.0,2382445000.0,10381753698.0,19.0,12.393,600297000.0,1.887,1.0,1745060000.0,0.518,54281000.0,274899000.0,15166513000.0,12490740000.0,86279000.0,521807000.0,0.0,521807000.0,8352156000.0,1233205000.0,7118951000.0,4485095698.0,106446000.0,-5315466000.0,1195635000.0,3654339000.0,-11341000.0,4838633000.0,-5533172000.0,0.0,800985000.0,0.0,160744000.0,160744000.0,160744000.0,0.0,0.0,0.048,840844000.0,904216000.0,65317000.0,0.045,1.883,27.902,25.396,9064233000.0,0.0,14.095,1.331,1.331,236650000.0,427956000.0,3369763000.0,3369763000.0,0.0,0.018,0.081,0.044,0.162,6947000.0,476504000.0,1.0,318204732.0,318204732,,10.59,10680320000.0,174198000.0,108880000.0,1730158000.0,33.564,-437561000.0
83,MGM,MRT,2000-09-30,2000-09-30,2000-09-30,2021-08-06,-3686000.0,10700640000.0,6727856500.0,696871000.0,10003769000.0,0.396,7.282,-248625000.0,211272000.0,211272000.0,1271586000.0,132664000.0,1.047,3.625,6107930000.0,72876000.0,6035054000.0,6107930000.0,3801000.0,235977000.0,0.0,0.001,0.025,417289000.0,653266000.0,0.245,653266000.0,417289000.0,220475000.0,0.515,0.505,0.515,2313553000.0,1656907750.0,2313553000.0,12182259626.0,29.0,18.648,443388000.0,1.396,1.0,1389716000.0,0.522,53979000.0,196814000.0,15877685000.0,9611431750.0,85156000.0,395674000.0,0.0,395674000.0,8387087000.0,665634000.0,7721453000.0,6067848626.0,103519000.0,-5315466000.0,1204906000.0,3797047000.0,-11338000.0,4990615000.0,-5579109000.0,0.0,692013000.0,0.0,132664000.0,132664000.0,132664000.0,0.0,0.0,0.05,656668000.0,733048000.0,63932000.0,0.049,2.623,45.738,37.078,9195936000.0,0.0,19.095,2.28,2.279,178139000.0,359954000.0,2661302000.0,2661302000.0,0.0,0.02,0.08,0.043,0.157,0.0,382585000.0,1.0,317771596.0,317696000,,8.377,10646661000.0,156411000.0,87811000.0,1682598000.0,33.512,31237000.0
84,MGM,MRT,2000-06-30,2000-06-30,2000-06-30,2021-08-06,14290000.0,10734268000.0,4730486250.0,678383000.0,10055885000.0,0.411,8.577,-253396000.0,211388000.0,211388000.0,919739000.0,77838000.0,0.427,3.762,6325799000.0,1031761000.0,5294038000.0,6325799000.0,3833000.0,175779000.0,0.0,0.002,0.025,233949000.0,409728000.0,0.211,409728000.0,233949000.0,123456000.0,0.36,0.345,0.36,2254142000.0,1328731750.0,2254142000.0,6359617908.0,27.0,15.522,217230000.0,0.827,1.0,1022372000.0,0.526,64523000.0,110493000.0,15193619000.0,6565311000.0,86852000.0,408286000.0,0.0,408286000.0,8480126000.0,1590537000.0,6889589000.0,5090965908.0,103868000.0,-5315466000.0,922849000.0,4334887000.0,-11338000.0,5246398000.0,-5613156000.0,0.0,470626000.0,0.0,77838000.0,77838000.0,77838000.0,0.0,0.0,0.04,546423000.0,475949000.0,73959000.0,0.069,2.258,65.405,44.639,9237733000.0,0.0,16.07,2.621,2.175,175679000.0,292523000.0,1942111000.0,1942111000.0,0.0,0.016,0.059,0.036,0.12,0.0,287986000.0,1.0,316799372.0,262798000,267496000.0,7.39,10669745000.0,158421000.0,45618000.0,1591718000.0,40.601,-912154000.0
85,MGM,MRT,2000-03-31,2000-03-31,2000-03-31,2021-08-06,13308000.0,2733064000.0,2715542750.0,220810000.0,2512254000.0,0.601,4.635,-335168000.0,98080000.0,98080000.0,769139000.0,120938000.0,0.919,1.636,1366732000.0,21174000.0,1345558000.0,1366732000.0,4776000.0,145698000.0,0.0,0.002,0.025,267097000.0,412795000.0,0.253,412795000.0,267097000.0,192281000.0,0.52,0.505,0.52,1036735000.0,1080165250.0,1036735000.0,3899297488.0,15.0,9.446,-3528000.0,-0.016,1.0,863717000.0,0.529,36294000.0,74816000.0,3725143000.0,3605758250.0,12143000.0,12632000.0,0.0,12632000.0,1696329000.0,240279000.0,1456050000.0,2683969488.0,32311000.0,-1000.0,-296936000.0,348817000.0,-11327000.0,39235000.0,-338564000.0,0.0,331640000.0,0.0,120938000.0,120938000.0,120938000.0,0.0,0.0,0.074,475806000.0,387911000.0,35758000.0,0.048,2.589,22.193,23.077,2411940000.0,0.0,12.0,1.644,1.644,75308000.0,311529000.0,1632856000.0,1632856000.0,0.0,0.045,0.112,0.074,0.164,0.0,247839000.0,1.0,223664124.0,223664124,,7.3,2696770000.0,5645000.0,71343000.0,119716000.0,12.057,-19469000.0
86,MGM,MRT,1999-12-31,1999-12-31,1999-12-31,2021-08-06,-1149000.0,2743454000.0,2666990500.0,269913000.0,2473541000.0,0.544,4.388,-378280000.0,121522000.0,121522000.0,691906000.0,86058000.0,0.93,1.681,1349121000.0,31912000.0,1317209000.0,1349121000.0,0.0,126610000.0,0.0,0.0,0.0,201998000.0,328608000.0,0.227,328608000.0,201998000.0,141087000.0,0.37,0.36,0.37,1023201000.0,1126558000.0,1023201000.0,4129801320.0,20.0,12.568,-88403000.0,-0.379,1.0,757637000.0,0.523,31683000.0,60911000.0,3649280000.0,3483807500.0,15240000.0,12485000.0,0.0,12485000.0,1720253000.0,290090000.0,1430163000.0,2861863320.0,39566000.0,-13346000.0,-245163000.0,381545000.0,0.0,136382000.0,-386693000.0,0.0,289877000.0,0.0,86058000.0,86058000.0,86058000.0,0.0,0.0,0.059,435163000.0,322474000.0,45914000.0,0.0,2.797,33.255,33.993,2384772000.0,0.0,12.578,1.974,2.023,83101000.0,267165000.0,1449543000.0,1449543000.0,0.0,0.032,0.076,0.058,0.139,0.0,217460000.0,1.0,227538328.0,233160000,240172000.0,6.217,2711771000.0,17452000.0,55029000.0,112009000.0,11.631,-20177000.0
87,MGM,MRT,1999-09-30,1999-09-30,1999-09-30,2021-08-06,9839000.0,2711159000.0,2423366500.0,262056000.0,2449103000.0,0.529,4.255,-364312000.0,107753000.0,107753000.0,610065000.0,67371000.0,1.052,1.709,1375691000.0,26486000.0,1349205000.0,1375691000.0,5144000.0,107462000.0,0.0,0.0,0.0,161144000.0,268606000.0,0.209,268606000.0,161144000.0,111678000.0,0.292,0.285,0.292,1000849000.0,1111853000.0,1000849000.0,3853695532.0,24.0,14.347,-123068000.0,-0.523,1.0,672138000.0,0.524,36806000.0,49466000.0,3693202000.0,3075919000.0,12585000.0,11783000.0,0.0,11783000.0,1710310000.0,249089000.0,1461221000.0,2881052532.0,16981000.0,-13879000.0,-250040000.0,395740000.0,0.0,145700000.0,-369963000.0,0.0,241244000.0,0.0,67371000.0,67371000.0,67371000.0,0.0,0.0,0.053,406086000.0,266052000.0,52959000.0,0.0,2.879,42.764,43.776,2348105000.0,0.0,12.783,2.247,2.345,59975000.0,239323000.0,1282203000.0,1282203000.0,0.0,0.028,0.061,0.052,0.126,0.0,180440000.0,1.0,225390380.0,235224000,242732000.0,5.451,2674353000.0,31934000.0,44307000.0,113554000.0,11.369,12967000.0
88,MGM,MRT,1999-06-30,1999-06-30,1999-06-30,2021-08-06,9370000.0,2674494000.0,2172927250.0,251966000.0,2422528000.0,0.489,5.075,-363382000.0,107520000.0,107520000.0,510373000.0,71818000.0,0.989,1.123,1080163000.0,31318000.0,1048845000.0,1080163000.0,4936000.0,90814000.0,0.0,0.0,0.0,158424000.0,249238000.0,0.235,249238000.0,158424000.0,118626000.0,0.315,0.312,0.315,1259876000.0,1098053000.0,1259876000.0,3994512324.0,25.0,16.027,-159025000.0,-0.641,1.0,551726000.0,0.519,37062000.0,39798000.0,3355408000.0,2650813750.0,11607000.0,11516000.0,0.0,11516000.0,1414618000.0,254667000.0,1159951000.0,3041894324.0,-260685000.0,-13346000.0,-187242000.0,92429000.0,0.0,-94813000.0,-370229000.0,0.0,204357000.0,0.0,71818000.0,71818000.0,71818000.0,0.0,0.0,0.068,303522000.0,248204000.0,83105000.0,0.0,2.414,42.356,38.889,2321165000.0,0.0,12.25,2.864,2.863,68872000.0,226718000.0,1062099000.0,1062099000.0,0.0,0.033,0.065,0.06,0.149,0.0,143133000.0,1.0,248317904.0,248268000,254932000.0,4.278,2637432000.0,32444000.0,46808000.0,109927000.0,10.623,-2701000.0
89,MGM,MRT,1999-03-31,1999-03-31,1999-03-31,2021-08-06,11553000.0,2538855000.0,1980787250.0,203368000.0,2335487000.0,0.463,5.518,-376823000.0,65769000.0,65769000.0,452250000.0,62111000.0,0.938,1.077,1018387000.0,21818000.0,996569000.0,1018387000.0,4874000.0,80435000.0,0.0,0.0,0.0,140167000.0,220602000.0,0.24,220602000.0,140167000.0,103877000.0,0.283,0.28,0.283,1222306000.0,1067019500.0,1222306000.0,2260804419.0,16.0,10.248,-198138000.0,-0.895,1.0,465329000.0,0.507,37318000.0,36290000.0,3237340000.0,2290494500.0,11212000.0,10967000.0,0.0,10967000.0,1316549000.0,216815000.0,1099734000.0,2076949419.0,-371564000.0,-13345000.0,-202859000.0,40632000.0,0.0,-162227000.0,-388022000.0,0.0,178685000.0,0.0,62111000.0,62111000.0,62111000.0,0.0,0.0,0.068,251038000.0,214291000.0,53557000.0,0.0,1.699,33.439,29.708,2230791000.0,0.0,8.408,2.264,2.03,66158000.0,202612000.0,917579000.0,917579000.0,0.0,0.031,0.058,0.061,0.153,0.0,118287000.0,1.0,247035316.0,221504000,226584000.0,4.142,2501537000.0,30779000.0,41766000.0,113192000.0,11.293,-13447000.0
90,MGM,MRT,1998-12-31,1998-12-31,1998-12-31,2021-08-06,13004000.0,1768958000.0,1814138250.0,203244000.0,1565714000.0,0.463,4.33,-377316000.0,81956000.0,81956000.0,418259000.0,68948000.0,1.101,0.834,552827000.0,15163000.0,537664000.0,552827000.0,5219000.0,76282000.0,0.0,0.0,0.0,142517000.0,218799000.0,0.261,218799000.0,142517000.0,109528000.0,0.31,0.305,0.31,964381000.0,1040755000.0,964381000.0,1880935840.0,13.0,8.597,-205636000.0,-0.923,1.0,421085000.0,0.502,37574000.0,32989000.0,2017726000.0,1938001250.0,11081000.0,134025000.0,0.0,134025000.0,804577000.0,184529000.0,620048000.0,1411657840.0,47350000.0,0.0,-208877000.0,480031000.0,0.0,271154000.0,-395484000.0,0.0,171680000.0,0.0,68948000.0,68948000.0,68948000.0,0.0,0.0,0.082,223293000.0,197792000.0,41334000.0,0.0,1.464,20.474,21.879,1327722000.0,0.0,6.782,1.682,1.8,64280000.0,192606000.0,839344000.0,839344000.0,0.0,0.038,0.066,0.074,0.17,0.0,106548000.0,1.0,208132376.0,222712000,225368000.0,3.769,1731384000.0,34098000.0,40580000.0,79622000.0,7.774,18715000.0
91,MGM,MRT,1998-09-30,1998-09-30,1998-09-30,2021-08-06,15436000.0,1709402000.0,1489461750.0,204012000.0,1505390000.0,0.562,4.317,-422310000.0,90772000.0,90772000.0,408886000.0,81126000.0,1.378,0.808,560050000.0,21031000.0,539019000.0,560050000.0,4429000.0,73062000.0,0.0,0.0,0.0,153950000.0,227012000.0,0.271,227012000.0,153950000.0,127370000.0,0.36,0.35,0.36,945649000.0,845497250.0,945649000.0,1543335148.0,10.0,6.798,-261794000.0,-1.195,1.0,427808000.0,0.511,37830000.0,26580000.0,1992781000.0,1605047750.0,12701000.0,126463000.0,0.0,126463000.0,763753000.0,148069000.0,615684000.0,1338243148.0,31779000.0,526000.0,-208501000.0,490152000.0,0.0,281651000.0,-410388000.0,0.0,160516000.0,0.0,81126000.0,81126000.0,81126000.0,0.0,0.0,0.097,219182000.0,208626000.0,38135000.0,0.0,1.415,16.496,16.014,1280941000.0,0.0,5.765,1.599,1.509,56668000.0,171952000.0,836694000.0,836694000.0,0.0,0.054,0.096,0.096,0.184,0.0,112472000.0,1.0,232132376.0,219060000,221560000.0,3.819,1671572000.0,34098000.0,46244000.0,72977000.0,7.631,55943000.0
92,MGM,MRT,1998-06-30,1998-06-30,1998-06-30,2021-08-06,13279000.0,1905934000.0,,480921000.0,1425013000.0,,4.895,-375756000.0,368205000.0,368205000.0,406593000.0,78530000.0,3.028,0.678,573297000.0,31414000.0,541883000.0,573297000.0,5210000.0,68601000.0,0.0,0.0,0.0,144756000.0,213357000.0,0.251,213357000.0,144756000.0,125473000.0,0.345,0.335,0.345,1135742000.0,,1135742000.0,1964633837.0,14.0,9.208,-196954000.0,-0.849,1.0,442848000.0,0.521,38086000.0,19283000.0,1914131000.0,,14584000.0,118910000.0,0.0,118910000.0,770192000.0,158809000.0,611383000.0,1830488837.0,320792000.0,-7000.0,944000.0,489202000.0,0.0,490146000.0,-348156000.0,0.0,178802000.0,0.0,78530000.0,78530000.0,78530000.0,0.0,0.0,0.092,239030000.0,203818000.0,39443000.0,0.0,1.612,23.309,22.87,1209961000.0,0.0,7.89,2.155,2.155,59099000.0,154900000.0,849441000.0,849441000.0,0.0,,,,0.17,0.0,111529000.0,1.0,232001120.0,232004000,234452000.0,3.661,1867848000.0,28620000.0,46943000.0,64290000.0,8.051,322112000.0
93,MGM,MRT,1998-03-31,1998-03-31,1998-03-31,2021-08-06,9214000.0,1872259000.0,,539593000.0,1332666000.0,,4.817,-312187000.0,437333000.0,437333000.0,410942000.0,97130000.0,3.835,0.676,571478000.0,22982000.0,548496000.0,571478000.0,5721000.0,65693000.0,0.0,0.0,0.0,167032000.0,232725000.0,0.266,232725000.0,167032000.0,153395000.0,0.425,0.412,0.425,1117248000.0,,1117248000.0,2019683420.0,12.0,8.678,-114131000.0,-0.492,1.0,463401000.0,0.53,38342000.0,13637000.0,1827367000.0,,13882000.0,115951000.0,0.0,115951000.0,755011000.0,140695000.0,614316000.0,1986179420.0,391960000.0,-30000.0,1382000.0,473659000.0,0.0,475041000.0,-281137000.0,0.0,198056000.0,0.0,97130000.0,97130000.0,97130000.0,0.0,0.0,0.111,231425000.0,231976000.0,47109000.0,0.0,1.778,20.449,20.147,1122017000.0,0.0,8.562,2.272,2.272,47747000.0,140501000.0,874343000.0,874343000.0,0.0,,,,0.191,0.0,110499000.0,1.0,231962560.0,231960000,235100000.0,3.769,1833917000.0,28986000.0,56265000.0,60099000.0,7.906,398898000.0
94,MGM,MRT,1997-12-31,1997-12-31,1997-12-31,2021-08-06,0.0,470252000.0,878970500.0,18021000.0,452231000.0,1.014,0.798,-227554000.0,7296000.0,7296000.0,406473000.0,111018000.0,0.445,1.565,263455000.0,17052000.0,246403000.0,263455000.0,0.0,64244000.0,0.0,0.0,0.0,187196000.0,251440000.0,0.282,251440000.0,187196000.0,176063000.0,0.485,0.47,0.485,183350000.0,578366000.0,183350000.0,,,,-43542000.0,-0.189,1.0,484857000.0,0.544,0.0,11133000.0,685912000.0,880281500.0,460000.0,0.0,0.0,0.0,286902000.0,40499000.0,246403000.0,2095201823.0,-26806000.0,-7190000.0,2799000.0,-11839000.0,0.0,-9040000.0,-201778000.0,0.0,184012000.0,0.0,111018000.0,111018000.0,111018000.0,0.0,0.0,0.125,230154000.0,254703000.0,1632000.0,0.0,11.427,18.873,18.624,446873000.0,0.0,9.033,2.351,2.33,4266000.0,72270000.0,891330000.0,891330000.0,0.0,0.126,0.192,0.213,0.21,0.0,105670000.0,1.0,231962560.0,229900000,235340000.0,3.877,470252000.0,0.0,65045000.0,0.0,2.045,-22478000.0
95,MGM,MRT,1997-09-30,1997-09-30,1997-09-30,2021-08-06,,,,,,,,,,,,,,,,,,,,,,0.0,0.0,,,,,,,,,,,,,,,,,,1.0,,,,,,,,,,,,,,,,,,,,,,,,,,,,,,,,,,,,,,,,10.875,,,,,,,,,,,,,,1.0,,231892000,,,,,,,,
96,MGM,MRT,1997-06-30,1997-06-30,1997-06-30,2021-08-06,,,,,,,,,,,,,,,,,,,,,,0.0,0.0,,,,,,,,,,,,,,,,,,1.0,,,,,,,,,,,,,,,,,,,,,,,,,,,,,,,,,,,,,,,,9.25,,,,,,,,,,,,,,1.0,,231708000,,,,,,,,
97,MGM,MRT,1997-03-31,1997-03-31,1997-03-31,2021-08-06,,,,,,,,,,,,,,,,,,,,,,0.0,0.0,,,,,,,,,,,,,,,,,,1.0,,,,,,,,,,,,,,,,,,,,,,,,,,,,,,,,,,,,,,,,9.062,,,,,,,,,,,,,,1.0,,231344000,,,,,,,,
98,MGM,MRT,1996-12-31,1996-12-31,1996-12-31,2021-08-06,-4106000.0,1287689000.0,,226708000.0,1060981000.0,,4.612,-262211000.0,76667000.0,76667000.0,413000.0,-15683000.0,1.188,0.323,94022000.0,15675000.0,78347000.0,94022000.0,6712000.0,0.0,0.0,0.0,0.0,-15830000.0,-15830000.0,-45.884,-15830000.0,-15830000.0,-15683000.0,0.207,0.203,0.207,973382000.0,,973382000.0,,,,-236120000.0,-1.119,1.0,-68000.0,-0.197,39622000.0,-147000.0,1074651000.0,,13520000.0,72896000.0,0.0,72896000.0,314307000.0,190771000.0,123536000.0,,5600000.0,0.0,0.0,225999000.0,0.0,270999000.0,-291490000.0,0.0,26091000.0,0.0,-15683000.0,-15683000.0,-15683000.0,0.0,0.0,-45.458,15762000.0,-15830000.0,32995000.0,0.0,,,42.126,884750000.0,0.0,8.72,,5334.018,80529000.0,13221000.0,345000.0,345000.0,0.0,,,,-45.884,0.0,0.0,1.0,,211036000,217028000.0,0.002,1248067000.0,58039000.0,0.0,62130000.0,5.914,35937000.0
99,MGM,MRT,1995-12-31,1995-12-31,1995-12-31,2021-08-06,,,,,,,,-36959000.0,,,386817000.0,46565000.0,,,,,,,,55419000.0,,0.0,0.0,105894000.0,161313000.0,0.208,161313000.0,105894000.0,46565000.0,0.242,0.24,0.242,,,,,,,77585000.0,0.403,1.0,387939000.0,0.501,,59329000.0,,,,,,,,,,,34158000.0,-108442000.0,7549000.0,78099000.0,0.0,85648000.0,-166034000.0,13796000.0,114544000.0,0.0,46565000.0,46565000.0,46565000.0,0.0,0.0,0.06,228141000.0,159798000.0,,0.0,,,23.76,,0.0,5.75,,1.427,,,774756000.0,774756000.0,0.0,,,,0.137,0.0,109201000.0,1.0,,192304000,194176000.0,4.029,,,0.0,,,
