None,ticker,dimension,calendardate,datekey,reportperiod,lastupdated,accoci,assets,assetsavg,assetsc,assetsnc,assetturnover,bvps,capex,cashneq,cashnequsd,cor,consolinc,currentratio,de,debt,debtc,debtnc,debtusd,deferredrev,depamor,deposits,divyield,dps,ebit,ebitda,ebitdamargin,ebitdausd,ebitusd,ebt,eps,epsdil,epsusd,equity,equityavg,equityusd,ev,evebit,evebitda,fcf,fcfps,fxusd,gp,grossmargin,intangibles,intexp,invcap,invcapavg,inventory,investments,investmentsc,investmentsnc,liabilities,liabilitiesc,liabilitiesnc,marketcap,ncf,ncfbus,ncfcommon,ncfdebt,ncfdiv,ncff,ncfi,ncfinv,ncfo,ncfx,netinc,netinccmn,netinccmnusd,netincdis,netincnci,netmargin,opex,opinc,payables,payoutratio,pb,pe,pe1,ppnenet,prefdivis,price,ps,ps1,receivables,retearn,revenue,revenueusd,rnd,roa,roe,roic,ros,sbcomp,sgna,sharefactor,sharesbas,shareswa,shareswadil,sps,tangibles,taxassets,taxexp,taxliabilities,tbvps,workingcapital
0,FHN,MRY,2020-12-31,2020-12-31,2020-12-31,2021-09-07,-140000000.0,84209000000.0,65770154000.0,,,0.04,18.541,-46000000.0,9999000000.0,9999000000.0,0.0,857000000.0,,9.474,3868000000.0,,,3868000000.0,0.0,92000000.0,69982000000.0,0.047,0.6,921000000.0,1013000000.0,0.382,1013000000.0,921000000.0,921000000.0,1.9,1.89,1.9,8012000000.0,6383453500.0,8012000000.0,4271275409.0,5.0,4.216,126000000.0,0.292,1.0,2651000000.0,1.0,1865000000.0,0.0,76213000000.0,62969208750.0,0.0,67514000000.0,,,75902000000.0,,,7079091409.0,381000000.0,2071000000.0,-4000000.0,-1856000000.0,-222000000.0,5176000000.0,-4967000000.0,-7018000000.0,172000000.0,0.0,845000000.0,822000000.0,822000000.0,0.0,12000000.0,0.31,1718000000.0,933000000.0,0.0,0.316,0.884,8.612,6.716,759000000.0,23000000.0,12.76,2.67,2.08,0.0,2261000000.0,2651000000.0,2651000000.0,0.0,0.012,0.129,0.015,0.347,32000000.0,1324000000.0,1.0,554787728.0,432125000,433954000.0,6.135,82344000000.0,0.0,76000000.0,0.0,190.556,
1,FHN,MRY,2019-12-31,2019-12-31,2019-12-31,2021-09-07,-239000000.0,43311000000.0,42574864250.0,,,0.043,15.244,-29000000.0,1749000000.0,1749000000.0,0.0,452000000.0,,7.997,4309000000.0,,,4309000000.0,0.0,69000000.0,32430000000.0,0.034,0.56,575000000.0,644000000.0,0.354,644000000.0,575000000.0,575000000.0,1.39,1.38,1.39,4781000000.0,4665838000.0,4781000000.0,8436341948.0,15.0,13.1,801000000.0,2.554,1.0,1819000000.0,1.0,1564000000.0,0.0,44307000000.0,42917417750.0,0.0,37246000000.0,,,38235000000.0,,,5153135948.0,-138000000.0,0.0,-125000000.0,1988000000.0,-171000000.0,1422000000.0,-2390000000.0,-2393000000.0,830000000.0,0.0,441000000.0,435000000.0,435000000.0,0.0,11000000.0,0.239,1233000000.0,586000000.0,0.0,0.403,1.078,11.846,11.914,455000000.0,6000000.0,16.56,2.833,2.855,0.0,1798000000.0,1819000000.0,1819000000.0,0.0,0.01,0.093,0.013,0.316,22000000.0,940000000.0,1.0,311179707.0,313637000,315657000.0,5.8,41747000000.0,0.0,134000000.0,0.0,133.106,
2,FHN,MRY,2018-12-31,2018-12-31,2018-12-31,2021-09-07,-376616000.0,40832258000.0,40752043000.0,,,0.047,13.842,-18000000.0,2682936000.0,2682936000.0,0.0,557000000.0,,8.028,2304886000.0,,,2304886000.0,0.0,73000000.0,32682992000.0,0.036,0.48,702000000.0,775000000.0,0.401,775000000.0,702000000.0,702000000.0,1.66,1.65,1.66,4489949000.0,4366966000.0,4489949000.0,5674226459.0,8.0,7.322,216000000.0,0.666,1.0,1935000000.0,1.0,1587821000.0,0.0,38866387000.0,40375714000.0,0.0,34200370000.0,,,36046878000.0,,,4263087459.0,-47000000.0,-46000000.0,-100000000.0,-2597000000.0,-139000000.0,-761000000.0,480000000.0,287000000.0,234000000.0,0.0,545000000.0,539000000.0,539000000.0,0.0,12000000.0,0.279,1221000000.0,714000000.0,0.0,0.289,0.949,7.909,7.928,494041000.0,6000000.0,13.16,2.203,2.206,0.0,1542408000.0,1935000000.0,1935000000.0,0.0,0.013,0.123,0.017,0.363,23000000.0,894000000.0,1.0,323942816.0,324375000,327445000.0,5.965,39244437000.0,0.0,157000000.0,0.0,120.985,
3,FHN,MRY,2017-12-31,2017-12-31,2017-12-31,2021-09-07,-322825000.0,41423388000.0,32508645000.0,,,0.041,17.748,-49630000.0,2637646000.0,2637646000.0,0.0,176980000.0,,8.598,4900732000.0,,,4900732000.0,0.0,43431000.0,30620362000.0,0.018,0.36,297407000.0,340838000.0,0.256,340838000.0,297407000.0,297407000.0,0.66,0.65,0.66,4285057000.0,2962415750.0,4285057000.0,6496629995.0,22.0,19.061,-78428000.0,-0.325,1.0,1332533000.0,1.0,1571242000.0,0.0,42115232000.0,32983886000.0,0.0,34846985000.0,,,36842900000.0,,,4682267995.0,414252000.0,-336634000.0,578000.0,2061770000.0,-79904000.0,1767652000.0,-1324602000.0,-963246000.0,-28798000.0,0.0,165515000.0,159315000.0,159315000.0,0.0,11465000.0,0.12,1023661000.0,308872000.0,0.0,0.545,1.093,29.39,30.288,532251000.0,6200000.0,19.99,3.514,3.622,0.0,1160434000.0,1332533000.0,1332533000.0,0.0,0.005,0.054,0.009,0.223,20627000.0,735522000.0,1.0,234230515.0,241436000,244453000.0,5.519,39852146000.0,0.0,131892000.0,0.0,165.063,
4,FHN,MRY,2016-12-31,2016-12-31,2016-12-31,2021-09-07,-247654000.0,28555231000.0,27877301250.0,,,0.046,10.355,-51158000.0,2097828000.0,2097828000.0,0.0,238511000.0,,10.728,1991093000.0,,,1991093000.0,0.0,37585000.0,22672363000.0,0.014,0.28,333856000.0,371441000.0,0.292,371441000.0,333856000.0,333856000.0,0.95,0.94,0.95,2409653000.0,2400703500.0,2409653000.0,6028308186.0,18.0,16.23,128833000.0,0.554,1.0,1270525000.0,1.0,212388000.0,0.0,28236108000.0,28339656750.0,0.0,24475271000.0,,,25850147000.0,,,4667024186.0,6731000.0,0.0,-74917000.0,-257150000.0,-63504000.0,2292552000.0,-2465812000.0,-2444529000.0,179991000.0,0.0,227046000.0,220846000.0,220846000.0,0.0,11465000.0,0.174,925204000.0,345321000.0,0.0,0.295,1.937,21.132,21.063,289385000.0,6200000.0,20.01,3.673,3.665,0.0,1029032000.0,1270525000.0,1270525000.0,0.0,0.008,0.092,0.012,0.263,17536000.0,709552000.0,1.0,233234592.0,232700000,235292000.0,5.46,28342843000.0,0.0,106810000.0,0.0,121.8,
5,FHN,MRY,2015-12-31,2015-12-31,2015-12-31,2021-09-07,-214192000.0,26192637000.0,25632355250.0,,,0.045,10.01,1196000.0,1633899000.0,1633899000.0,0.0,97313000.0,,10.048,2252837000.0,,,2252837000.0,0.0,41033000.0,19967478000.0,0.017,0.24,96820000.0,137853000.0,0.119,137853000.0,96820000.0,96820000.0,0.34,0.34,0.34,2344155000.0,2263817250.0,2344155000.0,3984954614.0,41.0,28.907,368590000.0,1.574,1.0,1162045000.0,1.0,217522000.0,0.0,26594053000.0,26300471000.0,0.0,22532583000.0,,,23553051000.0,,,3401127614.0,-40342000.0,-5087000.0,-25429000.0,-1347477000.0,-53947000.0,110668000.0,-518404000.0,-537766000.0,367394000.0,0.0,85879000.0,79679000.0,79679000.0,0.0,11434000.0,0.069,1053791000.0,108254000.0,0.0,0.706,1.451,42.685,42.706,275619000.0,6200000.0,14.52,2.927,2.926,0.0,874303000.0,1162045000.0,1162045000.0,0.0,0.003,0.035,0.004,0.083,13796000.0,659402000.0,1.0,234237439.0,234189000,236266000.0,4.962,25975115000.0,0.0,10941000.0,0.0,110.915,
6,FHN,MRY,2014-12-31,2014-12-31,2014-12-31,2021-09-07,-188246000.0,25668187000.0,24451491250.0,,,0.047,9.728,-27897000.0,2693372000.0,2693372000.0,0.0,234046000.0,,10.098,3636589000.0,,,3636589000.0,0.0,39885000.0,18068939000.0,0.015,0.2,306704000.0,346589000.0,0.301,346589000.0,306704000.0,306704000.0,0.92,0.91,0.92,2286159000.0,2289866750.0,2286159000.0,5698220499.0,19.0,16.441,676811000.0,2.88,1.0,1150762000.0,1.0,175450000.0,0.0,26435954000.0,26185288750.0,0.0,21028387000.0,,,23086597000.0,,,3194675499.0,243496000.0,413352000.0,-41715000.0,465047000.0,-47366000.0,1024162000.0,-1485374000.0,-1923875000.0,704708000.0,0.0,222519000.0,216319000.0,216319000.0,0.0,11527000.0,0.188,832531000.0,318231000.0,0.0,0.217,1.397,14.768,14.761,302996000.0,6200000.0,13.58,2.776,2.773,0.0,851585000.0,1150762000.0,1150762000.0,0.0,0.009,0.094,0.012,0.267,18571000.0,637225000.0,1.0,235248564.0,234997000,236735000.0,4.897,25492737000.0,0.0,84185000.0,0.0,108.481,
7,FHN,MRY,2013-12-31,2013-12-31,2013-12-31,2021-09-07,-150009000.0,23789833000.0,24326108500.0,,,0.048,9.267,-26584000.0,1558206000.0,1558206000.0,0.0,38369000.0,,9.654,3406427000.0,,,3406427000.0,0.0,40426000.0,16734956000.0,0.017,0.2,7515000.0,47941000.0,0.041,47941000.0,7515000.0,7515000.0,0.09,0.09,0.09,2205320000.0,2224657250.0,2205320000.0,5109334248.0,680.0,106.575,404789000.0,1.701,1.0,1166951000.0,1.0,163931000.0,0.0,25474123000.0,26516674000.0,0.0,19960251000.0,,,21289082000.0,,,2753222248.0,-278353000.0,54931000.0,-90882000.0,-1163686000.0,-38229000.0,-1472679000.0,762953000.0,598459000.0,431373000.0,0.0,26904000.0,21066000.0,21066000.0,-548000.0,11465000.0,0.018,1148519000.0,18432000.0,21173000.0,2.222,1.248,130.695,129.444,305244000.0,5838000.0,11.65,2.359,2.376,45255000.0,695207000.0,1166951000.0,1166951000.0,0.0,0.001,0.009,0.0,0.006,17713000.0,713366000.0,1.0,236328090.0,237972000,239794000.0,4.904,23625902000.0,0.0,-19389000.0,0.0,99.28,
8,FHN,MRY,2012-12-31,2012-12-31,2012-12-31,2021-09-07,-146343000.0,25334019000.0,25561443250.0,,,0.05,8.915,-14508000.0,1459635000.0,1459635000.0,0.0,-16295000.0,,10.309,4574144000.0,,,4574144000.0,0.0,38938000.0,16629709000.0,0.004,0.04,-113021000.0,-74083000.0,-0.058,-74083000.0,-113021000.0,-113021000.0,-0.11,-0.11,-0.11,2214041000.0,2262253250.0,2214041000.0,6036887672.0,-53.0,-81.488,357044000.0,1.438,1.0,1281996000.0,1.0,156942000.0,0.0,28291586000.0,28685264750.0,0.0,21564867000.0,,,22824813000.0,,,2449097672.0,278007000.0,5278000.0,-133613000.0,64145000.0,-10066000.0,321620000.0,-415165000.0,-405935000.0,371552000.0,0.0,-27759000.0,-27759000.0,-27759000.0,-148000.0,11464000.0,-0.022,1383701000.0,-101705000.0,110329000.0,-0.364,1.106,-88.227,-90.091,303273000.0,0.0,9.91,1.91,1.92,117772000.0,719672000.0,1281996000.0,1281996000.0,0.0,-0.001,-0.012,-0.004,-0.088,20341000.0,836835000.0,1.0,247133973.0,248349000,248349000.0,5.162,25177077000.0,0.0,-85262000.0,0.0,101.378,
9,FHN,MRY,2011-12-31,2011-12-31,2011-12-31,2021-09-07,-130156000.0,24789384000.0,24963315750.0,,,0.058,9.17,-35408000.0,1281111000.0,1281111000.0,0.0,142630000.0,,9.251,4541262000.0,,,4541262000.0,0.0,39004000.0,16213009000.0,0.005,0.04,147032000.0,186036000.0,0.129,186036000.0,147032000.0,147032000.0,0.5,0.5,0.5,2389472000.0,2392161500.0,2389472000.0,5924875320.0,40.0,31.848,8565000.0,0.033,1.0,1442843000.0,1.0,159902000.0,0.0,27889633000.0,28371832750.0,0.0,20625231000.0,,,22104747000.0,,,2108952320.0,59481000.0,24467000.0,-124811000.0,-1006358000.0,-7944000.0,-151481000.0,166989000.0,177930000.0,43973000.0,0.0,131196000.0,131196000.0,131196000.0,-8618000.0,11434000.0,0.091,1292995000.0,149848000.0,164708000.0,0.08,0.883,16.075,16.0,321253000.0,0.0,8.0,1.462,1.445,164987000.0,757364000.0,1442843000.0,1442843000.0,0.0,0.005,0.055,0.005,0.102,19944000.0,844275000.0,1.0,263619040.0,260574000,262861000.0,5.537,24629482000.0,0.0,15836000.0,0.0,94.52,
10,FHN,MRY,2010-12-31,2010-12-31,2010-12-31,2021-09-07,-127546000.0,24698952000.0,25565233750.0,,,0.055,10.11,-42631000.0,1286513000.0,1286513000.0,0.0,61603000.0,,9.241,5523713000.0,,,5523713000.0,0.0,36647000.0,15208231000.0,0.34,4.0,29019000.0,65666000.0,0.047,65666000.0,29019000.0,29019000.0,-0.25,-0.25,-0.25,2382840000.0,2840602000.0,2382840000.0,6980886492.0,241.0,106.309,725443000.0,3.078,1.0,1393563000.0,1.0,195061000.0,0.0,28741091000.0,29736657500.0,0.0,20502061000.0,,,22020947000.0,,,2742871492.0,-149821000.0,0.0,261851000.0,-1211686000.0,0.0,-1540122000.0,622227000.0,664858000.0,768074000.0,0.0,50201000.0,-57769000.0,-57769000.0,11332000.0,11402000.0,-0.041,1341810000.0,51753000.0,65506000.0,-16.0,1.151,-47.48,-47.12,322319000.0,107970000.0,11.78,1.968,1.992,146091000.0,631712000.0,1393563000.0,1393563000.0,0.0,-0.002,-0.02,0.001,0.021,17564000.0,870587000.0,1.0,232841383.0,235699000,235699000.0,5.912,24503891000.0,0.0,-21182000.0,0.0,103.963,
11,FHN,MRY,2009-12-31,2009-12-31,2009-12-31,2021-09-07,-114209000.0,26068678000.0,28125374250.0,,,0.04,12.828,-21180000.0,1457895000.0,1457895000.0,0.0,-258435000.0,,7.57,6527244000.0,,,6527244000.0,0.0,38555000.0,14867215000.0,0.299,4.0,-440553000.0,-401998000.0,-0.355,-401998000.0,-440553000.0,-440553000.0,-1.41,-1.41,-1.41,3007303000.0,3098418750.0,3007303000.0,8899039505.0,-20.0,-22.137,763092000.0,3.255,1.0,1130865000.0,1.0,203784000.0,0.0,30934243000.0,34317931500.0,0.0,21376450000.0,,,22766210000.0,,,2929960505.0,-406185000.0,803000.0,-389000.0,-4197128000.0,0.0,-3633974000.0,2443517000.0,2463894000.0,784272000.0,0.0,-269837000.0,-329422000.0,-329422000.0,23203000.0,11402000.0,-0.291,1536813000.0,-405948000.0,292975000.0,-2.837,0.974,-8.894,-9.504,313824000.0,59585000.0,13.4,2.591,2.778,334404000.0,891580000.0,1130865000.0,1130865000.0,0.0,-0.012,-0.106,-0.013,-0.39,14670000.0,979290000.0,1.0,218653769.0,234431000,234431000.0,4.824,25864894000.0,0.0,-170716000.0,0.0,110.331,
12,FHN,MRY,2008-12-31,2008-12-31,2008-12-31,2021-09-07,-151831000.0,31021980000.0,34161065500.0,,,0.038,15.867,-23666000.0,1532572000.0,1532572000.0,0.0,-177971000.0,,8.369,10798428000.0,,,10798428000.0,0.0,49507000.0,14241814000.0,0.227,2.4,-346392000.0,-296885000.0,-0.231,-296885000.0,-346392000.0,-346392000.0,-0.96,-0.96,-0.96,3279467000.0,2666695250.0,3279467000.0,13691410595.0,-40.0,-46.117,4156765000.0,20.112,1.0,1283472000.0,1.0,237490000.0,0.0,40050346000.0,45787268000.0,0.0,25443397000.0,,,27447348000.0,,,2130844595.0,-934935000.0,-40608000.0,659864000.0,-4431924000.0,-120575000.0,-5370059000.0,254693000.0,318967000.0,4180431000.0,0.0,-191987000.0,-199400000.0,-199400000.0,3534000.0,14016000.0,-0.155,1612314000.0,-328842000.0,1115428000.0,-2.5,0.65,-10.686,-11.01,333931000.0,7413000.0,10.57,1.66,1.702,1178932000.0,1387854000.0,1283472000.0,1283472000.0,0.0,-0.006,-0.075,-0.008,-0.27,16944000.0,1223170000.0,1.0,201593623.0,206681000,206681000.0,6.21,30784490000.0,0.0,-154405000.0,0.0,148.947,
13,FHN,MRY,2007-12-31,2007-12-31,2007-12-31,2021-09-07,-48101000.0,37015461000.0,37929140750.0,,,0.039,15.037,-33539000.0,2299137000.0,2299137000.0,0.0,-151311000.0,,16.194,15102008000.0,,,15102008000.0,0.0,68084000.0,17032285000.0,0.094,1.71,-310055000.0,-241971000.0,-0.164,-241971000.0,-310055000.0,-310055000.0,-1.2,-1.2,-1.2,2135596000.0,2383895250.0,2135596000.0,13497304550.0,-44.0,-55.781,98553000.0,0.694,1.0,1474689000.0,1.0,249315000.0,0.0,49569017000.0,47770892250.0,0.0,31474139000.0,,,34584588000.0,,,2293939550.0,113623000.0,23318000.0,33438000.0,3001004000.0,-225011000.0,-159465000.0,140996000.0,151217000.0,132092000.0,0.0,-170146000.0,-170146000.0,-170146000.0,-2453000.0,18835000.0,-0.115,1768362000.0,-293673000.0,586358000.0,-1.425,1.074,-13.482,-15.125,399305000.0,0.0,18.15,1.556,1.748,524419000.0,1742892000.0,1474689000.0,1474689000.0,0.0,-0.004,-0.071,-0.006,-0.21,5080000.0,1250825000.0,1.0,126387854.0,142027000,142027000.0,10.383,36766146000.0,0.0,-139909000.0,0.0,258.867,
14,FHN,MRY,2006-12-31,2006-12-31,2006-12-31,2021-09-07,-72448000.0,37918259000.0,38191162750.0,,,0.054,18.852,-100213000.0,2164129000.0,2164129000.0,0.0,462914000.0,,14.279,12056672000.0,,,12056672000.0,0.0,65237000.0,20213232000.0,0.047,1.98,550192000.0,615429000.0,0.296,615429000.0,550192000.0,550192000.0,3.54,3.45,3.54,2462390000.0,2453678750.0,2462390000.0,11134783235.0,20.0,18.093,1525871000.0,11.682,1.0,2080701000.0,1.0,340112000.0,0.0,47470690000.0,45497891500.0,0.0,32450368000.0,,,35160599000.0,,,5200237235.0,-256791000.0,293358000.0,-108490000.0,4073841000.0,-223386000.0,521022000.0,-2403897000.0,-2597042000.0,1626084000.0,0.0,462914000.0,462914000.0,462914000.0,-210767000.0,0.0,0.222,1742621000.0,338080000.0,799489000.0,0.559,2.112,11.234,11.802,451708000.0,0.0,41.78,2.499,2.623,732282000.0,2144276000.0,2080701000.0,2080701000.0,0.0,0.012,0.189,0.012,0.264,12299000.0,1310498000.0,1.0,124467143.0,130619000,134321000.0,15.93,37578147000.0,0.0,87278000.0,0.0,287.693,
15,FHN,MRY,2005-12-31,2005-12-31,2005-12-31,2021-09-07,-42244000.0,36579061000.0,36486145000.0,,,0.061,18.709,-94917000.0,2430746000.0,2430746000.0,0.0,424697000.0,,14.456,7975402000.0,,,7975402000.0,0.0,65578000.0,23317557000.0,0.041,1.58,610685000.0,676263000.0,0.304,676263000.0,610685000.0,610685000.0,3.38,3.28,3.38,2347539000.0,2245397500.0,2347539000.0,7409865825.0,12.0,10.957,726751000.0,5.792,1.0,2223605000.0,1.0,358087000.0,0.0,41765630000.0,40726531750.0,0.0,31217790000.0,,,33936248000.0,,,4843545825.0,1105985000.0,-822850000.0,40801000.0,1976753000.0,-214024000.0,5698540000.0,-5414223000.0,-4496456000.0,821668000.0,0.0,424697000.0,424697000.0,424697000.0,-17072000.0,0.0,0.191,1626894000.0,596711000.0,591404000.0,0.467,2.063,11.405,11.373,408539000.0,0.0,38.44,2.178,2.169,511508000.0,1905930000.0,2223605000.0,2223605000.0,0.0,0.012,0.189,0.015,0.275,27889000.0,1221862000.0,1.0,126002753.0,125475000,129364000.0,17.721,36220974000.0,0.0,185988000.0,0.0,288.671,
16,FHN,MRY,2004-12-31,2004-12-31,2004-12-31,2021-09-07,-9928000.0,29771683000.0,28110068750.0,,,0.074,16.363,-77715000.0,1320499000.0,1320499000.0,0.0,445708000.0,,13.587,6003192000.0,,,6003192000.0,0.0,58272000.0,19782167000.0,0.036,1.55,643626000.0,701898000.0,0.336,701898000.0,643626000.0,643626000.0,3.57,3.47,3.57,2040983000.0,1965809000.0,2040983000.0,9070757018.0,14.0,12.923,-1787183000.0,-14.328,1.0,2089794000.0,1.0,221969000.0,0.0,34232407000.0,32112851750.0,0.0,26148294000.0,,,27730242000.0,,,5308035018.0,165705000.0,7000000.0,-116289000.0,1069385000.0,-198495000.0,4677505000.0,-2802332000.0,-2731617000.0,-1709468000.0,0.0,445708000.0,445708000.0,445708000.0,-15640000.0,0.0,0.213,1461808000.0,627986000.0,390323000.0,0.434,2.601,11.909,12.076,379359000.0,0.0,43.11,2.54,2.573,276298000.0,1795853000.0,2089794000.0,2089794000.0,0.0,0.016,0.227,0.02,0.308,3560000.0,1105703000.0,1.0,123127697.0,124730000,128436000.0,16.755,29549714000.0,0.0,197918000.0,0.0,236.909,
17,FHN,MRY,2003-12-31,2003-12-31,2003-12-31,2021-09-07,682000.0,24506690000.0,25686598250.0,,,0.093,14.912,-148753000.0,1154794000.0,1154794000.0,0.0,473309000.0,,11.964,5033990000.0,,,5033990000.0,0.0,53067000.0,15871322000.0,0.034,1.48,718998000.0,772065000.0,0.323,772065000.0,718998000.0,718998000.0,3.73,3.62,3.73,1890318000.0,1824566500.0,1890318000.0,8504979019.0,12.0,11.016,2332437000.0,18.4,1.0,2386670000.0,1.0,213549000.0,0.0,28172337000.0,29539388250.0,0.0,20875211000.0,,,22615920000.0,,,5534869019.0,-173923000.0,19647000.0,-131672000.0,580879000.0,-150863000.0,344374000.0,-2999487000.0,-2870381000.0,2481190000.0,0.0,473309000.0,473309000.0,473309000.0,0.0,0.0,0.198,1667672000.0,718998000.0,1710608000.0,0.397,2.928,11.694,11.823,350202000.0,0.0,44.1,2.319,2.342,1888859000.0,1662699000.0,2386670000.0,2386670000.0,0.0,0.018,0.259,0.024,0.301,0.0,1198700000.0,1.0,125507234.0,126765000,130876000.0,18.828,24293141000.0,0.0,245689000.0,0.0,191.639,
18,FHN,MRY,2002-12-31,2002-12-31,2002-12-31,2021-09-07,26487000.0,23823095000.0,21499331500.0,,,0.092,13.346,-48762000.0,1328717000.0,1328717000.0,0.0,376451000.0,,13.001,4517273000.0,,,4517273000.0,0.0,48051000.0,15713903000.0,0.033,1.2,558059000.0,606110000.0,0.307,606110000.0,558059000.0,558059000.0,2.97,2.89,2.97,1691180000.0,1600360750.0,1691180000.0,7915099582.0,14.0,13.059,-991539000.0,-7.825,1.0,1975365000.0,1.0,194265000.0,0.0,26817386000.0,24333869000.0,0.0,20035382000.0,,,21987523000.0,,,4512797582.0,214094000.0,193231000.0,-60172000.0,492111000.0,-125736000.0,2578114000.0,-1421243000.0,-1565712000.0,-942777000.0,0.0,376451000.0,376451000.0,376451000.0,0.0,0.0,0.191,1417306000.0,558059000.0,1856347000.0,0.404,2.668,11.988,12.101,254132000.0,0.0,35.94,2.285,2.305,1999148000.0,1461946000.0,1975365000.0,1975365000.0,0.0,0.018,0.235,0.023,0.283,0.0,1021162000.0,1.0,125564763.0,126714413,130221169.0,15.589,23628830000.0,0.0,181608000.0,0.0,186.473,
19,FHN,MRY,2001-12-31,2001-12-31,2001-12-31,2021-09-07,23278000.0,20621550000.0,19604387000.0,,,0.086,11.565,-21180000.0,1114623000.0,1114623000.0,0.0,318209000.0,,12.857,4021055000.0,,,4021055000.0,0.0,67711000.0,13606334000.0,0.023,0.83,480395000.0,548106000.0,0.324,548106000.0,480395000.0,480395000.0,2.49,2.42,2.49,1477762000.0,1419758250.0,1477762000.0,7879772414.0,16.0,14.376,-1145451000.0,-8.964,1.0,1690715000.0,1.0,185004000.0,0.0,23342978000.0,22532222500.0,0.0,17370632000.0,,,18999601000.0,,,4591293414.0,154224000.0,441784000.0,-160518000.0,44594000.0,-112093000.0,1337283000.0,-58788000.0,-479392000.0,-1124271000.0,0.0,318209000.0,318209000.0,318209000.0,0.0,0.0,0.188,1202152000.0,488563000.0,1472212000.0,0.333,3.107,14.429,14.562,251504000.0,0.0,36.26,2.716,2.74,1677798000.0,1263649000.0,1690715000.0,1690715000.0,0.0,0.016,0.224,0.021,0.284,0.0,856300000.0,1.0,126621440.0,127777356,127777356.0,13.232,20436546000.0,0.0,162186000.0,0.0,159.939,
20,FHN,MRY,2000-12-31,2000-12-31,2000-12-31,2021-09-07,14598000.0,18555086000.0,19412726750.0,,,0.074,10.658,-43334000.0,960399000.0,960399000.0,0.0,232581000.0,,12.305,3947237000.0,,,3947237000.0,0.0,70592000.0,12188691000.0,0.026,0.76,337002000.0,407594000.0,0.282,407594000.0,337002000.0,337002000.0,1.79,1.77,1.79,1384156000.0,1314335000.0,1384156000.0,6461378284.0,19.0,15.852,444899000.0,3.426,1.0,1443534000.0,1.0,121624000.0,0.0,21420300000.0,22467436500.0,0.0,15671019000.0,,,17032502000.0,,,3727844284.0,-275215000.0,455832000.0,-31903000.0,-918142000.0,-113958000.0,-243903000.0,-519545000.0,-932043000.0,488233000.0,0.0,232581000.0,232581000.0,232581000.0,0.0,0.0,0.161,1106532000.0,337002000.0,996574000.0,0.425,2.693,16.028,16.168,286107000.0,0.0,28.94,2.582,2.604,1499647000.0,1172548000.0,1443534000.0,1443534000.0,0.0,0.012,0.177,0.015,0.233,0.0,794037000.0,1.0,128812864.0,129865065,129865065.0,11.116,18433462000.0,0.0,104421000.0,0.0,141.943,
21,FHN,MRY,1999-12-31,1999-12-31,1999-12-31,2021-09-07,-21752000.0,18373390000.0,18606010250.0,,,0.081,9.508,-94493000.0,1235614000.0,1235614000.0,0.0,247533000.0,,13.719,4865174000.0,,,4865174000.0,0.0,64211000.0,11358701000.0,0.022,0.63,379439000.0,443650000.0,0.295,443650000.0,379439000.0,379439000.0,1.9,1.85,1.9,1241467000.0,1209814500.0,1241467000.0,6508866369.0,17.0,14.671,1903037000.0,14.575,1.0,1501806000.0,1.0,133568000.0,0.0,21869382000.0,21617471250.0,0.0,15204265000.0,,,17031923000.0,,,3715671369.0,299494000.0,0.0,-6805000.0,12430000.0,-98704000.0,-409876000.0,-4024000.0,90469000.0,1997530000.0,0.0,247533000.0,247533000.0,247533000.0,0.0,0.0,0.165,1122367000.0,379439000.0,908048000.0,0.332,2.993,15.011,15.0,305519000.0,0.0,28.5,2.474,2.478,1329513000.0,1053722000.0,1501806000.0,1501806000.0,0.0,0.013,0.205,0.018,0.253,0.0,816436000.0,1.0,130374434.0,130572763,130572763.0,11.502,18239822000.0,0.0,131906000.0,0.0,139.691,
22,FHN,MRY,1998-12-31,1998-12-31,1998-12-31,2021-09-07,12872000.0,18733961000.0,17112523750.0,,,0.086,8.574,-77681000.0,936120000.0,936120000.0,0.0,226380000.0,,15.947,4853742000.0,,,4853742000.0,0.0,147052000.0,11723039000.0,0.018,0.673,352922000.0,499974000.0,0.339,499974000.0,352922000.0,352922000.0,1.77,1.72,1.77,1099534000.0,1028467000.0,1099534000.0,7859067088.0,22.0,15.719,-3223143000.0,-25.135,1.0,1474691000.0,1.0,132845000.0,0.0,22518738000.0,19823757250.0,0.0,15740432000.0,,,17534427000.0,,,4880472088.0,-65501000.0,0.0,-36911000.0,1778174000.0,-84521000.0,3720480000.0,405220000.0,482901000.0,-3145462000.0,0.0,226380000.0,226380000.0,226380000.0,0.0,0.0,0.154,1121769000.0,352922000.0,1057646000.0,0.38,4.439,21.559,21.503,254292000.0,0.0,38.06,3.309,3.31,1295726000.0,908977000.0,1474691000.0,1474691000.0,0.0,0.013,0.22,0.018,0.239,0.0,702236000.0,1.0,128231006.0,128235006,128235006.0,11.5,18601116000.0,0.0,126542000.0,0.0,145.055,
23,FHN,MRY,1997-12-31,1997-12-31,1997-12-31,2021-09-07,15333000.0,14387897000.0,13781362500.0,,,0.08,7.433,-51887000.0,1001621000.0,1001621000.0,0.0,197472000.0,,13.975,3056960000.0,,,3056960000.0,0.0,79867000.0,9671779000.0,0.017,0.556,315067000.0,394934000.0,0.359,394934000.0,315067000.0,315067000.0,1.54,1.5,1.54,954096000.0,896341000.0,954096000.0,6130786431.0,19.0,15.524,-511915000.0,-3.988,1.0,1100111000.0,1.0,112411000.0,0.0,16330825000.0,15504579750.0,0.0,12024115000.0,,,13333801000.0,,,4278913431.0,-96348000.0,-185000.0,-145211000.0,563588000.0,-78348000.0,978746000.0,-615066000.0,-562994000.0,-460028000.0,0.0,197472000.0,197472000.0,197472000.0,0.0,0.0,0.18,785044000.0,315067000.0,705062000.0,0.361,4.485,21.668,21.672,206895000.0,0.0,33.375,3.89,3.894,777413000.0,811396000.0,1100111000.0,1100111000.0,0.0,0.014,0.22,0.02,0.286,0.0,527623000.0,1.0,128207144.0,128365434,128365434.0,8.57,14275486000.0,0.0,117595000.0,0.0,111.21,
24,FHN,MRY,1996-12-31,1996-12-31,1996-12-31,2021-09-07,2697000.0,13058902000.0,12908409000.0,,,0.076,7.102,-35693000.0,1097969000.0,1097969000.0,0.0,179907000.0,,12.681,2493201000.0,,,2493201000.0,0.0,64338000.0,9033062000.0,0.027,0.499,282174000.0,346512000.0,0.351,346512000.0,282174000.0,282174000.0,1.34,1.32,1.34,954526000.0,913719250.0,954526000.0,,,,63133000.0,0.47,1.0,986660000.0,1.0,119465000.0,0.0,14334669000.0,14255739500.0,0.0,10905300000.0,,,12104376000.0,,,2413149788.0,322121000.0,0.0,-22577000.0,472267000.0,-71310000.0,822501000.0,-1462000.0,-137804000.0,98826000.0,0.0,179907000.0,179907000.0,179907000.0,0.0,0.0,0.182,704486000.0,282174000.0,578113000.0,0.372,2.528,13.413,13.993,185624000.0,0.0,18.75,2.446,2.554,592319000.0,823175000.0,986660000.0,986660000.0,0.0,0.014,0.197,0.02,0.286,0.0,509926000.0,1.0,128701322.0,134393172,134393172.0,7.342,12939437000.0,0.0,102267000.0,0.0,96.28,
25,FHN,MRY,1995-12-31,1995-12-31,1995-12-31,2021-09-07,10582000.0,12076882000.0,,,,,6.418,-35789000.0,775848000.0,775848000.0,0.0,164888000.0,,12.83,2020762000.0,,,2020762000.0,0.0,48369000.0,8582197000.0,0.021,0.324,252957000.0,301326000.0,0.349,301326000.0,252957000.0,252957000.0,1.21,1.2,1.21,873224000.0,,873224000.0,,,,-126150000.0,-0.927,1.0,862672000.0,1.0,128985000.0,0.0,13192811000.0,,0.0,10272637000.0,,,11203658000.0,,,,-202104000.0,58504000.0,-117819000.0,89947000.0,-62694000.0,216171000.0,-327914000.0,-350629000.0,-90361000.0,0.0,164888000.0,164888000.0,164888000.0,0.0,0.0,0.191,609715000.0,252957000.0,0.0,0.268,,,12.5,177400000.0,0.0,15.125,,2.385,0.0,716861000.0,862672000.0,862672000.0,0.0,,,,0.293,0.0,453072000.0,1.0,,136049588,136049588.0,6.341,11947897000.0,0.0,88069000.0,0.0,87.82,
26,FHN,MRY,1994-12-31,1994-12-31,1994-12-31,2021-09-07,,,,,,,,-38725000.0,,,0.0,147068000.0,,,,,,,,42423000.0,,0.028,0.286,207762000.0,250185000.0,0.3,250185000.0,207762000.0,207762000.0,1.075,,1.075,,,,,,,861451000.0,6.293,1.0,833445000.0,1.0,,0.0,,,,,,,,,,,183319000.0,83000.0,-23806000.0,-126311000.0,-41022000.0,86514000.0,-803371000.0,-764729000.0,900176000.0,0.0,147068000.0,147068000.0,147068000.0,0.0,0.0,0.176,540095000.0,293350000.0,,0.266,,,9.477,,0.0,10.188,,1.673,,,833445000.0,833445000.0,0.0,,,,0.249,0.0,468151000.0,1.0,,136882764,,6.089,,,60694000.0,,,
0,FHN,MRQ,2021-06-30,2021-06-30,2021-06-30,2021-09-07,-203000000.0,87908000000.0,,,,,15.028,-13000000.0,15376000000.0,15376000000.0,0.0,311000000.0,,9.594,3918000000.0,,,3918000000.0,0.0,29000000.0,73280000000.0,0.035,0.15,396000000.0,425000000.0,0.474,425000000.0,396000000.0,396000000.0,0.54,0.53,0.54,8270000000.0,,8270000000.0,95031170.0,0.0,0.057,-62000000.0,-0.113,1.0,897000000.0,1.0,1836000000.0,0.0,74614000000.0,,0.0,66272000000.0,,,79343000000.0,,,9545031170.0,236000000.0,0.0,-51000000.0,45000000.0,-83000000.0,159000000.0,126000000.0,132000000.0,-49000000.0,0.0,308000000.0,295000000.0,295000000.0,0.0,3000000.0,0.329,498000000.0,399000000.0,0.0,0.278,1.154,7.471,7.513,714000000.0,13000000.0,17.28,2.59,2.58,0.0,2612000000.0,897000000.0,897000000.0,0.0,,,,,11000000.0,367000000.0,1.0,552374489.0,550297000,556763000.0,1.63,86072000000.0,0.0,88000000.0,0.0,156.41,
1,FHN,MRQ,2021-03-31,2021-03-31,2021-03-31,2021-09-07,-241000000.0,87513000000.0,,,,,14.508,-9000000.0,13324000000.0,13324000000.0,0.0,236000000.0,,9.886,3874000000.0,,,3874000000.0,0.0,30000000.0,73166000000.0,0.035,0.15,304000000.0,334000000.0,0.392,334000000.0,304000000.0,304000000.0,0.41,0.4,0.41,8012000000.0,,8012000000.0,3261974601.0,3.0,2.484,1055000000.0,1.91,1.0,851000000.0,1.0,1850000000.0,0.0,76213000000.0,,0.0,67924000000.0,,,79206000000.0,,,9392974601.0,41000000.0,0.0,-50000000.0,4000000.0,-84000000.0,3049000000.0,-4072000000.0,-4070000000.0,1064000000.0,0.0,233000000.0,225000000.0,225000000.0,0.0,3000000.0,0.264,544000000.0,307000000.0,0.0,0.366,1.172,9.078,8.762,719000000.0,8000000.0,16.91,2.955,2.938,0.0,2402000000.0,851000000.0,851000000.0,0.0,,,,,10000000.0,380000000.0,1.0,555468634.0,552249000,557532000.0,1.541,85663000000.0,0.0,71000000.0,0.0,155.117,
2,FHN,MRQ,2020-12-31,2020-12-31,2020-12-31,2021-09-07,-140000000.0,84209000000.0,,,,,18.541,-19356000.0,9999000000.0,9999000000.0,0.0,244825000.0,,9.474,3868000000.0,,,3868000000.0,0.0,29961000.0,69982000000.0,0.047,0.15,297748000.0,327709000.0,0.405,327709000.0,297748000.0,297748000.0,0.4,0.39,0.4,8012000000.0,,8012000000.0,4271275409.0,5.0,4.216,425541000.0,0.985,1.0,808929000.0,1.0,1865000000.0,0.0,76213000000.0,,0.0,67514000000.0,,,75902000000.0,,,7079091409.0,-20220000.0,265454000.0,3904000.0,-436657000.0,-83058000.0,1053245000.0,-1518362000.0,-1771787000.0,444897000.0,0.0,241505000.0,234327000.0,234327000.0,0.0,3320000.0,0.29,507861000.0,301068000.0,0.0,0.375,0.884,8.612,6.716,759000000.0,7178000.0,12.76,2.67,2.08,0.0,2261000000.0,808929000.0,808929000.0,0.0,,,,,9413000.0,436905000.0,1.0,554787728.0,432125000,433954000.0,1.872,82344000000.0,0.0,56243000.0,0.0,190.556,
3,FHN,MRQ,2020-09-30,2020-09-30,2020-09-30,2021-09-07,-140470000.0,83029579000.0,,,,,14.278,-8175000.0,7111405000.0,7111405000.0,0.0,539038000.0,,9.541,4303589000.0,,,4303589000.0,0.0,30407000.0,68408907000.0,0.063,0.15,538271000.0,568678000.0,0.504,568678000.0,538271000.0,538271000.0,0.95,0.95,0.95,7848711000.0,,7848711000.0,3214324239.0,4.0,3.746,221883000.0,0.404,1.0,1128288000.0,1.0,1876131000.0,0.0,78345632000.0,,0.0,69150874000.0,,,74885437000.0,,,2945542239.0,648566000.0,1805546000.0,-6614000.0,-1528777000.0,-47017000.0,-1359111000.0,1777619000.0,-26124000.0,230058000.0,0.0,536061000.0,523339000.0,523339000.0,0.0,2977000.0,0.464,587040000.0,541248000.0,0.0,0.158,0.375,4.181,6.123,756113000.0,12722000.0,9.43,1.266,2.228,0.0,2110990000.0,1128288000.0,1128288000.0,0.0,,,,,11588000.0,423795000.0,1.0,312358668.0,549690000,550846000.0,2.053,81153448000.0,0.0,2210000.0,0.0,147.635,
4,FHN,MRQ,2020-06-30,2020-06-30,2020-06-30,2021-09-07,-134798000.0,48644659000.0,,,,,15.742,-13000000.0,4155391000.0,4155391000.0,0.0,57000000.0,,8.841,4424173000.0,,,4424173000.0,0.0,16000000.0,37759351000.0,0.058,0.15,67000000.0,83000000.0,0.213,83000000.0,67000000.0,67000000.0,0.17,0.17,0.17,4912954000.0,,4912954000.0,7423609147.0,19.0,16.387,884000000.0,2.833,1.0,390000000.0,1.0,1552395000.0,0.0,47361046000.0,,0.0,40119021000.0,,,43436274000.0,,,3106151147.0,-110000000.0,0.0,-2000000.0,-1694000000.0,-48000000.0,1737000000.0,-2744000000.0,-2738000000.0,897000000.0,0.0,54000000.0,52000000.0,52000000.0,0.0,3000000.0,0.133,320000000.0,70000000.0,0.0,0.882,0.632,10.688,10.596,448028000.0,2000000.0,9.96,1.875,1.876,0.0,1671629000.0,390000000.0,390000000.0,0.0,,,,,3000000.0,243000000.0,1.0,311862565.0,312090000,312936000.0,1.25,47092264000.0,0.0,13000000.0,0.0,150.893,
5,FHN,MRQ,2020-03-31,2020-03-31,2020-03-31,2021-09-07,-136164000.0,47197378000.0,,,,,15.277,-6000000.0,1800574000.0,1800574000.0,0.0,16000000.0,,8.853,6118032000.0,,,6118032000.0,0.0,16000000.0,34419650000.0,0.071,0.15,18000000.0,34000000.0,0.105,34000000.0,18000000.0,18000000.0,0.04,0.04,0.04,4760149000.0,,4760149000.0,5071901061.0,11.0,9.52,-1406000000.0,-4.512,1.0,323000000.0,1.0,1557679000.0,0.0,49957157000.0,,0.0,40658085000.0,,,42141798000.0,,,2511517061.0,-137000000.0,0.0,0.0,1804000000.0,-44000000.0,3745000000.0,-2482000000.0,-2481000000.0,-1400000000.0,0.0,13000000.0,12000000.0,12000000.0,0.0,3000000.0,0.037,302000000.0,21000000.0,0.0,3.75,0.528,7.218,7.196,447812000.0,1000000.0,8.06,1.464,1.464,0.0,1667105000.0,323000000.0,323000000.0,0.0,,,,,7000000.0,221000000.0,1.0,311602613.0,311597000,313170000.0,1.037,45639699000.0,0.0,5000000.0,0.0,146.47,
6,FHN,MRQ,2019-12-31,2019-12-31,2019-12-31,2021-09-07,-239000000.0,43311000000.0,,,,,15.362,-14601000.0,1749000000.0,1749000000.0,0.0,120910000.0,,7.997,4309000000.0,,,4309000000.0,0.0,17230000.0,32430000000.0,0.034,0.14,155144000.0,172374000.0,0.355,172374000.0,155144000.0,155144000.0,0.38,0.38,0.38,4781000000.0,,4781000000.0,8436341948.0,15.0,13.1,98827000.0,0.318,1.0,485706000.0,1.0,1564000000.0,0.0,44307000000.0,,0.0,37246000000.0,,,38235000000.0,,,5153135948.0,-228355000.0,0.0,248000.0,-835270000.0,-43545000.0,-397029000.0,55246000.0,61228000.0,113428000.0,0.0,118465000.0,117115000.0,117115000.0,0.0,2445000.0,0.241,328117000.0,157589000.0,0.0,0.368,1.078,11.846,11.914,455000000.0,1350000.0,16.56,2.833,2.855,0.0,1798000000.0,485706000.0,485706000.0,0.0,,,,,5522000.0,285039000.0,1.0,311179707.0,311222000,313425000.0,1.561,41747000000.0,0.0,36679000.0,0.0,134.139,
7,FHN,MRQ,2019-09-30,2019-09-30,2019-09-30,2021-09-07,-240654000.0,43717684000.0,,,,,15.071,-10069000.0,1860092000.0,1860092000.0,0.0,113943000.0,,8.238,5143298000.0,,,5143298000.0,0.0,16784000.0,31944660000.0,0.033,0.14,146856000.0,163640000.0,0.357,163640000.0,146856000.0,146856000.0,0.35,0.35,0.35,4700612000.0,,4700612000.0,6701567750.0,12.0,10.971,359217000.0,1.152,1.0,458045000.0,1.0,1569193000.0,0.0,45431697000.0,,0.0,37694201000.0,,,38721641000.0,,,5062144750.0,245975000.0,0.0,-23054000.0,1658230000.0,-43744000.0,1223372000.0,-1346683000.0,-1341399000.0,369286000.0,0.0,111060000.0,109510000.0,109510000.0,0.0,2883000.0,0.239,308306000.0,149739000.0,0.0,0.4,1.077,12.216,12.366,451600000.0,1550000.0,16.2,2.911,2.906,0.0,1725846000.0,458045000.0,458045000.0,0.0,,,,,5822000.0,213870000.0,1.0,312478071.0,311888000,313805000.0,1.469,42148491000.0,0.0,35796000.0,0.0,135.14,
8,FHN,MRQ,2019-06-30,2019-06-30,2019-06-30,2021-09-07,-262489000.0,42171770000.0,,,,,14.744,-1415000.0,1842885000.0,1842885000.0,0.0,113742000.0,,8.043,3482308000.0,,,3482308000.0,0.0,17370000.0,32308318000.0,0.035,0.14,145357000.0,162727000.0,0.363,162727000.0,145357000.0,145357000.0,0.35,0.35,0.35,4630650000.0,,4630650000.0,4886123596.0,7.0,5.949,223382000.0,0.711,1.0,448603000.0,1.0,1575399000.0,0.0,42235794000.0,,0.0,36247239000.0,,,37245689000.0,,,4708341596.0,36835000.0,0.0,-49278000.0,1071042000.0,-44952000.0,817871000.0,-1005833000.0,-1016015000.0,224797000.0,0.0,110890000.0,109340000.0,109340000.0,0.0,2852000.0,0.244,300394000.0,148209000.0,0.0,0.4,1.017,8.186,8.341,454271000.0,1550000.0,14.93,2.435,2.425,0.0,1660520000.0,448603000.0,448603000.0,0.0,,,,,5224000.0,223255000.0,1.0,315361125.0,314063000,315786000.0,1.428,40596371000.0,0.0,34467000.0,0.0,129.262,
9,FHN,MRQ,2019-03-31,2019-03-31,2019-03-31,2021-09-07,-321151000.0,41099003000.0,,,,,14.337,-2915000.0,2226124000.0,2226124000.0,0.0,103405000.0,,7.966,2403906000.0,,,2403906000.0,0.0,17616000.0,32462888000.0,0.036,0.14,127643000.0,145259000.0,0.341,145259000.0,127643000.0,127643000.0,0.31,0.31,0.31,4551090000.0,,4551090000.0,4070871553.0,6.0,5.221,119574000.0,0.377,1.0,426553000.0,1.0,1581605000.0,0.0,39695180000.0,,0.0,34825976000.0,,,36252482000.0,,,4448921553.0,-192455000.0,0.0,-52916000.0,93998000.0,-38759000.0,-222214000.0,-92730000.0,-96814000.0,122489000.0,0.0,100585000.0,99035000.0,99035000.0,0.0,2820000.0,0.232,296090000.0,130463000.0,0.0,0.452,0.978,8.127,8.272,484494000.0,1550000.0,13.98,2.313,2.307,0.0,1595568000.0,426553000.0,426553000.0,0.0,,,,,5432000.0,227344000.0,1.0,318234732.0,317435000,319581000.0,1.344,39517398000.0,0.0,27058000.0,0.0,124.49,
10,FHN,MRQ,2018-12-31,2018-12-31,2018-12-31,2021-09-07,-376616000.0,40832258000.0,,,,,13.967,-7866000.0,2682936000.0,2682936000.0,0.0,101298000.0,,8.028,2304886000.0,,,2304886000.0,0.0,17906000.0,32682992000.0,0.036,0.12,121300000.0,139206000.0,0.343,139206000.0,121300000.0,121300000.0,0.3,0.3,0.3,4489949000.0,,4489949000.0,5674226459.0,8.0,7.322,356979000.0,1.11,1.0,405681000.0,1.0,1587821000.0,0.0,38866387000.0,,0.0,34200370000.0,,,36046878000.0,,,4263087459.0,-38164000.0,-212590000.0,-80446000.0,-1088342000.0,-39247000.0,462558000.0,-865567000.0,-865224000.0,364845000.0,0.0,97853000.0,96503000.0,96503000.0,0.0,3445000.0,0.238,280936000.0,124745000.0,0.0,0.4,0.949,7.909,7.928,494041000.0,1350000.0,13.16,2.203,2.206,0.0,1542408000.0,405681000.0,405681000.0,0.0,,,,,5535000.0,237158000.0,1.0,323942816.0,321477000,323845000.0,1.262,39244437000.0,0.0,23447000.0,0.0,122.075,
11,FHN,MRQ,2018-09-30,2018-09-30,2018-09-30,2021-09-07,-437649000.0,40635924000.0,,,,,13.707,8350000.0,1974891000.0,1974891000.0,0.0,274716000.0,,8.072,3386030000.0,,,3386030000.0,0.0,18399000.0,31008085000.0,0.026,0.12,355758000.0,374157000.0,0.573,374157000.0,355758000.0,355758000.0,0.83,0.83,0.83,4446500000.0,,4446500000.0,7510843873.0,12.0,11.182,-166378000.0,-0.513,1.0,652672000.0,1.0,1571317000.0,0.0,40475746000.0,,0.0,34493756000.0,,,35893993000.0,,,5609557873.0,-33810000.0,240206000.0,-19184000.0,-743426000.0,-39001000.0,-775795000.0,916713000.0,656413000.0,-174728000.0,0.0,271833000.0,270283000.0,270283000.0,0.0,2883000.0,0.414,294031000.0,358641000.0,0.0,0.145,1.262,14.396,15.55,506453000.0,1550000.0,17.26,2.95,2.944,0.0,1484959000.0,652672000.0,652672000.0,0.0,,,,,6012000.0,216498000.0,1.0,325003353.0,324406000,327252000.0,2.012,39064607000.0,0.0,83925000.0,0.0,120.419,
12,FHN,MRQ,2018-06-30,2018-06-30,2018-06-30,2021-09-07,-412114000.0,41076795000.0,,,,,13.084,-3083000.0,2227654000.0,2227654000.0,0.0,85992000.0,,8.586,4128940000.0,,,4128940000.0,0.0,18243000.0,30977867000.0,0.024,0.12,102837000.0,121080000.0,0.276,121080000.0,102837000.0,102837000.0,0.25,0.25,0.25,4254318000.0,,4254318000.0,7706729644.0,23.0,19.739,245178000.0,0.754,1.0,438457000.0,1.0,1577231000.0,0.0,41400850000.0,,0.0,34714874000.0,,,36527046000.0,,,5837135644.0,43989000.0,-45999000.0,-2513000.0,522860000.0,-39399000.0,635494000.0,-839766000.0,-804806000.0,248261000.0,0.0,83140000.0,81590000.0,81590000.0,0.0,2852000.0,0.186,332768000.0,105689000.0,0.0,0.48,1.372,31.263,31.298,525175000.0,1550000.0,17.84,3.715,3.692,0.0,1254069000.0,438457000.0,438457000.0,0.0,,,,,5547000.0,220392000.0,1.0,327193702.0,325153000,328426000.0,1.348,39499564000.0,0.0,19697000.0,0.0,121.48,
13,FHN,MRQ,2018-03-31,2018-03-31,2018-03-31,2021-09-07,-390085000.0,40463195000.0,,,,,13.1,-15401000.0,1742382000.0,1742382000.0,0.0,94994000.0,,8.391,3611976000.0,,,3611976000.0,0.0,18452000.0,30818951000.0,0.021,0.12,122105000.0,140557000.0,0.321,140557000.0,122105000.0,122105000.0,0.28,0.27,0.28,4277097000.0,,4277097000.0,8417358978.0,25.0,21.617,-219779000.0,-0.673,1.0,438190000.0,1.0,1572916000.0,0.0,40759873000.0,,0.0,34542944000.0,,,35890667000.0,,,6154272978.0,-19015000.0,-27617000.0,2143000.0,-1288092000.0,-21353000.0,-1083257000.0,1268620000.0,1300617000.0,-204378000.0,0.0,92174000.0,90624000.0,90624000.0,0.0,2820000.0,0.207,313265000.0,124925000.0,0.0,0.429,1.439,31.412,26.521,531981000.0,1550000.0,18.83,4.206,4.202,0.0,1211655000.0,438190000.0,438190000.0,0.0,,,,,5906000.0,219952000.0,1.0,326833403.0,326489000,330344000.0,1.342,38890279000.0,0.0,29931000.0,0.0,119.117,
14,FHN,MRQ,2017-12-31,2017-12-31,2017-12-31,2021-09-07,-322825000.0,41423388000.0,,,,,16.144,-21812000.0,2637646000.0,2637646000.0,0.0,-48381000.0,,8.598,4900732000.0,,,4900732000.0,0.0,13219000.0,30620362000.0,0.018,0.09,22698000.0,35917000.0,0.096,35917000.0,22698000.0,22698000.0,-0.25,-0.25,-0.25,4285057000.0,,4285057000.0,6496629995.0,22.0,19.061,260663000.0,0.982,1.0,372278000.0,1.0,1571242000.0,0.0,42115232000.0,,0.0,34846985000.0,,,36842900000.0,,,4682267995.0,364291000.0,-212663000.0,690000.0,795245000.0,-21054000.0,1145883000.0,-1064067000.0,-839415000.0,282475000.0,0.0,-51291000.0,-52841000.0,-52841000.0,0.0,2910000.0,-0.142,346670000.0,25608000.0,0.0,-0.36,1.093,29.39,30.288,532251000.0,1550000.0,19.99,3.514,3.622,0.0,1160434000.0,372278000.0,372278000.0,0.0,,,,,5656000.0,220645000.0,1.0,234230515.0,265430000,268696000.0,1.403,39852146000.0,0.0,73989000.0,0.0,150.142,
15,FHN,MRQ,2017-09-30,2017-09-30,2017-09-30,2021-09-07,-232384000.0,29622636000.0,,,,,11.072,-9423000.0,1692081000.0,1692081000.0,0.0,71769000.0,,10.331,3506443000.0,,,3506443000.0,0.0,10399000.0,22099254000.0,0.018,0.09,82482000.0,92881000.0,0.288,92881000.0,82482000.0,82482000.0,0.29,0.28,0.29,2588120000.0,,2588120000.0,5967510236.0,17.0,15.168,125442000.0,0.537,1.0,322234000.0,1.0,279492000.0,0.0,31157506000.0,,0.0,25834520000.0,,,26739085000.0,,,4483693236.0,8675000.0,0.0,2018000.0,356071000.0,-21041000.0,98715000.0,-224905000.0,-217537000.0,134865000.0,0.0,68886000.0,67336000.0,67336000.0,0.0,2883000.0,0.209,236869000.0,85365000.0,0.0,0.31,1.732,16.891,16.798,293393000.0,1550000.0,19.15,3.503,3.497,0.0,1177126000.0,322234000.0,322234000.0,0.0,,,,,5131000.0,171975000.0,1.0,234135417.0,233749000,236340000.0,1.379,29343144000.0,0.0,13596000.0,0.0,125.533,
16,FHN,MRQ,2017-06-30,2017-06-30,2017-06-30,2021-09-07,-237462000.0,29369956000.0,,,,,10.842,-9095000.0,1652746000.0,1652746000.0,0.0,95204000.0,,10.485,3136563000.0,,,3136563000.0,0.0,10430000.0,22333349000.0,0.018,0.09,109605000.0,120035000.0,0.363,120035000.0,109605000.0,109605000.0,0.39,0.38,0.39,2531457000.0,,2531457000.0,2757291215.0,8.0,6.84,-383754000.0,-1.644,1.0,330374000.0,1.0,281456000.0,0.0,30572317000.0,,0.0,25591969000.0,,,26543068000.0,,,4074246215.0,-156927000.0,-123971000.0,-2159000.0,873584000.0,-21344000.0,-300619000.0,518351000.0,640803000.0,-374659000.0,0.0,92352000.0,90802000.0,90802000.0,0.0,2852000.0,0.275,217917000.0,112457000.0,0.0,0.231,1.609,15.591,15.554,292463000.0,1550000.0,17.42,3.165,3.159,0.0,1131162000.0,330374000.0,330374000.0,0.0,,,,,4811000.0,173075000.0,1.0,233883250.0,233482000,236263000.0,1.415,29088500000.0,0.0,17253000.0,0.0,124.586,
17,FHN,MRQ,2017-03-31,2017-03-31,2017-03-31,2021-09-07,-249958000.0,29618600000.0,,,,,10.49,-9300000.0,3342604000.0,3342604000.0,0.0,58388000.0,,10.993,2025649000.0,,,2025649000.0,0.0,9383000.0,23479841000.0,0.016,0.09,82622000.0,92005000.0,0.299,92005000.0,82622000.0,82622000.0,0.23,0.23,0.23,2445029000.0,,2445029000.0,4216329460.0,12.0,11.083,-80779000.0,-0.347,1.0,307647000.0,1.0,211156000.0,0.0,28090489000.0,,0.0,24212624000.0,,,26878140000.0,,,4323064460.0,198213000.0,0.0,29000.0,36870000.0,-16465000.0,823673000.0,-553981000.0,-547097000.0,-71479000.0,0.0,55568000.0,54018000.0,54018000.0,0.0,2820000.0,0.176,222205000.0,85442000.0,0.0,0.391,1.768,19.04,19.072,290497000.0,1550000.0,18.5,3.391,3.382,0.0,1061409000.0,307647000.0,307647000.0,0.0,,,,,5029000.0,169827000.0,1.0,233679160.0,233076000,236855000.0,1.32,29407444000.0,0.0,27054000.0,0.0,126.171,
18,FHN,MRQ,2016-12-31,2016-12-31,2016-12-31,2021-09-07,-247654000.0,28555231000.0,,,,,10.354,-19490000.0,2097828000.0,2097828000.0,0.0,57723000.0,,10.728,1991093000.0,,,1991093000.0,0.0,9655000.0,22672363000.0,0.014,0.07,78852000.0,88507000.0,0.277,88507000.0,78852000.0,78852000.0,0.23,0.23,0.23,2409653000.0,,2409653000.0,6028308186.0,18.0,16.23,422811000.0,1.817,1.0,319628000.0,1.0,212388000.0,0.0,28236108000.0,,0.0,24475271000.0,,,25850147000.0,,,4667024186.0,-119757000.0,0.0,3174000.0,-725509000.0,-16360000.0,355189000.0,-917247000.0,-904745000.0,442301000.0,0.0,54844000.0,53294000.0,53294000.0,0.0,2879000.0,0.167,237897000.0,81731000.0,0.0,0.304,1.937,21.132,21.063,289385000.0,1550000.0,20.01,3.673,3.665,0.0,1029032000.0,319628000.0,319628000.0,0.0,,,,,5158000.0,177364000.0,1.0,233234592.0,232730000,236843000.0,1.373,28342843000.0,0.0,24008000.0,0.0,121.784,
19,FHN,MRQ,2016-09-30,2016-09-30,2016-09-30,2021-09-07,-160828000.0,28449222000.0,,,,,10.563,-7420000.0,1377385000.0,1377385000.0,0.0,67635000.0,,10.495,2738669000.0,,,2738669000.0,0.0,9295000.0,21574180000.0,0.018,0.07,93299000.0,102594000.0,0.311,102594000.0,93299000.0,93299000.0,0.27,0.27,0.27,2449151000.0,,2449151000.0,4585730842.0,15.0,13.324,-246310000.0,-1.062,1.0,329740000.0,1.0,213688000.0,0.0,29596818000.0,,0.0,25032650000.0,,,25704640000.0,,,3533649842.0,-48399000.0,0.0,10800000.0,165626000.0,-16184000.0,1100007000.0,-909516000.0,-906888000.0,-238890000.0,0.0,64752000.0,63202000.0,63202000.0,0.0,2883000.0,0.192,233558000.0,96182000.0,0.0,0.259,1.443,16.468,16.736,279178000.0,1550000.0,15.23,2.83,2.828,0.0,992264000.0,329740000.0,329740000.0,0.0,,,,,4582000.0,181051000.0,1.0,232019031.0,231856000,234092000.0,1.422,28235534000.0,0.0,28547000.0,0.0,121.78,
20,FHN,MRQ,2016-06-30,2016-06-30,2016-06-30,2021-09-07,-152334000.0,27541070000.0,,,,,10.349,-13714000.0,1527693000.0,1527693000.0,0.0,60940000.0,,10.369,2579774000.0,,,2579774000.0,0.0,9213000.0,20630177000.0,0.019,0.07,88104000.0,97317000.0,0.306,97317000.0,88104000.0,88104000.0,0.24,0.24,0.24,2396493000.0,,2396493000.0,3604511060.0,13.0,11.226,74599000.0,0.322,1.0,317778000.0,1.0,214923000.0,0.0,28378228000.0,,0.0,23891030000.0,,,24849146000.0,,,3204498060.0,123781000.0,0.0,-13285000.0,138695000.0,-16613000.0,406956000.0,-371488000.0,-365351000.0,88313000.0,0.0,58088000.0,56538000.0,56538000.0,0.0,2852000.0,0.178,226822000.0,90956000.0,0.0,0.292,1.337,15.246,15.483,279676000.0,1550000.0,13.78,2.656,2.644,0.0,945663000.0,317778000.0,317778000.0,0.0,,,,,3855000.0,179196000.0,1.0,232547029.0,231573000,233576000.0,1.372,27326147000.0,0.0,30016000.0,0.0,118.002,
21,FHN,MRQ,2016-03-31,2016-03-31,2016-03-31,2021-09-07,-170441000.0,26963682000.0,,,,,10.004,-10534000.0,2034089000.0,2034089000.0,0.0,52213000.0,,10.36,2434102000.0,,,2434102000.0,0.0,9422000.0,20327834000.0,0.019,0.07,73601000.0,83023000.0,0.274,83023000.0,73601000.0,73601000.0,0.2,0.2,0.2,2347517000.0,,2347517000.0,3735948062.0,14.0,12.135,-122267000.0,-0.521,1.0,303379000.0,1.0,216222000.0,0.0,27147473000.0,,0.0,22907489000.0,,,24320734000.0,,,3114511062.0,51106000.0,0.0,-75606000.0,164038000.0,-14347000.0,430400000.0,-267561000.0,-267545000.0,-111733000.0,0.0,49362000.0,47812000.0,47812000.0,0.0,2851000.0,0.158,226927000.0,76452000.0,0.0,0.35,1.327,15.252,15.057,274347000.0,1550000.0,13.1,2.631,2.597,0.0,905595000.0,303379000.0,303379000.0,0.0,,,,,3941000.0,171941000.0,1.0,237748936.0,234651000,236666000.0,1.293,26747460000.0,0.0,24239000.0,0.0,113.988,
22,FHN,MRQ,2015-12-31,2015-12-31,2015-12-31,2021-09-07,-214192000.0,26192637000.0,,,,,9.848,-14228000.0,1633899000.0,1633899000.0,0.0,51429000.0,,10.048,2252837000.0,,,2252837000.0,0.0,9952000.0,19967478000.0,0.017,0.06,51296000.0,61248000.0,0.206,61248000.0,51296000.0,51296000.0,0.2,0.2,0.2,2344155000.0,,2344155000.0,3984954614.0,41.0,28.907,140535000.0,0.59,1.0,297884000.0,1.0,217522000.0,0.0,26594053000.0,,0.0,22532583000.0,,,23553051000.0,,,3401127614.0,-82815000.0,-5087000.0,-12237000.0,-24656000.0,-13969000.0,702627000.0,-940205000.0,-941063000.0,154763000.0,0.0,48581000.0,47031000.0,47031000.0,0.0,2848000.0,0.158,243740000.0,54144000.0,0.0,0.3,1.451,42.685,42.706,275619000.0,1550000.0,14.52,2.927,2.926,0.0,874303000.0,297884000.0,297884000.0,0.0,,,,,4300000.0,175543000.0,1.0,234237439.0,238026000,240550000.0,1.251,25975115000.0,0.0,2715000.0,0.0,109.127,
23,FHN,MRQ,2015-09-30,2015-09-30,2015-09-30,2021-09-07,-176676000.0,25386073000.0,,,,,9.801,-9194000.0,1710567000.0,1710567000.0,0.0,63332000.0,,9.981,2293148000.0,,,2293148000.0,0.0,10256000.0,18865220000.0,0.016,0.06,69252000.0,79508000.0,0.276,79508000.0,69252000.0,69252000.0,0.25,0.25,0.25,2284814000.0,,2284814000.0,4381803916.0,41.0,29.386,92345000.0,0.396,1.0,287665000.0,1.0,171556000.0,0.0,25797098000.0,,0.0,21698668000.0,,,22805828000.0,,,3318414916.0,-54408000.0,0.0,2124000.0,-272501000.0,-13958000.0,-97276000.0,-58671000.0,-51379000.0,101539000.0,0.0,60355000.0,58805000.0,58805000.0,0.0,2977000.0,0.204,215436000.0,72229000.0,0.0,0.24,1.452,41.606,41.706,269332000.0,1550000.0,14.18,2.919,2.908,0.0,841737000.0,287665000.0,287665000.0,0.0,,,,,2931000.0,152520000.0,1.0,234020798.0,233111000,235058000.0,1.234,25214517000.0,0.0,8897000.0,0.0,108.165,
24,FHN,MRQ,2015-06-30,2015-06-30,2015-06-30,2021-09-07,-188248000.0,25237392000.0,,,,,9.547,31822000.0,1513230000.0,1513230000.0,0.0,54957000.0,,10.223,2574244000.0,,,2574244000.0,0.0,10382000.0,18674473000.0,0.014,0.06,73696000.0,84078000.0,0.285,84078000.0,73696000.0,73696000.0,0.22,0.22,0.22,2222474000.0,,2222474000.0,4807505028.0,47.0,33.426,284500000.0,1.222,1.0,294941000.0,1.0,172854000.0,0.0,26125552000.0,,0.0,21744503000.0,,,22719487000.0,,,3658922028.0,10893000.0,0.0,-1889000.0,-157396000.0,-14271000.0,-141892000.0,-99893000.0,-132039000.0,252678000.0,0.0,52106000.0,50556000.0,50556000.0,0.0,2851000.0,0.171,218394000.0,76547000.0,0.0,0.273,1.646,54.59,54.034,269507000.0,1550000.0,15.67,3.153,3.143,0.0,797123000.0,294941000.0,294941000.0,0.0,,,,,3563000.0,163713000.0,1.0,233498534.0,232800000,234669000.0,1.267,25064538000.0,0.0,21590000.0,0.0,107.666,
25,FHN,MRQ,2015-03-31,2015-03-31,2015-03-31,2021-09-07,-169159000.0,25713319000.0,,,,,9.466,-7204000.0,1596026000.0,1596026000.0,0.0,-72405000.0,,10.534,2742040000.0,,,2742040000.0,0.0,10443000.0,18638554000.0,0.015,0.06,-97424000.0,-86981000.0,-0.309,-86981000.0,-97424000.0,-97424000.0,-0.33,-0.33,-0.33,2203826000.0,,2203826000.0,4290293922.0,30.0,23.53,-148790000.0,-0.639,1.0,281555000.0,1.0,174152000.0,0.0,26685181000.0,,0.0,21994999000.0,,,23214062000.0,,,3347076922.0,85988000.0,0.0,-13427000.0,-892924000.0,-11749000.0,-352791000.0,580365000.0,586715000.0,-141586000.0,0.0,-75163000.0,-76713000.0,-76713000.0,0.0,2758000.0,-0.272,376221000.0,-94666000.0,0.0,-0.182,1.519,35.611,35.725,301069000.0,1550000.0,14.29,2.925,2.908,0.0,760713000.0,281555000.0,281555000.0,0.0,,,,,3002000.0,167626000.0,1.0,234225117.0,232816000,232816000.0,1.209,25539167000.0,0.0,-22261000.0,0.0,109.697,
26,FHN,MRQ,2014-12-31,2014-12-31,2014-12-31,2021-09-07,-188246000.0,25668187000.0,,,,,9.783,-7261000.0,2693372000.0,2693372000.0,0.0,51640000.0,,10.098,3636589000.0,,,3636589000.0,0.0,10149000.0,18068939000.0,0.015,0.05,62359000.0,72508000.0,0.266,72508000.0,62359000.0,62359000.0,0.2,0.2,0.2,2286159000.0,,2286159000.0,5698220499.0,19.0,16.441,106808000.0,0.457,1.0,272648000.0,1.0,175450000.0,0.0,26435954000.0,,0.0,21028387000.0,,,23086597000.0,,,3194675499.0,161674000.0,413352000.0,-13756000.0,-51419000.0,-11707000.0,1408604000.0,-1360999000.0,-1801109000.0,114069000.0,0.0,48660000.0,47110000.0,47110000.0,0.0,2980000.0,0.173,207309000.0,65339000.0,0.0,0.25,1.397,14.768,14.761,302996000.0,1550000.0,13.58,2.776,2.773,0.0,851585000.0,272648000.0,272648000.0,0.0,,,,,2443000.0,156691000.0,1.0,235248564.0,233677000,235433000.0,1.167,25492737000.0,0.0,13699000.0,0.0,109.094,
27,FHN,MRQ,2014-09-30,2014-09-30,2014-09-30,2021-09-07,-132835000.0,23982597000.0,,,,,9.843,-5217000.0,1185216000.0,1185216000.0,0.0,50498000.0,,9.226,3688761000.0,,,3688761000.0,0.0,9757000.0,16144771000.0,0.016,0.05,64465000.0,74222000.0,0.238,74222000.0,64465000.0,64465000.0,0.2,0.19,0.2,2316383000.0,,2316383000.0,5561053457.0,20.0,17.799,194847000.0,0.828,1.0,311356000.0,1.0,160987000.0,0.0,26325155000.0,,0.0,20740012000.0,,,21370783000.0,,,2912160457.0,-183391000.0,0.0,-23712000.0,-302166000.0,-11781000.0,-361170000.0,-22285000.0,-31513000.0,200064000.0,0.0,47623000.0,46073000.0,46073000.0,0.0,2875000.0,0.148,244016000.0,67340000.0,0.0,0.25,1.257,13.488,13.348,295833000.0,1550000.0,12.28,2.521,2.501,0.0,816483000.0,311356000.0,311356000.0,0.0,,,,,8736000.0,157786000.0,1.0,237146617.0,235329000,236862000.0,1.323,23821610000.0,0.0,16842000.0,0.0,101.227,
28,FHN,MRQ,2014-06-30,2014-06-30,2014-06-30,2021-09-07,-122111000.0,24218345000.0,,,,,9.838,-11667000.0,1349042000.0,1349042000.0,0.0,81929000.0,,9.312,3997935000.0,,,3997935000.0,0.0,9934000.0,16157487000.0,0.017,0.05,112648000.0,122582000.0,0.44,122582000.0,112648000.0,112648000.0,0.33,0.33,0.33,2319844000.0,,2319844000.0,4306800162.0,61.0,38.848,36418000.0,0.154,1.0,278669000.0,1.0,161968000.0,0.0,26705270000.0,,0.0,20804194000.0,,,21603070000.0,,,2805910162.0,21021000.0,0.0,-2125000.0,742966000.0,-11983000.0,206768000.0,-233832000.0,-226747000.0,48085000.0,0.0,79070000.0,77520000.0,77520000.0,0.0,2859000.0,0.278,163162000.0,115507000.0,0.0,0.152,1.21,44.973,43.926,300533000.0,1550000.0,11.86,2.454,2.446,0.0,782102000.0,278669000.0,278669000.0,0.0,,,,,4399000.0,154156000.0,1.0,236586017.0,235797000,237250000.0,1.182,24056377000.0,0.0,33578000.0,0.0,102.022,
29,FHN,MRQ,2014-03-31,2014-03-31,2014-03-31,2021-09-07,-140119000.0,23936836000.0,,,,,9.512,-3752000.0,1757641000.0,1757641000.0,0.0,49979000.0,,9.568,3258531000.0,,,3258531000.0,0.0,10045000.0,16672743000.0,0.016,0.05,67232000.0,77277000.0,0.268,77277000.0,67232000.0,67232000.0,0.19,0.19,0.19,2237081000.0,,2237081000.0,4764979871.0,321.0,85.698,338738000.0,1.44,1.0,288089000.0,1.0,162950000.0,0.0,25274776000.0,,0.0,20170241000.0,,,21404324000.0,,,2916758871.0,244192000.0,0.0,-2122000.0,75666000.0,-11895000.0,-230040000.0,131742000.0,135494000.0,342490000.0,0.0,47166000.0,45616000.0,45616000.0,0.0,2813000.0,0.158,218044000.0,70045000.0,39510000.0,0.263,1.304,113.431,112.182,299183000.0,1550000.0,12.34,2.531,2.519,51082000.0,716540000.0,288089000.0,288089000.0,0.0,,,,,2993000.0,174166000.0,1.0,236366197.0,235183000,237401000.0,1.225,23773886000.0,0.0,20066000.0,0.0,101.087,
30,FHN,MRQ,2013-12-31,2013-12-31,2013-12-31,2021-09-07,-150009000.0,23789833000.0,,,,,9.388,-7635000.0,1558206000.0,1558206000.0,0.0,51190000.0,,9.654,3406427000.0,,,3406427000.0,0.0,11135000.0,16734956000.0,0.017,0.05,27223000.0,38358000.0,0.138,38358000.0,27223000.0,27223000.0,0.2,0.2,0.2,2205320000.0,,2205320000.0,5109334248.0,680.0,106.575,309527000.0,1.318,1.0,277178000.0,1.0,163931000.0,0.0,25474123000.0,,0.0,19960251000.0,,,21289082000.0,,,2753222248.0,-196907000.0,2359000.0,-95000.0,-145671000.0,-11762000.0,287642000.0,-801711000.0,-932582000.0,317162000.0,0.0,48256000.0,46706000.0,46706000.0,6000.0,2934000.0,0.169,247015000.0,30163000.0,21173000.0,0.25,1.248,130.695,129.444,305244000.0,1550000.0,11.65,2.359,2.376,45255000.0,695207000.0,277178000.0,277178000.0,0.0,,,,,3752000.0,158568000.0,1.0,236328090.0,234918000,242206000.0,1.18,23625902000.0,0.0,-21033000.0,0.0,100.571,
31,FHN,MRQ,2013-09-30,2013-09-30,2013-09-30,2021-09-07,-176391000.0,23858753000.0,,,,,9.025,-3004000.0,1208995000.0,1208995000.0,0.0,-103026000.0,,10.022,3565107000.0,,,3565107000.0,0.0,9641000.0,16283909000.0,0.015,0.05,-136995000.0,-127354000.0,-0.425,-127354000.0,-136995000.0,-136995000.0,-0.45,-0.45,-0.45,2137862000.0,,2137862000.0,5086322526.0,631.0,108.135,22999000.0,0.097,1.0,299313000.0,1.0,162695000.0,0.0,26052170000.0,,0.0,20386365000.0,,,21425460000.0,,,2643694526.0,-12080000.0,-3938000.0,-9888000.0,-252204000.0,-11973000.0,-1006666000.0,968583000.0,975525000.0,26003000.0,0.0,-105901000.0,-107451000.0,-107451000.0,-123000.0,2875000.0,-0.359,433556000.0,-134243000.0,53784000.0,-0.111,1.237,175.766,219.8,308779000.0,1550000.0,10.99,2.218,2.184,83154000.0,657676000.0,299313000.0,299313000.0,0.0,,,,,4393000.0,185198000.0,1.0,240554552.0,236895000,236895000.0,1.263,23696058000.0,0.0,-31094000.0,0.0,100.028,
32,FHN,MRQ,2013-06-30,2013-06-30,2013-06-30,2021-09-07,-188665000.0,24852800000.0,,,,,9.409,-10289000.0,1381046000.0,1381046000.0,0.0,45236000.0,,9.91,3823674000.0,,,3823674000.0,0.0,9920000.0,17011884000.0,0.011,0.05,57401000.0,67321000.0,0.234,67321000.0,57401000.0,57401000.0,0.17,0.17,0.17,2250977000.0,,2250977000.0,5463282197.0,31.0,25.368,25630000.0,0.107,1.0,287651000.0,1.0,163623000.0,0.0,27131805000.0,,0.0,21166462000.0,,,22306392000.0,,,2701718197.0,-4800000.0,54872000.0,-48420000.0,-443617000.0,-12006000.0,-63521000.0,22802000.0,-21781000.0,35919000.0,0.0,42393000.0,40843000.0,40843000.0,-1000.0,2843000.0,0.142,227408000.0,60243000.0,90231000.0,0.294,1.2,18.218,18.667,314764000.0,1550000.0,11.2,2.271,2.253,151660000.0,777108000.0,287651000.0,287651000.0,0.0,,,,,4868000.0,181180000.0,1.0,241224839.0,239248000,240891000.0,1.202,24689177000.0,0.0,15008000.0,0.0,103.195,
33,FHN,MRQ,2013-03-31,2013-03-31,2013-03-31,2021-09-07,-151639000.0,24803048000.0,,,,,9.567,-5656000.0,1472878000.0,1472878000.0,0.0,44969000.0,,9.635,4234442000.0,,,4234442000.0,0.0,9730000.0,16204467000.0,0.007,0.05,59886000.0,69616000.0,0.23,69616000.0,59886000.0,59886000.0,0.17,0.17,0.17,2304470000.0,,2304470000.0,5714037501.0,-61.0,-103.414,46633000.0,0.194,1.0,302809000.0,1.0,156014000.0,0.0,27408598000.0,,0.0,20986725000.0,,,22203321000.0,,,2599528501.0,-64566000.0,1638000.0,-32479000.0,-322194000.0,-2488000.0,-690134000.0,573279000.0,577297000.0,52289000.0,0.0,42156000.0,40968000.0,40968000.0,-430000.0,2813000.0,0.135,240540000.0,62269000.0,97954000.0,0.294,1.128,-150.106,-152.571,299740000.0,1188000.0,10.68,2.133,2.111,169927000.0,748427000.0,302809000.0,302809000.0,0.0,,,,,4700000.0,188420000.0,1.0,243401545.0,240870000,242799000.0,1.257,24647034000.0,0.0,17730000.0,0.0,102.325,
34,FHN,MRQ,2012-12-31,2012-12-31,2012-12-31,2021-09-07,-146343000.0,25334019000.0,,,,,9.068,-6527000.0,1459635000.0,1459635000.0,0.0,43582000.0,,10.309,4574144000.0,,,4574144000.0,0.0,9687000.0,16629709000.0,0.004,0.01,27767000.0,37454000.0,0.124,37454000.0,27767000.0,27767000.0,0.16,0.16,0.16,2214041000.0,,2214041000.0,6036887672.0,-53.0,-81.488,252586000.0,1.034,1.0,302041000.0,1.0,156942000.0,0.0,28291586000.0,,0.0,21564867000.0,,,22824813000.0,,,2449097672.0,220596000.0,0.0,-34844000.0,-324372000.0,-2462000.0,36851000.0,-75368000.0,-68841000.0,259113000.0,0.0,40681000.0,40681000.0,40681000.0,12000.0,2901000.0,0.135,271361000.0,30680000.0,110329000.0,0.062,1.106,-88.227,-90.091,303273000.0,0.0,9.91,1.91,1.92,117772000.0,719672000.0,302041000.0,302041000.0,0.0,,,,,3997000.0,225161000.0,1.0,247133973.0,244170000,244170000.0,1.237,25177077000.0,0.0,-12914000.0,0.0,103.113,
35,FHN,MRQ,2012-09-30,2012-09-30,2012-09-30,2021-09-07,-116684000.0,25739830000.0,,,,,9.069,584000.0,1326582000.0,1326582000.0,0.0,28682000.0,,10.376,4914372000.0,,,4914372000.0,0.0,9904000.0,16228111000.0,0.004,0.01,31067000.0,40971000.0,0.138,40971000.0,31067000.0,31067000.0,0.1,0.1,0.1,2236723000.0,,2236723000.0,6224569253.0,-59.0,-92.161,428526000.0,1.738,1.0,297003000.0,1.0,157921000.0,0.0,29169699000.0,,0.0,21435146000.0,,,23207942000.0,,,2396041253.0,29231000.0,3000000.0,-14831000.0,-252607000.0,-2467000.0,-163283000.0,-235428000.0,-239012000.0,427942000.0,0.0,25807000.0,25807000.0,25807000.0,-108000.0,2875000.0,0.087,263169000.0,33834000.0,574201000.0,0.1,1.071,-71.526,-64.2,305346000.0,0.0,9.63,1.801,1.786,791190000.0,681460000.0,297003000.0,297003000.0,0.0,,,,,5517000.0,202164000.0,1.0,248810099.0,246628000,248306000.0,1.204,25581909000.0,0.0,5260000.0,0.0,103.727,
36,FHN,MRQ,2012-06-30,2012-06-30,2012-06-30,2021-09-07,-122583000.0,25492955000.0,,,,,8.909,-6130000.0,1340865000.0,1340865000.0,0.0,-121930000.0,,10.354,5169393000.0,,,5169393000.0,0.0,9657000.0,16117443000.0,0.005,0.01,-212952000.0,-203295000.0,-0.642,-203295000.0,-212952000.0,-212952000.0,-0.5,-0.5,-0.5,2219241000.0,,2219241000.0,4783671339.0,-51.0,-88.339,-159347000.0,-0.64,1.0,316582000.0,1.0,158901000.0,0.0,29162582000.0,,0.0,21385447000.0,,,22978549000.0,,,2185568339.0,-107874000.0,2278000.0,-37314000.0,848749000.0,-2562000.0,-13203000.0,58546000.0,62398000.0,-153217000.0,0.0,-124774000.0,-124774000.0,-124774000.0,-487000.0,2844000.0,-0.394,527177000.0,-210595000.0,203548000.0,-0.02,0.985,-94.201,-78.636,311753000.0,0.0,8.65,1.563,1.541,377496000.0,658157000.0,316582000.0,316582000.0,0.0,,,,,5731000.0,192636000.0,1.0,252666860.0,249104000,249104000.0,1.271,25334054000.0,0.0,-88178000.0,0.0,101.701,
37,FHN,MRQ,2012-03-31,2012-03-31,2012-03-31,2021-09-07,-124613000.0,25678969000.0,,,,,9.384,-2435000.0,1725407000.0,1725407000.0,0.0,33371000.0,,9.67,4323510000.0,,,4323510000.0,0.0,9690000.0,16935170000.0,0.004,0.01,41097000.0,50787000.0,0.139,50787000.0,41097000.0,41097000.0,0.12,0.12,0.12,2379008000.0,,2379008000.0,5921525266.0,44.0,33.911,-164721000.0,-0.65,1.0,366370000.0,1.0,159880000.0,0.0,28117192000.0,,0.0,21075156000.0,,,23004796000.0,,,2661374266.0,136054000.0,0.0,-46624000.0,-207625000.0,-2575000.0,461255000.0,-162915000.0,-160480000.0,-162286000.0,0.0,30527000.0,30527000.0,30527000.0,435000.0,2844000.0,0.083,321994000.0,44376000.0,361018000.0,0.083,1.119,21.893,22.085,314903000.0,0.0,10.38,1.847,1.826,522001000.0,785361000.0,366370000.0,366370000.0,0.0,,,,,5096000.0,216874000.0,1.0,256394438.0,253527000,255369000.0,1.445,25519089000.0,0.0,10570000.0,0.0,100.656,
38,FHN,MRQ,2011-12-31,2011-12-31,2011-12-31,2021-09-07,-130156000.0,24789384000.0,,,,,9.242,-4739000.0,1281111000.0,1281111000.0,0.0,37812000.0,,9.251,4541262000.0,,,4541262000.0,0.0,9582000.0,16213009000.0,0.005,0.01,34415000.0,43997000.0,0.126,43997000.0,34415000.0,34415000.0,0.13,0.13,0.13,2389472000.0,,2389472000.0,5924875320.0,40.0,31.848,75274000.0,0.291,1.0,350072000.0,1.0,159902000.0,0.0,27889633000.0,,0.0,20625231000.0,,,22104747000.0,,,2108952320.0,-231040000.0,-127000.0,-44191000.0,-681817000.0,-2611000.0,-221583000.0,-89470000.0,-84604000.0,80013000.0,0.0,34941000.0,34941000.0,34941000.0,751000.0,2871000.0,0.1,312035000.0,38037000.0,164708000.0,0.077,0.883,16.075,16.0,321253000.0,0.0,8.0,1.462,1.445,164987000.0,757364000.0,350072000.0,350072000.0,0.0,,,,,9502000.0,215419000.0,1.0,263619040.0,258546000,260353000.0,1.354,24629482000.0,0.0,-526000.0,0.0,95.262,
39,FHN,MRQ,2011-09-30,2011-09-30,2011-09-30,2021-09-07,-83552000.0,25571469000.0,,,,,9.369,-5126000.0,1417832000.0,1417832000.0,0.0,38980000.0,,9.325,5233755000.0,,,5233755000.0,0.0,9888000.0,15698255000.0,0.173,0.01,44472000.0,54360000.0,0.149,54360000.0,44472000.0,44472000.0,0.14,0.14,0.14,2448065000.0,,2448065000.0,5093204155.0,42.0,31.898,256280000.0,0.981,1.0,365227000.0,1.0,160902000.0,0.0,29226490000.0,,0.0,20883750000.0,,,22828239000.0,,,1571643155.0,147879000.0,8226000.0,-33000.0,500554000.0,-2621000.0,296256000.0,-409783000.0,-412883000.0,261406000.0,0.0,36105000.0,36105000.0,36105000.0,-4828000.0,2875000.0,0.099,322708000.0,42519000.0,509164000.0,0.071,0.642,33.039,37.25,326667000.0,0.0,5.96,1.095,1.085,521198000.0,724977000.0,365227000.0,365227000.0,0.0,,,,,5295000.0,212770000.0,1.0,263698516.0,261284000,262803000.0,1.398,25410567000.0,0.0,8367000.0,0.0,97.253,
40,FHN,MRQ,2011-06-30,2011-06-30,2011-06-30,2021-09-07,-108508000.0,25054066000.0,,,,,9.132,-18381000.0,1174857000.0,1174857000.0,0.0,22836000.0,,9.376,4696418000.0,,,4696418000.0,0.0,9650000.0,15896027000.0,0.212,0.01,15825000.0,25475000.0,0.071,25475000.0,15825000.0,15825000.0,0.08,0.08,0.08,2386217000.0,,2386217000.0,6217144938.0,56.0,41.875,-91027000.0,-0.348,1.0,359453000.0,1.0,164067000.0,0.0,28411560000.0,,0.0,20549301000.0,,,22372684000.0,,,2512215938.0,46851000.0,16368000.0,-416000.0,-204560000.0,-2712000.0,334629000.0,-215132000.0,-213119000.0,-72646000.0,0.0,19992000.0,19992000.0,19992000.0,-3671000.0,2844000.0,0.056,344455000.0,14998000.0,464993000.0,0.125,1.053,91.888,106.0,330392000.0,0.0,9.54,1.734,1.721,625243000.0,691490000.0,359453000.0,359453000.0,0.0,,,,,2603000.0,206364000.0,1.0,263335004.0,261289000,262756000.0,1.376,24889999000.0,0.0,-4167000.0,0.0,95.259,
41,FHN,MRQ,2011-03-31,2011-03-31,2011-03-31,2021-09-07,-130379000.0,24438344000.0,,,,,8.978,-7162000.0,1173201000.0,1173201000.0,0.0,43003000.0,,9.296,4878130000.0,,,4878130000.0,0.0,9884000.0,15350967000.0,0.269,0.01,52321000.0,62205000.0,0.169,62205000.0,52321000.0,52321000.0,0.15,0.15,0.15,2344892000.0,,2344892000.0,7189124704.0,65.0,48.618,-231962000.0,-0.888,1.0,368090000.0,1.0,183625000.0,0.0,27959648000.0,,0.0,19971811000.0,,,21798287000.0,,,2951924704.0,95791000.0,0.0,-80171000.0,-620535000.0,0.0,-560783000.0,881374000.0,888536000.0,-224800000.0,0.0,40159000.0,40159000.0,40159000.0,-871000.0,2844000.0,0.109,313796000.0,54294000.0,413334000.0,0.067,1.259,293.899,560.5,320871000.0,0.0,11.21,2.042,2.026,595594000.0,674064000.0,368090000.0,368090000.0,0.0,,,,,2544000.0,209722000.0,1.0,263329590.0,261174000,265556000.0,1.409,24254719000.0,0.0,12162000.0,0.0,92.868,
42,FHN,MRQ,2010-12-31,2010-12-31,2010-12-31,2021-09-07,-127546000.0,24698952000.0,,,,,9.965,-19362000.0,1286513000.0,1286513000.0,0.0,17307000.0,,9.241,5523713000.0,,,5523713000.0,0.0,9800000.0,15208231000.0,0.34,1.0,7832000.0,17632000.0,0.051,17632000.0,7832000.0,7832000.0,-0.21,-0.21,-0.21,2382840000.0,,2382840000.0,6980886492.0,241.0,106.309,614039000.0,2.568,1.0,342401000.0,1.0,195061000.0,0.0,28741091000.0,,0.0,20502061000.0,,,22020947000.0,,,2742871492.0,-165376000.0,0.0,263098000.0,117704000.0,0.0,-277178000.0,-521599000.0,-502237000.0,633401000.0,0.0,14468000.0,-48686000.0,-48686000.0,3435000.0,2839000.0,-0.142,328295000.0,14106000.0,65506000.0,-4.762,1.151,-47.48,-47.12,322319000.0,63154000.0,11.78,1.968,1.992,146091000.0,631712000.0,342401000.0,342401000.0,0.0,,,,,7260000.0,215033000.0,1.0,232841383.0,239131000,239131000.0,1.432,24503891000.0,0.0,-6636000.0,0.0,102.471,
43,FHN,MRQ,2010-09-30,2010-09-30,2010-09-30,2021-09-07,-109958000.0,25384181000.0,,,,,12.836,-13480000.0,1200619000.0,1200619000.0,0.0,33710000.0,,7.33,5438634000.0,,,5438634000.0,0.0,9031000.0,14975920000.0,0.351,1.0,34125000.0,43156000.0,0.114,43156000.0,34125000.0,34125000.0,0.07,0.07,0.07,3011723000.0,,3011723000.0,7061082184.0,-103.0,-216.79,638355000.0,2.721,1.0,378848000.0,1.0,196443000.0,0.0,29425753000.0,,0.0,20771847000.0,,,22077293000.0,,,2610983184.0,-33617000.0,0.0,-859000.0,-267443000.0,0.0,-507841000.0,-177611000.0,-164131000.0,651835000.0,0.0,30835000.0,15875000.0,15875000.0,358000.0,2875000.0,0.042,341490000.0,37358000.0,379526000.0,14.286,0.867,-32.775,-34.576,311947000.0,14960000.0,11.41,1.957,2.007,564879000.0,737014000.0,378848000.0,378848000.0,0.0,,,,,6171000.0,218554000.0,1.0,228832882.0,234638000,238867000.0,1.615,25187738000.0,0.0,3290000.0,0.0,107.347,
44,FHN,MRQ,2010-06-30,2010-06-30,2010-06-30,2021-09-07,-105922000.0,26254226000.0,,,,,12.756,-6571000.0,1242915000.0,1242915000.0,0.0,20478000.0,,7.676,5693014000.0,,,5693014000.0,0.0,8901000.0,15201816000.0,0.349,1.0,15975000.0,24876000.0,0.07,24876000.0,15975000.0,15975000.0,0.01,0.01,0.01,2992068000.0,,2992068000.0,7132914746.0,-46.0,-59.505,-401094000.0,-1.71,1.0,356001000.0,1.0,197825000.0,0.0,30506500000.0,,0.0,21376372000.0,,,22966993000.0,,,2583997746.0,164800000.0,0.0,-397000.0,-68403000.0,0.0,49620000.0,509703000.0,516274000.0,-394523000.0,0.0,17634000.0,2696000.0,2696000.0,-129000.0,2844000.0,0.008,337311000.0,18690000.0,754079000.0,100.0,0.864,-17.413,-18.175,307452000.0,14938000.0,11.45,2.045,2.126,828866000.0,767769000.0,356001000.0,356001000.0,0.0,,,,,2461000.0,215512000.0,1.0,225676659.0,234556000,240968000.0,1.518,26056401000.0,0.0,-1659000.0,0.0,111.088,
45,FHN,MRQ,2010-03-31,2010-03-31,2010-03-31,2021-09-07,-113291000.0,25923576000.0,,,,,12.692,-3218000.0,1186538000.0,1186538000.0,0.0,-9893000.0,,7.612,5735455000.0,,,5735455000.0,0.0,8915000.0,15069700000.0,0.285,1.0,-29255000.0,-20340000.0,-0.064,-20340000.0,-29255000.0,-29255000.0,-0.12,-0.12,-0.12,2975777000.0,,2975777000.0,8188358167.0,-23.0,-25.814,-125857000.0,-0.537,1.0,318644000.0,1.0,199207000.0,0.0,30273286000.0,,0.0,21073436000.0,,,22652634000.0,,,3119009167.0,-115628000.0,0.0,9000.0,-993544000.0,0.0,-804723000.0,811734000.0,814952000.0,-122639000.0,0.0,-12737000.0,-27655000.0,-27655000.0,7077000.0,2844000.0,-0.087,337978000.0,-19334000.0,740852000.0,-8.333,1.048,-11.372,-11.907,308714000.0,14918000.0,14.05,2.759,2.914,743514000.0,809624000.0,318644000.0,318644000.0,0.0,,,,,1672000.0,223707000.0,1.0,221993535.0,234469000,234469000.0,1.359,25724369000.0,0.0,-16518000.0,0.0,109.713,
46,FHN,MRQ,2009-12-31,2009-12-31,2009-12-31,2021-09-07,-114209000.0,26068678000.0,,,,,12.176,-2753000.0,1457895000.0,1457895000.0,0.0,-52844000.0,,7.57,6527244000.0,,,6527244000.0,0.0,9302000.0,14867215000.0,0.299,1.0,-89565000.0,-80263000.0,-0.286,-80263000.0,-89565000.0,-89565000.0,-0.29,-0.29,-0.29,3007303000.0,,3007303000.0,8899039505.0,-20.0,-22.137,118764000.0,0.481,1.0,280645000.0,1.0,203784000.0,0.0,30934243000.0,,0.0,21376450000.0,,,22766210000.0,,,2929960505.0,-32288000.0,803000.0,-4000.0,-537001000.0,0.0,75764000.0,-229569000.0,-227619000.0,121517000.0,0.0,-55683000.0,-70580000.0,-70580000.0,12047000.0,2839000.0,-0.251,355324000.0,-74679000.0,292975000.0,-3.448,0.974,-8.894,-9.504,313824000.0,14897000.0,13.4,2.591,2.778,334404000.0,891580000.0,280645000.0,280645000.0,0.0,,,,,9311000.0,224065000.0,1.0,218653769.0,246980000,246980000.0,1.136,25864894000.0,0.0,-33882000.0,0.0,104.725,
47,FHN,MRQ,2009-09-30,2009-09-30,2009-09-30,2021-09-07,-116265000.0,26465852000.0,,,,,13.353,-4652000.0,1117235000.0,1117235000.0,0.0,-35014000.0,,7.511,7086314000.0,,,7086314000.0,0.0,9207000.0,14234983000.0,0.302,1.0,-53351000.0,-44144000.0,-0.143,-44144000.0,-53351000.0,-53351000.0,-0.23,-0.23,-0.23,3075044000.0,,3075044000.0,9419353398.0,-22.0,-23.685,323006000.0,1.403,1.0,308041000.0,1.0,218879000.0,0.0,32216052000.0,,0.0,21718962000.0,,,23095643000.0,,,2847200398.0,-451000.0,0.0,-23000.0,-1113721000.0,0.0,-1871355000.0,1543246000.0,1547898000.0,327658000.0,0.0,-37983000.0,-52859000.0,-52859000.0,10200000.0,2969000.0,-0.172,348223000.0,-40182000.0,542829000.0,-4.348,0.926,-8.843,-9.728,321788000.0,14876000.0,13.23,2.597,2.778,797949000.0,1005244000.0,308041000.0,308041000.0,0.0,,,,,2020000.0,226811000.0,1.0,215207891.0,230285000,230285000.0,1.338,26246973000.0,0.0,-15368000.0,0.0,113.976,
48,FHN,MRQ,2009-06-30,2009-06-30,2009-06-30,2021-09-07,-138892000.0,28758943000.0,,,,,13.683,-7345000.0,1623887000.0,1623887000.0,0.0,-105482000.0,,8.185,8196040000.0,,,8196040000.0,0.0,9908000.0,14977461000.0,0.333,1.0,-182369000.0,-172461000.0,-0.772,-172461000.0,-182369000.0,-182369000.0,-0.54,-0.54,-0.54,3098817000.0,,3098817000.0,10591648032.0,-18.0,-19.058,363209000.0,1.604,1.0,223269000.0,1.0,234345000.0,0.0,35096751000.0,,0.0,23381016000.0,,,25364961000.0,,,2539138032.0,-2705000.0,0.0,-253000.0,-1937354000.0,0.0,-1882310000.0,1509051000.0,1516396000.0,370554000.0,0.0,-108326000.0,-123182000.0,-123182000.0,308000.0,2844000.0,-0.552,402486000.0,-179217000.0,965442000.0,-1.852,0.819,-6.441,-7.018,325666000.0,14856000.0,12.0,2.624,2.808,959514000.0,1100462000.0,223269000.0,223269000.0,0.0,,,,,1063000.0,247805000.0,1.0,211594836.0,226476000,226476000.0,0.986,28524598000.0,0.0,-74043000.0,0.0,125.95,
49,FHN,MRQ,2009-03-31,2009-03-31,2009-03-31,2021-09-07,-142503000.0,31208024000.0,,,,,14.368,-6430000.0,2128481000.0,2128481000.0,0.0,-65095000.0,,8.623,10180991000.0,,,10180991000.0,0.0,10138000.0,14910055000.0,0.298,1.0,-115268000.0,-105130000.0,-0.355,-105130000.0,-115268000.0,-115268000.0,-0.37,-0.37,-0.37,3212511000.0,,3212511000.0,11473352464.0,-25.0,-27.465,-41887000.0,-0.187,1.0,295933000.0,1.0,235854000.0,0.0,39024680000.0,,0.0,24605416000.0,,,27700348000.0,,,2207496464.0,-370741000.0,0.0,-109000.0,-609052000.0,0.0,43927000.0,-379211000.0,-372781000.0,-35457000.0,0.0,-67845000.0,-82801000.0,-82801000.0,648000.0,2750000.0,-0.28,407803000.0,-111870000.0,1383447000.0,-2.703,0.687,-7.609,-8.457,330299000.0,14956000.0,10.74,1.899,2.066,1502033000.0,1265073000.0,295933000.0,295933000.0,0.0,,,,,2276000.0,297475000.0,1.0,205539708.0,223594000,223594000.0,1.324,30972170000.0,0.0,-47423000.0,0.0,138.52,
50,FHN,MRQ,2008-12-31,2008-12-31,2008-12-31,2021-09-07,-151831000.0,31021980000.0,,,,,15.867,13384000.0,1532572000.0,1532572000.0,0.0,-51495000.0,,8.369,10798428000.0,,,10798428000.0,0.0,11088000.0,14241814000.0,0.227,1.0,-87048000.0,-75960000.0,-0.282,-75960000.0,-87048000.0,-87048000.0,-0.22,-0.22,-0.22,3279467000.0,,3279467000.0,13691410595.0,-40.0,-46.117,1258568000.0,6.089,1.0,269286000.0,1.0,237490000.0,0.0,40050346000.0,,0.0,25443397000.0,,,27447348000.0,,,2130844595.0,-412450000.0,-20090000.0,-46000.0,-2656600000.0,-56506000.0,-1392391000.0,-265243000.0,-258537000.0,1245184000.0,0.0,-55731000.0,-63144000.0,-63144000.0,-443000.0,4236000.0,-0.234,352541000.0,-83255000.0,1115428000.0,-4.545,0.65,-10.686,-11.01,333931000.0,7413000.0,10.57,1.66,1.702,1178932000.0,1387854000.0,269286000.0,269286000.0,0.0,,,,,10151000.0,262090000.0,1.0,201593623.0,206681000,206681000.0,1.303,30784490000.0,0.0,-31317000.0,0.0,148.947,
51,FHN,MRQ,2008-09-30,2008-09-30,2008-09-30,2021-09-07,-48037000.0,32804376000.0,,,,,11.875,-48788000.0,1774776000.0,1774776000.0,0.0,-122220000.0,,11.612,13335342000.0,,,13335342000.0,0.0,10722000.0,13778235000.0,0.188,1.0,-212919000.0,-202197000.0,-1.128,-202197000.0,-212919000.0,-212919000.0,-0.58,-0.58,-0.58,2577641000.0,,2577641000.0,14956286449.0,-23.0,-24.881,2031233000.0,9.358,1.0,179220000.0,1.0,239295000.0,0.0,44125647000.0,,0.0,26759725000.0,,,29931458000.0,,,1832232449.0,-268128000.0,92782000.0,-149000.0,-1825375000.0,-38849000.0,-2913107000.0,564958000.0,520964000.0,2080021000.0,0.0,-125095000.0,-125095000.0,-125095000.0,1749000.0,2875000.0,-0.698,387515000.0,-208295000.0,1645118000.0,-1.724,0.711,-4.76,-3.852,336078000.0,0.0,9.36,1.602,1.777,1651547000.0,1483184000.0,179220000.0,179220000.0,0.0,,,,,1883000.0,272344000.0,1.0,195751330.0,217062000,217062000.0,0.826,32565081000.0,0.0,-87824000.0,0.0,150.027,
52,FHN,MRQ,2008-06-30,2008-06-30,2008-06-30,2021-09-07,-51599000.0,35549961000.0,,,,,14.355,19757000.0,2045187000.0,2045187000.0,0.0,-16237000.0,,12.07,15169241000.0,,,15169241000.0,0.0,13442000.0,15093947000.0,0.163,0.2,-47902000.0,-34460000.0,-0.082,-34460000.0,-47902000.0,-47902000.0,-0.1,-0.1,-0.1,2697446000.0,,2697446000.0,14458589907.0,-31.0,-35.905,881872000.0,4.693,1.0,417941000.0,1.0,241023000.0,0.0,48432992000.0,,0.0,29803490000.0,,,32557238000.0,,,942022907.0,254868000.0,-97644000.0,659616000.0,-76999000.0,0.0,-401808000.0,-205439000.0,-127552000.0,862115000.0,0.0,-19081000.0,-19081000.0,-19081000.0,0.0,2844000.0,-0.046,462999000.0,-45058000.0,868883000.0,-2.0,0.349,-3.438,-3.791,344410000.0,0.0,7.43,0.691,1.025,994571000.0,1646272000.0,417941000.0,417941000.0,0.0,,,,,1641000.0,350871000.0,1.0,126786394.0,187911000,187911000.0,2.224,35308938000.0,0.0,-28821000.0,0.0,187.902,
53,FHN,MRQ,2008-03-31,2008-03-31,2008-03-31,2021-09-07,-34397000.0,37267945000.0,,,,,15.543,-8019000.0,1796872000.0,1796872000.0,0.0,11981000.0,,16.504,15313439000.0,,,15313439000.0,0.0,14255000.0,16188542000.0,0.104,0.2,-226000.0,14029000.0,0.032,14029000.0,-226000.0,-226000.0,0.06,0.06,0.06,2112227000.0,,2112227000.0,14574072809.0,-36.0,-43.657,-14908000.0,-0.11,1.0,437168000.0,1.0,244425000.0,0.0,50540087000.0,,0.0,30756281000.0,,,34860441000.0,,,1771201809.0,-509225000.0,-15656000.0,443000.0,127050000.0,-25220000.0,-662753000.0,160417000.0,184092000.0,-6889000.0,0.0,7920000.0,7920000.0,7920000.0,-883000.0,4061000.0,0.018,434216000.0,2952000.0,1688870000.0,3.333,0.839,-7.609,-8.339,382488000.0,0.0,14.01,1.248,1.341,1680057000.0,1704559000.0,437168000.0,437168000.0,0.0,,,,,3269000.0,357097000.0,1.0,126424112.0,135896000,136496000.0,3.217,37023520000.0,0.0,-8146000.0,0.0,272.44,
54,FHN,MRQ,2007-12-31,2007-12-31,2007-12-31,2021-09-07,-48101000.0,37015461000.0,,,,,15.037,-9345000.0,2299137000.0,2299137000.0,0.0,-229825000.0,,16.194,15102008000.0,,,15102008000.0,0.0,15703000.0,17032285000.0,0.094,0.36,-394180000.0,-378477000.0,-3.462,-378477000.0,-394180000.0,-394180000.0,-1.81,-1.8,-1.81,2135596000.0,,2135596000.0,13497304550.0,-44.0,-55.781,-22454000.0,-0.158,1.0,109318000.0,1.0,249315000.0,0.0,49569017000.0,,0.0,31474139000.0,,,34584588000.0,,,2293939550.0,226384000.0,23318000.0,87000.0,1791966000.0,-56505000.0,338256000.0,-98763000.0,-112736000.0,-13109000.0,0.0,-248660000.0,-248660000.0,-248660000.0,-1825000.0,18835000.0,-2.275,486488000.0,-377170000.0,586358000.0,-0.199,1.074,-13.482,-15.125,399305000.0,0.0,18.15,1.556,1.748,524419000.0,1742892000.0,109318000.0,109318000.0,0.0,,,,,2325000.0,322725000.0,1.0,126387854.0,142027000,142027000.0,0.77,36766146000.0,0.0,-145520000.0,0.0,258.867,
55,FHN,MRQ,2007-09-30,2007-09-30,2007-09-30,2021-09-07,-65870000.0,37478252000.0,,,,,18.641,-8872000.0,2064324000.0,2064324000.0,0.0,-14156000.0,,14.353,13236696000.0,,,13236696000.0,0.0,19702000.0,18635359000.0,0.068,0.45,-23486000.0,-3784000.0,-0.01,-3784000.0,-23486000.0,-23486000.0,-0.11,-0.11,-0.11,2421827000.0,,2421827000.0,12183156023.0,63.0,46.743,651033000.0,5.011,1.0,397927000.0,1.0,325966000.0,0.0,48324658000.0,,0.0,31483951000.0,,,34761148000.0,,,3365466023.0,112851000.0,0.0,3876000.0,2491979000.0,-56421000.0,-686658000.0,139604000.0,148476000.0,659905000.0,0.0,-14156000.0,-14156000.0,-14156000.0,-209000.0,0.0,-0.036,421622000.0,-23695000.0,1053349000.0,-4.091,1.39,21.715,25.151,411515000.0,0.0,26.66,1.767,1.818,1219720000.0,2048689000.0,397927000.0,397927000.0,0.0,,,,,3775000.0,299690000.0,1.0,126236535.0,129917000,129917000.0,3.063,37152286000.0,0.0,-9330000.0,0.0,285.969,
56,FHN,MRQ,2007-06-30,2007-06-30,2007-06-30,2021-09-07,-87568000.0,38394084000.0,,,,,19.571,-7426000.0,1978721000.0,1978721000.0,0.0,22123000.0,,14.465,10738170000.0,,,10738170000.0,0.0,16142000.0,21761683000.0,0.044,0.45,18262000.0,34404000.0,0.072,34404000.0,18262000.0,18262000.0,0.18,0.17,0.18,2463482000.0,,2463482000.0,12771907478.0,41.0,34.123,136178000.0,1.082,1.0,475323000.0,1.0,341772000.0,0.0,46811761000.0,,0.0,32672396000.0,,,35635325000.0,,,4904195478.0,-698419000.0,0.0,5163000.0,257476000.0,-56264000.0,-521548000.0,-320475000.0,-313049000.0,143604000.0,0.0,22123000.0,22123000.0,22123000.0,-179000.0,0.0,0.047,457240000.0,18083000.0,1144029000.0,2.5,1.991,20.759,22.807,438807000.0,0.0,39.0,2.389,2.392,1240456000.0,2120014000.0,475323000.0,475323000.0,0.0,,,,,1382000.0,324130000.0,1.0,125748602.0,125873000,128737000.0,3.776,38052312000.0,0.0,-3861000.0,0.0,302.307,
57,FHN,MRQ,2007-03-31,2007-03-31,2007-03-31,2021-09-07,-60415000.0,38828766000.0,,,,,20.063,-7896000.0,2634638000.0,2634638000.0,0.0,70547000.0,,14.323,10521259000.0,,,10521259000.0,0.0,16537000.0,22491951000.0,0.039,0.45,89349000.0,105886000.0,0.215,105886000.0,89349000.0,89349000.0,0.56,0.55,0.56,2514676000.0,,2514676000.0,15082481947.0,34.0,29.976,-666204000.0,-5.315,1.0,492121000.0,1.0,337254000.0,0.0,46378133000.0,,0.0,32263356000.0,,,36018813000.0,,,5204965947.0,472807000.0,0.0,24312000.0,-1540417000.0,-55821000.0,710485000.0,420630000.0,428526000.0,-658308000.0,0.0,70547000.0,70547000.0,70547000.0,-240000.0,0.0,0.143,403012000.0,89109000.0,1088340000.0,0.804,2.07,16.346,17.523,445301000.0,0.0,41.53,2.424,2.424,1144135000.0,2155007000.0,492121000.0,492121000.0,0.0,,,,,-2402000.0,304280000.0,1.0,125330266.0,125342000,128704000.0,3.926,38491512000.0,0.0,18802000.0,0.0,307.092,
58,FHN,MRQ,2006-12-31,2006-12-31,2006-12-31,2021-09-07,-72448000.0,37918259000.0,,,,,16.506,-24290000.0,2164129000.0,2164129000.0,0.0,76467000.0,,14.279,12056672000.0,,,12056672000.0,0.0,16223000.0,20213232000.0,0.047,0.45,107915000.0,124138000.0,0.23,124138000.0,107915000.0,107915000.0,0.43,0.43,0.43,2462390000.0,,2462390000.0,11134783235.0,20.0,18.093,1202132000.0,8.058,1.0,539358000.0,1.0,340112000.0,0.0,47470690000.0,,0.0,32450368000.0,,,35160599000.0,,,5200237235.0,-718862000.0,13804000.0,7631000.0,3223841000.0,-55835000.0,-1897268000.0,-48016000.0,-37530000.0,1226422000.0,0.0,76467000.0,76467000.0,76467000.0,-187000.0,0.0,0.142,431630000.0,107728000.0,799489000.0,1.047,2.112,11.234,11.802,451708000.0,0.0,41.78,2.499,2.623,732282000.0,2144276000.0,539358000.0,539358000.0,0.0,,,,,6256000.0,359552000.0,1.0,124467143.0,149183000,153398000.0,3.615,37578147000.0,0.0,31448000.0,0.0,251.893,
59,FHN,MRQ,2006-09-30,2006-09-30,2006-09-30,2021-09-07,6563000.0,40076183000.0,,,,,20.222,-25237000.0,2864954000.0,2864954000.0,0.0,67110000.0,,14.846,8830454000.0,,,8830454000.0,0.0,16979000.0,25284541000.0,0.052,0.36,92886000.0,109865000.0,0.201,109865000.0,92886000.0,92886000.0,0.54,0.53,0.54,2510524000.0,,2510524000.0,11999483332.0,20.0,18.268,-958860000.0,-7.723,1.0,545854000.0,1.0,345080000.0,0.0,45696603000.0,,0.0,32589368000.0,,,37270385000.0,,,4711240332.0,467447000.0,-141715000.0,14771000.0,-936621000.0,-55601000.0,2614010000.0,-1212940000.0,-1045988000.0,-933623000.0,0.0,67110000.0,67110000.0,67110000.0,69000.0,0.0,0.123,452899000.0,92955000.0,989332000.0,0.667,1.877,9.569,9.696,441659000.0,0.0,38.01,2.246,2.25,1027927000.0,2124312000.0,545854000.0,545854000.0,0.0,,,,,5068000.0,320939000.0,1.0,123947391.0,124150000,127523000.0,4.397,39731103000.0,0.0,25776000.0,0.0,320.025,
60,FHN,MRQ,2006-06-30,2006-06-30,2006-06-30,2021-09-07,-31351000.0,37469234000.0,,,,,19.748,-23243000.0,2397507000.0,2397507000.0,0.0,104309000.0,,14.222,9715232000.0,,,9715232000.0,0.0,15939000.0,21693442000.0,0.049,0.36,147322000.0,163261000.0,0.286,163261000.0,147322000.0,147322000.0,0.84,0.82,0.84,2442193000.0,,2442193000.0,12405300648.0,19.0,17.077,740689000.0,5.989,1.0,569957000.0,1.0,356965000.0,0.0,44429994000.0,,0.0,31732633000.0,,,34731767000.0,,,4953855648.0,191128000.0,-282000.0,7567000.0,58134000.0,-55270000.0,186492000.0,-759296000.0,-735771000.0,763932000.0,0.0,104309000.0,104309000.0,104309000.0,-376000.0,0.0,0.183,423011000.0,146946000.0,1057617000.0,0.429,2.028,9.204,9.393,431385000.0,0.0,40.2,2.319,2.328,1058690000.0,2113514000.0,569957000.0,569957000.0,0.0,,,,,5895000.0,304588000.0,1.0,123230240.0,123667000,127280000.0,4.609,37112269000.0,0.0,43013000.0,0.0,300.098,
61,FHN,MRQ,2006-03-31,2006-03-31,2006-03-31,2021-09-07,-12260000.0,37300975000.0,,,,,19.122,-27443000.0,2235116000.0,2235116000.0,0.0,215028000.0,,14.422,9686561000.0,,,9686561000.0,0.0,16096000.0,21517047000.0,0.049,0.81,202069000.0,218165000.0,0.513,218165000.0,202069000.0,202069000.0,1.71,1.67,1.71,2399608000.0,,2399608000.0,10820754825.0,16.0,14.964,541910000.0,4.318,1.0,425532000.0,1.0,358141000.0,0.0,44394279000.0,,0.0,31550198000.0,,,34606093000.0,,,5276972825.0,-196504000.0,421551000.0,-138459000.0,1728487000.0,-56680000.0,-382212000.0,-383645000.0,-777753000.0,569353000.0,0.0,215028000.0,215028000.0,215028000.0,-210273000.0,0.0,0.505,435081000.0,-9549000.0,941911000.0,0.474,2.199,9.884,9.823,422346000.0,0.0,41.65,2.499,2.475,858072000.0,2065285000.0,425532000.0,425532000.0,0.0,,,,,-4920000.0,325419000.0,1.0,126698027.0,125489000,129100000.0,3.391,36942834000.0,0.0,-12959000.0,0.0,294.391,
62,FHN,MRQ,2005-12-31,2005-12-31,2005-12-31,2021-09-07,-42244000.0,36579061000.0,,,,,18.574,-27875000.0,2430746000.0,2430746000.0,0.0,105919000.0,,14.456,7975402000.0,,,7975402000.0,0.0,16955000.0,23317557000.0,0.041,0.45,148614000.0,165569000.0,0.298,165569000.0,148614000.0,148614000.0,0.83,0.81,0.83,2347539000.0,,2347539000.0,7409865825.0,12.0,10.957,447879000.0,3.544,1.0,556303000.0,1.0,358087000.0,0.0,41765630000.0,,0.0,31217790000.0,,,33936248000.0,,,4843545825.0,-583186000.0,19100000.0,4746000.0,2412651000.0,-54063000.0,521076000.0,-1580016000.0,-1571241000.0,475754000.0,0.0,105919000.0,105919000.0,105919000.0,-5369000.0,0.0,0.19,409960000.0,146343000.0,591404000.0,0.542,2.063,11.405,11.373,408539000.0,0.0,38.44,2.178,2.169,511508000.0,1905930000.0,556303000.0,556303000.0,0.0,,,,,7889000.0,306430000.0,1.0,126002753.0,126387000,130051000.0,4.402,36220974000.0,0.0,42695000.0,0.0,286.588,
63,FHN,MRQ,2005-09-30,2005-09-30,2005-09-30,2021-09-07,-33621000.0,37042307000.0,,,,,18.217,-29678000.0,3009134000.0,3009134000.0,0.0,112944000.0,,15.03,5575990000.0,,,5575990000.0,0.0,16616000.0,25269302000.0,0.043,0.35,162806000.0,179422000.0,0.307,179422000.0,162806000.0,162806000.0,0.9,0.87,0.9,2292337000.0,,2292337000.0,10815434365.0,18.0,16.896,706151000.0,5.612,1.0,584151000.0,1.0,359085000.0,0.0,39250078000.0,,0.0,30256985000.0,,,34454696000.0,,,4547769365.0,108739000.0,1593000.0,9082000.0,-3557079000.0,-53626000.0,-37480000.0,-589610000.0,-561525000.0,735829000.0,0.0,112944000.0,112944000.0,112944000.0,-4830000.0,0.0,0.193,426175000.0,157976000.0,1507563000.0,0.389,1.984,11.005,10.982,404867000.0,0.0,36.35,2.149,2.162,1453451000.0,1856776000.0,584151000.0,584151000.0,0.0,,,,,8629000.0,319050000.0,1.0,125110574.0,125838000,129924000.0,4.642,36683222000.0,0.0,49862000.0,0.0,291.511,
64,FHN,MRQ,2005-06-30,2005-06-30,2005-06-30,2021-09-07,-13679000.0,37165789000.0,,,,,17.743,-19673000.0,2899537000.0,2899537000.0,0.0,100004000.0,,15.631,9168596000.0,,,9168596000.0,0.0,16384000.0,21586027000.0,0.038,0.43,143571000.0,159955000.0,0.293,159955000.0,143571000.0,143571000.0,0.8,0.77,0.8,2216914000.0,,2216914000.0,10137172379.0,17.0,15.634,527204000.0,4.219,1.0,545935000.0,1.0,340605000.0,0.0,43094243000.0,,0.0,30140462000.0,,,34653600000.0,,,5238342379.0,528521000.0,0.0,14418000.0,2775592000.0,-53315000.0,1324156000.0,-1342512000.0,-1322839000.0,546877000.0,0.0,100004000.0,100004000.0,100004000.0,-3858000.0,0.0,0.183,406222000.0,139713000.0,1519142000.0,0.537,2.363,12.656,12.711,384283000.0,0.0,42.2,2.534,2.55,1694712000.0,1797942000.0,545935000.0,545935000.0,0.0,,,,,4990000.0,302121000.0,1.0,124131336.0,124946000,129428000.0,4.369,36825184000.0,0.0,43567000.0,0.0,294.729,
65,FHN,MRQ,2005-03-31,2005-03-31,2005-03-31,2021-09-07,-36179000.0,35157423000.0,,,,,17.037,-17691000.0,2369839000.0,2369839000.0,0.0,105830000.0,,15.407,6347213000.0,,,6347213000.0,0.0,15623000.0,23008291000.0,0.037,0.35,155694000.0,171317000.0,0.319,171317000.0,155694000.0,155694000.0,0.85,0.83,0.85,2124800000.0,,2124800000.0,10102564850.0,16.0,14.873,-954483000.0,-7.653,1.0,537216000.0,1.0,338621000.0,0.0,38796176000.0,,0.0,28169631000.0,,,32736765000.0,,,5053891850.0,1051911000.0,-843543000.0,12555000.0,345589000.0,-53020000.0,3890788000.0,-1902085000.0,-1040851000.0,-936792000.0,0.0,105830000.0,105830000.0,105830000.0,-3015000.0,0.0,0.197,384537000.0,152679000.0,1283766000.0,0.412,2.379,11.692,11.755,377887000.0,0.0,40.79,2.435,2.452,2435505000.0,1751618000.0,537216000.0,537216000.0,0.0,,,,,6381000.0,294261000.0,1.0,123900266.0,124717000,128032000.0,4.307,34818802000.0,0.0,49864000.0,0.0,279.182,
66,FHN,MRQ,2004-12-31,2004-12-31,2004-12-31,2021-09-07,-9928000.0,29771683000.0,,,,,16.409,-21917000.0,1320499000.0,1320499000.0,0.0,94452000.0,,13.587,6003192000.0,,,6003192000.0,0.0,5489000.0,19782167000.0,0.036,0.43,123940000.0,129429000.0,0.289,129429000.0,123940000.0,123940000.0,0.76,0.74,0.76,2040983000.0,,2040983000.0,9070757018.0,14.0,12.923,-1574488000.0,-12.659,1.0,448456000.0,1.0,221969000.0,0.0,34232407000.0,,0.0,26148294000.0,,,27730242000.0,,,5308035018.0,34663000.0,7000000.0,7613000.0,1199299000.0,-49187000.0,2029722000.0,-442488000.0,-427571000.0,-1552571000.0,0.0,94452000.0,94452000.0,94452000.0,-15640000.0,0.0,0.211,340156000.0,108300000.0,390323000.0,0.566,2.601,11.909,12.076,379359000.0,0.0,43.11,2.54,2.573,276298000.0,1795853000.0,448456000.0,448456000.0,0.0,,,,,3560000.0,261229000.0,1.0,123127697.0,124379768,127712493.0,3.606,29549714000.0,0.0,29488000.0,0.0,237.577,
67,FHN,MRQ,2004-09-30,2004-09-30,2004-09-30,2021-09-07,-11195000.0,28294725000.0,,,,,15.953,-16911000.0,1285836000.0,1285836000.0,0.0,113601000.0,,13.271,4815320000.0,,,4815320000.0,0.0,17469000.0,18922308000.0,0.035,0.4,170224000.0,187693000.0,0.35,187693000.0,170224000.0,170224000.0,0.91,0.89,0.91,1982680000.0,,1982680000.0,11063931219.0,16.0,14.545,-512844000.0,-4.126,1.0,535820000.0,1.0,221851000.0,0.0,31602358000.0,,0.0,23947462000.0,,,26311591000.0,,,5354720219.0,-258172000.0,0.0,-22158000.0,-2071267000.0,-49368000.0,868984000.0,-631223000.0,-614312000.0,-495933000.0,0.0,113601000.0,113601000.0,113601000.0,0.0,0.0,0.212,365596000.0,170224000.0,1158991000.0,0.44,2.701,11.42,11.594,369701000.0,0.0,43.36,2.424,2.44,1025806000.0,1745759000.0,535820000.0,535820000.0,0.0,,,,,0.0,264785000.0,1.0,123494470.0,124282776,127845448.0,4.311,28072874000.0,0.0,56623000.0,0.0,225.879,
68,FHN,MRQ,2004-06-30,2004-06-30,2004-06-30,2021-09-07,-24444000.0,27289699000.0,,,,,15.399,-21128000.0,1544008000.0,1544008000.0,0.0,118384000.0,,13.208,6855140000.0,,,6855140000.0,0.0,21269000.0,15910512000.0,0.031,0.32,169533000.0,190802000.0,0.345,190802000.0,169533000.0,169533000.0,0.95,0.92,0.95,1920677000.0,,1920677000.0,8951369518.0,13.0,11.591,1160364000.0,9.303,1.0,553613000.0,1.0,213692000.0,0.0,32387139000.0,,0.0,22959485000.0,,,25368568000.0,,,5637395518.0,120799000.0,0.0,-31475000.0,2240219000.0,-49746000.0,-74196000.0,-986497000.0,-965369000.0,1181492000.0,0.0,118384000.0,118384000.0,118384000.0,0.0,0.0,0.214,384080000.0,169533000.0,1157537000.0,0.337,2.935,11.904,12.093,365078000.0,0.0,45.47,2.491,2.506,1039328000.0,1699445000.0,553613000.0,553613000.0,0.0,,,,,0.0,290897000.0,1.0,123980548.0,124728340,128496736.0,4.439,27076007000.0,0.0,51149000.0,0.0,217.08,
69,FHN,MRQ,2004-03-31,2004-03-31,2004-03-31,2021-09-07,17808000.0,27084168000.0,,,,,15.286,-17759000.0,1423209000.0,1423209000.0,0.0,119271000.0,,13.114,4781679000.0,,,4781679000.0,0.0,14045000.0,18143679000.0,0.028,0.4,179929000.0,193974000.0,0.351,193974000.0,179929000.0,179929000.0,0.95,0.92,0.95,1918896000.0,,1918896000.0,9797673718.0,14.0,12.744,-860215000.0,-6.852,1.0,551905000.0,1.0,213135000.0,0.0,30229503000.0,,0.0,22373463000.0,,,25164824000.0,,,5918477718.0,268415000.0,0.0,-70269000.0,-298866000.0,-50194000.0,1852995000.0,-742124000.0,-724365000.0,-842456000.0,0.0,119271000.0,119271000.0,119271000.0,0.0,0.0,0.216,371976000.0,179929000.0,2239466000.0,0.421,3.084,12.498,12.754,355624000.0,0.0,47.7,2.541,2.57,2688860000.0,1662677000.0,551905000.0,551905000.0,0.0,,,,,0.0,288792000.0,1.0,124077101.0,125535314,129698461.0,4.396,26871033000.0,0.0,60658000.0,0.0,214.052,
70,FHN,MRQ,2003-12-31,2003-12-31,2003-12-31,2021-09-07,682000.0,24506690000.0,,,,,14.943,-32845000.0,1154794000.0,1154794000.0,0.0,117645000.0,,11.964,5033990000.0,,,5033990000.0,0.0,2581000.0,15871322000.0,0.034,0.4,185604000.0,188185000.0,0.332,188185000.0,185604000.0,185604000.0,0.93,0.9,0.93,1890318000.0,,1890318000.0,8504979019.0,12.0,11.016,503665000.0,3.982,1.0,567608000.0,1.0,213549000.0,0.0,28172337000.0,,0.0,20875211000.0,,,22615920000.0,,,5534869019.0,-233551000.0,21577000.0,-37780000.0,809706000.0,-37655000.0,-61771000.0,-708290000.0,-697022000.0,536510000.0,0.0,117645000.0,117645000.0,117645000.0,0.0,0.0,0.207,382004000.0,185604000.0,1710608000.0,0.43,2.928,11.694,11.823,350202000.0,0.0,44.1,2.319,2.342,1888859000.0,1662699000.0,567608000.0,567608000.0,0.0,,,,,0.0,271818000.0,1.0,125507234.0,126499257,130753672.0,4.487,24293141000.0,0.0,67959000.0,0.0,192.042,
71,FHN,MRQ,2003-09-30,2003-09-30,2003-09-30,2021-09-07,626000.0,25489338000.0,,,,,14.621,-41229000.0,1388345000.0,1388345000.0,0.0,118283000.0,,12.712,4358455000.0,,,4358455000.0,0.0,19068000.0,16555912000.0,0.033,0.3,180216000.0,199284000.0,0.338,199284000.0,180216000.0,180216000.0,0.93,0.91,0.93,1851566000.0,,1851566000.0,10748259475.0,16.0,14.557,2405415000.0,18.995,1.0,590150000.0,1.0,225610000.0,0.0,28233838000.0,,0.0,20528435000.0,,,23537425000.0,,,5342744475.0,185463000.0,0.0,-18615000.0,-2319751000.0,-37816000.0,-1312958000.0,-948223000.0,-906994000.0,2446644000.0,0.0,118283000.0,118283000.0,118283000.0,0.0,0.0,0.2,409934000.0,180216000.0,2723058000.0,0.323,2.886,11.64,11.762,334353000.0,0.0,42.46,2.364,2.379,2988606000.0,1632236000.0,590150000.0,590150000.0,0.0,,,,,0.0,288242000.0,1.0,125830063.0,126636999,130593990.0,4.66,25263728000.0,0.0,61933000.0,0.0,199.497,
72,FHN,MRQ,2003-06-30,2003-06-30,2003-06-30,2021-09-07,16698000.0,27939234000.0,,,,,14.106,-61528000.0,1202882000.0,1202882000.0,0.0,118352000.0,,14.495,6608397000.0,,,6608397000.0,0.0,15852000.0,15492806000.0,0.03,0.24,171534000.0,187386000.0,0.302,187386000.0,171534000.0,171534000.0,0.93,0.9,0.93,1793764000.0,,1793764000.0,9548808668.0,15.0,13.765,-809673000.0,-6.367,1.0,619904000.0,1.0,205849000.0,0.0,33138900000.0,,0.0,22226448000.0,,,26001028000.0,,,5545772668.0,-26493000.0,0.0,-61938000.0,1375886000.0,-37718000.0,1764414000.0,-1042762000.0,-981234000.0,-748145000.0,0.0,118352000.0,118352000.0,118352000.0,0.0,0.0,0.191,448370000.0,171534000.0,3999825000.0,0.258,3.092,12.711,12.802,305249000.0,0.0,43.91,2.486,2.503,3982392000.0,1561648000.0,619904000.0,619904000.0,0.0,,,,,0.0,328027000.0,1.0,126298626.0,127161135,131863957.0,4.875,27733385000.0,0.0,53182000.0,0.0,218.096,
73,FHN,MRQ,2003-03-31,2003-03-31,2003-03-31,2021-09-07,19584000.0,24811131000.0,,,,,13.905,-13151000.0,1229375000.0,1229375000.0,0.0,119029000.0,,12.994,5232411000.0,,,5232411000.0,0.0,15566000.0,15004591000.0,0.032,0.54,181644000.0,197210000.0,0.324,197210000.0,181644000.0,181644000.0,0.94,0.91,0.94,1762618000.0,,1762618000.0,8180524720.0,13.0,12.442,233030000.0,1.838,1.0,609008000.0,1.0,201689000.0,0.0,28612478000.0,,0.0,20189054000.0,,,22904096000.0,,,4991968720.0,-99342000.0,-1930000.0,-13339000.0,715038000.0,-37674000.0,-45311000.0,-300212000.0,-285131000.0,246181000.0,0.0,119029000.0,119029000.0,119029000.0,0.0,0.0,0.195,427364000.0,181644000.0,2767094000.0,0.574,2.832,12.223,12.371,255723000.0,0.0,39.71,2.376,2.396,2921328000.0,1536821000.0,609008000.0,609008000.0,0.0,,,,,0.0,310613000.0,1.0,125710620.0,126764004,126764004.0,4.804,24609442000.0,0.0,62615000.0,0.0,194.136,
74,FHN,MRQ,2002-12-31,2002-12-31,2002-12-31,2021-09-07,26487000.0,23823095000.0,,,,,13.348,-23399000.0,1328717000.0,1328717000.0,0.0,103334000.0,,13.001,4517273000.0,,,4517273000.0,0.0,1989000.0,15713903000.0,0.033,0.3,152481000.0,154470000.0,0.35,154470000.0,152481000.0,152481000.0,0.81,0.8,0.81,1691180000.0,,1691180000.0,7915099582.0,14.0,13.059,-1221300000.0,-9.64,1.0,441136000.0,1.0,194265000.0,0.0,26817386000.0,,0.0,20035382000.0,,,21987523000.0,,,4512797582.0,-199621000.0,-12000000.0,-4412000.0,-417198000.0,-31468000.0,1633756000.0,-635476000.0,-600077000.0,-1197901000.0,0.0,103334000.0,103334000.0,103334000.0,0.0,0.0,0.234,288655000.0,152481000.0,1856347000.0,0.37,2.668,11.988,12.101,254132000.0,0.0,35.94,2.285,2.305,1999148000.0,1461946000.0,441136000.0,441136000.0,0.0,,,,,0.0,177596000.0,1.0,125564763.0,126694412,140721436.0,3.482,23628830000.0,0.0,49147000.0,0.0,186.503,
75,FHN,MRQ,2002-09-30,2002-09-30,2002-09-30,2021-09-07,25807000.0,22744577000.0,,,,,12.848,-7353000.0,1528338000.0,1528338000.0,0.0,95571000.0,,12.884,4930640000.0,,,4930640000.0,0.0,15589000.0,13791421000.0,0.033,0.25,139028000.0,154617000.0,0.276,154617000.0,139028000.0,139028000.0,0.75,0.73,0.75,1627779000.0,,1627779000.0,7465895739.0,14.0,12.512,-1123274000.0,-8.866,1.0,560406000.0,1.0,194775000.0,0.0,25952104000.0,,0.0,18396078000.0,,,20972537000.0,,,4385291739.0,411826000.0,206664000.0,-1871000.0,733431000.0,-31349000.0,2095548000.0,-567801000.0,-767112000.0,-1115921000.0,0.0,95571000.0,95571000.0,95571000.0,0.0,0.0,0.171,421378000.0,139028000.0,2350476000.0,0.333,2.694,12.103,12.165,243121000.0,0.0,34.67,2.327,2.331,2362483000.0,1396297000.0,560406000.0,560406000.0,0.0,,,,,0.0,309768000.0,1.0,126486638.0,126698671,126698671.0,4.423,22549802000.0,0.0,43457000.0,0.0,177.98,
76,FHN,MRQ,2002-06-30,2002-06-30,2002-06-30,2021-09-07,30012000.0,19816272000.0,,,,,12.341,-11895000.0,1116512000.0,1116512000.0,0.0,90465000.0,,11.583,4197116000.0,,,4197116000.0,0.0,15333000.0,12396080000.0,0.023,0.2,135864000.0,151197000.0,0.308,151197000.0,135864000.0,135864000.0,0.71,0.69,0.71,1563387000.0,,1563387000.0,7292573576.0,14.0,12.362,369285000.0,2.915,1.0,490461000.0,1.0,196388000.0,0.0,22700488000.0,,0.0,16306563000.0,,,18108649000.0,,,4856075576.0,256082000.0,-1433000.0,-38237000.0,900094000.0,-31461000.0,84752000.0,-209850000.0,-196522000.0,381180000.0,0.0,90465000.0,90465000.0,90465000.0,0.0,0.0,0.184,354597000.0,135864000.0,1615453000.0,0.282,3.106,13.65,13.679,247774000.0,0.0,38.3,2.734,2.732,1927536000.0,1335102000.0,490461000.0,490461000.0,0.0,,,,,0.0,269819000.0,1.0,126790485.0,126680703,126680703.0,3.872,19619884000.0,0.0,45399000.0,0.0,154.877,
77,FHN,MRQ,2002-03-31,2002-03-31,2002-03-31,2021-09-07,17793000.0,19613382000.0,,,,,11.982,-6115000.0,860430000.0,860430000.0,0.0,87081000.0,,11.816,3296928000.0,,,3296928000.0,0.0,15140000.0,13141720000.0,0.025,0.45,130686000.0,145826000.0,0.302,145826000.0,130686000.0,130686000.0,0.69,0.67,0.69,1519097000.0,,1519097000.0,7344513472.0,14.0,12.441,983750000.0,7.759,1.0,483362000.0,1.0,184382000.0,0.0,21865498000.0,,0.0,16454412000.0,,,17950073000.0,,,4438081472.0,-254193000.0,0.0,-15652000.0,-724216000.0,-31458000.0,-1235942000.0,-8116000.0,-2001000.0,989865000.0,0.0,87081000.0,87081000.0,87081000.0,0.0,0.0,0.18,352676000.0,130686000.0,1611425000.0,0.652,2.922,12.641,12.699,246507000.0,0.0,35.05,2.509,2.512,1844403000.0,1311070000.0,483362000.0,483362000.0,0.0,,,,,0.0,263979000.0,1.0,126621440.0,126784812,126784812.0,3.812,19429000000.0,0.0,43605000.0,0.0,153.244,
78,FHN,MRQ,2001-12-31,2001-12-31,2001-12-31,2021-09-07,23278000.0,20621550000.0,,,,,11.656,-4089000.0,1114623000.0,1114623000.0,0.0,89207000.0,,12.857,4021055000.0,,,4021055000.0,0.0,16957000.0,13606334000.0,0.023,0.25,128118000.0,145075000.0,0.415,145075000.0,128118000.0,128118000.0,0.7,0.68,0.7,1477762000.0,,1477762000.0,7879772414.0,16.0,14.376,-1195453000.0,-9.429,1.0,349958000.0,1.0,185004000.0,0.0,23342978000.0,,0.0,17370632000.0,,,18999601000.0,,,4591293414.0,58238000.0,-9570000.0,-5857000.0,-352790000.0,-27741000.0,1569199000.0,-319597000.0,-305938000.0,-1191364000.0,0.0,89207000.0,89207000.0,89207000.0,0.0,0.0,0.255,225065000.0,124893000.0,1472212000.0,0.357,3.107,14.429,14.562,251504000.0,0.0,36.26,2.716,2.74,1677798000.0,1263649000.0,349958000.0,349958000.0,0.0,,,,,0.0,142575000.0,1.0,126621440.0,126781458,126781458.0,2.76,20436546000.0,0.0,38911000.0,0.0,161.195,
79,FHN,MRQ,2001-09-30,2001-09-30,2001-09-30,2021-09-07,33722000.0,19683002000.0,,,,,11.299,-1597000.0,1056385000.0,1056385000.0,0.0,89009000.0,,12.6,4344864000.0,,,4344864000.0,0.0,16586000.0,11650747000.0,0.021,0.0,131249000.0,147835000.0,0.327,147835000.0,131249000.0,131249000.0,0.7,0.68,0.7,1436701000.0,,1436701000.0,7619866911.0,17.0,14.362,380666000.0,2.994,1.0,452355000.0,1.0,127740000.0,0.0,22843741000.0,,0.0,15725758000.0,,,18102139000.0,,,4707450911.0,222561000.0,0.0,-33320000.0,598535000.0,-27880000.0,-83023000.0,-76679000.0,-75082000.0,382263000.0,0.0,89009000.0,89009000.0,89009000.0,0.0,0.0,0.197,321106000.0,131249000.0,2206528000.0,0.0,3.277,15.655,15.812,259587000.0,0.0,37.0,2.85,2.849,2494714000.0,1215907000.0,452355000.0,452355000.0,0.0,,,,,0.0,245471000.0,1.0,127228403.0,127156679,127156679.0,3.557,19555262000.0,0.0,42240000.0,0.0,153.789,
80,FHN,MRQ,2001-06-30,2001-06-30,2001-06-30,2021-09-07,21584000.0,18796176000.0,,,,,10.782,-7523000.0,833824000.0,833824000.0,0.0,85789000.0,,12.527,3746240000.0,,,3746240000.0,0.0,17178000.0,12271105000.0,0.028,0.18,134439000.0,151617000.0,0.314,151617000.0,134439000.0,134439000.0,0.67,0.65,0.67,1378916000.0,,1378916000.0,7635359558.0,18.0,15.75,60507000.0,0.473,1.0,483126000.0,1.0,130417000.0,0.0,21578175000.0,,0.0,16147830000.0,,,17273123000.0,,,4455790558.0,11547000.0,415380000.0,-69295000.0,-255684000.0,-28194000.0,-554845000.0,498362000.0,90505000.0,68030000.0,0.0,85789000.0,85789000.0,85789000.0,0.0,0.0,0.178,345462000.0,137664000.0,1355778000.0,0.269,3.231,16.049,16.144,269029000.0,0.0,34.71,2.795,2.785,1399551000.0,1177967000.0,483126000.0,483126000.0,0.0,,,,,0.0,243236000.0,1.0,128371955.0,127889957,127889957.0,3.778,18665759000.0,0.0,48650000.0,0.0,145.952,
81,FHN,MRQ,2001-03-31,2001-03-31,2001-03-31,2021-09-07,26360000.0,19316820000.0,,,,,10.716,-7971000.0,822277000.0,822277000.0,0.0,54204000.0,,12.837,4001846000.0,,,4001846000.0,0.0,16990000.0,12620450000.0,0.032,0.4,86589000.0,103579000.0,0.256,103579000.0,86589000.0,86589000.0,0.42,0.41,0.42,1385654000.0,,1385654000.0,6947913264.0,19.0,16.709,-391171000.0,-3.025,1.0,405276000.0,1.0,132393000.0,0.0,22363996000.0,,0.0,16715378000.0,,,17787048000.0,,,3961075264.0,-138122000.0,35974000.0,-52046000.0,54533000.0,-28278000.0,405952000.0,-160874000.0,-188877000.0,-383200000.0,0.0,54204000.0,54204000.0,54204000.0,0.0,0.0,0.134,310519000.0,94757000.0,1264752000.0,0.952,2.859,16.02,16.263,281078000.0,0.0,30.9,2.647,2.67,1351971000.0,1189690000.0,405276000.0,405276000.0,0.0,,,,,0.0,225018000.0,1.0,128190138.0,129304935,129304935.0,3.134,19184427000.0,0.0,32385000.0,0.0,148.366,
82,FHN,MRQ,2000-12-31,2000-12-31,2000-12-31,2021-09-07,14598000.0,18555086000.0,,,,,10.733,-11050000.0,960399000.0,960399000.0,0.0,71688000.0,,12.305,3947237000.0,,,3947237000.0,0.0,18518000.0,12188691000.0,0.026,0.18,109013000.0,127531000.0,0.41,127531000.0,109013000.0,109013000.0,0.55,0.55,0.55,1384156000.0,,1384156000.0,6461378284.0,19.0,15.852,724311000.0,5.616,1.0,310777000.0,1.0,121624000.0,0.0,21420300000.0,,0.0,15671019000.0,,,17032502000.0,,,3727844284.0,-40602000.0,398267000.0,9808000.0,212725000.0,-28181000.0,-795132000.0,19169000.0,-368048000.0,735361000.0,0.0,71688000.0,71688000.0,71688000.0,0.0,0.0,0.231,201764000.0,109013000.0,996574000.0,0.327,2.693,16.028,16.168,286107000.0,0.0,28.94,2.582,2.604,1499647000.0,1172548000.0,310777000.0,310777000.0,0.0,,,,,0.0,209074000.0,1.0,128812864.0,128967009,128967009.0,2.41,18433462000.0,0.0,37325000.0,0.0,142.932,
83,FHN,MRQ,2000-09-30,2000-09-30,2000-09-30,2021-09-07,-4513000.0,19219630000.0,,,,,10.117,-12546000.0,1001001000.0,1001001000.0,0.0,65947000.0,,13.594,3734535000.0,,,3734535000.0,0.0,17550000.0,13178164000.0,0.037,0.22,84522000.0,102072000.0,0.259,102072000.0,84522000.0,84522000.0,0.51,0.5,0.51,1310103000.0,,1310103000.0,6373921025.0,20.0,20.505,727922000.0,5.621,1.0,394758000.0,1.0,125156000.0,0.0,21828008000.0,,0.0,16377574000.0,,,17809527000.0,,,2642899025.0,-94631000.0,0.0,-41186000.0,-1092195000.0,-28635000.0,-539403000.0,-295696000.0,-283150000.0,740468000.0,0.0,65947000.0,65947000.0,65947000.0,0.0,0.0,0.167,310236000.0,84522000.0,996828000.0,0.431,2.017,11.746,11.849,289574000.0,0.0,20.38,1.93,1.927,1410656000.0,1129144000.0,394758000.0,394758000.0,0.0,,,,,0.0,201603000.0,1.0,129681012.0,129494136,129494136.0,3.048,19094474000.0,0.0,18575000.0,0.0,147.454,
84,FHN,MRQ,2000-06-30,2000-06-30,2000-06-30,2021-09-07,-10712000.0,19804616000.0,,,,,9.967,-8617000.0,1095632000.0,1095632000.0,0.0,55423000.0,,14.137,4826654000.0,,,4826654000.0,0.0,-1316000.0,12555421000.0,0.042,0.18,83952000.0,82636000.0,0.214,82636000.0,83952000.0,83952000.0,0.42,0.42,0.42,1301752000.0,,1301752000.0,5428611198.0,16.0,15.357,-219476000.0,-1.68,1.0,385605000.0,1.0,126662000.0,0.0,23408976000.0,,0.0,16676179000.0,,,18402864000.0,,,2155448198.0,-63565000.0,57565000.0,2852000.0,394218000.0,-28580000.0,224302000.0,-77008000.0,-125956000.0,-210859000.0,0.0,55423000.0,55423000.0,55423000.0,0.0,0.0,0.144,301653000.0,83952000.0,1120789000.0,0.429,1.656,9.434,9.529,293219000.0,0.0,16.58,1.546,1.553,1595047000.0,1091374000.0,385605000.0,385605000.0,0.0,,,,,0.0,197482000.0,1.0,130002907.0,130612102,130612102.0,2.952,19677954000.0,0.0,28529000.0,0.0,150.66,
85,FHN,MRQ,2000-03-31,2000-03-31,2000-03-31,2021-09-07,-20958000.0,20071575000.0,,,,,9.673,-11121000.0,1159197000.0,1159197000.0,0.0,39523000.0,,14.834,4432360000.0,,,4432360000.0,0.0,35840000.0,12689267000.0,0.032,0.18,59515000.0,95355000.0,0.271,95355000.0,59515000.0,59515000.0,0.3,0.3,0.3,1261329000.0,,1261329000.0,6267865558.0,18.0,15.264,-787858000.0,-6.042,1.0,352394000.0,1.0,132276000.0,0.0,23212462000.0,,0.0,16435715000.0,,,18710246000.0,,,2638305558.0,-76417000.0,0.0,-3377000.0,-432890000.0,-28562000.0,866330000.0,-166010000.0,-154889000.0,-776737000.0,0.0,39523000.0,39523000.0,39523000.0,0.0,0.0,0.112,292879000.0,59515000.0,1688619000.0,0.6,2.092,11.274,11.346,304738000.0,0.0,20.31,1.839,1.846,2021235000.0,1064599000.0,352394000.0,352394000.0,0.0,,,,,0.0,185878000.0,1.0,129901800.0,130394379,130394379.0,2.703,19939299000.0,0.0,19992000.0,0.0,152.915,
86,FHN,MRQ,1999-12-31,1999-12-31,1999-12-31,2021-09-07,-21752000.0,18373390000.0,,,,,9.502,-11972000.0,1235614000.0,1235614000.0,0.0,64114000.0,,13.719,4865174000.0,,,4865174000.0,0.0,-65543000.0,11358701000.0,0.022,0.18,96326000.0,30783000.0,0.13,30783000.0,96326000.0,96326000.0,0.49,0.48,0.49,1241467000.0,,1241467000.0,6508866369.0,17.0,14.671,691836000.0,5.295,1.0,236765000.0,1.0,133568000.0,0.0,21869382000.0,,0.0,15204265000.0,,,17031923000.0,,,3715671369.0,77697000.0,0.0,-35924000.0,915349000.0,-24847000.0,-210093000.0,868118000.0,866807000.0,703808000.0,0.0,64114000.0,64114000.0,64114000.0,0.0,0.0,0.271,140439000.0,96326000.0,908048000.0,0.367,2.993,15.011,15.0,305519000.0,0.0,28.5,2.474,2.478,1329513000.0,1053722000.0,236765000.0,236765000.0,0.0,,,,,0.0,192983000.0,1.0,130374434.0,130650220,130650220.0,1.812,18239822000.0,0.0,32212000.0,0.0,139.608,
87,FHN,MRQ,1999-09-30,1999-09-30,1999-09-30,2021-09-07,-9157000.0,19101997000.0,,,,,9.508,-20388000.0,1157917000.0,1157917000.0,0.0,69418000.0,,14.242,3951112000.0,,,3951112000.0,0.0,39635000.0,12423372000.0,0.021,0.15,105089000.0,144724000.0,0.345,144724000.0,105089000.0,105089000.0,0.53,0.52,0.53,1246717000.0,,1246717000.0,7074122416.0,18.0,12.73,-116094000.0,-0.885,1.0,419529000.0,1.0,131162000.0,0.0,21764030000.0,,0.0,15361404000.0,,,17755280000.0,,,3674940416.0,165867000.0,-4778000.0,716000.0,-440201000.0,-24790000.0,490023000.0,-228450000.0,-203284000.0,-95706000.0,0.0,69418000.0,69418000.0,69418000.0,0.0,0.0,0.165,314440000.0,105089000.0,1480796000.0,0.283,2.948,14.766,14.651,304553000.0,0.0,28.13,2.152,2.16,1627100000.0,1018112000.0,419529000.0,419529000.0,0.0,,,,,0.0,202315000.0,1.0,130641323.0,131128788,131128788.0,3.199,18970835000.0,0.0,35671000.0,0.0,144.673,
88,FHN,MRQ,1999-06-30,1999-06-30,1999-06-30,2021-09-07,-4690000.0,18623650000.0,,,,,9.135,-33298000.0,992050000.0,992050000.0,0.0,60972000.0,,14.513,4391232000.0,,,4391232000.0,0.0,44844000.0,11516615000.0,0.015,0.15,94917000.0,139761000.0,0.328,139761000.0,94917000.0,94917000.0,0.47,0.45,0.47,1194085000.0,,1194085000.0,7743328567.0,21.0,14.092,378981000.0,2.899,1.0,425608000.0,1.0,133731000.0,0.0,21889101000.0,,0.0,15128668000.0,,,17329565000.0,,,4990035567.0,310560000.0,-6750000.0,12453000.0,956353000.0,-24656000.0,262958000.0,-364677000.0,-324629000.0,412279000.0,0.0,60972000.0,60972000.0,60972000.0,0.0,0.0,0.143,330691000.0,94917000.0,1521718000.0,0.319,4.179,20.682,20.487,297121000.0,0.0,38.31,2.975,2.986,1593438000.0,973534000.0,425608000.0,425608000.0,0.0,,,,,0.0,205756000.0,1.0,130254126.0,130710221,130710221.0,3.256,18489919000.0,0.0,33945000.0,0.0,141.457,
89,FHN,MRQ,1999-03-31,1999-03-31,1999-03-31,2021-09-07,9604000.0,18325004000.0,,,,,8.915,-28835000.0,681490000.0,681490000.0,0.0,53029000.0,,14.752,3434783000.0,,,3434783000.0,0.0,45275000.0,12197807000.0,0.015,0.15,83107000.0,128382000.0,0.306,128382000.0,83107000.0,83107000.0,0.41,0.4,0.41,1156989000.0,,1156989000.0,8672543399.0,24.0,16.454,948314000.0,7.307,1.0,419904000.0,1.0,130925000.0,0.0,20947372000.0,,0.0,15090407000.0,,,17068015000.0,,,4754921399.0,-254630000.0,-1755000.0,15950000.0,-1419071000.0,-24411000.0,-952764000.0,-279015000.0,-248425000.0,977149000.0,0.0,53029000.0,53029000.0,53029000.0,0.0,0.0,0.126,336797000.0,83107000.0,1535425000.0,0.366,4.11,20.403,20.238,272736000.0,0.0,36.63,2.989,2.988,1712443000.0,937339000.0,419904000.0,419904000.0,0.0,,,,,0.0,215382000.0,1.0,129809484.0,129787078,129787078.0,3.235,18194079000.0,0.0,30078000.0,0.0,140.184,
90,FHN,MRQ,1998-12-31,1998-12-31,1998-12-31,2021-09-07,12872000.0,18733961000.0,,,,,8.548,-24171000.0,936120000.0,936120000.0,0.0,65459000.0,,15.947,4853742000.0,,,4853742000.0,0.0,40304000.0,11723039000.0,0.018,0.15,102524000.0,142828000.0,0.323,142828000.0,102524000.0,102524000.0,0.51,0.5,0.51,1099534000.0,,1099534000.0,7859067088.0,22.0,15.719,-1447637000.0,-11.255,1.0,442308000.0,1.0,132845000.0,0.0,22518738000.0,,0.0,15740432000.0,,,17534427000.0,,,4880472088.0,75504000.0,0.0,6832000.0,996091000.0,66000.0,1625539000.0,919170000.0,926376000.0,-1423466000.0,0.0,65459000.0,65459000.0,65459000.0,0.0,0.0,0.148,339784000.0,102524000.0,1057646000.0,0.294,4.439,21.559,21.503,254292000.0,0.0,38.06,3.309,3.31,1295726000.0,908977000.0,442308000.0,442308000.0,0.0,,,,,0.0,192835000.0,1.0,128231006.0,128626356,128626356.0,3.439,18601116000.0,0.0,37065000.0,0.0,144.614,
91,FHN,MRQ,1998-09-30,1998-09-30,1998-09-30,2021-09-07,25392000.0,17248009000.0,,,,,8.196,-24883000.0,860616000.0,860616000.0,0.0,61820000.0,,15.313,3839211000.0,,,3839211000.0,0.0,41761000.0,11100489000.0,0.024,0.13,96747000.0,138508000.0,0.356,138508000.0,96747000.0,96747000.0,0.48,0.47,0.48,1051213000.0,,1051213000.0,5948456968.0,17.0,12.618,-328664000.0,-2.562,1.0,389454000.0,1.0,129052000.0,0.0,20097552000.0,,0.0,14138827000.0,,,16096796000.0,,,3489228968.0,-57036000.0,-7553000.0,1843000.0,462269000.0,-42266000.0,591473000.0,-344728000.0,-312292000.0,-303781000.0,0.0,61820000.0,61820000.0,61820000.0,0.0,0.0,0.159,292707000.0,96747000.0,1257096000.0,0.271,3.319,15.949,16.065,236908000.0,0.0,27.31,2.605,2.615,1469113000.0,867918000.0,389454000.0,389454000.0,0.0,,,,,0.0,188251000.0,1.0,127763785.0,128264415,128264415.0,3.036,17118957000.0,0.0,34927000.0,0.0,133.466,
92,FHN,MRQ,1998-06-30,1998-06-30,1998-06-30,2021-09-07,16120000.0,16570563000.0,,,,,7.705,-20458000.0,917652000.0,917652000.0,0.0,52746000.0,,15.713,3376880000.0,,,3376880000.0,0.0,36413000.0,10943340000.0,0.021,0.13,80957000.0,117370000.0,0.346,117370000.0,80957000.0,80957000.0,0.41,0.4,0.41,985481000.0,,985481000.0,6038903796.0,18.0,13.729,-374052000.0,-2.925,1.0,339327000.0,1.0,125937000.0,0.0,18903854000.0,,0.0,13481867000.0,,,15485082000.0,,,4033655796.0,69201000.0,307000.0,-37453000.0,523119000.0,-21156000.0,593078000.0,-170283000.0,-150132000.0,-353594000.0,0.0,52746000.0,52746000.0,52746000.0,0.0,0.0,0.155,258370000.0,80957000.0,1264862000.0,0.317,4.093,19.059,19.127,220271000.0,0.0,31.56,3.25,3.252,1408921000.0,827233000.0,339327000.0,339327000.0,0.0,,,,,0.0,171356000.0,1.0,127809119.0,127899012,127899012.0,2.653,16444626000.0,0.0,28211000.0,0.0,128.575,
93,FHN,MRQ,1998-03-31,1998-03-31,1998-03-31,2021-09-07,15093000.0,15897562000.0,,,,,7.629,-8169000.0,848451000.0,848451000.0,0.0,46355000.0,,15.159,2853699000.0,,,2853699000.0,0.0,28574000.0,10814772000.0,0.02,0.263,72694000.0,101268000.0,0.334,101268000.0,72694000.0,72694000.0,0.36,0.35,0.36,977640000.0,,977640000.0,6171997499.0,19.0,14.857,-1072790000.0,-8.371,1.0,303602000.0,1.0,127925000.0,0.0,17774885000.0,,0.0,13042212000.0,,,14819922000.0,,,4116658499.0,-153170000.0,-9719000.0,-8133000.0,-203305000.0,-21165000.0,910390000.0,1061000.0,18949000.0,-1064621000.0,0.0,46355000.0,46355000.0,46355000.0,0.0,0.0,0.153,230908000.0,72694000.0,1251451000.0,0.731,4.211,20.055,20.081,207634000.0,0.0,32.13,3.544,3.544,1291038000.0,830453000.0,303602000.0,303602000.0,0.0,,,,,0.0,149794000.0,1.0,128125070.0,128148972,128148972.0,2.369,15769637000.0,0.0,26339000.0,0.0,123.057,
94,FHN,MRQ,1997-12-31,1997-12-31,1997-12-31,2021-09-07,15333000.0,14387897000.0,,,,,7.442,-13428000.0,1001621000.0,1001621000.0,0.0,57857000.0,,13.975,3056960000.0,,,3056960000.0,0.0,21690000.0,9671779000.0,0.017,0.135,92596000.0,114286000.0,0.372,114286000.0,92596000.0,92596000.0,0.45,0.44,0.45,954096000.0,,954096000.0,6130786431.0,19.0,15.524,-173313000.0,-1.352,1.0,307160000.0,1.0,112411000.0,0.0,16330825000.0,,0.0,12024115000.0,,,13333801000.0,,,4278913431.0,31458000.0,-185000.0,-5029000.0,134881000.0,-19226000.0,525335000.0,-333992000.0,-320379000.0,-159885000.0,0.0,57857000.0,57857000.0,57857000.0,0.0,0.0,0.188,214564000.0,92596000.0,705062000.0,0.3,4.485,21.668,21.672,206895000.0,0.0,33.375,3.89,3.894,777413000.0,811396000.0,307160000.0,307160000.0,0.0,,,,,0.0,125604000.0,1.0,128207144.0,128198922,128198922.0,2.396,14275486000.0,0.0,34739000.0,0.0,111.354,
95,FHN,MRQ,1997-09-30,1997-09-30,1997-09-30,2021-09-07,6799000.0,14082447000.0,,,,,7.092,-18552000.0,970163000.0,970163000.0,0.0,54688000.0,,14.391,2922036000.0,,,2922036000.0,0.0,19832000.0,9257070000.0,0.019,0.12,87105000.0,106937000.0,0.367,106937000.0,87105000.0,87105000.0,0.43,0.42,0.43,908483000.0,,908483000.0,5430861513.0,18.0,14.256,-204969000.0,-1.6,1.0,291201000.0,1.0,112611000.0,0.0,15921709000.0,,0.0,11460037000.0,,,13073964000.0,,,3652731513.0,-21814000.0,0.0,-18134000.0,51887000.0,-19191000.0,217640000.0,-53037000.0,-34485000.0,-186417000.0,0.0,54688000.0,54688000.0,54688000.0,0.0,0.0,0.188,204096000.0,87105000.0,994858000.0,0.279,4.021,18.932,19.128,201356000.0,0.0,28.5,3.44,3.438,1010729000.0,779653000.0,291201000.0,291201000.0,0.0,,,,,0.0,143441000.0,1.0,128166018.0,128098162,128098162.0,2.273,13969836000.0,0.0,32417000.0,0.0,109.056,
96,FHN,MRQ,1997-06-30,1997-06-30,1997-06-30,2021-09-07,1277000.0,13679593000.0,,,,,6.882,-7156000.0,991977000.0,991977000.0,0.0,46364000.0,,14.415,2870107000.0,,,2870107000.0,0.0,19300000.0,9053992000.0,0.022,0.12,73633000.0,92933000.0,0.358,92933000.0,73633000.0,73633000.0,0.36,0.35,0.36,880923000.0,,880923000.0,4432442088.0,15.0,12.236,-82127000.0,-0.642,1.0,259691000.0,1.0,113280000.0,0.0,15444443000.0,,0.0,11169992000.0,,,12698670000.0,,,3070931088.0,232873000.0,0.0,67000.0,649449000.0,-19800000.0,492490000.0,-184646000.0,-177490000.0,-74971000.0,0.0,46364000.0,46364000.0,46364000.0,0.0,0.0,0.179,186058000.0,73633000.0,874571000.0,0.333,3.486,16.596,17.082,190696000.0,0.0,24.0,3.013,3.014,916485000.0,756281000.0,259691000.0,259691000.0,0.0,,,,,0.0,131243000.0,1.0,127955462.0,128011064,128011064.0,2.029,13566313000.0,0.0,27269000.0,0.0,105.978,
97,FHN,MRQ,1997-03-31,1997-03-31,1997-03-31,2021-09-07,-8564000.0,12975513000.0,,,,,6.518,-12751000.0,759104000.0,759104000.0,0.0,38563000.0,,14.294,2220615000.0,,,2220615000.0,0.0,19045000.0,9191218000.0,0.025,0.181,61733000.0,80778000.0,0.334,80778000.0,61733000.0,61733000.0,0.3,0.29,0.3,841862000.0,,841862000.0,4114047427.0,14.0,11.688,-51506000.0,-0.399,1.0,242059000.0,1.0,115682000.0,0.0,14321342000.0,,0.0,10850198000.0,,,12033651000.0,,,2718815427.0,-338865000.0,0.0,-122115000.0,-272629000.0,-20131000.0,-256719000.0,-43391000.0,-30640000.0,-38755000.0,0.0,38563000.0,38563000.0,38563000.0,0.0,0.0,0.159,180326000.0,61733000.0,721818000.0,0.603,3.23,15.019,15.533,191029000.0,0.0,21.125,2.733,2.743,758498000.0,729141000.0,242059000.0,242059000.0,0.0,,,,,0.0,127335000.0,1.0,128701322.0,129165314,129165314.0,1.874,12859831000.0,0.0,23170000.0,0.0,99.561,
98,FHN,MRQ,1996-12-31,1996-12-31,1996-12-31,2021-09-07,2697000.0,13058902000.0,,,,,7.111,-7929000.0,1097969000.0,1097969000.0,0.0,53322000.0,,12.681,2493201000.0,,,2493201000.0,0.0,17295000.0,9033062000.0,0.027,0.125,83017000.0,100312000.0,0.373,100312000.0,83017000.0,83017000.0,0.4,,0.4,954526000.0,,954526000.0,,,,11466000.0,0.085,1.0,269008000.0,1.0,119465000.0,0.0,14334669000.0,,0.0,10905300000.0,,,12104376000.0,,,2413149788.0,150997000.0,-400000.0,-12432000.0,324976000.0,-17793000.0,255725000.0,473621000.0,309915000.0,19395000.0,0.0,53322000.0,53322000.0,53322000.0,0.0,0.0,0.198,185991000.0,83017000.0,578113000.0,0.312,2.528,13.413,13.993,185624000.0,0.0,18.75,2.446,2.554,592319000.0,823175000.0,269008000.0,269008000.0,0.0,,,,,0.0,122909000.0,1.0,128701322.0,134232858,,2.004,12939437000.0,0.0,29695000.0,0.0,96.395,
99,FHN,MRQ,1996-09-30,1996-09-30,1996-09-30,2021-09-07,-5764000.0,12801345000.0,,,,,6.888,-10253000.0,946972000.0,946972000.0,0.0,46797000.0,,12.839,2168183000.0,,,2168183000.0,0.0,14516000.0,9072088000.0,0.029,0.105,73703000.0,88219000.0,0.355,88219000.0,73703000.0,73703000.0,0.345,,0.345,925036000.0,,925036000.0,,,,415510000.0,3.094,1.0,248615000.0,1.0,121928000.0,0.0,13900628000.0,,0.0,10717583000.0,,,11876309000.0,,,,168257000.0,0.0,-764000.0,-207077000.0,-17790000.0,-125879000.0,-131627000.0,-121374000.0,425763000.0,0.0,46797000.0,46797000.0,46797000.0,0.0,0.0,0.188,174912000.0,73703000.0,636038000.0,0.304,,,,184903000.0,0.0,16.595,,,643731000.0,790005000.0,248615000.0,248615000.0,0.0,,,,,0.0,127112000.0,1.0,,134288782,,1.851,12679417000.0,0.0,26906000.0,0.0,94.419,
100,FHN,MRQ,1996-06-30,1996-06-30,1996-06-30,2021-09-07,-7051000.0,12954957000.0,,,,,6.637,-9381000.0,778715000.0,778715000.0,0.0,42347000.0,,13.518,2375216000.0,,,2375216000.0,0.0,15558000.0,8972378000.0,0.031,0.111,67118000.0,82676000.0,0.352,82676000.0,67118000.0,67118000.0,0.315,,0.315,892334000.0,,892334000.0,,,,67488000.0,0.502,1.0,235115000.0,1.0,124110000.0,0.0,14427348000.0,,0.0,10935458000.0,,,12062623000.0,,,,68551000.0,400000.0,-10378000.0,-3227000.0,-17858000.0,185964000.0,-194282000.0,-185301000.0,76869000.0,0.0,42347000.0,42347000.0,42347000.0,0.0,0.0,0.18,167997000.0,67118000.0,715029000.0,0.352,,,,181591000.0,0.0,15.31,,,729548000.0,761000000.0,235115000.0,235115000.0,0.0,,,,,0.0,127833000.0,1.0,,134449870,,1.749,12830847000.0,0.0,24771000.0,0.0,95.432,
101,FHN,MRQ,1996-03-31,1996-03-31,1996-03-31,2021-09-07,-916000.0,12818432000.0,,,,,6.56,-8130000.0,710164000.0,710164000.0,0.0,37441000.0,,13.517,2378400000.0,,,2378400000.0,0.0,16969000.0,8752587000.0,0.028,0.159,58336000.0,75305000.0,0.322,75305000.0,58336000.0,58336000.0,0.28,,0.28,882981000.0,,882981000.0,,,,-431331000.0,-3.204,1.0,233922000.0,1.0,126355000.0,0.0,14360313000.0,,0.0,10767269000.0,,,11935451000.0,,,,-65684000.0,0.0,997000.0,357595000.0,-17869000.0,506691000.0,-149174000.0,-141044000.0,-423201000.0,0.0,37441000.0,37441000.0,37441000.0,0.0,0.0,0.16,175586000.0,58336000.0,804464000.0,0.568,,,,178970000.0,0.0,16.5,,,664247000.0,736443000.0,233922000.0,233922000.0,0.0,,,,,0.0,132072000.0,1.0,,134602908,,1.738,12692077000.0,0.0,20895000.0,0.0,94.293,
102,FHN,MRQ,1995-12-31,1995-12-31,1995-12-31,2021-09-07,10582000.0,12076882000.0,,,,,6.418,,775848000.0,775848000.0,,,,12.83,2020762000.0,,,2020762000.0,0.0,,8582197000.0,0.021,0.107,,,,,,,,,,873224000.0,,873224000.0,,,,,,1.0,,,128985000.0,,13192811000.0,,0.0,10272637000.0,,,11203658000.0,,,,,,,,,,,,,,,,,,,,,,0.0,,,,12.5,177400000.0,,15.125,,2.385,0.0,716861000.0,,,,,,,,,,1.0,,136049588,,,11947897000.0,0.0,,0.0,87.82,
0,FHN,MRT,2021-06-30,2021-06-30,2021-06-30,2021-09-07,-203000000.0,87908000000.0,85664894750.0,,,0.043,15.028,-49531000.0,15376000000.0,15376000000.0,0.0,1330863000.0,,9.594,3918000000.0,,,3918000000.0,0.0,119368000.0,73280000000.0,0.035,0.6,1536019000.0,1655387000.0,0.449,1655387000.0,1536019000.0,1536019000.0,2.3,2.27,2.3,8270000000.0,8035677750.0,8270000000.0,95031170.0,0.0,0.057,1640424000.0,2.981,1.0,3685217000.0,1.0,1836000000.0,0.0,74614000000.0,76346408000.0,0.0,66272000000.0,,,79343000000.0,,,9545031170.0,905346000.0,2071000000.0,-103710000.0,-1916434000.0,-297075000.0,2902134000.0,-3686743000.0,-5735911000.0,1689955000.0,0.0,1318566000.0,1277666000.0,1277666000.0,0.0,12297000.0,0.347,2136901000.0,1548316000.0,0.0,0.261,1.154,7.471,7.513,714000000.0,40900000.0,17.28,2.59,2.58,0.0,2612000000.0,3685217000.0,3685217000.0,0.0,0.015,0.159,0.02,0.417,42001000.0,1607700000.0,1.0,552374489.0,550297000,556763000.0,6.697,86072000000.0,0.0,217453000.0,0.0,156.41,
1,FHN,MRT,2021-03-31,2021-03-31,2021-03-31,2021-09-07,-241000000.0,87513000000.0,75849059500.0,,,0.042,14.508,-49531000.0,13324000000.0,13324000000.0,0.0,1076863000.0,,9.886,3874000000.0,,,3874000000.0,0.0,106368000.0,73166000000.0,0.035,0.6,1207019000.0,1313387000.0,0.413,1313387000.0,1207019000.0,1207019000.0,1.93,1.91,1.93,8012000000.0,7196416250.0,8012000000.0,3261974601.0,3.0,2.484,2586424000.0,4.683,1.0,3178217000.0,1.0,1850000000.0,0.0,76213000000.0,69533169500.0,0.0,67924000000.0,,,79206000000.0,,,9392974601.0,559346000.0,2071000000.0,-54710000.0,-3655434000.0,-262075000.0,4480134000.0,-6556743000.0,-8605911000.0,2635955000.0,0.0,1064566000.0,1034666000.0,1034666000.0,0.0,12297000.0,0.326,1958901000.0,1219316000.0,0.0,0.311,1.172,9.078,8.762,719000000.0,29900000.0,16.91,2.955,2.938,0.0,2402000000.0,3178217000.0,3178217000.0,0.0,0.014,0.144,0.017,0.38,34001000.0,1483700000.0,1.0,555468634.0,552249000,557532000.0,5.755,85663000000.0,0.0,142453000.0,0.0,155.117,
2,FHN,MRT,2020-12-31,2020-12-31,2020-12-31,2021-09-07,-140000000.0,84209000000.0,65770154000.0,,,0.04,18.541,-46000000.0,9999000000.0,9999000000.0,0.0,857000000.0,,9.474,3868000000.0,,,3868000000.0,0.0,92000000.0,69982000000.0,0.047,0.6,921000000.0,1013000000.0,0.382,1013000000.0,921000000.0,921000000.0,1.9,1.89,1.9,8012000000.0,6383453500.0,8012000000.0,4271275409.0,5.0,4.216,126000000.0,0.292,1.0,2651000000.0,1.0,1865000000.0,0.0,76213000000.0,62969208750.0,0.0,67514000000.0,,,75902000000.0,,,7079091409.0,381000000.0,2071000000.0,-4000000.0,-1856000000.0,-222000000.0,5176000000.0,-4967000000.0,-7018000000.0,172000000.0,0.0,845000000.0,822000000.0,822000000.0,0.0,12000000.0,0.31,1718000000.0,933000000.0,0.0,0.316,0.884,8.612,6.716,759000000.0,23000000.0,12.76,2.67,2.08,0.0,2261000000.0,2651000000.0,2651000000.0,0.0,0.012,0.129,0.015,0.347,32000000.0,1324000000.0,1.0,554787728.0,432125000,433954000.0,6.135,82344000000.0,0.0,76000000.0,0.0,190.556,
3,FHN,MRT,2020-09-30,2020-09-30,2020-09-30,2021-09-07,-140470000.0,83029579000.0,55545654000.0,,,0.042,14.278,-41776000.0,7111405000.0,7111405000.0,0.0,732948000.0,,9.541,4303589000.0,,,4303589000.0,0.0,79637000.0,68408907000.0,0.063,0.59,778415000.0,858052000.0,0.369,858052000.0,778415000.0,778415000.0,1.54,1.54,1.54,7848711000.0,5575703500.0,7848711000.0,3214324239.0,4.0,3.746,-201290000.0,-0.366,1.0,2326994000.0,1.0,1876131000.0,0.0,78345632000.0,54992708750.0,0.0,69150874000.0,,,74885437000.0,,,2945542239.0,173211000.0,1805546000.0,-8366000.0,-2254047000.0,-182562000.0,3725860000.0,-3393135000.0,-5183896000.0,-159514000.0,0.0,721526000.0,704454000.0,704454000.0,0.0,11422000.0,0.303,1537157000.0,789837000.0,0.0,0.383,0.375,4.181,6.123,756113000.0,17072000.0,9.43,1.266,2.228,0.0,2110990000.0,2326994000.0,2326994000.0,0.0,0.013,0.126,0.014,0.335,27110000.0,1172834000.0,1.0,312358668.0,549690000,550846000.0,4.233,81153448000.0,0.0,56889000.0,0.0,147.635,
4,FHN,MRT,2020-06-30,2020-06-30,2020-06-30,2021-09-07,-134798000.0,48644659000.0,45717680250.0,,,0.036,15.742,-43670000.0,4155391000.0,4155391000.0,0.0,307853000.0,,8.841,4424173000.0,,,4424173000.0,0.0,66014000.0,37759351000.0,0.058,0.58,387000000.0,453014000.0,0.273,453014000.0,387000000.0,387000000.0,0.94,0.94,0.94,4912954000.0,4788678750.0,4912954000.0,7423609147.0,19.0,16.387,-63956000.0,-0.205,1.0,1656751000.0,1.0,1552395000.0,0.0,47361046000.0,46764225000.0,0.0,40119021000.0,,,43436274000.0,,,3106151147.0,-229380000.0,0.0,-24806000.0,932960000.0,-179289000.0,6308343000.0,-6517437000.0,-6499171000.0,-20286000.0,0.0,296525000.0,290625000.0,290625000.0,0.0,11328000.0,0.175,1258423000.0,398328000.0,0.0,0.617,0.632,10.688,10.596,448028000.0,5900000.0,9.96,1.875,1.876,0.0,1671629000.0,1656751000.0,1656751000.0,0.0,0.006,0.061,0.008,0.234,21344000.0,962909000.0,1.0,311862565.0,312090000,312936000.0,5.309,47092264000.0,0.0,90475000.0,0.0,150.893,
5,FHN,MRT,2020-03-31,2020-03-31,2020-03-31,2021-09-07,-136164000.0,47197378000.0,44099458000.0,,,0.039,15.277,-32085000.0,1800574000.0,1800574000.0,0.0,364595000.0,,8.853,6118032000.0,,,6118032000.0,0.0,67384000.0,34419650000.0,0.071,0.57,465357000.0,532741000.0,0.311,532741000.0,465357000.0,465357000.0,1.12,1.12,1.12,4760149000.0,4718102750.0,4760149000.0,5071901061.0,11.0,9.52,-724574000.0,-2.325,1.0,1715354000.0,1.0,1557679000.0,0.0,49957157000.0,45482912000.0,0.0,40658085000.0,,,42141798000.0,,,2511517061.0,-82545000.0,0.0,-72084000.0,3698002000.0,-176241000.0,5389214000.0,-4779270000.0,-4777186000.0,-692489000.0,0.0,353415000.0,347965000.0,347965000.0,0.0,11180000.0,0.203,1238817000.0,476537000.0,0.0,0.509,0.528,7.218,7.196,447812000.0,5450000.0,8.06,1.464,1.464,0.0,1667105000.0,1715354000.0,1715354000.0,0.0,0.008,0.074,0.01,0.271,23568000.0,943164000.0,1.0,311602613.0,311597000,313170000.0,5.505,45639699000.0,0.0,111942000.0,0.0,146.47,
6,FHN,MRT,2019-12-31,2019-12-31,2019-12-31,2021-09-07,-239000000.0,43311000000.0,42574864250.0,,,0.043,15.244,-29000000.0,1749000000.0,1749000000.0,0.0,452000000.0,,7.997,4309000000.0,,,4309000000.0,0.0,69000000.0,32430000000.0,0.034,0.56,575000000.0,644000000.0,0.354,644000000.0,575000000.0,575000000.0,1.39,1.38,1.39,4781000000.0,4665838000.0,4781000000.0,8436341948.0,15.0,13.1,801000000.0,2.554,1.0,1819000000.0,1.0,1564000000.0,0.0,44307000000.0,42917417750.0,0.0,37246000000.0,,,38235000000.0,,,5153135948.0,-138000000.0,0.0,-125000000.0,1988000000.0,-171000000.0,1422000000.0,-2390000000.0,-2393000000.0,830000000.0,0.0,441000000.0,435000000.0,435000000.0,0.0,11000000.0,0.239,1233000000.0,586000000.0,0.0,0.403,1.078,11.846,11.914,455000000.0,6000000.0,16.56,2.833,2.855,0.0,1798000000.0,1819000000.0,1819000000.0,0.0,0.01,0.093,0.013,0.316,22000000.0,940000000.0,1.0,311179707.0,313637000,315657000.0,5.8,41747000000.0,0.0,134000000.0,0.0,133.106,
7,FHN,MRT,2019-09-30,2019-09-30,2019-09-30,2021-09-07,-240654000.0,43717684000.0,41955178750.0,,,0.041,15.071,-22265000.0,1860092000.0,1860092000.0,0.0,432388000.0,,8.238,5143298000.0,,,5143298000.0,0.0,69676000.0,31944660000.0,0.033,0.54,541156000.0,610832000.0,0.351,610832000.0,541156000.0,541156000.0,1.31,1.31,1.31,4700612000.0,4593075250.0,4700612000.0,6701567750.0,12.0,10.971,1059152000.0,3.396,1.0,1738882000.0,1.0,1569193000.0,0.0,45431697000.0,41557264500.0,0.0,37694201000.0,,,38721641000.0,,,5062144750.0,52191000.0,-212590000.0,-205694000.0,1734928000.0,-166702000.0,2281587000.0,-3310813000.0,-3319452000.0,1081417000.0,0.0,420388000.0,414388000.0,414388000.0,0.0,12000000.0,0.238,1185726000.0,553156000.0,0.0,0.412,1.077,12.216,12.366,451600000.0,6000000.0,16.2,2.911,2.906,0.0,1725846000.0,1738882000.0,1738882000.0,0.0,0.01,0.09,0.013,0.311,22013000.0,901627000.0,1.0,312478071.0,311888000,313805000.0,5.575,42148491000.0,0.0,120768000.0,0.0,135.14,
8,FHN,MRT,2019-06-30,2019-06-30,2019-06-30,2021-09-07,-262489000.0,42171770000.0,41184738750.0,,,0.047,14.744,-3846000.0,1842885000.0,1842885000.0,0.0,593161000.0,,8.043,3482308000.0,,,3482308000.0,0.0,71291000.0,32308318000.0,0.035,0.52,750058000.0,821349000.0,0.425,821349000.0,750058000.0,750058000.0,1.79,1.79,1.79,4630650000.0,4529547250.0,4630650000.0,4886123596.0,7.0,5.949,533557000.0,1.699,1.0,1933509000.0,1.0,1575399000.0,0.0,42235794000.0,40318276750.0,0.0,36247239000.0,,,37245689000.0,,,4708341596.0,-227594000.0,27616000.0,-201824000.0,-666728000.0,-161959000.0,282420000.0,-1047417000.0,-1321640000.0,537403000.0,0.0,581161000.0,575161000.0,575161000.0,0.0,12000000.0,0.297,1171451000.0,762058000.0,0.0,0.291,1.017,8.186,8.341,454271000.0,6000000.0,14.93,2.435,2.425,0.0,1660520000.0,1933509000.0,1933509000.0,0.0,0.014,0.127,0.019,0.388,22203000.0,904255000.0,1.0,315361125.0,314063000,315786000.0,6.156,40596371000.0,0.0,168897000.0,0.0,129.262,
9,FHN,MRT,2019-03-31,2019-03-31,2019-03-31,2021-09-07,-321151000.0,41099003000.0,40910995000.0,,,0.047,14.337,-5514000.0,2226124000.0,2226124000.0,0.0,565411000.0,,7.966,2403906000.0,,,2403906000.0,0.0,72164000.0,32462888000.0,0.036,0.5,707538000.0,779702000.0,0.405,779702000.0,707538000.0,707538000.0,1.69,1.69,1.69,4551090000.0,4435464250.0,4551090000.0,4070871553.0,6.0,5.221,555353000.0,1.75,1.0,1923363000.0,1.0,1581605000.0,0.0,39695180000.0,40109540750.0,0.0,34825976000.0,,,36252482000.0,,,4448921553.0,-220440000.0,-18383000.0,-155059000.0,-1214910000.0,-156406000.0,100043000.0,-881350000.0,-1110431000.0,560867000.0,0.0,553411000.0,547411000.0,547411000.0,0.0,12000000.0,0.285,1203825000.0,719538000.0,0.0,0.296,0.978,8.127,8.272,484494000.0,6000000.0,13.98,2.313,2.307,0.0,1595568000.0,1923363000.0,1923363000.0,0.0,0.013,0.123,0.018,0.368,22526000.0,901392000.0,1.0,318234732.0,317435000,319581000.0,6.059,39517398000.0,0.0,154127000.0,0.0,124.49,
10,FHN,MRT,2018-12-31,2018-12-31,2018-12-31,2021-09-07,-376616000.0,40832258000.0,40752043000.0,,,0.047,13.842,-18000000.0,2682936000.0,2682936000.0,0.0,557000000.0,,8.028,2304886000.0,,,2304886000.0,0.0,73000000.0,32682992000.0,0.036,0.48,702000000.0,775000000.0,0.401,775000000.0,702000000.0,702000000.0,1.66,1.65,1.66,4489949000.0,4366966000.0,4489949000.0,5674226459.0,8.0,7.322,216000000.0,0.666,1.0,1935000000.0,1.0,1587821000.0,0.0,38866387000.0,40375714000.0,0.0,34200370000.0,,,36046878000.0,,,4263087459.0,-47000000.0,-46000000.0,-100000000.0,-2597000000.0,-139000000.0,-761000000.0,480000000.0,287000000.0,234000000.0,0.0,545000000.0,539000000.0,539000000.0,0.0,12000000.0,0.279,1221000000.0,714000000.0,0.0,0.289,0.949,7.909,7.928,494041000.0,6000000.0,13.16,2.203,2.206,0.0,1542408000.0,1935000000.0,1935000000.0,0.0,0.013,0.123,0.017,0.363,23000000.0,894000000.0,1.0,323942816.0,324375000,327445000.0,5.965,39244437000.0,0.0,157000000.0,0.0,120.985,
11,FHN,MRT,2018-09-30,2018-09-30,2018-09-30,2021-09-07,-437649000.0,40635924000.0,40899825500.0,,,0.046,13.707,-31946000.0,1974891000.0,1974891000.0,0.0,407321000.0,,8.072,3386030000.0,,,3386030000.0,0.0,68313000.0,31008085000.0,0.026,0.45,603398000.0,671711000.0,0.353,671711000.0,603398000.0,603398000.0,1.11,1.1,1.11,4446500000.0,4315743000.0,4446500000.0,7510843873.0,12.0,11.182,119684000.0,0.369,1.0,1901597000.0,1.0,1571317000.0,0.0,40475746000.0,41187925250.0,0.0,34493756000.0,,,35893993000.0,,,5609557873.0,355455000.0,-46073000.0,-18864000.0,-713413000.0,-120807000.0,-77675000.0,281500000.0,312809000.0,151630000.0,0.0,395856000.0,389656000.0,389656000.0,0.0,11465000.0,0.205,1286734000.0,614863000.0,0.0,0.405,1.262,14.396,15.55,506453000.0,6200000.0,17.26,2.95,2.944,0.0,1484959000.0,1901597000.0,1901597000.0,0.0,0.01,0.09,0.015,0.317,23121000.0,877487000.0,1.0,325003353.0,324406000,327252000.0,5.862,39064607000.0,0.0,207542000.0,0.0,120.419,
12,FHN,MRT,2018-06-30,2018-06-30,2018-06-30,2021-09-07,-412114000.0,41076795000.0,38146503500.0,,,0.041,13.084,-49719000.0,2227654000.0,2227654000.0,0.0,204374000.0,,8.586,4128940000.0,,,4128940000.0,0.0,60313000.0,30977867000.0,0.024,0.42,330122000.0,390435000.0,0.249,390435000.0,330122000.0,330122000.0,0.57,0.55,0.57,4254318000.0,3851148000.0,4254318000.0,7706729644.0,23.0,19.739,411504000.0,1.266,1.0,1571159000.0,1.0,1577231000.0,0.0,41400850000.0,38858365250.0,0.0,34714874000.0,,,36527046000.0,,,5837135644.0,397940000.0,-286279000.0,2338000.0,386084000.0,-102847000.0,796835000.0,-860118000.0,-561141000.0,461223000.0,0.0,192909000.0,186709000.0,186709000.0,0.0,11465000.0,0.119,1229572000.0,341587000.0,0.0,0.737,1.372,31.263,31.298,525175000.0,6200000.0,17.84,3.715,3.692,0.0,1254069000.0,1571159000.0,1571159000.0,0.0,0.005,0.048,0.008,0.21,22240000.0,832964000.0,1.0,327193702.0,325153000,328426000.0,4.832,39499564000.0,0.0,137213000.0,0.0,121.48,
13,FHN,MRT,2018-03-31,2018-03-31,2018-03-31,2021-09-07,-390085000.0,40463195000.0,35219793750.0,,,0.042,13.1,-55731000.0,1742382000.0,1742382000.0,0.0,213586000.0,,8.391,3611976000.0,,,3611976000.0,0.0,52500000.0,30818951000.0,0.021,0.39,336890000.0,389390000.0,0.266,389390000.0,336890000.0,336890000.0,0.71,0.68,0.71,4277097000.0,3420432750.0,4277097000.0,8417358978.0,25.0,21.617,-217428000.0,-0.666,1.0,1463076000.0,1.0,1572916000.0,0.0,40759873000.0,36151232000.0,0.0,34542944000.0,,,35890667000.0,,,6154272978.0,197024000.0,-364251000.0,2692000.0,736808000.0,-84792000.0,-139278000.0,497999000.0,884468000.0,-161697000.0,0.0,202121000.0,195921000.0,195921000.0,0.0,11465000.0,0.134,1114721000.0,348355000.0,0.0,0.549,1.439,31.412,26.521,531981000.0,6200000.0,18.83,4.206,4.202,0.0,1211655000.0,1463076000.0,1463076000.0,0.0,0.006,0.057,0.009,0.23,21504000.0,785647000.0,1.0,326833403.0,326489000,330344000.0,4.481,38890279000.0,0.0,134769000.0,0.0,119.117,
14,FHN,MRT,2017-12-31,2017-12-31,2017-12-31,2021-09-07,-322825000.0,41423388000.0,32508645000.0,,,0.041,17.748,-49630000.0,2637646000.0,2637646000.0,0.0,176980000.0,,8.598,4900732000.0,,,4900732000.0,0.0,43431000.0,30620362000.0,0.018,0.36,297407000.0,340838000.0,0.256,340838000.0,297407000.0,297407000.0,0.66,0.65,0.66,4285057000.0,2962415750.0,4285057000.0,6496629995.0,22.0,19.061,-78428000.0,-0.325,1.0,1332533000.0,1.0,1571242000.0,0.0,42115232000.0,32983886000.0,0.0,34846985000.0,,,36842900000.0,,,4682267995.0,414252000.0,-336634000.0,578000.0,2061770000.0,-79904000.0,1767652000.0,-1324602000.0,-963246000.0,-28798000.0,0.0,165515000.0,159315000.0,159315000.0,0.0,11465000.0,0.12,1023661000.0,308872000.0,0.0,0.545,1.093,29.39,30.288,532251000.0,6200000.0,19.99,3.514,3.622,0.0,1160434000.0,1332533000.0,1332533000.0,0.0,0.005,0.054,0.009,0.223,20627000.0,735522000.0,1.0,234230515.0,241436000,244453000.0,5.519,39852146000.0,0.0,131892000.0,0.0,165.063,
15,FHN,MRT,2017-09-30,2017-09-30,2017-09-30,2021-09-07,-232384000.0,29622636000.0,29291605750.0,,,0.044,11.072,-47308000.0,1692081000.0,1692081000.0,0.0,283084000.0,,10.331,3506443000.0,,,3506443000.0,0.0,39867000.0,22099254000.0,0.018,0.34,353561000.0,393428000.0,0.307,393428000.0,353561000.0,353561000.0,1.14,1.12,1.14,2588120000.0,2493564750.0,2588120000.0,5967510236.0,17.0,15.168,83720000.0,0.358,1.0,1279883000.0,1.0,279492000.0,0.0,31157506000.0,29514105000.0,0.0,25834520000.0,,,26739085000.0,,,4483693236.0,-69796000.0,-123971000.0,3062000.0,541016000.0,-75210000.0,976958000.0,-1177782000.0,-1028576000.0,131028000.0,0.0,271650000.0,265450000.0,265450000.0,0.0,11434000.0,0.207,914888000.0,364995000.0,0.0,0.298,1.732,16.891,16.798,293393000.0,6200000.0,19.15,3.503,3.497,0.0,1177126000.0,1279883000.0,1279883000.0,0.0,0.009,0.106,0.012,0.276,20129000.0,692241000.0,1.0,234135417.0,233749000,236340000.0,5.475,29343144000.0,0.0,81911000.0,0.0,125.533,
16,FHN,MRT,2017-06-30,2017-06-30,2017-06-30,2021-09-07,-237462000.0,29369956000.0,28998252250.0,,,0.044,10.842,-45305000.0,1652746000.0,1652746000.0,0.0,278950000.0,,10.485,3136563000.0,,,3136563000.0,0.0,38763000.0,22333349000.0,0.018,0.32,364378000.0,403141000.0,0.313,403141000.0,364378000.0,364378000.0,1.12,1.11,1.12,2531457000.0,2458822500.0,2531457000.0,2757291215.0,8.0,6.84,-288032000.0,-1.234,1.0,1287389000.0,1.0,281456000.0,0.0,30572317000.0,29123933000.0,0.0,25591969000.0,,,26543068000.0,,,4074246215.0,-126870000.0,-123971000.0,11844000.0,350571000.0,-70353000.0,1978250000.0,-1862393000.0,-1717927000.0,-242727000.0,0.0,267516000.0,261316000.0,261316000.0,0.0,11434000.0,0.203,911577000.0,375812000.0,0.0,0.286,1.609,15.591,15.554,292463000.0,6200000.0,17.42,3.165,3.159,0.0,1131162000.0,1287389000.0,1287389000.0,0.0,0.009,0.106,0.013,0.283,19580000.0,701317000.0,1.0,233883250.0,233482000,236263000.0,5.514,29088500000.0,0.0,96862000.0,0.0,124.586,
17,FHN,MRT,2017-03-31,2017-03-31,2017-03-31,2021-09-07,-249958000.0,29618600000.0,28541030750.0,,,0.045,10.49,-49924000.0,3342604000.0,3342604000.0,0.0,244686000.0,,10.993,2025649000.0,,,2025649000.0,0.0,37546000.0,23479841000.0,0.016,0.3,342877000.0,380423000.0,0.298,380423000.0,342877000.0,342877000.0,0.97,0.97,0.97,2445029000.0,2425081500.0,2445029000.0,4216329460.0,12.0,11.083,170321000.0,0.731,1.0,1274793000.0,1.0,211156000.0,0.0,28090489000.0,28575410750.0,0.0,24212624000.0,,,26878140000.0,,,4323064460.0,153838000.0,0.0,718000.0,-384318000.0,-65622000.0,2685825000.0,-2752232000.0,-2724081000.0,220245000.0,0.0,233252000.0,227052000.0,227052000.0,0.0,11434000.0,0.178,920482000.0,354311000.0,0.0,0.309,1.768,19.04,19.072,290497000.0,6200000.0,18.5,3.391,3.382,0.0,1061409000.0,1274793000.0,1274793000.0,0.0,0.008,0.094,0.012,0.269,18624000.0,707438000.0,1.0,233679160.0,233076000,236855000.0,5.469,29407444000.0,0.0,109625000.0,0.0,126.171,
18,FHN,MRT,2016-12-31,2016-12-31,2016-12-31,2021-09-07,-247654000.0,28555231000.0,27877301250.0,,,0.046,10.355,-51158000.0,2097828000.0,2097828000.0,0.0,238511000.0,,10.728,1991093000.0,,,1991093000.0,0.0,37585000.0,22672363000.0,0.014,0.28,333856000.0,371441000.0,0.292,371441000.0,333856000.0,333856000.0,0.95,0.94,0.95,2409653000.0,2400703500.0,2409653000.0,6028308186.0,18.0,16.23,128833000.0,0.554,1.0,1270525000.0,1.0,212388000.0,0.0,28236108000.0,28339656750.0,0.0,24475271000.0,,,25850147000.0,,,4667024186.0,6731000.0,0.0,-74917000.0,-257150000.0,-63504000.0,2292552000.0,-2465812000.0,-2444529000.0,179991000.0,0.0,227046000.0,220846000.0,220846000.0,0.0,11465000.0,0.174,925204000.0,345321000.0,0.0,0.295,1.937,21.132,21.063,289385000.0,6200000.0,20.01,3.673,3.665,0.0,1029032000.0,1270525000.0,1270525000.0,0.0,0.008,0.092,0.012,0.263,17536000.0,709552000.0,1.0,233234592.0,232700000,235292000.0,5.46,28342843000.0,0.0,106810000.0,0.0,121.8,
19,FHN,MRT,2016-09-30,2016-09-30,2016-09-30,2021-09-07,-160828000.0,28449222000.0,27286652750.0,,,0.046,10.563,-45896000.0,1377385000.0,1377385000.0,0.0,232217000.0,,10.495,2738669000.0,,,2738669000.0,0.0,37882000.0,21574180000.0,0.018,0.27,306300000.0,344182000.0,0.276,344182000.0,306300000.0,306300000.0,0.91,0.91,0.91,2449151000.0,2384329000.0,2449151000.0,4585730842.0,15.0,13.324,-153443000.0,-0.662,1.0,1248781000.0,1.0,213688000.0,0.0,29596818000.0,27929143000.0,0.0,25032650000.0,,,25704640000.0,,,3533649842.0,43673000.0,-5087000.0,-90328000.0,443703000.0,-61113000.0,2639990000.0,-2488770000.0,-2480847000.0,-107547000.0,0.0,220783000.0,214583000.0,214583000.0,0.0,11434000.0,0.172,931047000.0,317734000.0,0.0,0.297,1.443,16.468,16.736,279178000.0,6200000.0,15.23,2.83,2.828,0.0,992264000.0,1248781000.0,1248781000.0,0.0,0.008,0.09,0.011,0.245,16678000.0,707731000.0,1.0,232019031.0,231856000,234092000.0,5.386,28235534000.0,0.0,85517000.0,0.0,121.78,
20,FHN,MRT,2016-06-30,2016-06-30,2016-06-30,2021-09-07,-152334000.0,27541070000.0,26520865500.0,,,0.046,10.349,-47670000.0,1527693000.0,1527693000.0,0.0,227914000.0,,10.369,2579774000.0,,,2579774000.0,0.0,38843000.0,20630177000.0,0.019,0.26,282253000.0,321096000.0,0.266,321096000.0,282253000.0,282253000.0,0.89,0.89,0.89,2396493000.0,2343244750.0,2396493000.0,3604511060.0,13.0,11.226,185212000.0,0.8,1.0,1206706000.0,1.0,214923000.0,0.0,28378228000.0,26979213000.0,0.0,23891030000.0,,,24849146000.0,,,3204498060.0,37664000.0,-5087000.0,-99004000.0,5576000.0,-58887000.0,1442707000.0,-1637925000.0,-1625338000.0,232882000.0,0.0,216386000.0,210186000.0,210186000.0,0.0,11528000.0,0.174,912925000.0,293781000.0,0.0,0.292,1.337,15.246,15.483,279676000.0,6200000.0,13.78,2.656,2.644,0.0,945663000.0,1206706000.0,1206706000.0,0.0,0.008,0.09,0.01,0.234,15027000.0,679200000.0,1.0,232547029.0,231573000,233576000.0,5.211,27326147000.0,0.0,65867000.0,0.0,118.002,
21,FHN,MRT,2016-03-31,2016-03-31,2016-03-31,2021-09-07,-170441000.0,26963682000.0,25944946000.0,,,0.046,10.004,-2134000.0,2034089000.0,2034089000.0,0.0,221931000.0,,10.36,2434102000.0,,,2434102000.0,0.0,40012000.0,20327834000.0,0.019,0.25,267845000.0,307857000.0,0.26,307857000.0,267845000.0,267845000.0,0.87,0.87,0.87,2347517000.0,2299740000.0,2347517000.0,3735948062.0,14.0,12.135,395113000.0,1.684,1.0,1183869000.0,1.0,216222000.0,0.0,27147473000.0,26416044000.0,0.0,22907489000.0,,,24320734000.0,,,3114511062.0,-75224000.0,-5087000.0,-87608000.0,-290515000.0,-56545000.0,893859000.0,-1366330000.0,-1392026000.0,397247000.0,0.0,210404000.0,204204000.0,204204000.0,0.0,11527000.0,0.172,904497000.0,279372000.0,0.0,0.287,1.327,15.252,15.057,274347000.0,6200000.0,13.1,2.631,2.597,0.0,905595000.0,1183869000.0,1183869000.0,0.0,0.008,0.089,0.01,0.226,14735000.0,663717000.0,1.0,237748936.0,234651000,236666000.0,5.045,26747460000.0,0.0,57441000.0,0.0,113.988,
22,FHN,MRT,2015-12-31,2015-12-31,2015-12-31,2021-09-07,-214192000.0,26192637000.0,25632355250.0,,,0.045,10.01,1196000.0,1633899000.0,1633899000.0,0.0,97313000.0,,10.048,2252837000.0,,,2252837000.0,0.0,41033000.0,19967478000.0,0.017,0.24,96820000.0,137853000.0,0.119,137853000.0,96820000.0,96820000.0,0.34,0.34,0.34,2344155000.0,2263817250.0,2344155000.0,3984954614.0,41.0,28.907,368590000.0,1.574,1.0,1162045000.0,1.0,217522000.0,0.0,26594053000.0,26300471000.0,0.0,22532583000.0,,,23553051000.0,,,3401127614.0,-40342000.0,-5087000.0,-25429000.0,-1347477000.0,-53947000.0,110668000.0,-518404000.0,-537766000.0,367394000.0,0.0,85879000.0,79679000.0,79679000.0,0.0,11434000.0,0.069,1053791000.0,108254000.0,0.0,0.706,1.451,42.685,42.706,275619000.0,6200000.0,14.52,2.927,2.926,0.0,874303000.0,1162045000.0,1162045000.0,0.0,0.003,0.035,0.004,0.083,13796000.0,659402000.0,1.0,234237439.0,234189000,236266000.0,4.962,25975115000.0,0.0,10941000.0,0.0,110.915,
23,FHN,MRT,2015-09-30,2015-09-30,2015-09-30,2021-09-07,-176676000.0,25386073000.0,25501242750.0,,,0.045,9.801,8163000.0,1710567000.0,1710567000.0,0.0,97524000.0,,9.981,2293148000.0,,,2293148000.0,0.0,41230000.0,18865220000.0,0.016,0.23,107883000.0,149113000.0,0.131,149113000.0,107883000.0,107883000.0,0.34,0.34,0.34,2284814000.0,2249318250.0,2284814000.0,4381803916.0,41.0,29.386,334863000.0,1.436,1.0,1136809000.0,1.0,171556000.0,0.0,25797098000.0,26260946250.0,0.0,21698668000.0,,,22805828000.0,,,3318414916.0,204147000.0,413352000.0,-26948000.0,-1374240000.0,-51685000.0,816645000.0,-939198000.0,-1397812000.0,326700000.0,0.0,85958000.0,79758000.0,79758000.0,0.0,11566000.0,0.07,1017360000.0,119449000.0,0.0,0.676,1.452,41.606,41.706,269332000.0,6200000.0,14.18,2.919,2.908,0.0,841737000.0,1136809000.0,1136809000.0,0.0,0.003,0.035,0.004,0.095,11939000.0,640550000.0,1.0,234020798.0,233111000,235058000.0,4.877,25214517000.0,0.0,21925000.0,0.0,108.165,
24,FHN,MRT,2015-06-30,2015-06-30,2015-06-30,2021-09-07,-188248000.0,25237392000.0,25150373750.0,,,0.046,9.547,12140000.0,1513230000.0,1513230000.0,0.0,84690000.0,,10.223,2574244000.0,,,2574244000.0,0.0,40731000.0,18674473000.0,0.014,0.22,103096000.0,143827000.0,0.124,143827000.0,103096000.0,103096000.0,0.29,0.28,0.29,2222474000.0,2257210500.0,2222474000.0,4807505028.0,47.0,33.426,437365000.0,1.879,1.0,1160500000.0,1.0,172854000.0,0.0,26125552000.0,26392960500.0,0.0,21744503000.0,,,22719487000.0,,,3658922028.0,75164000.0,413352000.0,-52784000.0,-1403905000.0,-49508000.0,552751000.0,-902812000.0,-1377946000.0,425225000.0,0.0,73226000.0,67026000.0,67026000.0,0.0,11464000.0,0.058,1045940000.0,114560000.0,0.0,0.759,1.646,54.59,54.034,269507000.0,6200000.0,15.67,3.153,3.143,0.0,797123000.0,1160500000.0,1160500000.0,0.0,0.003,0.03,0.004,0.089,17744000.0,645816000.0,1.0,233498534.0,232800000,234669000.0,4.985,25064538000.0,0.0,29870000.0,0.0,107.666,
25,FHN,MRT,2015-03-31,2015-03-31,2015-03-31,2021-09-07,-169159000.0,25713319000.0,24895612000.0,,,0.046,9.466,-31349000.0,1596026000.0,1596026000.0,0.0,111662000.0,,10.534,2742040000.0,,,2742040000.0,0.0,40283000.0,18638554000.0,0.015,0.21,142048000.0,182331000.0,0.159,182331000.0,142048000.0,142048000.0,0.4,0.39,0.4,2203826000.0,2281553000.0,2203826000.0,4290293922.0,30.0,23.53,189283000.0,0.813,1.0,1144228000.0,1.0,174152000.0,0.0,26685181000.0,26537890000.0,0.0,21994999000.0,,,23214062000.0,,,3347076922.0,85292000.0,413352000.0,-53020000.0,-503543000.0,-47220000.0,901411000.0,-1036751000.0,-1472654000.0,220632000.0,0.0,100190000.0,93990000.0,93990000.0,0.0,11472000.0,0.082,990708000.0,153520000.0,0.0,0.525,1.519,35.611,35.725,301069000.0,6200000.0,14.29,2.925,2.908,0.0,760713000.0,1144228000.0,1144228000.0,0.0,0.004,0.041,0.005,0.124,18580000.0,636259000.0,1.0,234225117.0,232816000,232816000.0,4.915,25539167000.0,0.0,41858000.0,0.0,109.697,
26,FHN,MRT,2014-12-31,2014-12-31,2014-12-31,2021-09-07,-188246000.0,25668187000.0,24451491250.0,,,0.047,9.728,-27897000.0,2693372000.0,2693372000.0,0.0,234046000.0,,10.098,3636589000.0,,,3636589000.0,0.0,39885000.0,18068939000.0,0.015,0.2,306704000.0,346589000.0,0.301,346589000.0,306704000.0,306704000.0,0.92,0.91,0.92,2286159000.0,2289866750.0,2286159000.0,5698220499.0,19.0,16.441,676811000.0,2.88,1.0,1150762000.0,1.0,175450000.0,0.0,26435954000.0,26185288750.0,0.0,21028387000.0,,,23086597000.0,,,3194675499.0,243496000.0,413352000.0,-41715000.0,465047000.0,-47366000.0,1024162000.0,-1485374000.0,-1923875000.0,704708000.0,0.0,222519000.0,216319000.0,216319000.0,0.0,11527000.0,0.188,832531000.0,318231000.0,0.0,0.217,1.397,14.768,14.761,302996000.0,6200000.0,13.58,2.776,2.773,0.0,851585000.0,1150762000.0,1150762000.0,0.0,0.009,0.094,0.012,0.267,18571000.0,637225000.0,1.0,235248564.0,234997000,236735000.0,4.897,25492737000.0,0.0,84185000.0,0.0,108.481,
27,FHN,MRT,2014-09-30,2014-09-30,2014-09-30,2021-09-07,-132835000.0,23982597000.0,23981902750.0,,,0.048,9.843,-28271000.0,1185216000.0,1185216000.0,0.0,233596000.0,,9.226,3688761000.0,,,3688761000.0,0.0,40871000.0,16144771000.0,0.016,0.2,271568000.0,312439000.0,0.27,312439000.0,271568000.0,271568000.0,0.92,0.91,0.92,2316383000.0,2269657000.0,2316383000.0,5561053457.0,20.0,17.799,879530000.0,3.737,1.0,1155292000.0,1.0,160987000.0,0.0,26325155000.0,25944831000.0,0.0,20740012000.0,,,21370783000.0,,,2912160457.0,-115085000.0,2359000.0,-28054000.0,370795000.0,-47421000.0,-96800000.0,-926086000.0,-1055348000.0,907801000.0,0.0,222115000.0,215915000.0,215915000.0,6000.0,11481000.0,0.187,872237000.0,283055000.0,0.0,0.217,1.257,13.488,13.348,295833000.0,6200000.0,12.28,2.521,2.501,0.0,816483000.0,1155292000.0,1155292000.0,0.0,0.009,0.095,0.01,0.235,19880000.0,644676000.0,1.0,237146617.0,235329000,236862000.0,4.909,23821610000.0,0.0,49453000.0,0.0,101.227,
28,FHN,MRT,2014-06-30,2014-06-30,2014-06-30,2021-09-07,-122111000.0,24218345000.0,23950941750.0,,,0.048,9.838,-26058000.0,1349042000.0,1349042000.0,0.0,80072000.0,,9.312,3997935000.0,,,3997935000.0,0.0,40755000.0,16157487000.0,0.017,0.2,70108000.0,110863000.0,0.097,110863000.0,70108000.0,70108000.0,0.27,0.27,0.27,2319844000.0,2225026750.0,2319844000.0,4306800162.0,61.0,38.848,707682000.0,3.001,1.0,1143249000.0,1.0,161968000.0,0.0,26705270000.0,25876584750.0,0.0,20804194000.0,,,21603070000.0,,,2805910162.0,56226000.0,-1579000.0,-14230000.0,420757000.0,-47613000.0,-742296000.0,64782000.0,-48310000.0,733740000.0,0.0,68591000.0,62391000.0,62391000.0,-117000.0,11481000.0,0.055,1061777000.0,81472000.0,0.0,0.741,1.21,44.973,43.926,300533000.0,6200000.0,11.86,2.454,2.446,0.0,782102000.0,1143249000.0,1143249000.0,0.0,0.003,0.028,0.003,0.061,15537000.0,672088000.0,1.0,236586017.0,235797000,237250000.0,4.848,24056377000.0,0.0,1517000.0,0.0,102.022,
29,FHN,MRT,2014-03-31,2014-03-31,2014-03-31,2021-09-07,-140119000.0,23936836000.0,24109555500.0,,,0.048,9.512,-24680000.0,1757641000.0,1757641000.0,0.0,43379000.0,,9.568,3258531000.0,,,3258531000.0,0.0,40741000.0,16672743000.0,0.016,0.2,14861000.0,55602000.0,0.048,55602000.0,14861000.0,14861000.0,0.11,0.11,0.11,2237081000.0,2207810000.0,2237081000.0,4764979871.0,321.0,85.698,696894000.0,2.963,1.0,1152231000.0,1.0,162950000.0,0.0,25274776000.0,25983218500.0,0.0,20170241000.0,,,21404324000.0,,,2916758871.0,30405000.0,53293000.0,-60525000.0,-765826000.0,-47636000.0,-1012585000.0,321416000.0,156656000.0,721574000.0,0.0,31914000.0,25714000.0,25714000.0,-118000.0,11465000.0,0.022,1126023000.0,26208000.0,39510000.0,1.818,1.304,113.431,112.182,299183000.0,6200000.0,12.34,2.531,2.519,51082000.0,716540000.0,1152231000.0,1152231000.0,0.0,0.001,0.012,0.001,0.013,16006000.0,699112000.0,1.0,236366197.0,235183000,237401000.0,4.899,23773886000.0,0.0,-17053000.0,0.0,101.087,
30,FHN,MRT,2013-12-31,2013-12-31,2013-12-31,2021-09-07,-150009000.0,23789833000.0,24326108500.0,,,0.048,9.267,-26584000.0,1558206000.0,1558206000.0,0.0,38369000.0,,9.654,3406427000.0,,,3406427000.0,0.0,40426000.0,16734956000.0,0.017,0.2,7515000.0,47941000.0,0.041,47941000.0,7515000.0,7515000.0,0.09,0.09,0.09,2205320000.0,2224657250.0,2205320000.0,5109334248.0,680.0,106.575,404789000.0,1.701,1.0,1166951000.0,1.0,163931000.0,0.0,25474123000.0,26516674000.0,0.0,19960251000.0,,,21289082000.0,,,2753222248.0,-278353000.0,54931000.0,-90882000.0,-1163686000.0,-38229000.0,-1472679000.0,762953000.0,598459000.0,431373000.0,0.0,26904000.0,21066000.0,21066000.0,-548000.0,11465000.0,0.018,1148519000.0,18432000.0,21173000.0,2.222,1.248,130.695,129.444,305244000.0,5838000.0,11.65,2.359,2.376,45255000.0,695207000.0,1166951000.0,1166951000.0,0.0,0.001,0.009,0.0,0.006,17713000.0,713366000.0,1.0,236328090.0,237972000,239794000.0,4.904,23625902000.0,0.0,-19389000.0,0.0,99.28,
31,FHN,MRT,2013-09-30,2013-09-30,2013-09-30,2021-09-07,-176391000.0,23858753000.0,24712155000.0,,,0.048,9.025,-25476000.0,1208995000.0,1208995000.0,0.0,30761000.0,,10.022,3565107000.0,,,3565107000.0,0.0,38978000.0,16283909000.0,0.015,0.16,8059000.0,47037000.0,0.039,47037000.0,8059000.0,8059000.0,0.05,0.05,0.05,2137862000.0,2226837500.0,2137862000.0,5086322526.0,631.0,108.135,347848000.0,1.468,1.0,1191814000.0,1.0,162695000.0,0.0,26052170000.0,27221039750.0,0.0,20386365000.0,,,21425460000.0,,,2643694526.0,139150000.0,52572000.0,-125631000.0,-1342387000.0,-28929000.0,-1723470000.0,1489296000.0,1462200000.0,373324000.0,0.0,19329000.0,15041000.0,15041000.0,-542000.0,11432000.0,0.013,1172865000.0,18949000.0,53784000.0,3.2,1.237,175.766,219.8,308779000.0,4288000.0,10.99,2.218,2.184,83154000.0,657676000.0,1191814000.0,1191814000.0,0.0,0.001,0.007,0.0,0.007,17958000.0,779959000.0,1.0,240554552.0,236895000,236895000.0,5.031,23696058000.0,0.0,-11270000.0,0.0,100.028,
32,FHN,MRT,2013-06-30,2013-06-30,2013-06-30,2021-09-07,-188665000.0,24852800000.0,25182424250.0,,,0.047,9.409,-21888000.0,1381046000.0,1381046000.0,0.0,162469000.0,,9.91,3823674000.0,,,3823674000.0,0.0,39241000.0,17011884000.0,0.011,0.12,176121000.0,215362000.0,0.181,215362000.0,176121000.0,176121000.0,0.6,0.6,0.6,2250977000.0,2251552750.0,2250977000.0,5463282197.0,31.0,25.368,753375000.0,3.149,1.0,1189504000.0,1.0,163623000.0,0.0,27131805000.0,28000422000.0,0.0,21166462000.0,,,22306392000.0,,,2701718197.0,180461000.0,59510000.0,-130574000.0,-1342790000.0,-19423000.0,-880087000.0,285285000.0,247663000.0,775263000.0,0.0,151037000.0,148299000.0,148299000.0,-527000.0,11432000.0,0.125,1002478000.0,187026000.0,90231000.0,0.2,1.2,18.218,18.667,314764000.0,2738000.0,11.2,2.271,2.253,151660000.0,777108000.0,1189504000.0,1189504000.0,0.0,0.006,0.066,0.006,0.148,19082000.0,796925000.0,1.0,241224839.0,239248000,240891000.0,4.972,24689177000.0,0.0,25084000.0,0.0,103.195,
33,FHN,MRT,2013-03-31,2013-03-31,2013-03-31,2021-09-07,-151639000.0,24803048000.0,25342463000.0,,,0.048,9.567,-17729000.0,1472878000.0,1472878000.0,0.0,-4697000.0,,9.635,4234442000.0,,,4234442000.0,0.0,38978000.0,16204467000.0,0.007,0.08,-94232000.0,-55254000.0,-0.045,-55254000.0,-94232000.0,-94232000.0,-0.07,-0.07,-0.07,2304470000.0,2243618750.0,2304470000.0,5714037501.0,-61.0,-103.414,568398000.0,2.36,1.0,1218435000.0,1.0,156014000.0,0.0,27408598000.0,28508116250.0,0.0,20986725000.0,,,22203321000.0,,,2599528501.0,77387000.0,6916000.0,-119468000.0,-50424000.0,-9979000.0,-829769000.0,321029000.0,331842000.0,586127000.0,0.0,-16130000.0,-17318000.0,-17318000.0,-1013000.0,11433000.0,-0.014,1302247000.0,-83812000.0,97954000.0,-1.143,1.128,-150.106,-152.571,299740000.0,1188000.0,10.68,2.133,2.111,169927000.0,748427000.0,1218435000.0,1218435000.0,0.0,-0.001,-0.008,-0.003,-0.077,19945000.0,808381000.0,1.0,243401545.0,240870000,242799000.0,5.058,24647034000.0,0.0,-78102000.0,0.0,102.325,
34,FHN,MRT,2012-12-31,2012-12-31,2012-12-31,2021-09-07,-146343000.0,25334019000.0,25561443250.0,,,0.05,8.915,-14508000.0,1459635000.0,1459635000.0,0.0,-16295000.0,,10.309,4574144000.0,,,4574144000.0,0.0,38938000.0,16629709000.0,0.004,0.04,-113021000.0,-74083000.0,-0.058,-74083000.0,-113021000.0,-113021000.0,-0.11,-0.11,-0.11,2214041000.0,2262253250.0,2214041000.0,6036887672.0,-53.0,-81.488,357044000.0,1.438,1.0,1281996000.0,1.0,156942000.0,0.0,28291586000.0,28685264750.0,0.0,21564867000.0,,,22824813000.0,,,2449097672.0,278007000.0,5278000.0,-133613000.0,64145000.0,-10066000.0,321620000.0,-415165000.0,-405935000.0,371552000.0,0.0,-27759000.0,-27759000.0,-27759000.0,-148000.0,11464000.0,-0.022,1383701000.0,-101705000.0,110329000.0,-0.364,1.106,-88.227,-90.091,303273000.0,0.0,9.91,1.91,1.92,117772000.0,719672000.0,1281996000.0,1281996000.0,0.0,-0.001,-0.012,-0.004,-0.088,20341000.0,836835000.0,1.0,247133973.0,248349000,248349000.0,5.162,25177077000.0,0.0,-85262000.0,0.0,101.378,
35,FHN,MRT,2012-09-30,2012-09-30,2012-09-30,2021-09-07,-116684000.0,25739830000.0,25425284500.0,,,0.052,9.069,-12720000.0,1326582000.0,1326582000.0,0.0,-22065000.0,,10.376,4914372000.0,,,4914372000.0,0.0,38833000.0,16228111000.0,0.004,0.04,-106373000.0,-67540000.0,-0.051,-67540000.0,-106373000.0,-106373000.0,-0.15,-0.15,-0.15,2236723000.0,2306111000.0,2236723000.0,6224569253.0,-59.0,-92.161,179732000.0,0.729,1.0,1330027000.0,1.0,157921000.0,0.0,29169699000.0,28584776500.0,0.0,21435146000.0,,,23207942000.0,,,2396041253.0,-173629000.0,5151000.0,-142960000.0,-293300000.0,-10215000.0,63186000.0,-429267000.0,-421698000.0,192452000.0,0.0,-33499000.0,-33499000.0,-33499000.0,591000.0,11434000.0,-0.025,1424375000.0,-94348000.0,574201000.0,-0.267,1.071,-71.526,-64.2,305346000.0,0.0,9.63,1.801,1.786,791190000.0,681460000.0,1330027000.0,1330027000.0,0.0,-0.001,-0.015,-0.004,-0.08,25846000.0,827093000.0,1.0,248810099.0,246628000,248306000.0,5.393,25581909000.0,0.0,-72874000.0,0.0,103.727,
36,FHN,MRT,2012-06-30,2012-06-30,2012-06-30,2021-09-07,-122583000.0,25492955000.0,25383194250.0,,,0.055,8.909,-18430000.0,1340865000.0,1340865000.0,0.0,-11767000.0,,10.354,5169393000.0,,,5169393000.0,0.0,38817000.0,16117443000.0,0.005,0.04,-92968000.0,-54151000.0,-0.039,-54151000.0,-92968000.0,-92968000.0,-0.11,-0.11,-0.11,2219241000.0,2358946500.0,2219241000.0,4783671339.0,-51.0,-88.339,7486000.0,0.03,1.0,1398251000.0,1.0,158901000.0,0.0,29162582000.0,28598974250.0,0.0,21385447000.0,,,22978549000.0,,,2185568339.0,-54981000.0,10377000.0,-128162000.0,459861000.0,-10369000.0,522725000.0,-603622000.0,-595569000.0,25916000.0,0.0,-23201000.0,-23201000.0,-23201000.0,-4129000.0,11434000.0,-0.017,1483914000.0,-85663000.0,203548000.0,-0.364,0.985,-94.201,-78.636,311753000.0,0.0,8.65,1.563,1.541,377496000.0,658157000.0,1398251000.0,1398251000.0,0.0,-0.001,-0.01,-0.003,-0.066,25624000.0,837699000.0,1.0,252666860.0,249104000,249104000.0,5.613,25334054000.0,0.0,-69767000.0,0.0,101.701,
37,FHN,MRT,2012-03-31,2012-03-31,2012-03-31,2021-09-07,-124613000.0,25678969000.0,25273472000.0,,,0.057,9.384,-30681000.0,1725407000.0,1725407000.0,0.0,132999000.0,,9.67,4323510000.0,,,4323510000.0,0.0,38810000.0,16935170000.0,0.004,0.04,135809000.0,174619000.0,0.121,174619000.0,135809000.0,135809000.0,0.47,0.47,0.47,2379008000.0,2400690500.0,2379008000.0,5921525266.0,44.0,33.911,75806000.0,0.299,1.0,1441122000.0,1.0,159880000.0,0.0,28117192000.0,28411218750.0,0.0,21075156000.0,,,23004796000.0,,,2661374266.0,99744000.0,24467000.0,-91264000.0,-593448000.0,-10519000.0,870557000.0,-877300000.0,-871086000.0,106487000.0,0.0,121565000.0,121565000.0,121565000.0,-7313000.0,11434000.0,0.084,1301192000.0,139930000.0,361018000.0,0.085,1.119,21.893,22.085,314903000.0,0.0,10.38,1.847,1.826,522001000.0,785361000.0,1441122000.0,1441122000.0,0.0,0.005,0.051,0.005,0.094,22496000.0,851427000.0,1.0,256394438.0,253527000,255369000.0,5.684,25519089000.0,0.0,14244000.0,0.0,100.656,
38,FHN,MRT,2011-12-31,2011-12-31,2011-12-31,2021-09-07,-130156000.0,24789384000.0,24963315750.0,,,0.058,9.17,-35408000.0,1281111000.0,1281111000.0,0.0,142630000.0,,9.251,4541262000.0,,,4541262000.0,0.0,39004000.0,16213009000.0,0.005,0.04,147032000.0,186036000.0,0.129,186036000.0,147032000.0,147032000.0,0.5,0.5,0.5,2389472000.0,2392161500.0,2389472000.0,5924875320.0,40.0,31.848,8565000.0,0.033,1.0,1442843000.0,1.0,159902000.0,0.0,27889633000.0,28371832750.0,0.0,20625231000.0,,,22104747000.0,,,2108952320.0,59481000.0,24467000.0,-124811000.0,-1006358000.0,-7944000.0,-151481000.0,166989000.0,177930000.0,43973000.0,0.0,131196000.0,131196000.0,131196000.0,-8618000.0,11434000.0,0.091,1292995000.0,149848000.0,164708000.0,0.08,0.883,16.075,16.0,321253000.0,0.0,8.0,1.462,1.445,164987000.0,757364000.0,1442843000.0,1442843000.0,0.0,0.005,0.055,0.005,0.102,19944000.0,844275000.0,1.0,263619040.0,260574000,262861000.0,5.537,24629482000.0,0.0,15836000.0,0.0,94.52,
39,FHN,MRT,2011-09-30,2011-09-30,2011-09-30,2021-09-07,-83552000.0,25571469000.0,24940707750.0,,,0.058,9.369,-50031000.0,1417832000.0,1417832000.0,0.0,122126000.0,,9.325,5233755000.0,,,5233755000.0,0.0,39222000.0,15698255000.0,0.173,1.03,120450000.0,159672000.0,0.111,159672000.0,120450000.0,120450000.0,0.16,0.16,0.16,2448065000.0,2390503500.0,2448065000.0,5093204155.0,42.0,31.898,547330000.0,2.095,1.0,1435171000.0,1.0,160902000.0,0.0,29226490000.0,28584697250.0,0.0,20883750000.0,,,22828239000.0,,,1571643155.0,125145000.0,24594000.0,182478000.0,-206837000.0,-5333000.0,-207076000.0,-265140000.0,-239703000.0,597361000.0,0.0,110724000.0,47570000.0,47570000.0,-5935000.0,11402000.0,0.033,1309254000.0,125917000.0,509164000.0,6.438,0.642,33.039,37.25,326667000.0,63154000.0,5.96,1.095,1.085,521198000.0,724977000.0,1435171000.0,1435171000.0,0.0,0.002,0.02,0.004,0.084,17702000.0,843889000.0,1.0,263698516.0,261284000,262803000.0,5.493,25410567000.0,0.0,9726000.0,0.0,97.253,
40,FHN,MRT,2011-06-30,2011-06-30,2011-06-30,2021-09-07,-108508000.0,25054066000.0,24893885750.0,,,0.058,9.132,-58385000.0,1174857000.0,1174857000.0,0.0,116856000.0,,9.376,4696418000.0,,,4696418000.0,0.0,38365000.0,15896027000.0,0.212,2.02,110103000.0,148468000.0,0.102,148468000.0,110103000.0,110103000.0,0.09,0.09,0.09,2386217000.0,2531418000.0,2386217000.0,6217144938.0,56.0,41.875,929405000.0,3.557,1.0,1448792000.0,1.0,164067000.0,0.0,28411560000.0,28634513000.0,0.0,20549301000.0,,,22372684000.0,,,2512215938.0,-56351000.0,16368000.0,181652000.0,-974834000.0,-2712000.0,-1011173000.0,-32968000.0,9049000.0,987790000.0,0.0,105454000.0,27340000.0,27340000.0,-749000.0,11402000.0,0.019,1328036000.0,120756000.0,464993000.0,22.444,1.053,91.888,106.0,330392000.0,78114000.0,9.54,1.734,1.721,625243000.0,691490000.0,1448792000.0,1448792000.0,0.0,0.001,0.011,0.004,0.076,18578000.0,849673000.0,1.0,263335004.0,261289000,262756000.0,5.545,24889999000.0,0.0,4649000.0,0.0,95.259,
41,FHN,MRT,2011-03-31,2011-03-31,2011-03-31,2021-09-07,-130379000.0,24438344000.0,25193925750.0,,,0.057,8.978,-46575000.0,1173201000.0,1173201000.0,0.0,114498000.0,,9.296,4878130000.0,,,4878130000.0,0.0,37616000.0,15350967000.0,0.269,3.01,110253000.0,147869000.0,0.102,147869000.0,110253000.0,110253000.0,0.02,0.02,0.02,2344892000.0,2682880750.0,2344892000.0,7189124704.0,65.0,48.618,619338000.0,2.371,1.0,1445340000.0,1.0,183625000.0,0.0,27959648000.0,29158248000.0,0.0,19971811000.0,,,21798287000.0,,,2951924704.0,61598000.0,0.0,181671000.0,-838677000.0,0.0,-1296182000.0,691867000.0,738442000.0,665913000.0,0.0,103096000.0,10044000.0,10044000.0,2793000.0,11402000.0,0.007,1320892000.0,124448000.0,413334000.0,150.5,1.259,293.899,560.5,320871000.0,93052000.0,11.21,2.042,2.026,595594000.0,674064000.0,1445340000.0,1445340000.0,0.0,0.0,0.004,0.004,0.076,18436000.0,858821000.0,1.0,263329590.0,261174000,265556000.0,5.534,24254719000.0,0.0,7157000.0,0.0,92.868,
42,FHN,MRT,2010-12-31,2010-12-31,2010-12-31,2021-09-07,-127546000.0,24698952000.0,25565233750.0,,,0.055,10.11,-42631000.0,1286513000.0,1286513000.0,0.0,61603000.0,,9.241,5523713000.0,,,5523713000.0,0.0,36647000.0,15208231000.0,0.34,4.0,29019000.0,65666000.0,0.047,65666000.0,29019000.0,29019000.0,-0.25,-0.25,-0.25,2382840000.0,2840602000.0,2382840000.0,6980886492.0,241.0,106.309,725443000.0,3.078,1.0,1393563000.0,1.0,195061000.0,0.0,28741091000.0,29736657500.0,0.0,20502061000.0,,,22020947000.0,,,2742871492.0,-149821000.0,0.0,261851000.0,-1211686000.0,0.0,-1540122000.0,622227000.0,664858000.0,768074000.0,0.0,50201000.0,-57769000.0,-57769000.0,11332000.0,11402000.0,-0.041,1341810000.0,51753000.0,65506000.0,-16.0,1.151,-47.48,-47.12,322319000.0,107970000.0,11.78,1.968,1.992,146091000.0,631712000.0,1393563000.0,1393563000.0,0.0,-0.002,-0.02,0.001,0.021,17564000.0,870587000.0,1.0,232841383.0,235699000,235699000.0,5.912,24503891000.0,0.0,-21182000.0,0.0,103.963,
43,FHN,MRT,2010-09-30,2010-09-30,2010-09-30,2021-09-07,-109958000.0,25384181000.0,25907665250.0,,,0.051,12.836,-26022000.0,1200619000.0,1200619000.0,0.0,-8549000.0,,7.33,5438634000.0,,,5438634000.0,0.0,36149000.0,14975920000.0,0.351,4.0,-68720000.0,-32571000.0,-0.024,-32571000.0,-68720000.0,-68720000.0,-0.33,-0.33,-0.33,3011723000.0,2996717750.0,3011723000.0,7061082184.0,-103.0,-216.79,230168000.0,0.981,1.0,1334138000.0,1.0,196443000.0,0.0,29425753000.0,30284945500.0,0.0,20771847000.0,,,22077293000.0,,,2610983184.0,-16733000.0,803000.0,-1251000.0,-1866391000.0,0.0,-1187180000.0,914257000.0,939476000.0,256190000.0,0.0,-19951000.0,-79664000.0,-79664000.0,19353000.0,11402000.0,-0.06,1372103000.0,-37965000.0,379526000.0,-12.121,0.867,-32.775,-34.576,311947000.0,59713000.0,11.41,1.957,2.007,564879000.0,737014000.0,1334138000.0,1334138000.0,0.0,-0.003,-0.027,-0.002,-0.052,19615000.0,881838000.0,1.0,228832882.0,234638000,238867000.0,5.686,25187738000.0,0.0,-48769000.0,0.0,107.347,
44,FHN,MRT,2010-06-30,2010-06-30,2010-06-30,2021-09-07,-105922000.0,26254226000.0,26178083000.0,,,0.048,12.756,-17194000.0,1242915000.0,1242915000.0,0.0,-77273000.0,,7.676,5693014000.0,,,5693014000.0,0.0,36325000.0,15201816000.0,0.349,4.0,-156196000.0,-119871000.0,-0.095,-119871000.0,-156196000.0,-156196000.0,-0.63,-0.63,-0.63,2992068000.0,3012548000.0,2992068000.0,7132914746.0,-46.0,-59.505,-85181000.0,-0.363,1.0,1263331000.0,1.0,197825000.0,0.0,30506500000.0,30982520250.0,0.0,21376372000.0,,,22966993000.0,,,2583997746.0,16433000.0,803000.0,-415000.0,-2712669000.0,0.0,-2550694000.0,2635114000.0,2651505000.0,-67987000.0,0.0,-88769000.0,-148398000.0,-148398000.0,29195000.0,11496000.0,-0.117,1378836000.0,-115505000.0,754079000.0,-6.349,0.864,-17.413,-18.175,307452000.0,59629000.0,11.45,2.045,2.126,828866000.0,767769000.0,1263331000.0,1263331000.0,0.0,-0.006,-0.049,-0.005,-0.124,15464000.0,890095000.0,1.0,225676659.0,234556000,240968000.0,5.386,26056401000.0,0.0,-67427000.0,0.0,111.088,
45,FHN,MRT,2010-03-31,2010-03-31,2010-03-31,2021-09-07,-113291000.0,25923576000.0,26804262250.0,,,0.042,12.692,-17968000.0,1186538000.0,1186538000.0,0.0,-203233000.0,,7.612,5735455000.0,,,5735455000.0,0.0,37332000.0,15069700000.0,0.285,4.0,-354540000.0,-317208000.0,-0.281,-317208000.0,-354540000.0,-354540000.0,-1.18,-1.18,-1.18,2975777000.0,3039235250.0,2975777000.0,8188358167.0,-23.0,-25.814,679122000.0,2.896,1.0,1130599000.0,1.0,199207000.0,0.0,30273286000.0,32130083000.0,0.0,21073436000.0,,,22652634000.0,,,3119009167.0,-151072000.0,803000.0,-271000.0,-4581620000.0,0.0,-4482624000.0,3634462000.0,3651627000.0,697090000.0,0.0,-214729000.0,-274276000.0,-274276000.0,29632000.0,11496000.0,-0.243,1444011000.0,-313412000.0,740852000.0,-3.39,1.048,-11.372,-11.907,308714000.0,59547000.0,14.05,2.759,2.914,743514000.0,809624000.0,1130599000.0,1130599000.0,0.0,-0.01,-0.09,-0.011,-0.314,14066000.0,922388000.0,1.0,221993535.0,234469000,234469000.0,4.822,25724369000.0,0.0,-139811000.0,0.0,109.713,
46,FHN,MRT,2009-12-31,2009-12-31,2009-12-31,2021-09-07,-114209000.0,26068678000.0,28125374250.0,,,0.04,12.828,-21180000.0,1457895000.0,1457895000.0,0.0,-258435000.0,,7.57,6527244000.0,,,6527244000.0,0.0,38555000.0,14867215000.0,0.299,4.0,-440553000.0,-401998000.0,-0.355,-401998000.0,-440553000.0,-440553000.0,-1.41,-1.41,-1.41,3007303000.0,3098418750.0,3007303000.0,8899039505.0,-20.0,-22.137,763092000.0,3.255,1.0,1130865000.0,1.0,203784000.0,0.0,30934243000.0,34317931500.0,0.0,21376450000.0,,,22766210000.0,,,2929960505.0,-406185000.0,803000.0,-389000.0,-4197128000.0,0.0,-3633974000.0,2443517000.0,2463894000.0,784272000.0,0.0,-269837000.0,-329422000.0,-329422000.0,23203000.0,11402000.0,-0.291,1536813000.0,-405948000.0,292975000.0,-2.837,0.974,-8.894,-9.504,313824000.0,59585000.0,13.4,2.591,2.778,334404000.0,891580000.0,1130865000.0,1130865000.0,0.0,-0.012,-0.106,-0.013,-0.39,14670000.0,979290000.0,1.0,218653769.0,234431000,234431000.0,4.824,25864894000.0,0.0,-170716000.0,0.0,110.331,
47,FHN,MRT,2009-09-30,2009-09-30,2009-09-30,2021-09-07,-116265000.0,26465852000.0,29363699750.0,,,0.037,13.353,-5043000.0,1117235000.0,1117235000.0,0.0,-257086000.0,,7.511,7086314000.0,,,7086314000.0,0.0,40341000.0,14234983000.0,0.302,4.0,-438036000.0,-397695000.0,-0.363,-397695000.0,-438036000.0,-438036000.0,-1.36,-1.36,-1.36,3075044000.0,3166459750.0,3075044000.0,9419353398.0,-22.0,-23.685,1902896000.0,8.263,1.0,1096529000.0,1.0,218879000.0,0.0,32216052000.0,36596957250.0,0.0,21718962000.0,,,23095643000.0,,,2847200398.0,-786347000.0,-20090000.0,-431000.0,-6316727000.0,-56506000.0,-5102129000.0,2407843000.0,2432976000.0,1907939000.0,0.0,-269885000.0,-321986000.0,-321986000.0,10713000.0,12799000.0,-0.294,1511053000.0,-414524000.0,542829000.0,-2.941,0.926,-8.843,-9.728,321788000.0,52101000.0,13.23,2.597,2.778,797949000.0,1005244000.0,1096529000.0,1096529000.0,0.0,-0.011,-0.102,-0.012,-0.399,15510000.0,1034181000.0,1.0,215207891.0,230285000,230285000.0,4.762,26246973000.0,0.0,-168151000.0,0.0,113.976,
48,FHN,MRT,2009-06-30,2009-06-30,2009-06-30,2021-09-07,-138892000.0,28758943000.0,30948330750.0,,,0.031,13.683,-49179000.0,1623887000.0,1623887000.0,0.0,-344292000.0,,8.185,8196040000.0,,,8196040000.0,0.0,41856000.0,14977461000.0,0.333,4.0,-597604000.0,-555748000.0,-0.574,-555748000.0,-597604000.0,-597604000.0,-1.71,-1.71,-1.71,3098817000.0,3042109000.0,3098817000.0,10591648032.0,-18.0,-19.058,3611123000.0,15.945,1.0,967708000.0,1.0,234345000.0,0.0,35096751000.0,39574356000.0,0.0,23381016000.0,,,25364961000.0,,,2539138032.0,-1054024000.0,72692000.0,-557000.0,-7028381000.0,-95355000.0,-6143881000.0,1429555000.0,1406042000.0,3660302000.0,0.0,-356997000.0,-394222000.0,-394222000.0,2262000.0,12705000.0,-0.407,1550345000.0,-582637000.0,965442000.0,-2.339,0.819,-6.441,-7.018,325666000.0,37225000.0,12.0,2.624,2.808,959514000.0,1100462000.0,967708000.0,967708000.0,0.0,-0.013,-0.13,-0.015,-0.618,15373000.0,1079714000.0,1.0,211594836.0,226476000,226476000.0,4.273,28524598000.0,0.0,-240607000.0,0.0,125.95,
49,FHN,MRT,2009-03-31,2009-03-31,2009-03-31,2021-09-07,-142503000.0,31208024000.0,32646085250.0,,,0.036,14.368,-22077000.0,2128481000.0,2128481000.0,0.0,-255047000.0,,8.623,10180991000.0,,,10180991000.0,0.0,45390000.0,14910055000.0,0.298,3.2,-463137000.0,-417747000.0,-0.359,-417747000.0,-463137000.0,-463137000.0,-1.27,-1.27,-1.27,3212511000.0,2941766250.0,3212511000.0,11473352464.0,-25.0,-27.465,4129786000.0,18.47,1.0,1162380000.0,1.0,235854000.0,0.0,39024680000.0,42908416250.0,0.0,24605416000.0,,,27700348000.0,,,2207496464.0,-796451000.0,-24952000.0,659312000.0,-5168026000.0,-95355000.0,-4663379000.0,-284935000.0,-237906000.0,4151863000.0,0.0,-267752000.0,-290121000.0,-290121000.0,1954000.0,12705000.0,-0.25,1610858000.0,-448478000.0,1383447000.0,-2.52,0.687,-7.609,-8.457,330299000.0,22369000.0,10.74,1.899,2.066,1502033000.0,1265073000.0,1162380000.0,1162380000.0,0.0,-0.009,-0.099,-0.011,-0.398,15951000.0,1182780000.0,1.0,205539708.0,223594000,223594000.0,5.199,30972170000.0,0.0,-195385000.0,0.0,138.52,
50,FHN,MRT,2008-12-31,2008-12-31,2008-12-31,2021-09-07,-151831000.0,31021980000.0,34161065500.0,,,0.038,15.867,-23666000.0,1532572000.0,1532572000.0,0.0,-177971000.0,,8.369,10798428000.0,,,10798428000.0,0.0,49507000.0,14241814000.0,0.227,2.4,-346392000.0,-296885000.0,-0.231,-296885000.0,-346392000.0,-346392000.0,-0.96,-0.96,-0.96,3279467000.0,2666695250.0,3279467000.0,13691410595.0,-40.0,-46.117,4156765000.0,20.112,1.0,1283472000.0,1.0,237490000.0,0.0,40050346000.0,45787268000.0,0.0,25443397000.0,,,27447348000.0,,,2130844595.0,-934935000.0,-40608000.0,659864000.0,-4431924000.0,-120575000.0,-5370059000.0,254693000.0,318967000.0,4180431000.0,0.0,-191987000.0,-199400000.0,-199400000.0,3534000.0,14016000.0,-0.155,1612314000.0,-328842000.0,1115428000.0,-2.5,0.65,-10.686,-11.01,333931000.0,7413000.0,10.57,1.66,1.702,1178932000.0,1387854000.0,1283472000.0,1283472000.0,0.0,-0.006,-0.075,-0.008,-0.27,16944000.0,1223170000.0,1.0,201593623.0,206681000,206681000.0,6.21,30784490000.0,0.0,-154405000.0,0.0,148.947,
51,FHN,MRT,2008-09-30,2008-09-30,2008-09-30,2021-09-07,-48037000.0,32804376000.0,35659435750.0,,,0.032,11.875,-46395000.0,1774776000.0,1774776000.0,0.0,-356301000.0,,11.612,13335342000.0,,,13335342000.0,0.0,54122000.0,13778235000.0,0.188,1.76,-655227000.0,-601105000.0,-0.526,-601105000.0,-655227000.0,-655227000.0,-2.43,-2.42,-2.43,2577641000.0,2380727500.0,2577641000.0,14956286449.0,-23.0,-24.881,2875743000.0,13.248,1.0,1143647000.0,1.0,239295000.0,0.0,44125647000.0,48166935750.0,0.0,26759725000.0,,,29931458000.0,,,1832232449.0,-296101000.0,2800000.0,659997000.0,16642000.0,-120574000.0,-3639412000.0,421173000.0,464768000.0,2922138000.0,0.0,-384916000.0,-384916000.0,-384916000.0,-959000.0,28615000.0,-0.337,1771218000.0,-627571000.0,1645118000.0,-0.724,0.711,-4.76,-3.852,336078000.0,0.0,9.36,1.602,1.777,1651547000.0,1483184000.0,1143647000.0,1143647000.0,0.0,-0.011,-0.162,-0.014,-0.573,9118000.0,1303037000.0,1.0,195751330.0,217062000,217062000.0,5.269,32565081000.0,0.0,-270311000.0,0.0,150.027,
52,FHN,MRT,2008-06-30,2008-06-30,2008-06-30,2021-09-07,-51599000.0,35549961000.0,36827904750.0,,,0.037,14.355,-6479000.0,2045187000.0,2045187000.0,0.0,-248237000.0,,12.07,15169241000.0,,,15169241000.0,0.0,63102000.0,15093947000.0,0.163,1.21,-465794000.0,-402692000.0,-0.296,-402692000.0,-465794000.0,-465794000.0,-1.96,-1.95,-1.96,2697446000.0,2341774000.0,2697446000.0,14458589907.0,-31.0,-35.905,1495543000.0,7.959,1.0,1362354000.0,1.0,241023000.0,0.0,48432992000.0,49216688500.0,0.0,29803490000.0,,,32557238000.0,,,942022907.0,84878000.0,-89982000.0,664022000.0,4333996000.0,-138146000.0,-1412963000.0,-4181000.0,92280000.0,1502022000.0,0.0,-273977000.0,-273977000.0,-273977000.0,-2917000.0,25740000.0,-0.201,1805325000.0,-442971000.0,868883000.0,-0.617,0.349,-3.438,-3.791,344410000.0,0.0,7.43,0.691,1.025,994571000.0,1646272000.0,1362354000.0,1362354000.0,0.0,-0.007,-0.117,-0.009,-0.342,11010000.0,1330383000.0,1.0,126786394.0,187911000,187911000.0,7.25,35308938000.0,0.0,-191817000.0,0.0,187.902,
53,FHN,MRT,2008-03-31,2008-03-31,2008-03-31,2021-09-07,-34397000.0,37267945000.0,37538935500.0,,,0.038,15.543,-33662000.0,1796872000.0,1796872000.0,0.0,-209877000.0,,16.504,15313439000.0,,,15313439000.0,0.0,65802000.0,16188542000.0,0.104,1.46,-399630000.0,-333828000.0,-0.235,-333828000.0,-399630000.0,-399630000.0,-1.68,-1.68,-1.68,2112227000.0,2283283000.0,2112227000.0,14574072809.0,-36.0,-43.657,749849000.0,5.518,1.0,1419736000.0,1.0,244425000.0,0.0,50540087000.0,48811380750.0,0.0,30756281000.0,,,34860441000.0,,,1771201809.0,-868409000.0,7662000.0,9569000.0,4668471000.0,-194410000.0,-1532703000.0,-119217000.0,-93217000.0,783511000.0,0.0,-232773000.0,-232773000.0,-232773000.0,-3096000.0,22896000.0,-0.164,1799566000.0,-379830000.0,1688870000.0,-0.869,0.839,-7.609,-8.339,382488000.0,0.0,14.01,1.248,1.341,1680057000.0,1704559000.0,1419736000.0,1419736000.0,0.0,-0.006,-0.102,-0.008,-0.281,10751000.0,1303642000.0,1.0,126424112.0,135896000,136496000.0,10.447,37023520000.0,0.0,-166857000.0,0.0,272.44,
54,FHN,MRT,2007-12-31,2007-12-31,2007-12-31,2021-09-07,-48101000.0,37015461000.0,37929140750.0,,,0.039,15.037,-33539000.0,2299137000.0,2299137000.0,0.0,-151311000.0,,16.194,15102008000.0,,,15102008000.0,0.0,68084000.0,17032285000.0,0.094,1.71,-310055000.0,-241971000.0,-0.164,-241971000.0,-310055000.0,-310055000.0,-1.2,-1.2,-1.2,2135596000.0,2383895250.0,2135596000.0,13497304550.0,-44.0,-55.781,98553000.0,0.694,1.0,1474689000.0,1.0,249315000.0,0.0,49569017000.0,47770892250.0,0.0,31474139000.0,,,34584588000.0,,,2293939550.0,113623000.0,23318000.0,33438000.0,3001004000.0,-225011000.0,-159465000.0,140996000.0,151217000.0,132092000.0,0.0,-170146000.0,-170146000.0,-170146000.0,-2453000.0,18835000.0,-0.115,1768362000.0,-293673000.0,586358000.0,-1.425,1.074,-13.482,-15.125,399305000.0,0.0,18.15,1.556,1.748,524419000.0,1742892000.0,1474689000.0,1474689000.0,0.0,-0.004,-0.071,-0.006,-0.21,5080000.0,1250825000.0,1.0,126387854.0,142027000,142027000.0,10.383,36766146000.0,0.0,-139909000.0,0.0,258.867,
55,FHN,MRT,2007-09-30,2007-09-30,2007-09-30,2021-09-07,-65870000.0,37478252000.0,38154840250.0,,,0.05,18.641,-48484000.0,2064324000.0,2064324000.0,0.0,154981000.0,,14.353,13236696000.0,,,13236696000.0,0.0,68604000.0,18635359000.0,0.068,1.8,192040000.0,260644000.0,0.137,260644000.0,192040000.0,192040000.0,1.06,1.04,1.06,2421827000.0,2465593750.0,2421827000.0,12183156023.0,63.0,46.743,1323139000.0,10.184,1.0,1904729000.0,1.0,325966000.0,0.0,48324658000.0,47246310500.0,0.0,31483951000.0,,,34761148000.0,,,3365466023.0,-831623000.0,13804000.0,40982000.0,4432879000.0,-224341000.0,-2394989000.0,191743000.0,226423000.0,1371623000.0,0.0,154981000.0,154981000.0,154981000.0,-815000.0,0.0,0.081,1713504000.0,191225000.0,1053349000.0,1.698,1.39,21.715,25.151,411515000.0,0.0,26.66,1.767,1.818,1219720000.0,2048689000.0,1904729000.0,1904729000.0,0.0,0.004,0.063,0.004,0.101,9011000.0,1287652000.0,1.0,126236535.0,129917000,129917000.0,14.661,37152286000.0,0.0,37059000.0,0.0,285.969,
56,FHN,MRT,2007-06-30,2007-06-30,2007-06-30,2021-09-07,-87568000.0,38394084000.0,38804323000.0,,,0.053,19.571,-64849000.0,1978721000.0,1978721000.0,0.0,236247000.0,,14.465,10738170000.0,,,10738170000.0,0.0,65881000.0,21761683000.0,0.044,1.71,308412000.0,374293000.0,0.182,374293000.0,308412000.0,308412000.0,1.71,1.68,1.71,2463482000.0,2487768000.0,2463482000.0,12771907478.0,41.0,34.123,-286754000.0,-2.278,1.0,2052656000.0,1.0,341772000.0,0.0,46811761000.0,46589296750.0,0.0,32672396000.0,,,35635325000.0,,,4904195478.0,-477027000.0,-127911000.0,51877000.0,1004279000.0,-223521000.0,905679000.0,-1160801000.0,-968041000.0,-221905000.0,0.0,236247000.0,236247000.0,236247000.0,-537000.0,0.0,0.115,1744781000.0,307875000.0,1144029000.0,1.0,1.991,20.759,22.807,438807000.0,0.0,39.0,2.389,2.392,1240456000.0,2120014000.0,2052656000.0,2052656000.0,0.0,0.006,0.095,0.007,0.15,10304000.0,1308901000.0,1.0,125748602.0,125873000,128737000.0,16.307,38052312000.0,0.0,72165000.0,0.0,302.307,
57,FHN,MRT,2007-03-31,2007-03-31,2007-03-31,2021-09-07,-60415000.0,38828766000.0,38573110500.0,,,0.056,20.063,-80666000.0,2634638000.0,2634638000.0,0.0,318433000.0,,14.323,10521259000.0,,,10521259000.0,0.0,65678000.0,22491951000.0,0.039,1.62,437472000.0,503150000.0,0.234,503150000.0,437472000.0,437472000.0,2.37,2.33,2.37,2514676000.0,2482445750.0,2514676000.0,15082481947.0,34.0,29.976,317757000.0,2.535,1.0,2147290000.0,1.0,337254000.0,0.0,46378133000.0,45993855000.0,0.0,32263356000.0,,,36018813000.0,,,5204965947.0,412520000.0,-128193000.0,54281000.0,804937000.0,-222527000.0,1613719000.0,-1599622000.0,-1390763000.0,398423000.0,0.0,318433000.0,318433000.0,318433000.0,-734000.0,0.0,0.148,1710552000.0,436738000.0,1088340000.0,0.684,2.07,16.346,17.523,445301000.0,0.0,41.53,2.424,2.424,1144135000.0,2155007000.0,2147290000.0,2147290000.0,0.0,0.008,0.128,0.01,0.204,14817000.0,1289359000.0,1.0,125330266.0,125342000,128704000.0,17.131,38491512000.0,0.0,119039000.0,0.0,307.092,
58,FHN,MRT,2006-12-31,2006-12-31,2006-12-31,2021-09-07,-72448000.0,37918259000.0,38191162750.0,,,0.054,18.852,-100213000.0,2164129000.0,2164129000.0,0.0,462914000.0,,14.279,12056672000.0,,,12056672000.0,0.0,65237000.0,20213232000.0,0.047,1.98,550192000.0,615429000.0,0.296,615429000.0,550192000.0,550192000.0,3.54,3.45,3.54,2462390000.0,2453678750.0,2462390000.0,11134783235.0,20.0,18.093,1525871000.0,11.682,1.0,2080701000.0,1.0,340112000.0,0.0,47470690000.0,45497891500.0,0.0,32450368000.0,,,35160599000.0,,,5200237235.0,-256791000.0,293358000.0,-108490000.0,4073841000.0,-223386000.0,521022000.0,-2403897000.0,-2597042000.0,1626084000.0,0.0,462914000.0,462914000.0,462914000.0,-210767000.0,0.0,0.222,1742621000.0,338080000.0,799489000.0,0.559,2.112,11.234,11.802,451708000.0,0.0,41.78,2.499,2.623,732282000.0,2144276000.0,2080701000.0,2080701000.0,0.0,0.012,0.189,0.012,0.264,12299000.0,1310498000.0,1.0,124467143.0,130619000,134321000.0,15.93,37578147000.0,0.0,87278000.0,0.0,287.693,
59,FHN,MRT,2006-09-30,2006-09-30,2006-09-30,2021-09-07,6563000.0,40076183000.0,37856363250.0,,,0.055,20.222,-103798000.0,2864954000.0,2864954000.0,0.0,492366000.0,,14.846,8830454000.0,,,8830454000.0,0.0,65969000.0,25284541000.0,0.052,1.98,590891000.0,656860000.0,0.313,656860000.0,590891000.0,590891000.0,3.92,3.83,3.92,2510524000.0,2424966000.0,2510524000.0,11999483332.0,20.0,18.268,771618000.0,6.215,1.0,2097646000.0,1.0,345080000.0,0.0,45696603000.0,44071626500.0,0.0,32589368000.0,,,37270385000.0,,,4711240332.0,-121115000.0,298654000.0,-111375000.0,3262651000.0,-221614000.0,2939366000.0,-3935897000.0,-4130753000.0,875416000.0,0.0,492366000.0,492366000.0,492366000.0,-215949000.0,0.0,0.235,1720951000.0,376695000.0,989332000.0,0.505,1.877,9.569,9.696,441659000.0,0.0,38.01,2.246,2.25,1027927000.0,2124312000.0,2097646000.0,2097646000.0,0.0,0.013,0.203,0.013,0.282,13932000.0,1257376000.0,1.0,123947391.0,124150000,127523000.0,16.896,39731103000.0,0.0,98525000.0,0.0,320.025,
60,FHN,MRT,2006-06-30,2006-06-30,2006-06-30,2021-09-07,-31351000.0,37469234000.0,37097894250.0,,,0.058,19.748,-108239000.0,2397507000.0,2397507000.0,0.0,538200000.0,,14.222,9715232000.0,,,9715232000.0,0.0,65606000.0,21693442000.0,0.049,1.97,660811000.0,726417000.0,0.34,726417000.0,660811000.0,660811000.0,4.28,4.17,4.28,2442193000.0,2370419250.0,2442193000.0,12405300648.0,19.0,17.077,2436629000.0,19.703,1.0,2135943000.0,1.0,356965000.0,0.0,44429994000.0,42459995250.0,0.0,31732633000.0,,,34731767000.0,,,4953855648.0,-479823000.0,441962000.0,-117064000.0,642193000.0,-219639000.0,287876000.0,-3312567000.0,-3646290000.0,2544868000.0,0.0,538200000.0,538200000.0,538200000.0,-220848000.0,0.0,0.252,1694227000.0,441716000.0,1057617000.0,0.46,2.028,9.204,9.393,431385000.0,0.0,40.2,2.319,2.328,1058690000.0,2113514000.0,2135943000.0,2135943000.0,0.0,0.015,0.227,0.016,0.309,17493000.0,1255487000.0,1.0,123230240.0,123667000,127280000.0,17.272,37112269000.0,0.0,122611000.0,0.0,300.098,
61,FHN,MRT,2006-03-31,2006-03-31,2006-03-31,2021-09-07,-12260000.0,37300975000.0,37022033000.0,,,0.057,19.122,-104669000.0,2235116000.0,2235116000.0,0.0,533895000.0,,14.422,9686561000.0,,,9686561000.0,0.0,66051000.0,21517047000.0,0.049,2.04,657060000.0,723111000.0,0.342,723111000.0,657060000.0,657060000.0,4.24,4.12,4.24,2399608000.0,2314099500.0,2399608000.0,10820754825.0,16.0,14.964,2223144000.0,17.716,1.0,2111921000.0,1.0,358141000.0,0.0,44394279000.0,42126057500.0,0.0,31550198000.0,,,34606093000.0,,,5276972825.0,-142430000.0,442244000.0,-110213000.0,3359651000.0,-217684000.0,1425540000.0,-3895783000.0,-4233358000.0,2327813000.0,0.0,533895000.0,533895000.0,533895000.0,-224330000.0,0.0,0.253,1677438000.0,434483000.0,941911000.0,0.481,2.199,9.884,9.823,422346000.0,0.0,41.65,2.499,2.475,858072000.0,2065285000.0,2111921000.0,2111921000.0,0.0,0.014,0.231,0.016,0.311,16588000.0,1253020000.0,1.0,126698027.0,125489000,129100000.0,16.83,36942834000.0,0.0,123165000.0,0.0,294.391,
62,FHN,MRT,2005-12-31,2005-12-31,2005-12-31,2021-09-07,-42244000.0,36579061000.0,36486145000.0,,,0.061,18.709,-94917000.0,2430746000.0,2430746000.0,0.0,424697000.0,,14.456,7975402000.0,,,7975402000.0,0.0,65578000.0,23317557000.0,0.041,1.58,610685000.0,676263000.0,0.304,676263000.0,610685000.0,610685000.0,3.38,3.28,3.38,2347539000.0,2245397500.0,2347539000.0,7409865825.0,12.0,10.957,726751000.0,5.792,1.0,2223605000.0,1.0,358087000.0,0.0,41765630000.0,40726531750.0,0.0,31217790000.0,,,33936248000.0,,,4843545825.0,1105985000.0,-822850000.0,40801000.0,1976753000.0,-214024000.0,5698540000.0,-5414223000.0,-4496456000.0,821668000.0,0.0,424697000.0,424697000.0,424697000.0,-17072000.0,0.0,0.191,1626894000.0,596711000.0,591404000.0,0.467,2.063,11.405,11.373,408539000.0,0.0,38.44,2.178,2.169,511508000.0,1905930000.0,2223605000.0,2223605000.0,0.0,0.012,0.189,0.015,0.275,27889000.0,1221862000.0,1.0,126002753.0,125475000,129364000.0,17.721,36220974000.0,0.0,185988000.0,0.0,288.671,
63,FHN,MRT,2005-09-30,2005-09-30,2005-09-30,2021-09-07,-33621000.0,37042307000.0,34784300500.0,,,0.061,18.217,-88959000.0,3009134000.0,3009134000.0,0.0,413230000.0,,15.03,5575990000.0,,,5575990000.0,0.0,54112000.0,25269302000.0,0.043,1.56,586011000.0,640123000.0,0.303,640123000.0,586011000.0,586011000.0,3.31,3.21,3.31,2292337000.0,2168758500.0,2292337000.0,10815434365.0,18.0,16.896,-1295616000.0,-10.296,1.0,2115758000.0,1.0,359085000.0,0.0,39250078000.0,38843226000.0,0.0,30256985000.0,,,34454696000.0,,,4547769365.0,1723834000.0,-834950000.0,43668000.0,763401000.0,-209148000.0,7207186000.0,-4276695000.0,-3352786000.0,-1206657000.0,0.0,413230000.0,413230000.0,413230000.0,-27343000.0,0.0,0.195,1557090000.0,558668000.0,1507563000.0,0.471,1.984,11.005,10.982,404867000.0,0.0,36.35,2.149,2.162,1453451000.0,1856776000.0,2115758000.0,2115758000.0,0.0,0.012,0.191,0.015,0.277,23560000.0,1176661000.0,1.0,125110574.0,125838000,129924000.0,16.813,36683222000.0,0.0,172781000.0,0.0,291.511,
64,FHN,MRT,2005-06-30,2005-06-30,2005-06-30,2021-09-07,-13679000.0,37165789000.0,32597405000.0,,,0.063,17.743,-76192000.0,2899537000.0,2899537000.0,0.0,413887000.0,,15.631,9168596000.0,,,9168596000.0,0.0,54965000.0,21586027000.0,0.038,1.61,593429000.0,648394000.0,0.314,648394000.0,593429000.0,593429000.0,3.32,3.23,3.32,2216914000.0,2091344250.0,2216914000.0,10137172379.0,17.0,15.634,-2514611000.0,-20.126,1.0,2067427000.0,1.0,340605000.0,0.0,43094243000.0,36931296000.0,0.0,30140462000.0,,,34653600000.0,,,5238342379.0,1356923000.0,-836543000.0,12428000.0,2249213000.0,-204890000.0,8113650000.0,-4318308000.0,-3405573000.0,-2438419000.0,0.0,413887000.0,413887000.0,413887000.0,-22513000.0,0.0,0.2,1496511000.0,570916000.0,1519142000.0,0.485,2.363,12.656,12.711,384283000.0,0.0,42.2,2.534,2.55,1694712000.0,1797942000.0,2067427000.0,2067427000.0,0.0,0.013,0.198,0.016,0.287,14931000.0,1122396000.0,1.0,124131336.0,124946000,129428000.0,16.547,36825184000.0,0.0,179542000.0,0.0,294.729,
65,FHN,MRT,2005-03-31,2005-03-31,2005-03-31,2021-09-07,-36179000.0,35157423000.0,30128382500.0,,,0.069,17.037,-77647000.0,2369839000.0,2369839000.0,0.0,432267000.0,,15.407,6347213000.0,,,6347213000.0,0.0,59850000.0,23008291000.0,0.037,1.5,619391000.0,679241000.0,0.327,679241000.0,619391000.0,619391000.0,3.47,3.38,3.47,2124800000.0,2017285000.0,2124800000.0,10102564850.0,16.0,14.873,-1881451000.0,-15.086,1.0,2075105000.0,1.0,338621000.0,0.0,38796176000.0,34254520000.0,0.0,28169631000.0,,,32736765000.0,,,5053891850.0,949201000.0,-836543000.0,-33465000.0,1713840000.0,-201321000.0,6715298000.0,-3962293000.0,-3048103000.0,-1803804000.0,0.0,432267000.0,432267000.0,432267000.0,-18655000.0,0.0,0.208,1474369000.0,600736000.0,1283766000.0,0.432,2.379,11.692,11.755,377887000.0,0.0,40.79,2.435,2.452,2435505000.0,1751618000.0,2075105000.0,2075105000.0,0.0,0.014,0.214,0.018,0.298,9941000.0,1111172000.0,1.0,123900266.0,124717000,128032000.0,16.639,34818802000.0,0.0,187124000.0,0.0,279.182,
66,FHN,MRT,2004-12-31,2004-12-31,2004-12-31,2021-09-07,-9928000.0,29771683000.0,28110068750.0,,,0.074,16.363,-77715000.0,1320499000.0,1320499000.0,0.0,445708000.0,,13.587,6003192000.0,,,6003192000.0,0.0,58272000.0,19782167000.0,0.036,1.55,643626000.0,701898000.0,0.336,701898000.0,643626000.0,643626000.0,3.57,3.47,3.57,2040983000.0,1965809000.0,2040983000.0,9070757018.0,14.0,12.923,-1787183000.0,-14.328,1.0,2089794000.0,1.0,221969000.0,0.0,34232407000.0,32112851750.0,0.0,26148294000.0,,,27730242000.0,,,5308035018.0,165705000.0,7000000.0,-116289000.0,1069385000.0,-198495000.0,4677505000.0,-2802332000.0,-2731617000.0,-1709468000.0,0.0,445708000.0,445708000.0,445708000.0,-15640000.0,0.0,0.213,1461808000.0,627986000.0,390323000.0,0.434,2.601,11.909,12.076,379359000.0,0.0,43.11,2.54,2.573,276298000.0,1795853000.0,2089794000.0,2089794000.0,0.0,0.016,0.227,0.02,0.308,3560000.0,1105703000.0,1.0,123127697.0,124730000,128436000.0,16.755,29549714000.0,0.0,197918000.0,0.0,236.909,
67,FHN,MRT,2004-09-30,2004-09-30,2004-09-30,2021-09-07,-11195000.0,28294725000.0,26793820500.0,,,0.082,15.953,-88643000.0,1285836000.0,1285836000.0,0.0,468901000.0,,13.271,4815320000.0,,,4815320000.0,0.0,55364000.0,18922308000.0,0.035,1.52,705290000.0,760654000.0,0.344,760654000.0,705290000.0,705290000.0,3.74,3.63,3.74,1982680000.0,1928142750.0,1982680000.0,11063931219.0,16.0,14.545,290970000.0,2.341,1.0,2208946000.0,1.0,221851000.0,0.0,31602358000.0,30597834250.0,0.0,23947462000.0,,,26311591000.0,,,5354720219.0,-102509000.0,21577000.0,-161682000.0,679792000.0,-186963000.0,2586012000.0,-3068134000.0,-3001068000.0,379613000.0,0.0,468901000.0,468901000.0,468901000.0,0.0,0.0,0.212,1503656000.0,705290000.0,1158991000.0,0.406,2.701,11.42,11.594,369701000.0,0.0,43.36,2.424,2.44,1025806000.0,1745759000.0,2208946000.0,2208946000.0,0.0,0.018,0.243,0.023,0.319,0.0,1116292000.0,1.0,123494470.0,124282776,127845448.0,17.774,28072874000.0,0.0,236389000.0,0.0,225.879,
68,FHN,MRT,2004-06-30,2004-06-30,2004-06-30,2021-09-07,-24444000.0,27289699000.0,26092473750.0,,,0.087,15.399,-112961000.0,1544008000.0,1544008000.0,0.0,473583000.0,,13.208,6855140000.0,,,6855140000.0,0.0,56963000.0,15910512000.0,0.031,1.42,715282000.0,772245000.0,0.341,772245000.0,715282000.0,715282000.0,3.76,3.65,3.76,1920677000.0,1895364250.0,1920677000.0,8951369518.0,13.0,11.591,3209229000.0,25.73,1.0,2263276000.0,1.0,213692000.0,0.0,32387139000.0,29755704250.0,0.0,22959485000.0,,,25368568000.0,,,5637395518.0,341126000.0,21577000.0,-158139000.0,431308000.0,-175411000.0,404070000.0,-3385134000.0,-3293750000.0,3322190000.0,0.0,473583000.0,473583000.0,473583000.0,0.0,0.0,0.209,1547994000.0,715282000.0,1157537000.0,0.378,2.935,11.904,12.093,365078000.0,0.0,45.47,2.491,2.506,1039328000.0,1699445000.0,2263276000.0,2263276000.0,0.0,0.018,0.25,0.024,0.316,0.0,1139749000.0,1.0,123980548.0,124728340,128496736.0,18.146,27076007000.0,0.0,241699000.0,0.0,217.08,
69,FHN,MRT,2004-03-31,2004-03-31,2004-03-31,2021-09-07,17808000.0,27084168000.0,26254857500.0,,,0.089,15.286,-153361000.0,1423209000.0,1423209000.0,0.0,473551000.0,,13.114,4781679000.0,,,4781679000.0,0.0,51546000.0,18143679000.0,0.028,1.34,717283000.0,768829000.0,0.33,768829000.0,717283000.0,717283000.0,3.74,3.63,3.74,1918896000.0,1863636000.0,1918896000.0,9797673718.0,14.0,12.744,1239192000.0,9.871,1.0,2329567000.0,1.0,213135000.0,0.0,30229503000.0,29943644500.0,0.0,22373463000.0,,,25164824000.0,,,5918477718.0,193834000.0,21577000.0,-188602000.0,-433025000.0,-163383000.0,2242680000.0,-3441399000.0,-3309615000.0,1392553000.0,0.0,473551000.0,473551000.0,473551000.0,0.0,0.0,0.203,1612284000.0,717283000.0,2239466000.0,0.358,3.084,12.498,12.754,355624000.0,0.0,47.7,2.541,2.57,2688860000.0,1662677000.0,2329567000.0,2329567000.0,0.0,0.018,0.254,0.024,0.308,0.0,1176879000.0,1.0,124077101.0,125535314,129698461.0,18.557,26871033000.0,0.0,243732000.0,0.0,214.052,
70,FHN,MRT,2003-12-31,2003-12-31,2003-12-31,2021-09-07,682000.0,24506690000.0,25686598250.0,,,0.093,14.912,-148753000.0,1154794000.0,1154794000.0,0.0,473309000.0,,11.964,5033990000.0,,,5033990000.0,0.0,53067000.0,15871322000.0,0.034,1.48,718998000.0,772065000.0,0.323,772065000.0,718998000.0,718998000.0,3.73,3.62,3.73,1890318000.0,1824566500.0,1890318000.0,8504979019.0,12.0,11.016,2332437000.0,18.4,1.0,2386670000.0,1.0,213549000.0,0.0,28172337000.0,29539388250.0,0.0,20875211000.0,,,22615920000.0,,,5534869019.0,-173923000.0,19647000.0,-131672000.0,580879000.0,-150863000.0,344374000.0,-2999487000.0,-2870381000.0,2481190000.0,0.0,473309000.0,473309000.0,473309000.0,0.0,0.0,0.198,1667672000.0,718998000.0,1710608000.0,0.397,2.928,11.694,11.823,350202000.0,0.0,44.1,2.319,2.342,1888859000.0,1662699000.0,2386670000.0,2386670000.0,0.0,0.018,0.259,0.024,0.301,0.0,1198700000.0,1.0,125507234.0,126765000,130876000.0,18.828,24293141000.0,0.0,245689000.0,0.0,191.639,
71,FHN,MRT,2003-09-30,2003-09-30,2003-09-30,2021-09-07,626000.0,25489338000.0,25515699500.0,,,0.089,14.621,-139307000.0,1388345000.0,1388345000.0,0.0,458998000.0,,12.712,4358455000.0,,,4358455000.0,0.0,52475000.0,16555912000.0,0.033,1.38,685875000.0,738350000.0,0.327,738350000.0,685875000.0,685875000.0,3.61,3.52,3.61,1851566000.0,1774782000.0,1851566000.0,10748259475.0,16.0,14.557,607472000.0,4.797,1.0,2260198000.0,1.0,225610000.0,0.0,28233838000.0,29200650500.0,0.0,20528435000.0,,,23537425000.0,,,5342744475.0,-139993000.0,-13930000.0,-98304000.0,-646025000.0,-144676000.0,2039901000.0,-2926673000.0,-2773436000.0,746779000.0,0.0,458998000.0,458998000.0,458998000.0,0.0,0.0,0.203,1574323000.0,685875000.0,2723058000.0,0.382,2.886,11.64,11.762,334353000.0,0.0,42.46,2.364,2.379,2988606000.0,1632236000.0,2260198000.0,2260198000.0,0.0,0.018,0.259,0.023,0.303,0.0,1104478000.0,1.0,125830063.0,126636999,130593990.0,17.848,25263728000.0,0.0,226877000.0,0.0,199.497,
72,FHN,MRT,2003-06-30,2003-06-30,2003-06-30,2021-09-07,16698000.0,27939234000.0,24829509250.0,,,0.09,14.106,-105431000.0,1202882000.0,1202882000.0,0.0,436286000.0,,14.495,6608397000.0,,,6608397000.0,0.0,48996000.0,15492806000.0,0.03,1.33,644687000.0,693683000.0,0.311,693683000.0,644687000.0,644687000.0,3.43,3.34,3.43,1793764000.0,1718835250.0,1793764000.0,9548808668.0,15.0,13.765,-2921217000.0,-22.973,1.0,2230454000.0,1.0,205849000.0,0.0,33138900000.0,28630217000.0,0.0,22226448000.0,,,26001028000.0,,,5545772668.0,86370000.0,192734000.0,-81560000.0,2407157000.0,-138209000.0,5448407000.0,-2546251000.0,-2633554000.0,-2815786000.0,0.0,436286000.0,436286000.0,436286000.0,0.0,0.0,0.196,1585767000.0,644687000.0,3999825000.0,0.388,3.092,12.711,12.802,305249000.0,0.0,43.91,2.486,2.503,3982392000.0,1561648000.0,2230454000.0,2230454000.0,0.0,0.018,0.254,0.023,0.289,0.0,1126004000.0,1.0,126298626.0,127161135,131863957.0,17.54,27733385000.0,0.0,208401000.0,0.0,218.096,
73,FHN,MRT,2003-03-31,2003-03-31,2003-03-31,2021-09-07,19584000.0,24811131000.0,22798768750.0,,,0.092,13.905,-55798000.0,1229375000.0,1229375000.0,0.0,408399000.0,,12.994,5232411000.0,,,5232411000.0,0.0,48477000.0,15004591000.0,0.032,1.29,609017000.0,657494000.0,0.313,657494000.0,609017000.0,609017000.0,3.21,3.13,3.21,1762618000.0,1661241000.0,1762618000.0,8180524720.0,13.0,12.442,-1742259000.0,-13.744,1.0,2101011000.0,1.0,201689000.0,0.0,28612478000.0,26020614000.0,0.0,20189054000.0,,,22904096000.0,,,4991968720.0,368945000.0,191301000.0,-57859000.0,1931365000.0,-131952000.0,3768745000.0,-1713339000.0,-1848842000.0,-1686461000.0,0.0,408399000.0,408399000.0,408399000.0,0.0,0.0,0.194,1491994000.0,609017000.0,2767094000.0,0.402,2.832,12.223,12.371,255723000.0,0.0,39.71,2.376,2.396,2921328000.0,1536821000.0,2101011000.0,2101011000.0,0.0,0.018,0.246,0.023,0.29,0.0,1067796000.0,1.0,125710620.0,126764004,126764004.0,16.574,24609442000.0,0.0,200618000.0,0.0,194.136,
74,FHN,MRT,2002-12-31,2002-12-31,2002-12-31,2021-09-07,26487000.0,23823095000.0,21499331500.0,,,0.092,13.346,-48762000.0,1328717000.0,1328717000.0,0.0,376451000.0,,13.001,4517273000.0,,,4517273000.0,0.0,48051000.0,15713903000.0,0.033,1.2,558059000.0,606110000.0,0.307,606110000.0,558059000.0,558059000.0,2.97,2.89,2.97,1691180000.0,1600360750.0,1691180000.0,7915099582.0,14.0,13.059,-991539000.0,-7.825,1.0,1975365000.0,1.0,194265000.0,0.0,26817386000.0,24333869000.0,0.0,20035382000.0,,,21987523000.0,,,4512797582.0,214094000.0,193231000.0,-60172000.0,492111000.0,-125736000.0,2578114000.0,-1421243000.0,-1565712000.0,-942777000.0,0.0,376451000.0,376451000.0,376451000.0,0.0,0.0,0.191,1417306000.0,558059000.0,1856347000.0,0.404,2.668,11.988,12.101,254132000.0,0.0,35.94,2.285,2.305,1999148000.0,1461946000.0,1975365000.0,1975365000.0,0.0,0.018,0.235,0.023,0.283,0.0,1021162000.0,1.0,125564763.0,126714413,130221169.0,15.589,23628830000.0,0.0,181608000.0,0.0,186.473,
75,FHN,MRT,2002-09-30,2002-09-30,2002-09-30,2021-09-07,25807000.0,22744577000.0,20698945250.0,,,0.091,12.848,-29452000.0,1528338000.0,1528338000.0,0.0,362324000.0,,12.884,4930640000.0,,,4930640000.0,0.0,63019000.0,13791421000.0,0.033,1.15,533696000.0,596715000.0,0.317,596715000.0,533696000.0,533696000.0,2.85,2.77,2.85,1627779000.0,1547006250.0,1627779000.0,7465895739.0,14.0,12.512,-965692000.0,-7.622,1.0,1884187000.0,1.0,194775000.0,0.0,25952104000.0,23465267000.0,0.0,18396078000.0,,,20972537000.0,,,4385291739.0,471953000.0,195661000.0,-61617000.0,556519000.0,-122009000.0,2513557000.0,-1105364000.0,-1271573000.0,-936240000.0,0.0,362324000.0,362324000.0,362324000.0,0.0,0.0,0.192,1353716000.0,530471000.0,2350476000.0,0.404,2.694,12.103,12.165,243121000.0,0.0,34.67,2.327,2.331,2362483000.0,1396297000.0,1884187000.0,1884187000.0,0.0,0.018,0.234,0.023,0.283,0.0,986141000.0,1.0,126486638.0,126698671,126698671.0,14.871,22549802000.0,0.0,171372000.0,0.0,177.98,
76,FHN,MRT,2002-06-30,2002-06-30,2002-06-30,2021-09-07,30012000.0,19816272000.0,19933551500.0,,,0.089,12.341,-23696000.0,1116512000.0,1116512000.0,0.0,355762000.0,,11.583,4197116000.0,,,4197116000.0,0.0,64016000.0,12396080000.0,0.023,0.9,525917000.0,589933000.0,0.332,589933000.0,525917000.0,525917000.0,2.8,2.72,2.8,1563387000.0,1499236750.0,1563387000.0,7292573576.0,14.0,12.362,538248000.0,4.249,1.0,1776136000.0,1.0,196388000.0,0.0,22700488000.0,22688176250.0,0.0,16306563000.0,,,18108649000.0,,,4856075576.0,282688000.0,-11003000.0,-93066000.0,421623000.0,-118540000.0,334986000.0,-614242000.0,-579543000.0,561944000.0,0.0,355762000.0,355762000.0,355762000.0,0.0,0.0,0.2,1253444000.0,522692000.0,1615453000.0,0.321,3.106,13.65,13.679,247774000.0,0.0,38.3,2.734,2.732,1927536000.0,1335102000.0,1776136000.0,1776136000.0,0.0,0.018,0.237,0.023,0.296,0.0,921844000.0,1.0,126790485.0,126680703,126680703.0,14.021,19619884000.0,0.0,170155000.0,0.0,154.877,
77,FHN,MRT,2002-03-31,2002-03-31,2002-03-31,2021-09-07,17793000.0,19613382000.0,19678527500.0,,,0.09,11.982,-19324000.0,860430000.0,860430000.0,0.0,351086000.0,,11.816,3296928000.0,,,3296928000.0,0.0,65861000.0,13141720000.0,0.025,0.88,524492000.0,590353000.0,0.334,590353000.0,524492000.0,524492000.0,2.76,2.68,2.76,1519097000.0,1453119000.0,1519097000.0,7344513472.0,14.0,12.441,229470000.0,1.81,1.0,1768801000.0,1.0,184382000.0,0.0,21865498000.0,22407598000.0,0.0,16454412000.0,,,17950073000.0,,,4438081472.0,38153000.0,405810000.0,-124124000.0,-734155000.0,-115273000.0,-304611000.0,93970000.0,-292516000.0,248794000.0,0.0,351086000.0,351086000.0,351086000.0,0.0,0.0,0.198,1244309000.0,524492000.0,1611425000.0,0.319,2.922,12.641,12.699,246507000.0,0.0,35.05,2.509,2.512,1844403000.0,1311070000.0,1768801000.0,1768801000.0,0.0,0.018,0.242,0.023,0.297,0.0,895261000.0,1.0,126621440.0,126784812,126784812.0,13.951,19429000000.0,0.0,173406000.0,0.0,153.244,
78,FHN,MRT,2001-12-31,2001-12-31,2001-12-31,2021-09-07,23278000.0,20621550000.0,19604387000.0,,,0.086,11.565,-21180000.0,1114623000.0,1114623000.0,0.0,318209000.0,,12.857,4021055000.0,,,4021055000.0,0.0,67711000.0,13606334000.0,0.023,0.83,480395000.0,548106000.0,0.324,548106000.0,480395000.0,480395000.0,2.49,2.42,2.49,1477762000.0,1419758250.0,1477762000.0,7879772414.0,16.0,14.376,-1145451000.0,-8.964,1.0,1690715000.0,1.0,185004000.0,0.0,23342978000.0,22532222500.0,0.0,17370632000.0,,,18999601000.0,,,4591293414.0,154224000.0,441784000.0,-160518000.0,44594000.0,-112093000.0,1337283000.0,-58788000.0,-479392000.0,-1124271000.0,0.0,318209000.0,318209000.0,318209000.0,0.0,0.0,0.188,1202152000.0,488563000.0,1472212000.0,0.333,3.107,14.429,14.562,251504000.0,0.0,36.26,2.716,2.74,1677798000.0,1263649000.0,1690715000.0,1690715000.0,0.0,0.016,0.224,0.021,0.284,0.0,856300000.0,1.0,126621440.0,127777356,127777356.0,13.232,20436546000.0,0.0,162186000.0,0.0,159.939,
79,FHN,MRT,2001-09-30,2001-09-30,2001-09-30,2021-09-07,33722000.0,19683002000.0,19087771000.0,,,0.087,11.299,-28141000.0,1056385000.0,1056385000.0,0.0,300690000.0,,12.6,4344864000.0,,,4344864000.0,0.0,69272000.0,11650747000.0,0.021,0.76,461290000.0,530562000.0,0.321,530562000.0,461290000.0,461290000.0,2.34,2.29,2.34,1436701000.0,1396356750.0,1436701000.0,7619866911.0,17.0,14.362,774313000.0,6.089,1.0,1651534000.0,1.0,127740000.0,0.0,22843741000.0,22051553000.0,0.0,15725758000.0,,,18102139000.0,,,4707450911.0,55384000.0,849621000.0,-144853000.0,610109000.0,-112533000.0,-1027048000.0,279978000.0,-541502000.0,802454000.0,0.0,300690000.0,300690000.0,300690000.0,0.0,0.0,0.182,1178851000.0,472683000.0,2206528000.0,0.325,3.277,15.655,15.812,259587000.0,0.0,37.0,2.85,2.849,2494714000.0,1215907000.0,1651534000.0,1651534000.0,0.0,0.016,0.215,0.021,0.279,0.0,922799000.0,1.0,127228403.0,127156679,127156679.0,12.988,19555262000.0,0.0,160600000.0,0.0,153.789,
80,FHN,MRT,2001-06-30,2001-06-30,2001-06-30,2021-09-07,21584000.0,18796176000.0,18971928000.0,,,0.084,10.782,-39090000.0,833824000.0,833824000.0,0.0,277628000.0,,12.527,3746240000.0,,,3746240000.0,0.0,70236000.0,12271105000.0,0.028,0.98,414563000.0,484799000.0,0.304,484799000.0,414563000.0,414563000.0,2.15,2.11,2.15,1378916000.0,1364707250.0,1378916000.0,7635359558.0,18.0,15.75,1121569000.0,8.77,1.0,1593937000.0,1.0,130417000.0,0.0,21578175000.0,21797619750.0,0.0,16147830000.0,,,17273123000.0,,,4455790558.0,-261808000.0,849621000.0,-152719000.0,-1080621000.0,-113288000.0,-1483428000.0,60961000.0,-749570000.0,1160659000.0,0.0,277628000.0,277628000.0,277628000.0,0.0,0.0,0.174,1167981000.0,425956000.0,1355778000.0,0.456,3.231,16.049,16.144,269029000.0,0.0,34.71,2.795,2.785,1399551000.0,1177967000.0,1593937000.0,1593937000.0,0.0,0.015,0.203,0.019,0.26,0.0,878931000.0,1.0,128371955.0,127889957,127889957.0,12.463,18665759000.0,0.0,136935000.0,0.0,145.952,
81,FHN,MRT,2001-03-31,2001-03-31,2001-03-31,2021-09-07,26360000.0,19316820000.0,19224038000.0,,,0.078,10.716,-40184000.0,822277000.0,822277000.0,0.0,247262000.0,,12.837,4001846000.0,,,4001846000.0,0.0,51742000.0,12620450000.0,0.032,0.98,364076000.0,415818000.0,0.278,415818000.0,364076000.0,364076000.0,1.9,1.88,1.9,1385654000.0,1345416250.0,1385654000.0,6947913264.0,19.0,16.709,841586000.0,6.509,1.0,1496416000.0,1.0,132393000.0,0.0,22363996000.0,22255320000.0,0.0,16715378000.0,,,17787048000.0,,,3961075264.0,-336920000.0,491806000.0,-80572000.0,-430719000.0,-113674000.0,-704281000.0,-514409000.0,-966031000.0,881770000.0,0.0,247262000.0,247262000.0,247262000.0,0.0,0.0,0.165,1124172000.0,372244000.0,1264752000.0,0.516,2.859,16.02,16.263,281078000.0,0.0,30.9,2.647,2.67,1351971000.0,1189690000.0,1496416000.0,1496416000.0,0.0,0.013,0.184,0.016,0.243,0.0,833177000.0,1.0,128190138.0,129304935,129304935.0,11.573,19184427000.0,0.0,116814000.0,0.0,148.366,
82,FHN,MRT,2000-12-31,2000-12-31,2000-12-31,2021-09-07,14598000.0,18555086000.0,19412726750.0,,,0.074,10.658,-43334000.0,960399000.0,960399000.0,0.0,232581000.0,,12.305,3947237000.0,,,3947237000.0,0.0,70592000.0,12188691000.0,0.026,0.76,337002000.0,407594000.0,0.282,407594000.0,337002000.0,337002000.0,1.79,1.77,1.79,1384156000.0,1314335000.0,1384156000.0,6461378284.0,19.0,15.852,444899000.0,3.426,1.0,1443534000.0,1.0,121624000.0,0.0,21420300000.0,22467436500.0,0.0,15671019000.0,,,17032502000.0,,,3727844284.0,-275215000.0,455832000.0,-31903000.0,-918142000.0,-113958000.0,-243903000.0,-519545000.0,-932043000.0,488233000.0,0.0,232581000.0,232581000.0,232581000.0,0.0,0.0,0.161,1106532000.0,337002000.0,996574000.0,0.425,2.693,16.028,16.168,286107000.0,0.0,28.94,2.582,2.604,1499647000.0,1172548000.0,1443534000.0,1443534000.0,0.0,0.012,0.177,0.015,0.233,0.0,794037000.0,1.0,128812864.0,129865065,129865065.0,11.116,18433462000.0,0.0,104421000.0,0.0,141.943,
83,FHN,MRT,2000-09-30,2000-09-30,2000-09-30,2021-09-07,-4513000.0,19219630000.0,19367302750.0,,,0.071,10.117,-44256000.0,1001001000.0,1001001000.0,0.0,225007000.0,,13.594,3734535000.0,,,3734535000.0,0.0,-13469000.0,13178164000.0,0.037,0.76,324315000.0,310846000.0,0.227,310846000.0,324315000.0,324315000.0,1.72,1.7,1.72,1310103000.0,1278662750.0,1310103000.0,6373921025.0,20.0,20.505,412424000.0,3.185,1.0,1369522000.0,1.0,125156000.0,0.0,21828008000.0,22579707000.0,0.0,16377574000.0,,,17809527000.0,,,2642899025.0,-156916000.0,57565000.0,-77635000.0,-215518000.0,-110624000.0,341136000.0,329404000.0,302812000.0,456680000.0,0.0,225007000.0,225007000.0,225007000.0,0.0,0.0,0.164,1045207000.0,324315000.0,996828000.0,0.442,2.017,11.746,11.849,289574000.0,0.0,20.38,1.93,1.927,1410656000.0,1129144000.0,1369522000.0,1369522000.0,0.0,0.012,0.176,0.014,0.237,0.0,777946000.0,1.0,129681012.0,129494136,129494136.0,10.576,19094474000.0,0.0,99308000.0,0.0,147.454,
84,FHN,MRT,2000-06-30,2000-06-30,2000-06-30,2021-09-07,-10712000.0,19804616000.0,19337894500.0,,,0.072,9.967,-52098000.0,1095632000.0,1095632000.0,0.0,228478000.0,,14.137,4826654000.0,,,4826654000.0,0.0,8616000.0,12555421000.0,0.042,0.69,344882000.0,353498000.0,0.254,353498000.0,344882000.0,344882000.0,1.74,1.72,1.74,1301752000.0,1262816250.0,1301752000.0,5428611198.0,16.0,15.357,-431592000.0,-3.304,1.0,1394293000.0,1.0,126662000.0,0.0,23408976000.0,22563712500.0,0.0,16676179000.0,,,18402864000.0,,,2155448198.0,103582000.0,52787000.0,-35733000.0,436476000.0,-106779000.0,1370562000.0,396650000.0,382678000.0,-379494000.0,0.0,228478000.0,228478000.0,228478000.0,0.0,0.0,0.164,1049411000.0,344882000.0,1120789000.0,0.397,1.656,9.434,9.529,293219000.0,0.0,16.58,1.546,1.553,1595047000.0,1091374000.0,1394293000.0,1394293000.0,0.0,0.012,0.181,0.015,0.247,0.0,778658000.0,1.0,130002907.0,130612102,130612102.0,10.675,19677954000.0,0.0,116404000.0,0.0,150.66,
85,FHN,MRT,2000-03-31,2000-03-31,2000-03-31,2021-09-07,-20958000.0,20071575000.0,19042653000.0,,,0.075,9.673,-76779000.0,1159197000.0,1159197000.0,0.0,234027000.0,,14.834,4432360000.0,,,4432360000.0,0.0,54776000.0,12689267000.0,0.032,0.66,355847000.0,410623000.0,0.286,410623000.0,355847000.0,355847000.0,1.79,1.75,1.79,1261329000.0,1235899500.0,1261329000.0,6267865558.0,18.0,15.264,166865000.0,1.28,1.0,1434296000.0,1.0,132276000.0,0.0,23212462000.0,22183743750.0,0.0,16435715000.0,,,18710246000.0,,,2638305558.0,477707000.0,-11528000.0,-26132000.0,998611000.0,-102855000.0,1409218000.0,108981000.0,184005000.0,243644000.0,0.0,234027000.0,234027000.0,234027000.0,0.0,0.0,0.163,1078449000.0,355847000.0,1688619000.0,0.369,2.092,11.274,11.346,304738000.0,0.0,20.31,1.839,1.846,2021235000.0,1064599000.0,1434296000.0,1434296000.0,0.0,0.012,0.189,0.016,0.248,0.0,786932000.0,1.0,129901800.0,130394379,130394379.0,11.0,19939299000.0,0.0,121820000.0,0.0,152.915,
86,FHN,MRT,1999-12-31,1999-12-31,1999-12-31,2021-09-07,-21752000.0,18373390000.0,18606010250.0,,,0.081,9.508,-94493000.0,1235614000.0,1235614000.0,0.0,247533000.0,,13.719,4865174000.0,,,4865174000.0,0.0,64211000.0,11358701000.0,0.022,0.63,379439000.0,443650000.0,0.295,443650000.0,379439000.0,379439000.0,1.9,1.85,1.9,1241467000.0,1209814500.0,1241467000.0,6508866369.0,17.0,14.671,1903037000.0,14.575,1.0,1501806000.0,1.0,133568000.0,0.0,21869382000.0,21617471250.0,0.0,15204265000.0,,,17031923000.0,,,3715671369.0,299494000.0,0.0,-6805000.0,12430000.0,-98704000.0,-409876000.0,-4024000.0,90469000.0,1997530000.0,0.0,247533000.0,247533000.0,247533000.0,0.0,0.0,0.165,1122367000.0,379439000.0,908048000.0,0.332,2.993,15.011,15.0,305519000.0,0.0,28.5,2.474,2.478,1329513000.0,1053722000.0,1501806000.0,1501806000.0,0.0,0.013,0.205,0.018,0.253,0.0,816436000.0,1.0,130374434.0,130572763,130572763.0,11.502,18239822000.0,0.0,131906000.0,0.0,139.691,
87,FHN,MRT,1999-09-30,1999-09-30,1999-09-30,2021-09-07,-9157000.0,19101997000.0,18696153000.0,,,0.091,9.508,-106692000.0,1157917000.0,1157917000.0,0.0,248878000.0,,14.242,3951112000.0,,,3951112000.0,0.0,170058000.0,12423372000.0,0.021,0.6,385637000.0,555695000.0,0.325,555695000.0,385637000.0,385637000.0,1.92,1.87,1.92,1246717000.0,1174331250.0,1246717000.0,7074122416.0,18.0,12.73,-236436000.0,-1.803,1.0,1707349000.0,1.0,131162000.0,0.0,21764030000.0,21779810250.0,0.0,15361404000.0,,,17755280000.0,,,3674940416.0,297301000.0,-13283000.0,35951000.0,93172000.0,-73791000.0,1425756000.0,47028000.0,150038000.0,-129744000.0,0.0,248878000.0,248878000.0,248878000.0,0.0,0.0,0.146,1321712000.0,385637000.0,1480796000.0,0.312,2.948,14.766,14.651,304553000.0,0.0,28.13,2.152,2.16,1627100000.0,1018112000.0,1707349000.0,1707349000.0,0.0,0.013,0.212,0.018,0.226,0.0,816288000.0,1.0,130641323.0,131128788,131128788.0,13.02,18970835000.0,0.0,136759000.0,0.0,144.673,
88,FHN,MRT,1999-06-30,1999-06-30,1999-06-30,2021-09-07,-4690000.0,18623650000.0,18232656000.0,,,0.092,9.135,-111187000.0,992050000.0,992050000.0,0.0,241280000.0,,14.513,4391232000.0,,,4391232000.0,0.0,172184000.0,11516615000.0,0.015,0.58,377295000.0,549479000.0,0.328,549479000.0,377295000.0,377295000.0,1.87,1.82,1.87,1194085000.0,1125455250.0,1194085000.0,7743328567.0,21.0,14.092,-449006000.0,-3.435,1.0,1677274000.0,1.0,133731000.0,0.0,21889101000.0,21363190750.0,0.0,15128668000.0,,,17329565000.0,,,4990035567.0,74398000.0,-16058000.0,37078000.0,995642000.0,-91267000.0,1527206000.0,-69250000.0,41030000.0,-337819000.0,0.0,241280000.0,241280000.0,241280000.0,0.0,0.0,0.144,1299979000.0,377295000.0,1521718000.0,0.31,4.179,20.682,20.487,297121000.0,0.0,38.31,2.975,2.986,1593438000.0,973534000.0,1677274000.0,1677274000.0,0.0,0.013,0.214,0.018,0.225,0.0,802224000.0,1.0,130254126.0,130710221,130710221.0,12.832,18489919000.0,0.0,136015000.0,0.0,141.457,
89,FHN,MRT,1999-03-31,1999-03-31,1999-03-31,2021-09-07,9604000.0,18325004000.0,17719384250.0,,,0.09,8.915,-98347000.0,681490000.0,681490000.0,0.0,233054000.0,,14.752,3434783000.0,,,3434783000.0,0.0,163753000.0,12197807000.0,0.015,0.56,363335000.0,527088000.0,0.331,527088000.0,363335000.0,363335000.0,1.81,1.77,1.81,1156989000.0,1073304250.0,1156989000.0,8672543399.0,24.0,16.454,-1202039000.0,-9.262,1.0,1590993000.0,1.0,130925000.0,0.0,20947372000.0,20616879000.0,0.0,15090407000.0,,,17068015000.0,,,4754921399.0,-166961000.0,-9001000.0,-12828000.0,562408000.0,-87767000.0,1857326000.0,125144000.0,215527000.0,-1103692000.0,0.0,233054000.0,233054000.0,233054000.0,0.0,0.0,0.146,1227658000.0,363335000.0,1535425000.0,0.309,4.11,20.403,20.238,272736000.0,0.0,36.63,2.989,2.988,1712443000.0,937339000.0,1590993000.0,1590993000.0,0.0,0.013,0.217,0.018,0.228,0.0,767824000.0,1.0,129809484.0,129787078,129787078.0,12.258,18194079000.0,0.0,130281000.0,0.0,140.184,
90,FHN,MRT,1998-12-31,1998-12-31,1998-12-31,2021-09-07,12872000.0,18733961000.0,17112523750.0,,,0.086,8.574,-77681000.0,936120000.0,936120000.0,0.0,226380000.0,,15.947,4853742000.0,,,4853742000.0,0.0,147052000.0,11723039000.0,0.018,0.673,352922000.0,499974000.0,0.339,499974000.0,352922000.0,352922000.0,1.77,1.72,1.77,1099534000.0,1028467000.0,1099534000.0,7859067088.0,22.0,15.719,-3223143000.0,-25.135,1.0,1474691000.0,1.0,132845000.0,0.0,22518738000.0,19823757250.0,0.0,15740432000.0,,,17534427000.0,,,4880472088.0,-65501000.0,0.0,-36911000.0,1778174000.0,-84521000.0,3720480000.0,405220000.0,482901000.0,-3145462000.0,0.0,226380000.0,226380000.0,226380000.0,0.0,0.0,0.154,1121769000.0,352922000.0,1057646000.0,0.38,4.439,21.559,21.503,254292000.0,0.0,38.06,3.309,3.31,1295726000.0,908977000.0,1474691000.0,1474691000.0,0.0,0.013,0.22,0.018,0.239,0.0,702236000.0,1.0,128231006.0,128235006,128235006.0,11.5,18601116000.0,0.0,126542000.0,0.0,145.055,
91,FHN,MRT,1998-09-30,1998-09-30,1998-09-30,2021-09-07,25392000.0,17248009000.0,16026007750.0,,,0.084,8.196,-66938000.0,860616000.0,860616000.0,0.0,218778000.0,,15.313,3839211000.0,,,3839211000.0,0.0,128438000.0,11100489000.0,0.024,0.658,342994000.0,471432000.0,0.352,471432000.0,342994000.0,342994000.0,1.7,1.66,1.7,1051213000.0,992107500.0,1051213000.0,5948456968.0,17.0,12.618,-1948819000.0,-15.194,1.0,1339543000.0,1.0,129052000.0,0.0,20097552000.0,18276779000.0,0.0,14138827000.0,,,16096796000.0,,,3489228968.0,-109547000.0,-17150000.0,-48772000.0,916964000.0,-103813000.0,2620276000.0,-847942000.0,-763854000.0,-1881881000.0,0.0,218778000.0,218778000.0,218778000.0,0.0,0.0,0.163,996549000.0,342994000.0,1257096000.0,0.387,3.319,15.949,16.065,236908000.0,0.0,27.31,2.605,2.615,1469113000.0,867918000.0,1339543000.0,1339543000.0,0.0,0.014,0.221,0.019,0.256,0.0,635005000.0,1.0,127763785.0,128264415,128264415.0,10.444,17118957000.0,0.0,124216000.0,0.0,133.466,
92,FHN,MRT,1998-06-30,1998-06-30,1998-06-30,2021-09-07,16120000.0,16570563000.0,15234617250.0,,,0.081,7.705,-60607000.0,917652000.0,917652000.0,0.0,211646000.0,,15.713,3376880000.0,,,3376880000.0,0.0,106509000.0,10943340000.0,0.021,0.648,333352000.0,439861000.0,0.354,439861000.0,333352000.0,333352000.0,1.65,1.61,1.65,985481000.0,956425000.0,985481000.0,6038903796.0,18.0,13.729,-1825124000.0,-14.27,1.0,1241290000.0,1.0,125937000.0,0.0,18903854000.0,17232818250.0,0.0,13481867000.0,,,15485082000.0,,,4033655796.0,-74325000.0,-9597000.0,-68749000.0,506582000.0,-80738000.0,2246443000.0,-556251000.0,-486047000.0,-1764517000.0,0.0,211646000.0,211646000.0,211646000.0,0.0,0.0,0.171,907938000.0,333352000.0,1264862000.0,0.393,4.093,19.059,19.127,220271000.0,0.0,31.56,3.25,3.252,1408921000.0,827233000.0,1241290000.0,1241290000.0,0.0,0.014,0.221,0.019,0.269,0.0,590195000.0,1.0,127809119.0,127899012,127899012.0,9.705,16444626000.0,0.0,121706000.0,0.0,128.575,
93,FHN,MRT,1998-03-31,1998-03-31,1998-03-31,2021-09-07,15093000.0,15897562000.0,14511874750.0,,,0.08,7.629,-47305000.0,848451000.0,848451000.0,0.0,205264000.0,,15.159,2853699000.0,,,2853699000.0,0.0,89396000.0,10814772000.0,0.02,0.638,326028000.0,415424000.0,0.358,415424000.0,326028000.0,326028000.0,1.6,1.56,1.6,977640000.0,930285500.0,977640000.0,6171997499.0,19.0,14.857,-1533199000.0,-11.964,1.0,1161654000.0,1.0,127925000.0,0.0,17774885000.0,16367965500.0,0.0,13042212000.0,,,14819922000.0,,,4116658499.0,89347000.0,-9904000.0,-31229000.0,632912000.0,-79382000.0,2145855000.0,-570614000.0,-513405000.0,-1485894000.0,0.0,205264000.0,205264000.0,205264000.0,0.0,0.0,0.177,835626000.0,326028000.0,1251451000.0,0.399,4.211,20.055,20.081,207634000.0,0.0,32.13,3.544,3.544,1291038000.0,830453000.0,1161654000.0,1161654000.0,0.0,0.014,0.221,0.02,0.281,0.0,550082000.0,1.0,128125070.0,128148972,128148972.0,9.065,15769637000.0,0.0,120764000.0,0.0,123.057,
94,FHN,MRT,1997-12-31,1997-12-31,1997-12-31,2021-09-07,15333000.0,14387897000.0,13781362500.0,,,0.08,7.433,-51887000.0,1001621000.0,1001621000.0,0.0,197472000.0,,13.975,3056960000.0,,,3056960000.0,0.0,79867000.0,9671779000.0,0.017,0.556,315067000.0,394934000.0,0.359,394934000.0,315067000.0,315067000.0,1.54,1.5,1.54,954096000.0,896341000.0,954096000.0,6130786431.0,19.0,15.524,-511915000.0,-3.988,1.0,1100111000.0,1.0,112411000.0,0.0,16330825000.0,15504579750.0,0.0,12024115000.0,,,13333801000.0,,,4278913431.0,-96348000.0,-185000.0,-145211000.0,563588000.0,-78348000.0,978746000.0,-615066000.0,-562994000.0,-460028000.0,0.0,197472000.0,197472000.0,197472000.0,0.0,0.0,0.18,785044000.0,315067000.0,705062000.0,0.361,4.485,21.668,21.672,206895000.0,0.0,33.375,3.89,3.894,777413000.0,811396000.0,1100111000.0,1100111000.0,0.0,0.014,0.22,0.02,0.286,0.0,527623000.0,1.0,128207144.0,128365434,128365434.0,8.57,14275486000.0,0.0,117595000.0,0.0,111.21,
95,FHN,MRT,1997-09-30,1997-09-30,1997-09-30,2021-09-07,6799000.0,14082447000.0,13449113750.0,,,0.079,7.092,-46388000.0,970163000.0,970163000.0,0.0,192937000.0,,14.391,2922036000.0,,,2922036000.0,0.0,75472000.0,9257070000.0,0.019,0.546,305488000.0,380960000.0,0.359,380960000.0,305488000.0,305488000.0,1.49,,1.49,908483000.0,896448500.0,908483000.0,5430861513.0,18.0,14.256,-327136000.0,-2.554,1.0,1061959000.0,1.0,112611000.0,0.0,15921709000.0,15005540750.0,0.0,11460037000.0,,,13073964000.0,,,3652731513.0,23191000.0,-400000.0,-152614000.0,753683000.0,-76915000.0,709136000.0,192547000.0,67300000.0,-280748000.0,0.0,192937000.0,192937000.0,192937000.0,0.0,0.0,0.182,756471000.0,305488000.0,994858000.0,0.366,4.021,18.932,19.128,201356000.0,0.0,28.5,3.44,3.438,1010729000.0,779653000.0,1061959000.0,1061959000.0,0.0,0.014,0.215,0.02,0.288,0.0,524928000.0,1.0,128166018.0,128098162,,8.29,13969836000.0,0.0,112551000.0,0.0,109.056,
96,FHN,MRT,1997-06-30,1997-06-30,1997-06-30,2021-09-07,1277000.0,13679593000.0,13128838250.0,,,0.078,6.882,-38089000.0,991977000.0,991977000.0,0.0,185046000.0,,14.415,2870107000.0,,,2870107000.0,0.0,70156000.0,9053992000.0,0.022,0.531,292086000.0,362242000.0,0.355,362242000.0,292086000.0,292086000.0,1.405,,1.405,880923000.0,900586750.0,880923000.0,4432442088.0,15.0,12.236,293343000.0,2.292,1.0,1019373000.0,1.0,113280000.0,0.0,15444443000.0,14500270500.0,0.0,11169992000.0,,,12698670000.0,,,3070931088.0,213262000.0,-400000.0,-135244000.0,494719000.0,-75514000.0,365617000.0,113957000.0,-19589000.0,331432000.0,0.0,185046000.0,185046000.0,185046000.0,0.0,0.0,0.182,727287000.0,292086000.0,874571000.0,0.378,3.486,16.596,17.082,190696000.0,0.0,24.0,3.013,3.014,916485000.0,756281000.0,1019373000.0,1019373000.0,0.0,0.014,0.205,0.02,0.287,0.0,508599000.0,1.0,127955462.0,128011064,,7.963,13566313000.0,0.0,107040000.0,0.0,105.978,
97,FHN,MRT,1997-03-31,1997-03-31,1997-03-31,2021-09-07,-8564000.0,12975513000.0,12947679250.0,,,0.077,6.518,-40314000.0,759104000.0,759104000.0,0.0,181029000.0,,14.294,2220615000.0,,,2220615000.0,0.0,66414000.0,9191218000.0,0.025,0.521,285571000.0,351985000.0,0.354,351985000.0,285571000.0,285571000.0,1.36,,1.36,841862000.0,903439500.0,841862000.0,4114047427.0,14.0,11.688,442958000.0,3.429,1.0,994797000.0,1.0,115682000.0,0.0,14321342000.0,14245996750.0,0.0,10850198000.0,,,12033651000.0,,,2718815427.0,48940000.0,0.0,-145689000.0,-157957000.0,-73572000.0,59091000.0,104321000.0,-27400000.0,483272000.0,0.0,181029000.0,181029000.0,181029000.0,0.0,0.0,0.182,709226000.0,285571000.0,721818000.0,0.383,3.23,15.019,15.533,191029000.0,0.0,21.125,2.733,2.743,758498000.0,729141000.0,994797000.0,994797000.0,0.0,0.014,0.2,0.02,0.287,0.0,505189000.0,1.0,128701322.0,129165314,,7.702,12859831000.0,0.0,104542000.0,0.0,99.561,
98,FHN,MRT,1996-12-31,1996-12-31,1996-12-31,2021-09-07,2697000.0,13058902000.0,12908409000.0,,,0.076,7.102,-35693000.0,1097969000.0,1097969000.0,0.0,179907000.0,,12.681,2493201000.0,,,2493201000.0,0.0,64338000.0,9033062000.0,0.027,0.499,282174000.0,346512000.0,0.351,346512000.0,282174000.0,282174000.0,1.34,1.32,1.34,954526000.0,913719250.0,954526000.0,,,,63133000.0,0.47,1.0,986660000.0,1.0,119465000.0,0.0,14334669000.0,14255739500.0,0.0,10905300000.0,,,12104376000.0,,,2413149788.0,322121000.0,0.0,-22577000.0,472267000.0,-71310000.0,822501000.0,-1462000.0,-137804000.0,98826000.0,0.0,179907000.0,179907000.0,179907000.0,0.0,0.0,0.182,704486000.0,282174000.0,578113000.0,0.372,2.528,13.413,13.993,185624000.0,0.0,18.75,2.446,2.554,592319000.0,823175000.0,986660000.0,986660000.0,0.0,0.014,0.197,0.02,0.286,0.0,509926000.0,1.0,128701322.0,134393172,134393172.0,7.342,12939437000.0,0.0,102267000.0,0.0,96.28,
99,FHN,MRT,1996-09-30,1996-09-30,1996-09-30,2021-09-07,-5764000.0,12801345000.0,12662904000.0,,,,6.888,,946972000.0,946972000.0,,,,12.839,2168183000.0,,,2168183000.0,0.0,,9072088000.0,0.029,0.481,,,,,,,,,,925036000.0,893393750.0,925036000.0,,,,,,1.0,,,121928000.0,,13900628000.0,13970275000.0,0.0,10717583000.0,,,11876309000.0,,,,,,,,,,,,,,,,,,,,,,636038000.0,,,,,184903000.0,,16.595,,,643731000.0,790005000.0,,,,,,,,,,1.0,,134288782,,,12679417000.0,0.0,,0.0,94.419,
100,FHN,MRT,1996-06-30,1996-06-30,1996-06-30,2021-09-07,-7051000.0,12954957000.0,,,,,6.637,,778715000.0,778715000.0,,,,13.518,2375216000.0,,,2375216000.0,0.0,,8972378000.0,0.031,0.472,,,,,,,,,,892334000.0,,892334000.0,,,,,,1.0,,,124110000.0,,14427348000.0,,0.0,10935458000.0,,,12062623000.0,,,,,,,,,,,,,,,,,,,,,,715029000.0,,,,,181591000.0,,15.31,,,729548000.0,761000000.0,,,,,,,,,,1.0,,134449870,,,12830847000.0,0.0,,0.0,95.432,
101,FHN,MRT,1996-03-31,1996-03-31,1996-03-31,2021-09-07,-916000.0,12818432000.0,,,,,6.56,,710164000.0,710164000.0,,,,13.517,2378400000.0,,,2378400000.0,0.0,,8752587000.0,0.028,0.459,,,,,,,,,,882981000.0,,882981000.0,,,,,,1.0,,,126355000.0,,14360313000.0,,0.0,10767269000.0,,,11935451000.0,,,,,,,,,,,,,,,,,,,,,,804464000.0,,,,,178970000.0,,16.5,,,664247000.0,736443000.0,,,,,,,,,,1.0,,134602908,,,12692077000.0,0.0,,0.0,94.293,
102,FHN,MRT,1995-12-31,1995-12-31,1995-12-31,2021-09-07,10582000.0,12076882000.0,,,,,6.418,-35789000.0,775848000.0,775848000.0,0.0,164888000.0,,12.83,2020762000.0,,,2020762000.0,0.0,48369000.0,8582197000.0,0.021,0.324,252957000.0,301326000.0,0.349,301326000.0,252957000.0,252957000.0,1.21,1.2,1.21,873224000.0,,873224000.0,,,,-126150000.0,-0.927,1.0,862672000.0,1.0,128985000.0,0.0,13192811000.0,,0.0,10272637000.0,,,11203658000.0,,,,-202104000.0,58504000.0,-117819000.0,89947000.0,-62694000.0,216171000.0,-327914000.0,-350629000.0,-90361000.0,0.0,164888000.0,164888000.0,164888000.0,0.0,0.0,0.191,609715000.0,252957000.0,0.0,0.268,,,12.5,177400000.0,0.0,15.125,,2.385,0.0,716861000.0,862672000.0,862672000.0,0.0,,,,0.293,0.0,453072000.0,1.0,,136049588,136049588.0,6.341,11947897000.0,0.0,88069000.0,0.0,87.82,
103,FHN,MRT,1994-12-31,1994-12-31,1994-12-31,2021-09-07,,,,,,,,-38725000.0,,,0.0,147068000.0,,,,,,,,42423000.0,,0.028,0.286,207762000.0,250185000.0,0.3,250185000.0,207762000.0,207762000.0,1.075,,1.075,,,,,,,861451000.0,6.293,1.0,833445000.0,1.0,,0.0,,,,,,,,,,,183319000.0,83000.0,-23806000.0,-126311000.0,-41022000.0,86514000.0,-803371000.0,-764729000.0,900176000.0,0.0,147068000.0,147068000.0,147068000.0,0.0,0.0,0.176,540095000.0,293350000.0,,0.266,,,9.477,,0.0,10.188,,1.673,,,833445000.0,833445000.0,0.0,,,,0.249,0.0,468151000.0,1.0,,136882764,,6.089,,,60694000.0,,,
