None,ticker,dimension,calendardate,datekey,reportperiod,lastupdated,accoci,assets,assetsavg,assetsc,assetsnc,assetturnover,bvps,capex,cashneq,cashnequsd,cor,consolinc,currentratio,de,debt,debtc,debtnc,debtusd,deferredrev,depamor,deposits,divyield,dps,ebit,ebitda,ebitdamargin,ebitdausd,ebitusd,ebt,eps,epsdil,epsusd,equity,equityavg,equityusd,ev,evebit,evebitda,fcf,fcfps,fxusd,gp,grossmargin,intangibles,intexp,invcap,invcapavg,inventory,investments,investmentsc,investmentsnc,liabilities,liabilitiesc,liabilitiesnc,marketcap,ncf,ncfbus,ncfcommon,ncfdebt,ncfdiv,ncff,ncfi,ncfinv,ncfo,ncfx,netinc,netinccmn,netinccmnusd,netincdis,netincnci,netmargin,opex,opinc,payables,payoutratio,pb,pe,pe1,ppnenet,prefdivis,price,ps,ps1,receivables,retearn,revenue,revenueusd,rnd,roa,roe,roic,ros,sbcomp,sgna,sharefactor,sharesbas,shareswa,shareswadil,sps,tangibles,taxassets,taxexp,taxliabilities,tbvps,workingcapital
0,NCLH,MRY,2020-12-31,2020-12-31,2020-12-31,2021-08-09,-240117000.0,18399317000.0,17447980500.0,3557544000.0,14841773000.0,0.073,17.093,-946545000.0,3300482000.0,3300482000.0,1693061000.0,-4012514000.0,1.859,3.226,11806119000.0,124885000.0,11681234000.0,11806119000.0,0.0,739619000.0,0.0,0.0,0.0,-3517734000.0,-2778115000.0,-2.171,-2778115000.0,-3517734000.0,-4000047000.0,-15.75,-15.75,-15.75,4354105000.0,4288387500.0,4354105000.0,15590667294.0,-4.0,-5.612,-3502788000.0,-13.751,1.0,-413153000.0,-0.323,598659000.0,482313000.0,24392392000.0,22506892750.0,82381000.0,0.0,0.0,0.0,14045212000.0,1913903000.0,12131309000.0,7009424294.0,3047606000.0,0.0,1541708000.0,5181233000.0,0.0,6579211000.0,-975362000.0,-31520000.0,-2556243000.0,0.0,-4012514000.0,-4012514000.0,-4012514000.0,0.0,0.0,-3.135,3070982000.0,-3484135000.0,83136000.0,0.0,1.61,-1.747,-1.615,13411226000.0,0.0,25.43,5.477,5.061,20578000.0,-295449000.0,1279908000.0,1279908000.0,0.0,-0.23,-0.936,-0.156,-2.748,111297000.0,745345000.0,1.0,275636032.0,254728932.0,254728932.0,5.025,17800658000.0,0.0,12467000.0,0.0,69.881,1643641000.0
1,NCLH,MRY,2019-12-31,2019-12-31,2019-12-31,2021-08-09,-295490000.0,16684599000.0,16087641250.0,730145000.0,15954454000.0,0.402,30.315,-1637170000.0,252876000.0,252876000.0,3663261000.0,930228000.0,0.204,1.561,6801693000.0,746358000.0,6055335000.0,6801693000.0,0.0,647102000.0,0.0,0.0,0.0,1184232000.0,1831334000.0,0.283,1831334000.0,1184232000.0,911365000.0,4.33,4.3,4.33,6515579000.0,6211162000.0,6515579000.0,18297641327.0,15.0,9.991,185435000.0,0.863,1.0,2799115000.0,0.433,2206456000.0,272867000.0,17442570000.0,16528751750.0,95427000.0,0.0,0.0,0.0,10169020000.0,3584390000.0,6584630000.0,12427167327.0,89025000.0,0.0,-349860000.0,308736000.0,0.0,-53388000.0,-1680192000.0,-46796000.0,1822605000.0,0.0,930228000.0,930228000.0,930228000.0,0.0,0.0,0.144,1621038000.0,1178077000.0,100777000.0,0.0,1.907,13.359,13.49,13135337000.0,0.0,58.41,1.923,1.943,75109000.0,3829068000.0,6462376000.0,6462376000.0,0.0,0.058,0.15,0.072,0.183,95055000.0,974850000.0,1.0,212757530.0,214929977.0,216475076.0,30.067,14478143000.0,0.0,-18863000.0,0.0,67.362,-2854245000.0
2,NCLH,MRY,2018-12-31,2018-12-31,2018-12-31,2021-08-09,-161647000.0,15205970000.0,15084180750.0,550313000.0,14655657000.0,0.401,26.74,-1566796000.0,163851000.0,163851000.0,3377076000.0,954843000.0,0.175,1.55,6492091000.0,681218000.0,5810873000.0,6492091000.0,0.0,566972000.0,0.0,0.0,0.0,1239714000.0,1806686000.0,0.298,1806686000.0,1239714000.0,969310000.0,4.28,4.25,4.28,5963001000.0,5871739250.0,5963001000.0,15664836006.0,13.0,8.67,508375000.0,2.28,1.0,2678050000.0,0.442,2206456000.0,270404000.0,16177254000.0,16045040250.0,90202000.0,0.0,0.0,0.0,9242969000.0,3150500000.0,6092469000.0,9396137006.0,-12339000.0,0.0,-664811000.0,183467000.0,0.0,-584802000.0,-1502708000.0,63077000.0,2075171000.0,0.0,954843000.0,954843000.0,954843000.0,0.0,0.0,0.158,1458989000.0,1219061000.0,159564000.0,0.0,1.576,9.841,9.904,12119253000.0,0.0,42.39,1.552,1.561,55249000.0,2898840000.0,6055126000.0,6055126000.0,0.0,0.063,0.163,0.077,0.205,115983000.0,897929000.0,1.0,221659283.0,223001739.0,224419205.0,27.153,12999514000.0,0.0,14467000.0,0.0,58.293,-2600187000.0
3,NCLH,MRY,2017-12-31,2017-12-31,2017-12-31,2021-08-09,26966000.0,14094869000.0,13845603250.0,518337000.0,13576532000.0,0.39,25.214,-1372214000.0,176190000.0,176190000.0,3063644000.0,759872000.0,0.208,1.451,6307765000.0,619373000.0,5688392000.0,6307765000.0,0.0,521484000.0,0.0,0.0,0.0,1038418000.0,1559902000.0,0.289,1559902000.0,1038418000.0,770614000.0,3.33,3.31,3.33,5749766000.0,5226100250.0,5749766000.0,18251504272.0,18.0,11.7,229033000.0,1.004,1.0,2332531000.0,0.432,2206456000.0,267804000.0,15529967000.0,15253742500.0,82121000.0,0.0,0.0,0.0,8345103000.0,2490021000.0,5855082000.0,12165704272.0,47843000.0,0.0,0.0,-116001000.0,0.0,-148506000.0,-1404898000.0,-33348000.0,1601247000.0,0.0,759872000.0,759872000.0,759872000.0,0.0,0.0,0.141,1283712000.0,1048819000.0,53433000.0,0.0,2.116,16.01,15.991,11040488000.0,0.0,53.25,2.255,2.25,43961000.0,1963128000.0,5396175000.0,5396175000.0,0.0,0.055,0.145,0.068,0.192,87039000.0,773755000.0,1.0,228463930.0,228040825.0,229418326.0,23.663,11888413000.0,0.0,10742000.0,0.0,52.133,-1971684000.0
4,NCLH,MRY,2016-12-31,2016-12-31,2016-12-31,2021-08-09,-314473000.0,12973911000.0,12820184750.0,411093000.0,12562818000.0,0.38,19.979,-1092091000.0,128347000.0,128347000.0,2850225000.0,633085000.0,0.178,1.859,6398687000.0,560193000.0,5838494000.0,6398687000.0,0.0,445635000.0,0.0,0.0,0.0,917162000.0,1362797000.0,0.28,1362797000.0,917162000.0,640303000.0,2.79,2.78,2.79,4537726000.0,4280106250.0,4537726000.0,15888691784.0,17.0,11.659,171996000.0,0.757,1.0,2024115000.0,0.415,2206456000.0,276859000.0,14724977000.0,14440009000.0,66255000.0,0.0,0.0,0.0,8436185000.0,2312818000.0,6123367000.0,9661963784.0,12410000.0,0.0,-49999000.0,-27873000.0,0.0,-122763000.0,-1128914000.0,-36823000.0,1264087000.0,0.0,633085000.0,633085000.0,633085000.0,0.0,0.0,0.13,1098651000.0,925464000.0,38002000.0,0.0,2.129,15.262,15.244,10117689000.0,0.0,42.53,1.982,1.982,63215000.0,1201103000.0,4874340000.0,4874340000.0,0.0,0.049,0.148,0.064,0.188,66414000.0,666156000.0,1.0,227179962.0,227121875.0,227850286.0,21.461,10767455000.0,0.0,7218000.0,0.0,47.408,-1901725000.0
5,NCLH,MRY,2015-12-31,2015-12-31,2015-12-31,2021-08-09,-412650000.0,12264757000.0,11823011500.0,340411000.0,11924346000.0,0.368,16.686,-1121984000.0,115937000.0,115937000.0,2655449000.0,427137000.0,0.144,2.244,6397537000.0,629840000.0,5767697000.0,6397537000.0,0.0,450335000.0,0.0,0.0,0.0,655818000.0,1106153000.0,0.255,1106153000.0,655818000.0,433909000.0,1.89,1.86,1.89,3780880000.0,3729905250.0,3780880000.0,18900417385.0,29.0,17.087,-79806000.0,-0.352,1.0,1689599000.0,0.389,2206456000.0,221909000.0,13973382000.0,12920975000.0,58173000.0,0.0,0.0,0.0,8483877000.0,2366519000.0,6117358000.0,13446856385.0,31113000.0,0.0,-107256000.0,249454000.0,0.0,195188000.0,-1206253000.0,-83519000.0,1042178000.0,0.0,427137000.0,427137000.0,427137000.0,0.0,0.0,0.098,987113000.0,702486000.0,66257000.0,0.0,3.557,31.481,31.005,9458805000.0,0.0,58.6,3.095,3.056,44996000.0,568018000.0,4345048000.0,4345048000.0,0.0,0.036,0.115,0.051,0.151,42209000.0,554999000.0,1.0,229468539.0,226591437.0,230040132.0,19.176,10058301000.0,0.0,6772000.0,0.0,44.39,-2026108000.0
6,NCLH,MRY,2014-12-31,2014-12-31,2014-12-31,2021-08-09,-242642000.0,11468996000.0,8369186750.0,283735000.0,11185261000.0,0.373,17.038,-964640000.0,84824000.0,84824000.0,1946624000.0,342601000.0,0.136,2.259,6080023000.0,576947000.0,5503076000.0,6080023000.0,0.0,304877000.0,0.0,0.0,0.0,487839000.0,792716000.0,0.254,792716000.0,487839000.0,336085000.0,1.64,1.62,1.64,3518813000.0,2923016000.0,3518813000.0,12914456566.0,26.0,16.291,-329039000.0,-1.593,1.0,1179257000.0,0.377,2206456000.0,151754000.0,13171140000.0,9960331000.0,56555000.0,0.0,0.0,0.0,7950183000.0,2086599000.0,5863584000.0,9506414566.0,28357000.0,-826686000.0,-76143000.0,1381958000.0,0.0,1189416000.0,-1796660000.0,-5334000.0,635601000.0,0.0,338352000.0,338352000.0,338352000.0,0.0,4249000.0,0.108,676316000.0,502941000.0,158475000.0,0.0,2.702,28.096,28.512,8623773000.0,0.0,46.76,3.041,3.089,32432000.0,140881000.0,3125881000.0,3125881000.0,0.0,0.04,0.116,0.049,0.156,14617000.0,403169000.0,1.0,203302279.0,206524968.0,212017784.0,15.136,9262540000.0,0.0,-2267000.0,0.0,44.849,-1802864000.0
7,NCLH,MRY,2013-12-31,2013-12-31,2013-12-31,2021-08-09,-16690000.0,6650978000.0,6459222500.0,182924000.0,6468054000.0,0.398,12.852,-877282000.0,56467000.0,56467000.0,1657659000.0,102886000.0,0.17,1.541,3127789000.0,286575000.0,2841214000.0,3127789000.0,0.0,245111000.0,0.0,0.0,0.0,396118000.0,641229000.0,0.249,641229000.0,396118000.0,113516000.0,0.5,0.49,0.5,2608908000.0,2471993250.0,2608908000.0,10330377706.0,26.0,16.11,-402001000.0,-1.98,1.0,912635000.0,0.355,611330000.0,282602000.0,8035482000.0,7703502750.0,43715000.0,0.0,0.0,0.0,4019712000.0,1075488000.0,2944224000.0,7274296706.0,10967000.0,0.0,475934000.0,12004000.0,0.0,430537000.0,-894851000.0,-17569000.0,475281000.0,0.0,101714000.0,101714000.0,101714000.0,0.0,1172000.0,0.04,516748000.0,395887000.0,178460000.0,0.0,2.788,71.517,70.94,5647670000.0,0.0,35.47,2.83,2.801,18260000.0,-197471000.0,2570294000.0,2570294000.0,0.0,0.016,0.041,0.051,0.154,23075000.0,301155000.0,1.0,205083076.0,202993839.0,209239484.0,12.662,6039648000.0,0.0,11802000.0,0.0,29.753,-892564000.0
8,NCLH,MRY,2012-12-31,2012-12-31,2012-12-31,2021-08-09,-17619000.0,5938427000.0,5750419000.0,164929000.0,5773498000.0,0.396,11.279,-303840000.0,45500000.0,45500000.0,1478433000.0,168556000.0,0.175,1.95,2985353000.0,221233000.0,2764120000.0,2985353000.0,0.0,216137000.0,0.0,,0.0,359192000.0,575329000.0,0.253,575329000.0,359192000.0,169262000.0,0.95,0.94,0.95,2010318000.0,1927390500.0,2010318000.0,,,,94754000.0,0.532,1.0,797813000.0,0.35,611330000.0,189930000.0,7321861000.0,7221594500.0,39681000.0,0.0,0.0,0.0,3919643000.0,945089000.0,2974554000.0,,-13426000.0,0.0,0.0,-58804000.0,0.0,-108180000.0,-303840000.0,0.0,398594000.0,0.0,168556000.0,168556000.0,168556000.0,0.0,0.0,0.074,440720000.0,357093000.0,286387000.0,0.0,,,,4960142000.0,0.0,,,,15062000.0,-299185000.0,2276246000.0,2276246000.0,0.0,0.029,0.087,0.05,0.158,5160000.0,251183000.0,1.0,200468080.0,178232850.0,179023683.0,12.771,5327097000.0,0.0,706000.0,0.0,29.888,-780160000.0
9,NCLH,MRY,2011-12-31,2011-12-31,2011-12-31,2021-08-09,-19794000.0,5562411000.0,5567391000.0,152143000.0,5410268000.0,0.399,10.37,-184797000.0,58926000.0,58926000.0,1467876000.0,126859000.0,0.186,2.016,3038081000.0,200582000.0,2837499000.0,3038081000.0,0.0,211049000.0,0.0,,0.0,318746000.0,529795000.0,0.239,529795000.0,318746000.0,128559000.0,0.71,0.71,0.71,1844463000.0,1792494500.0,1844463000.0,,,,172193000.0,0.968,1.0,751448000.0,0.339,602792000.0,190187000.0,7121328000.0,7293314000.0,36234000.0,0.0,0.0,0.0,3717948000.0,817446000.0,2900502000.0,,3879000.0,0.0,0.0,-166584000.0,0.0,-168314000.0,-184797000.0,0.0,356990000.0,0.0,126859000.0,126859000.0,126859000.0,0.0,0.0,0.057,435336000.0,316112000.0,83290000.0,0.0,,,,4640093000.0,0.0,,,,8159000.0,-467741000.0,2219324000.0,2219324000.0,0.0,0.023,0.071,0.044,0.144,1211000.0,251351000.0,1.0,200468080.0,177869461.0,178859720.0,12.477,4959619000.0,0.0,1700000.0,0.0,27.883,-665303000.0
10,NCLH,MRY,2010-12-31,2010-12-31,2010-12-31,2021-08-09,4309000.0,5572371000.0,,138241000.0,5434130000.0,,9.802,-977466000.0,55047000.0,55047000.0,1347176000.0,22986000.0,0.212,2.202,3204085000.0,78237000.0,3125848000.0,3204085000.0,0.0,191913000.0,0.0,,0.0,196658000.0,388571000.0,0.193,388571000.0,196658000.0,22986000.0,0.13,0.13,0.13,1740526000.0,,1740526000.0,,,,-547043000.0,-3.081,1.0,664952000.0,0.33,602792000.0,173672000.0,7465300000.0,,32763000.0,0.0,0.0,0.0,3831845000.0,653317000.0,3178528000.0,,4895000.0,0.0,0.0,645879000.0,0.0,551938000.0,-977466000.0,0.0,430423000.0,0.0,22986000.0,22986000.0,22986000.0,0.0,0.0,0.011,434343000.0,230609000.0,64399000.0,0.0,,,,4639281000.0,0.0,,,,7879000.0,-594600000.0,2012128000.0,2012128000.0,0.0,,,,0.098,2520000.0,264152000.0,1.0,,177563047.0,178461210.0,11.332,4969579000.0,0.0,0.0,0.0,27.988,-515076000.0
11,NCLH,MRY,2009-12-31,2009-12-31,2009-12-31,2021-08-09,,,,,,,,-161838000.0,,,1289794000.0,66952000.0,,,,,,,,169701000.0,,,0.0,182302000.0,352003000.0,0.19,352003000.0,182302000.0,66952000.0,3.22,3.21,3.22,,,,,,,-44306000.0,,1.0,565410000.0,0.305,,115350000.0,,,,,,,,,,,-135565000.0,0.0,0.0,-128043000.0,0.0,-91259000.0,-161838000.0,0.0,117532000.0,0.0,66952000.0,66952000.0,66952000.0,0.0,0.0,0.036,394315000.0,171095000.0,,0.0,,,,,0.0,,,,,,1855204000.0,1855204000.0,0.0,,,,0.098,4075000.0,241615000.0,1.0,,,,,,,0.0,,,
0,NCLH,MRQ,2021-06-30,2021-06-30,2021-06-30,2021-08-09,-232903000.0,18526579000.0,,3465450000.0,15061129000.0,,10.054,-173131000.0,2750140000.0,2750140000.0,249727000.0,-717789000.0,1.589,3.981,12285867000.0,361233000.0,11924634000.0,12285867000.0,0.0,188637000.0,0.0,0.0,0.0,-579603000.0,-390966000.0,-89.507,-390966000.0,-579603000.0,-716862000.0,-1.94,-1.94,-1.94,3719252000.0,,3719252000.0,19590432559.0,-9.0,-13.231,-803175000.0,-2.171,1.0,-245359000.0,-56.172,598659000.0,137259000.0,25283080000.0,,92041000.0,0.0,0.0,0.0,14807327000.0,2180567000.0,12626760000.0,10879730559.0,-757893000.0,0.0,-16000.0,52155000.0,0.0,49100000.0,-176949000.0,-3917000.0,-630044000.0,0.0,-717789000.0,-717789000.0,-717789000.0,0.0,0.0,-164.329,359745000.0,-605104000.0,110628000.0,0.0,2.925,-3.105,-2.723,13431884000.0,0.0,29.41,461.69,461.69,422598000.0,-2377800000.0,4368000.0,4368000.0,0.0,,,,,22451000.0,185483000.0,1.0,369933035.0,369933159.0,369933159.0,0.012,17927920000.0,0.0,927000.0,0.0,48.463,1284883000.0
1,NCLH,MRQ,2021-03-31,2021-03-31,2021-03-31,2021-08-09,-291218000.0,18973793000.0,,3779323000.0,15194470000.0,,13.29,-136350000.0,3508033000.0,3508033000.0,200855000.0,-1370192000.0,2.088,3.335,12218735000.0,37033000.0,12181702000.0,12218735000.0,0.0,183808000.0,0.0,0.0,0.0,-544023000.0,-360215000.0,-116.198,-360215000.0,-544023000.0,-1368464000.0,-4.16,-4.16,-4.16,4377261000.0,,4377261000.0,17216957152.0,-8.0,-11.362,-988361000.0,-3.001,1.0,-197755000.0,-63.792,598659000.0,824441000.0,25275782000.0,,84691000.0,0.0,0.0,0.0,14596532000.0,1810054000.0,12786478000.0,8711320152.0,207551000.0,0.0,1558412000.0,-319888000.0,0.0,1197828000.0,-138266000.0,-4642000.0,-852011000.0,0.0,-1370192000.0,-1370192000.0,-1370192000.0,0.0,0.0,-441.997,373511000.0,-571266000.0,92711000.0,0.0,1.99,-2.488,-2.328,13401337000.0,0.0,27.59,241.137,251.551,18581000.0,-1660011000.0,3100000.0,3100000.0,0.0,,,,,26601000.0,203195000.0,1.0,315741941.0,329377207.0,329377207.0,0.009,18375134000.0,0.0,1728000.0,0.0,55.788,1969269000.0
2,NCLH,MRQ,2020-12-31,2020-12-31,2020-12-31,2021-08-09,-240117000.0,18399317000.0,,3557544000.0,14841773000.0,,14.801,-73403000.0,3300482000.0,3300482000.0,206992000.0,-738933000.0,1.859,3.226,11806119000.0,124885000.0,11681234000.0,11806119000.0,0.0,174411000.0,0.0,0.0,0.0,-548204000.0,-373793000.0,-39.022,-373793000.0,-548204000.0,-707409000.0,-2.2,-2.2,-2.2,4354105000.0,,4354105000.0,15590667294.0,-4.0,-5.612,-711020000.0,-2.417,1.0,-197413000.0,-20.609,598659000.0,159205000.0,24392392000.0,,82381000.0,0.0,0.0,0.0,14045212000.0,1913903000.0,12131309000.0,7009424294.0,944271000.0,0.0,822614000.0,846319000.0,0.0,1652368000.0,-73747000.0,0.0,-637617000.0,3267000.0,-738933000.0,-738933000.0,-738933000.0,0.0,0.0,-77.141,349467000.0,-546880000.0,83136000.0,0.0,1.61,-1.747,-1.615,13411226000.0,0.0,25.43,5.477,5.061,20578000.0,-295449000.0,9579000.0,9579000.0,0.0,,,,,30288000.0,186564000.0,1.0,275636032.0,294178743.0,294178743.0,0.033,17800658000.0,0.0,31524000.0,0.0,60.51,1643641000.0
3,NCLH,MRQ,2020-09-30,2020-09-30,2020-09-30,2021-08-09,-372004000.0,17402037000.0,,2652499000.0,14749538000.0,,15.06,-147665000.0,2356211000.0,2356211000.0,190157000.0,-677366000.0,1.136,3.257,10937454000.0,472359000.0,10465095000.0,10937454000.0,0.0,185833000.0,0.0,0.0,0.0,-541463000.0,-355630000.0,-54.561,-355630000.0,-541463000.0,-681127000.0,-2.5,-2.5,-2.5,4087766000.0,,4087766000.0,12805100174.0,-5.0,-6.254,-737911000.0,-2.719,1.0,-183639000.0,-28.174,598659000.0,139664000.0,23050355000.0,,81259000.0,0.0,0.0,0.0,13314271000.0,2334266000.0,10980005000.0,4715839174.0,96262000.0,0.0,277159000.0,580122000.0,0.0,835893000.0,-150051000.0,-2914000.0,-590246000.0,666000.0,-677366000.0,-677366000.0,-677366000.0,0.0,0.0,-103.922,334144000.0,-517783000.0,116464000.0,0.0,1.154,-1.496,-1.248,13453433000.0,0.0,17.11,1.714,1.688,78496000.0,557410000.0,6518000.0,6518000.0,0.0,,,,,25862000.0,156656000.0,1.0,275618888.0,271435350.0,271435350.0,0.024,16803378000.0,0.0,-3761000.0,0.0,61.906,318233000.0
4,NCLH,MRQ,2020-06-30,2020-06-30,2020-06-30,2021-08-09,-495887000.0,17528059000.0,,2750668000.0,14777391000.0,,18.121,-115322000.0,2259949000.0,2259949000.0,301652000.0,-715243000.0,1.065,3.041,10349210000.0,337338000.0,10011872000.0,10349210000.0,0.0,184180000.0,0.0,0.0,0.0,-609829000.0,-425649000.0,-25.143,-425649000.0,-609829000.0,-724366000.0,-2.99,-2.99,-2.99,4337025000.0,,4337025000.0,11457741504.0,-7.0,-11.3,-1391001000.0,-5.812,1.0,-284723000.0,-16.819,598659000.0,114537000.0,22434806000.0,,82263000.0,0.0,0.0,0.0,13191034000.0,2583855000.0,10607179000.0,4211780504.0,899688000.0,0.0,441935000.0,1928452000.0,0.0,2288478000.0,-113671000.0,0.0,-1275679000.0,560000.0,-715243000.0,-715243000.0,-715243000.0,0.0,0.0,-42.25,310688000.0,-595411000.0,484927000.0,0.0,0.971,-2.081,-1.804,13488514000.0,0.0,16.43,0.904,0.844,74213000.0,1234776000.0,16929000.0,16929000.0,0.0,,,,,22389000.0,131436000.0,1.0,256346957.0,239342745.0,239342745.0,0.071,16929400000.0,0.0,-9123000.0,0.0,70.733,166813000.0
5,NCLH,MRQ,2020-03-31,2020-03-31,2020-03-31,2021-08-09,-579249000.0,16462509000.0,,1696335000.0,14766174000.0,,20.478,-610155000.0,1360261000.0,1360261000.0,994260000.0,-1880972000.0,0.573,2.763,8606222000.0,173797000.0,8432425000.0,8606222000.0,0.0,195195000.0,0.0,0.0,0.0,-1818238000.0,-1623043000.0,-1.302,-1623043000.0,-1818238000.0,-1887145000.0,-8.8,-8.8,-8.8,4374654000.0,,4374654000.0,8885516849.0,-11.0,-74.49,-662856000.0,-3.103,1.0,252622000.0,0.203,598659000.0,68907000.0,20150018000.0,,85516000.0,0.0,0.0,0.0,12087855000.0,2959793000.0,9128062000.0,2336699849.0,1107385000.0,0.0,0.0,1826340000.0,0.0,1802472000.0,-637893000.0,-28606000.0,-52701000.0,-4493000.0,-1880972000.0,-1880972000.0,-1880972000.0,0.0,0.0,-1.509,2076683000.0,-1824061000.0,364216000.0,0.0,0.534,-2.186,-2.188,13567576000.0,0.0,10.96,0.371,0.371,96277000.0,1950019000.0,1246882000.0,1246882000.0,0.0,,,,,32758000.0,270689000.0,1.0,213202541.0,213630798.0,213630798.0,5.837,15863850000.0,0.0,-6173000.0,0.0,74.258,-1263458000.0
6,NCLH,MRQ,2019-12-31,2019-12-31,2019-12-31,2021-08-09,-295490000.0,16684599000.0,,730145000.0,15954454000.0,,30.607,-1021185000.0,252876000.0,252876000.0,887422000.0,121297000.0,0.204,1.561,6801693000.0,746358000.0,6055335000.0,6801693000.0,0.0,164605000.0,0.0,0.0,0.0,192098000.0,356703000.0,0.241,356703000.0,192098000.0,118891000.0,0.58,0.57,0.58,6515579000.0,,6515579000.0,18297641327.0,15.0,9.991,-645622000.0,-3.033,1.0,593196000.0,0.401,2206456000.0,73207000.0,17442570000.0,,95427000.0,0.0,0.0,0.0,10169020000.0,3584390000.0,6584630000.0,12427167327.0,-154382000.0,0.0,0.0,539207000.0,0.0,539034000.0,-1068979000.0,-46529000.0,375563000.0,0.0,121297000.0,121297000.0,121297000.0,0.0,0.0,0.082,393820000.0,199376000.0,100777000.0,0.0,1.907,13.359,13.49,13135337000.0,0.0,58.41,1.923,1.943,75109000.0,3829068000.0,1480618000.0,1480618000.0,0.0,,,,,12985000.0,229859000.0,1.0,212757530.0,212877614.0,214750139.0,6.955,14478143000.0,0.0,-2406000.0,0.0,68.012,-2854245000.0
7,NCLH,MRQ,2019-09-30,2019-09-30,2019-09-30,2021-08-09,-389633000.0,15938896000.0,,842716000.0,15096180000.0,,29.287,-202097000.0,407258000.0,407258000.0,990764000.0,450584000.0,0.248,1.541,6277732000.0,605106000.0,5672626000.0,6277732000.0,0.0,156026000.0,0.0,0.0,0.0,521975000.0,678001000.0,0.354,678001000.0,521975000.0,461787000.0,2.1,2.09,2.1,6273424000.0,,6273424000.0,17090616463.0,14.0,9.287,203724000.0,0.951,1.0,923087000.0,0.482,2206456000.0,60188000.0,16203323000.0,,94254000.0,0.0,0.0,0.0,9665472000.0,3399591000.0,6265881000.0,11161473463.0,-12667000.0,0.0,-149789000.0,-73739000.0,0.0,-216827000.0,-201661000.0,-556000.0,405821000.0,0.0,450584000.0,450584000.0,450584000.0,0.0,0.0,0.235,411363000.0,511724000.0,72151000.0,0.0,1.779,11.584,11.608,12288897000.0,0.0,51.77,1.754,1.743,67698000.0,3707771000.0,1913851000.0,1913851000.0,0.0,,,,,25420000.0,255148000.0,1.0,215597324.0,214207716.0,215499462.0,8.935,13732440000.0,0.0,11203000.0,0.0,64.108,-2556875000.0
8,NCLH,MRQ,2019-06-30,2019-06-30,2019-06-30,2021-08-09,-179769000.0,15965977000.0,,903564000.0,15062413000.0,,28.55,-199329000.0,419925000.0,419925000.0,958424000.0,240190000.0,0.252,1.596,6349068000.0,605141000.0,5743927000.0,6349068000.0,0.0,156757000.0,0.0,0.0,0.0,312297000.0,469054000.0,0.282,469054000.0,312297000.0,246328000.0,1.11,1.11,1.11,6150343000.0,,6150343000.0,17789439624.0,14.0,9.574,314422000.0,1.46,1.0,705853000.0,0.424,2206456000.0,65969000.0,16106113000.0,,90956000.0,0.0,0.0,0.0,9815634000.0,3582551000.0,6233083000.0,11551655624.0,115217000.0,0.0,-75000.0,-203143000.0,0.0,-202993000.0,-195541000.0,0.0,513751000.0,0.0,240190000.0,240190000.0,240190000.0,0.0,0.0,0.144,397172000.0,308681000.0,75776000.0,0.0,1.878,11.747,11.971,12252055000.0,0.0,53.63,1.831,1.832,75134000.0,3257187000.0,1664277000.0,1664277000.0,0.0,,,,,29651000.0,240901000.0,1.0,215395406.0,215426441.0,216810766.0,7.726,13759521000.0,0.0,6138000.0,0.0,63.871,-2678987000.0
9,NCLH,MRQ,2019-03-31,2019-03-31,2019-03-31,2021-08-09,-153400000.0,15761093000.0,,768395000.0,14992698000.0,,27.183,-214559000.0,304708000.0,304708000.0,826651000.0,118157000.0,0.224,1.669,6542492000.0,608307000.0,5934185000.0,6542492000.0,0.0,169714000.0,0.0,0.0,0.0,157862000.0,327576000.0,0.233,327576000.0,157862000.0,84359000.0,0.54,0.54,0.54,5905302000.0,,5905302000.0,18294562911.0,15.0,9.973,312911000.0,1.44,1.0,576979000.0,0.411,2206456000.0,73503000.0,16363001000.0,,90101000.0,0.0,0.0,0.0,9855791000.0,3429420000.0,6426371000.0,11966322911.0,140857000.0,0.0,-199996000.0,46411000.0,0.0,-172602000.0,-214011000.0,289000.0,527470000.0,0.0,118157000.0,118157000.0,118157000.0,0.0,0.0,0.084,418683000.0,158296000.0,66665000.0,0.0,2.026,12.338,12.519,12181007000.0,0.0,54.96,1.941,1.937,57054000.0,3016997000.0,1403630000.0,1403630000.0,0.0,,,,,26999000.0,248942000.0,1.0,217727855.0,217241473.0,218873272.0,6.461,13554637000.0,0.0,-33798000.0,0.0,62.394,-2661025000.0
10,NCLH,MRQ,2018-12-31,2018-12-31,2018-12-31,2021-08-09,-161647000.0,15205970000.0,,550313000.0,14655657000.0,,27.116,-205118000.0,163851000.0,163851000.0,817258000.0,154634000.0,0.175,1.55,6492091000.0,681218000.0,5810873000.0,6492091000.0,0.0,146818000.0,0.0,0.0,0.0,218879000.0,365697000.0,0.265,365697000.0,218879000.0,150701000.0,0.71,0.7,0.71,5963001000.0,,5963001000.0,15664836006.0,13.0,8.67,149952000.0,0.682,1.0,563935000.0,0.408,2206456000.0,68178000.0,16177254000.0,,90202000.0,0.0,0.0,0.0,9242969000.0,3150500000.0,6092469000.0,9396137006.0,-122610000.0,0.0,-201306000.0,-69232000.0,0.0,-271099000.0,-206581000.0,-1719000.0,355070000.0,0.0,154634000.0,154634000.0,154634000.0,0.0,0.0,0.112,354355000.0,209580000.0,159564000.0,0.0,1.576,9.841,9.904,12119253000.0,0.0,42.39,1.552,1.561,55249000.0,2898840000.0,1381193000.0,1381193000.0,0.0,,,,,27186000.0,208943000.0,1.0,221659283.0,219907488.0,221409665.0,6.281,12999514000.0,0.0,-3933000.0,0.0,59.114,-2600187000.0
11,NCLH,MRQ,2018-09-30,2018-09-30,2018-09-30,2021-08-09,56118000.0,15316122000.0,,727408000.0,14588714000.0,,27.981,-110244000.0,286461000.0,286461000.0,928944000.0,470378000.0,0.238,1.471,6555160000.0,679908000.0,5875252000.0,6555160000.0,0.0,145312000.0,0.0,0.0,0.0,550374000.0,695686000.0,0.374,695686000.0,550374000.0,480834000.0,2.12,2.11,2.12,6198090000.0,,6198090000.0,19342907077.0,16.0,11.022,356056000.0,1.607,1.0,929412000.0,0.5,2206456000.0,69540000.0,16326186000.0,,95950000.0,0.0,0.0,0.0,9118032000.0,3052179000.0,6065853000.0,12718926077.0,81454000.0,0.0,0.0,-280602000.0,0.0,-274856000.0,-109990000.0,0.0,466300000.0,0.0,470378000.0,470378000.0,470378000.0,0.0,0.0,0.253,379136000.0,550276000.0,59423000.0,0.0,2.052,14.148,14.286,12029140000.0,0.0,57.43,2.147,2.148,46562000.0,2744206000.0,1858356000.0,1858356000.0,0.0,,,,,28962000.0,235436000.0,1.0,221468328.0,221511630.0,222752738.0,8.389,13109666000.0,0.0,10456000.0,0.0,59.183,-2324771000.0
12,NCLH,MRQ,2018-06-30,2018-06-30,2018-06-30,2021-08-09,51352000.0,15329646000.0,,671490000.0,14658156000.0,,25.466,-1107560000.0,205007000.0,205007000.0,862783000.0,226676000.0,0.203,1.696,6828988000.0,679767000.0,6149221000.0,6828988000.0,0.0,140296000.0,0.0,0.0,0.0,305074000.0,445370000.0,0.293,445370000.0,305074000.0,232086000.0,1.02,1.01,1.02,5686793000.0,,5686793000.0,16667307733.0,15.0,9.979,-464520000.0,-2.08,1.0,659391000.0,0.433,2206456000.0,72988000.0,16441006000.0,,93136000.0,0.0,0.0,0.0,9642853000.0,3306165000.0,6336688000.0,10616578733.0,-96741000.0,0.0,-200000000.0,495249000.0,0.0,302731000.0,-1042512000.0,64547000.0,643040000.0,0.0,226676000.0,226676000.0,226676000.0,0.0,0.0,0.149,367239000.0,292152000.0,54676000.0,0.0,1.867,12.802,12.91,12085701000.0,0.0,47.25,1.857,1.846,44212000.0,2273828000.0,1522174000.0,1522174000.0,0.0,,,,,31733000.0,226535000.0,1.0,224689497.0,223308350.0,224390879.0,6.816,13123190000.0,0.0,5410000.0,0.0,58.767,-2634675000.0
13,NCLH,MRQ,2018-03-31,2018-03-31,2018-03-31,2021-08-09,73862000.0,14484985000.0,,760775000.0,13724210000.0,,24.804,-143874000.0,301748000.0,301748000.0,768091000.0,103155000.0,0.246,1.569,6352477000.0,772187000.0,5580290000.0,6352477000.0,0.0,134546000.0,0.0,0.0,0.0,165387000.0,299933000.0,0.232,299933000.0,165387000.0,105689000.0,0.45,0.45,0.45,5639073000.0,,5639073000.0,18243839967.0,17.0,11.252,466887000.0,2.054,1.0,525312000.0,0.406,2206456000.0,59698000.0,15235715000.0,,80427000.0,0.0,0.0,0.0,8845912000.0,3093543000.0,5752369000.0,12112264967.0,125558000.0,0.0,-263505000.0,38052000.0,0.0,-341578000.0,-143625000.0,249000.0,610761000.0,0.0,103155000.0,103155000.0,103155000.0,0.0,0.0,0.08,358259000.0,167053000.0,65573000.0,0.0,2.148,15.119,15.091,11085572000.0,0.0,52.97,2.187,2.174,41159000.0,2047152000.0,1293403000.0,1293403000.0,0.0,,,,,28102000.0,227015000.0,1.0,228662733.0,227343577.0,229187628.0,5.689,12278529000.0,0.0,2534000.0,0.0,54.009,-2332768000.0
14,NCLH,MRQ,2017-12-31,2017-12-31,2017-12-31,2021-08-09,26966000.0,14094869000.0,,518337000.0,13576532000.0,,25.164,-242700000.0,176190000.0,176190000.0,753439000.0,98797000.0,0.208,1.451,6307765000.0,619373000.0,5688392000.0,6307765000.0,0.0,135527000.0,0.0,0.0,0.0,178479000.0,314006000.0,0.251,314006000.0,178479000.0,94170000.0,0.43,0.43,0.43,5749766000.0,,5749766000.0,18251504272.0,18.0,11.7,-1091000.0,-0.005,1.0,496114000.0,0.397,2206456000.0,84309000.0,15529967000.0,,82121000.0,0.0,0.0,0.0,8345103000.0,2490021000.0,5855082000.0,12165704272.0,-346714000.0,0.0,0.0,-326441000.0,0.0,-348194000.0,-240129000.0,1907000.0,241609000.0,0.0,98797000.0,98797000.0,98797000.0,0.0,0.0,0.079,318920000.0,177194000.0,53433000.0,0.0,2.116,16.01,15.991,11040488000.0,0.0,53.25,2.255,2.25,43961000.0,1963128000.0,1249553000.0,1249553000.0,0.0,,,,,23375000.0,185841000.0,1.0,228463930.0,228487552.0,230201533.0,5.469,11888413000.0,0.0,-4627000.0,0.0,52.031,-1971684000.0
15,NCLH,MRQ,2017-09-30,2017-09-30,2017-09-30,2021-08-09,-61055000.0,14265117000.0,,864834000.0,13400283000.0,,24.259,-64249000.0,522904000.0,522904000.0,838165000.0,400692000.0,0.342,1.576,6608704000.0,605827000.0,6002877000.0,6608704000.0,0.0,137339000.0,0.0,0.0,0.0,473558000.0,610897000.0,0.37,610897000.0,473558000.0,407219000.0,1.76,1.74,1.76,5537604000.0,,5537604000.0,18796577261.0,18.0,12.344,375658000.0,1.646,1.0,813573000.0,0.493,2206456000.0,66339000.0,15615799000.0,,78915000.0,0.0,0.0,0.0,8727513000.0,2528662000.0,6198851000.0,12332166261.0,303589000.0,0.0,0.0,-85291000.0,0.0,-72069000.0,-64249000.0,0.0,439907000.0,0.0,400692000.0,400692000.0,400692000.0,0.0,0.0,0.243,336753000.0,476820000.0,45059000.0,0.0,2.227,16.817,16.786,10916824000.0,0.0,54.05,2.339,2.34,56764000.0,1864331000.0,1651738000.0,1651738000.0,0.0,,,,,21444000.0,202221000.0,1.0,228162188.0,228267307.0,229816956.0,7.236,12058661000.0,0.0,6527000.0,0.0,52.827,-1663828000.0
16,NCLH,MRQ,2017-06-30,2017-06-30,2017-06-30,2021-08-09,-170079000.0,13946176000.0,,513916000.0,13432260000.0,,21.9,-947488000.0,219315000.0,219315000.0,752242000.0,198473000.0,0.194,1.794,6683726000.0,600500000.0,6083226000.0,6683726000.0,0.0,127025000.0,0.0,0.0,0.0,269462000.0,396487000.0,0.295,396487000.0,269462000.0,205266000.0,0.87,0.87,0.87,4991749000.0,,4991749000.0,18329427325.0,19.0,12.772,-462701000.0,-2.03,1.0,591861000.0,0.44,2206456000.0,64196000.0,15550004000.0,,77089000.0,0.0,0.0,0.0,8954427000.0,2654127000.0,6300300000.0,12373263325.0,-474000.0,0.0,0.0,524968000.0,0.0,497482000.0,-982743000.0,-35255000.0,484787000.0,0.0,198473000.0,198473000.0,198473000.0,0.0,0.0,0.148,316790000.0,275071000.0,47242000.0,0.0,2.479,18.331,18.279,10974087000.0,0.0,54.29,2.424,2.424,50359000.0,1463639000.0,1344103000.0,1344103000.0,0.0,,,,,24017000.0,193649000.0,1.0,227910542.0,227931135.0,229090085.0,5.897,11739720000.0,0.0,6793000.0,0.0,51.506,-2140211000.0
17,NCLH,MRQ,2017-03-31,2017-03-31,2017-03-31,2021-08-09,-311946000.0,13076251000.0,,488351000.0,12587900000.0,,20.334,-117777000.0,219789000.0,219789000.0,719798000.0,61910000.0,0.195,1.827,6175953000.0,531778000.0,5644175000.0,6175953000.0,0.0,121593000.0,0.0,0.0,0.0,116919000.0,238512000.0,0.207,238512000.0,116919000.0,63959000.0,0.27,0.27,0.27,4625282000.0,,4625282000.0,17802493470.0,20.0,13.066,317167000.0,1.394,1.0,430983000.0,0.375,2206456000.0,52960000.0,14319200000.0,,71439000.0,0.0,0.0,0.0,8450969000.0,2506759000.0,5944210000.0,11532153470.0,91442000.0,0.0,0.0,-229237000.0,0.0,-225725000.0,-117777000.0,0.0,434944000.0,0.0,61910000.0,61910000.0,61910000.0,0.0,0.0,0.054,311249000.0,119734000.0,71123000.0,0.0,2.493,18.547,18.515,10149166000.0,0.0,50.73,2.331,2.332,47949000.0,1265166000.0,1150781000.0,1150781000.0,0.0,,,,,18203000.0,192044000.0,1.0,227324137.0,227468526.0,228555952.0,5.059,10869795000.0,0.0,2049000.0,0.0,47.786,-2018408000.0
18,NCLH,MRQ,2016-12-31,2016-12-31,2016-12-31,2021-08-09,-314473000.0,12973911000.0,,411093000.0,12562818000.0,,19.974,-176155000.0,128347000.0,128347000.0,695110000.0,72232000.0,0.178,1.859,6398687000.0,560193000.0,5838494000.0,6398687000.0,0.0,118269000.0,0.0,0.0,0.0,158529000.0,276798000.0,0.246,276798000.0,158529000.0,70506000.0,0.32,0.32,0.32,4537726000.0,,4537726000.0,15888691784.0,17.0,11.659,-827000.0,-0.004,1.0,430027000.0,0.382,2206456000.0,88023000.0,14724977000.0,,66255000.0,0.0,0.0,0.0,8436185000.0,2312818000.0,6123367000.0,9661963784.0,-27084000.0,0.0,0.0,-9085000.0,0.0,-23734000.0,-178678000.0,-2523000.0,175328000.0,0.0,72232000.0,72232000.0,72232000.0,0.0,0.0,0.064,276477000.0,153550000.0,38002000.0,0.0,2.129,15.262,15.244,10117689000.0,0.0,42.53,1.982,1.982,63215000.0,1201103000.0,1125137000.0,1125137000.0,0.0,,,,,18125000.0,161462000.0,1.0,227179962.0,227179820.0,227822293.0,4.953,10767455000.0,0.0,-1726000.0,0.0,47.396,-1901725000.0
19,NCLH,MRQ,2016-09-30,2016-09-30,2016-09-30,2021-08-09,-223161000.0,12943340000.0,,436699000.0,12506641000.0,,19.977,-151037000.0,155431000.0,155431000.0,784734000.0,342378000.0,0.186,1.853,6382159000.0,566911000.0,5815248000.0,6382159000.0,0.0,115098000.0,0.0,0.0,0.0,408281000.0,523379000.0,0.353,523379000.0,408281000.0,347619000.0,1.51,1.5,1.51,4536727000.0,,4536727000.0,14969201196.0,17.0,11.381,189684000.0,0.835,1.0,700002000.0,0.471,2206456000.0,60662000.0,14614623000.0,,65983000.0,0.0,0.0,0.0,8406613000.0,2348989000.0,6057624000.0,8562218196.0,9467000.0,0.0,0.0,-177955000.0,0.0,-180046000.0,-151208000.0,-171000.0,340721000.0,0.0,342378000.0,342378000.0,342378000.0,0.0,0.0,0.231,286388000.0,413614000.0,51494000.0,0.0,1.887,14.29,14.28,10054220000.0,0.0,37.7,1.789,1.789,55838000.0,1128871000.0,1484736000.0,1484736000.0,0.0,,,,,16840000.0,174813000.0,1.0,227114541.0,227096142.0,227598607.0,6.538,10736884000.0,0.0,5241000.0,0.0,47.279,-1912290000.0
20,NCLH,MRQ,2016-06-30,2016-06-30,2016-06-30,2021-08-09,-278646000.0,12957749000.0,,440030000.0,12517719000.0,,18.145,-632872000.0,145964000.0,145964000.0,705900000.0,145246000.0,0.17,2.146,6552947000.0,581804000.0,5971143000.0,6552947000.0,0.0,107582000.0,0.0,0.0,0.0,216265000.0,323847000.0,0.273,323847000.0,216265000.0,147845000.0,0.64,0.64,0.64,4118361000.0,,4118361000.0,15189183502.0,20.0,12.551,-214930000.0,-0.947,1.0,480935000.0,0.405,2206456000.0,68420000.0,14566012000.0,,67697000.0,0.0,0.0,0.0,8839388000.0,2592264000.0,6247124000.0,9043953502.0,-8903000.0,0.0,0.0,263415000.0,0.0,238989000.0,-665834000.0,-32962000.0,417942000.0,0.0,145246000.0,145246000.0,145246000.0,0.0,0.0,0.122,253917000.0,227018000.0,46511000.0,0.0,2.196,17.783,17.786,10068499000.0,0.0,39.84,1.972,1.972,60366000.0,786493000.0,1186835000.0,1186835000.0,0.0,,,,,16204000.0,149307000.0,1.0,227006865.0,226972076.0,227884704.0,5.229,10751293000.0,0.0,2599000.0,0.0,47.368,-2152234000.0
21,NCLH,MRQ,2016-03-31,2016-03-31,2016-03-31,2021-08-09,-307542000.0,12405739000.0,,392916000.0,12012823000.0,,17.284,-132027000.0,154867000.0,154867000.0,664481000.0,73229000.0,0.158,2.159,6300097000.0,629953000.0,5670144000.0,6300097000.0,0.0,104686000.0,0.0,0.0,0.0,134087000.0,238773000.0,0.222,238773000.0,134087000.0,74333000.0,0.32,0.32,0.32,3927611000.0,,3927611000.0,18849604567.0,25.0,15.576,198069000.0,0.872,1.0,413151000.0,0.383,2206456000.0,59754000.0,13854424000.0,,62383000.0,0.0,0.0,0.0,8478128000.0,2490089000.0,5988039000.0,12568004567.0,38930000.0,0.0,-49999000.0,-104248000.0,0.0,-157972000.0,-133194000.0,-1167000.0,330096000.0,0.0,73229000.0,73229000.0,73229000.0,0.0,0.0,0.068,281869000.0,131282000.0,75226000.0,0.0,3.2,24.085,24.039,9489153000.0,0.0,55.29,2.803,2.802,45613000.0,641247000.0,1077632000.0,1077632000.0,0.0,,,,,15245000.0,180574000.0,1.0,227310627.0,227239533.0,228112035.0,4.742,10199283000.0,0.0,1104000.0,0.0,44.883,-2097173000.0
22,NCLH,MRQ,2015-12-31,2015-12-31,2015-12-31,2021-08-09,-412650000.0,12264757000.0,,340411000.0,11924346000.0,,16.514,-791176000.0,115937000.0,115937000.0,657748000.0,38312000.0,0.144,2.244,6397537000.0,629840000.0,5767697000.0,6397537000.0,0.0,122474000.0,0.0,0.0,0.0,106843000.0,229317000.0,0.221,229317000.0,106843000.0,38153000.0,0.17,0.17,0.17,3780880000.0,,3780880000.0,18900417385.0,29.0,17.087,-722384000.0,-3.155,1.0,378775000.0,0.365,2206456000.0,68690000.0,13973382000.0,,58173000.0,0.0,0.0,0.0,8483877000.0,2366519000.0,6117358000.0,13446856385.0,-114243000.0,0.0,-167216000.0,800901000.0,0.0,692750000.0,-875785000.0,-84609000.0,68792000.0,0.0,38312000.0,38312000.0,38312000.0,0.0,0.0,0.037,260853000.0,117922000.0,66257000.0,0.0,3.557,31.481,31.005,9458805000.0,0.0,58.6,3.095,3.056,44996000.0,568018000.0,1036523000.0,1036523000.0,0.0,,,,,14352000.0,143120000.0,1.0,229468539.0,228948045.0,230577828.0,4.527,10058301000.0,0.0,-159000.0,0.0,43.933,-2026108000.0
23,NCLH,MRQ,2015-09-30,2015-09-30,2015-09-30,2021-08-09,-319203000.0,11747165000.0,,441196000.0,11305969000.0,,17.235,-125752000.0,230180000.0,230180000.0,717722000.0,251787000.0,0.181,1.998,5683741000.0,587504000.0,5096237000.0,5683741000.0,0.0,113144000.0,0.0,0.0,0.0,305099000.0,418243000.0,0.326,418243000.0,305099000.0,255315000.0,1.11,1.09,1.11,3918894000.0,,3918894000.0,18721099170.0,32.0,18.707,135939000.0,0.598,1.0,567188000.0,0.441,2206456000.0,49784000.0,12562988000.0,,54946000.0,0.0,0.0,0.0,7828271000.0,2431282000.0,5396989000.0,13130138170.0,57222000.0,0.0,4937000.0,-81582000.0,0.0,-79057000.0,-125412000.0,1090000.0,261691000.0,0.0,251787000.0,251787000.0,251787000.0,0.0,0.0,0.196,260356000.0,306832000.0,83185000.0,0.0,3.35,36.15,36.497,8723844000.0,0.0,57.3,3.204,3.18,41995000.0,529706000.0,1284910000.0,1284910000.0,0.0,,,,,13691000.0,150558000.0,1.0,229147263.0,227384616.0,230274756.0,5.651,9540709000.0,0.0,3528000.0,0.0,41.958,-1990086000.0
24,NCLH,MRQ,2015-06-30,2015-06-30,2015-06-30,2021-08-09,-227227000.0,11687387000.0,,399917000.0,11287470000.0,,16.573,-131925000.0,172958000.0,172958000.0,656279000.0,158494000.0,0.162,2.125,5763919000.0,585875000.0,5178044000.0,5763919000.0,0.0,110184000.0,0.0,0.0,0.0,213666000.0,323850000.0,0.298,323850000.0,213666000.0,161220000.0,0.7,0.69,0.7,3740455000.0,,3740455000.0,18711257923.0,37.0,21.014,264980000.0,1.174,1.0,429154000.0,0.395,2347325000.0,52446000.0,12456935000.0,,59801000.0,0.0,0.0,0.0,7946932000.0,2474088000.0,5472844000.0,12873927923.0,51536000.0,0.0,3233000.0,-216674000.0,0.0,-213444000.0,-131925000.0,0.0,396905000.0,0.0,158494000.0,158494000.0,158494000.0,0.0,0.0,0.146,211771000.0,217383000.0,93798000.0,0.0,3.442,41.196,38.648,8674815000.0,0.0,56.04,3.461,3.4,36801000.0,277919000.0,1085433000.0,1085433000.0,0.0,,,,,2161000.0,107164000.0,1.0,229727479.0,225698078.0,230228144.0,4.809,9340062000.0,0.0,2726000.0,0.0,41.383,-2074171000.0
25,NCLH,MRQ,2015-03-31,2015-03-31,2015-03-31,2021-08-09,-324402000.0,11592737000.0,,324626000.0,11268111000.0,,15.512,-73131000.0,121422000.0,121422000.0,623700000.0,-21456000.0,0.137,2.332,5958752000.0,579670000.0,5379082000.0,5958752000.0,0.0,104533000.0,0.0,0.0,0.0,30210000.0,134743000.0,0.144,134743000.0,30210000.0,-20779000.0,-0.1,-0.1,-0.1,3479392000.0,,3479392000.0,18398373684.0,41.0,23.446,241659000.0,1.077,1.0,314482000.0,0.335,2365698000.0,50989000.0,12690595000.0,,56635000.0,0.0,0.0,0.0,8113345000.0,2373774000.0,5739571000.0,12299093684.0,36598000.0,0.0,51790000.0,-253191000.0,0.0,-205061000.0,-73131000.0,0.0,314790000.0,0.0,-21456000.0,-21456000.0,-21456000.0,0.0,0.0,-0.023,254133000.0,60349000.0,141442000.0,0.0,3.535,46.302,41.868,8628870000.0,0.0,54.01,3.617,3.563,30958000.0,119425000.0,938182000.0,938182000.0,0.0,,,,,12005000.0,154157000.0,1.0,227718824.0,224301117.0,224301117.0,4.183,9227039000.0,0.0,677000.0,0.0,41.137,-2049148000.0
26,NCLH,MRQ,2014-12-31,2014-12-31,2014-12-31,2021-08-09,-242642000.0,11468996000.0,,283735000.0,11185261000.0,,16.538,-99803000.0,84824000.0,84824000.0,518620000.0,-25648000.0,0.136,2.259,6080023000.0,576947000.0,5503076000.0,6080023000.0,0.0,91571000.0,0.0,0.0,0.0,32323000.0,123894000.0,0.157,123894000.0,32323000.0,-24115000.0,-0.14,-0.13,-0.14,3518813000.0,,3518813000.0,12914456566.0,26.0,16.291,-164926000.0,-0.775,1.0,270289000.0,0.343,2206456000.0,56438000.0,13171140000.0,,56555000.0,0.0,0.0,0.0,7950183000.0,2086599000.0,5863584000.0,9506414566.0,28955000.0,-826686000.0,2776000.0,1065140000.0,0.0,1025901000.0,-931823000.0,-5334000.0,-65123000.0,0.0,-25609000.0,-25609000.0,-25609000.0,0.0,-39000.0,-0.032,223847000.0,46442000.0,158475000.0,0.0,2.702,28.096,28.512,8623773000.0,0.0,46.76,3.041,3.089,32432000.0,140881000.0,788909000.0,788909000.0,0.0,,,,,5066000.0,139585000.0,1.0,203302279.0,212766465.0,218093195.0,3.708,9262540000.0,0.0,1494000.0,0.0,43.534,-1802864000.0
27,NCLH,MRQ,2014-09-30,2014-09-30,2014-09-30,2021-08-09,-58479000.0,7374049000.0,,190636000.0,7183413000.0,,14.037,-77271000.0,55869000.0,55869000.0,511298000.0,203278000.0,0.146,1.574,3463911000.0,381565000.0,3082346000.0,3463911000.0,0.0,72078000.0,0.0,0.0,0.0,235864000.0,307942000.0,0.34,307942000.0,235864000.0,203580000.0,0.99,0.97,0.99,2852612000.0,,2852612000.0,10758164687.0,21.0,13.53,104345000.0,0.513,1.0,395719000.0,0.436,611330000.0,32284000.0,8867737000.0,,51263000.0,0.0,0.0,0.0,4490065000.0,1303024000.0,3187041000.0,7319399687.0,-7614000.0,0.0,-1922000.0,-38969000.0,0.0,-111959000.0,-77271000.0,0.0,181616000.0,0.0,201078000.0,201078000.0,201078000.0,0.0,2200000.0,0.222,160897000.0,234822000.0,173790000.0,0.0,2.566,18.296,18.378,6319933000.0,0.0,36.02,2.492,2.492,25936000.0,166490000.0,907017000.0,907017000.0,0.0,,,,,4472000.0,97111000.0,1.0,203203767.0,203220218.0,208507181.0,4.463,6762719000.0,0.0,2502000.0,0.0,33.278,-1112388000.0
28,NCLH,MRQ,2014-06-30,2014-06-30,2014-06-30,2021-08-09,-23011000.0,7314803000.0,,210224000.0,7104579000.0,,13.103,-41256000.0,63483000.0,63483000.0,470796000.0,113279000.0,0.152,1.713,3502248000.0,372911000.0,3129337000.0,3502248000.0,0.0,71520000.0,0.0,0.0,0.0,146600000.0,218120000.0,0.285,218120000.0,146600000.0,114740000.0,0.54,0.54,0.54,2685659000.0,,2685659000.0,10095449367.0,21.0,13.339,249718000.0,1.218,1.0,295131000.0,0.385,611330000.0,31860000.0,8762338000.0,,52566000.0,0.0,0.0,0.0,4600022000.0,1379900000.0,3220122000.0,6506019367.0,-1277000.0,0.0,-77337000.0,-170539000.0,0.0,-250995000.0,-41256000.0,0.0,290974000.0,0.0,111616000.0,111616000.0,111616000.0,0.0,1663000.0,0.146,146543000.0,148588000.0,176661000.0,0.0,2.423,17.592,17.514,6305328000.0,0.0,31.7,2.3,2.297,27145000.0,-34588000.0,765927000.0,765927000.0,0.0,,,,,3244000.0,83084000.0,1.0,205237204.0,204965718.0,210472991.0,3.737,6703473000.0,0.0,3124000.0,0.0,32.705,-1169676000.0
29,NCLH,MRQ,2014-03-31,2014-03-31,2014-03-31,2021-08-09,-31662000.0,7318899000.0,,187225000.0,7131674000.0,,12.843,-746310000.0,64760000.0,64760000.0,445910000.0,51692000.0,0.149,1.764,3654190000.0,363697000.0,3290493000.0,3654190000.0,0.0,69708000.0,0.0,0.0,0.0,73052000.0,142760000.0,0.215,142760000.0,73052000.0,41880000.0,0.25,0.24,0.25,2634980000.0,,2634980000.0,9692077193.0,22.0,13.944,-518176000.0,-2.526,1.0,218118000.0,0.328,611330000.0,31172000.0,9040109000.0,,48106000.0,0.0,0.0,0.0,4648934000.0,1256890000.0,3392044000.0,6620755193.0,8293000.0,0.0,340000.0,526326000.0,0.0,526469000.0,-746310000.0,0.0,228134000.0,0.0,51267000.0,51267000.0,51267000.0,0.0,425000.0,0.077,145029000.0,73089000.0,171642000.0,0.0,2.513,26.549,26.236,6327263000.0,0.0,32.27,2.446,2.446,18000000.0,-146204000.0,664028000.0,664028000.0,0.0,,,,,1835000.0,83389000.0,1.0,205167499.0,205163256.0,211013814.0,3.237,6707569000.0,0.0,-9387000.0,0.0,32.694,-1069665000.0
30,NCLH,MRQ,2013-12-31,2013-12-31,2013-12-31,2021-08-09,-16690000.0,6650978000.0,,182924000.0,6468054000.0,,12.718,-41517000.0,56467000.0,56467000.0,417789000.0,36407000.0,0.17,1.541,3127789000.0,286575000.0,2841214000.0,3127789000.0,0.0,64968000.0,0.0,0.0,0.0,61350000.0,126318000.0,0.21,126318000.0,61350000.0,36717000.0,0.18,0.17,0.18,2608908000.0,,2608908000.0,10330377706.0,26.0,16.11,35421000.0,0.173,1.0,182556000.0,0.304,611330000.0,24633000.0,8035482000.0,,43715000.0,0.0,0.0,0.0,4019712000.0,1075488000.0,2944224000.0,7274296706.0,-493000.0,0.0,1649000.0,-19314000.0,0.0,-18345000.0,-59086000.0,-17569000.0,76938000.0,0.0,36092000.0,36092000.0,36092000.0,0.0,315000.0,0.06,121126000.0,61430000.0,178460000.0,0.0,2.788,71.517,70.94,5647670000.0,0.0,35.47,2.83,2.801,18260000.0,-197471000.0,600345000.0,600345000.0,0.0,,,,,1792000.0,64232000.0,1.0,205083076.0,205135389.0,210937112.0,2.927,6039648000.0,0.0,625000.0,0.0,29.442,-892564000.0
31,NCLH,MRQ,2013-09-30,2013-09-30,2013-09-30,2021-08-09,-33098000.0,6605549000.0,,187051000.0,6418498000.0,,12.487,-76745000.0,56960000.0,56960000.0,456102000.0,172894000.0,0.174,1.579,3113041000.0,282564000.0,2830477000.0,3113041000.0,0.0,64197000.0,0.0,0.0,0.0,205418000.0,269615000.0,0.338,269615000.0,205418000.0,178791000.0,0.84,0.82,0.84,2552697000.0,,2552697000.0,9402223557.0,25.0,15.186,68818000.0,0.337,1.0,341783000.0,0.428,611330000.0,26627000.0,7972555000.0,,45901000.0,0.0,0.0,0.0,4030661000.0,1077745000.0,2952916000.0,6293853557.0,-25880000.0,0.0,1268000.0,-78244000.0,0.0,-94698000.0,-76745000.0,0.0,145563000.0,0.0,170858000.0,170858000.0,170858000.0,0.0,2036000.0,0.214,133703000.0,208080000.0,208842000.0,0.0,2.466,94.396,96.406,5622574000.0,0.0,30.85,2.545,2.55,17717000.0,-233563000.0,797885000.0,797885000.0,0.0,,,,,1927000.0,77606000.0,1.0,204014702.0,204425308.0,210703244.0,3.903,5994219000.0,0.0,7933000.0,0.0,29.322,-890694000.0
32,NCLH,MRQ,2013-06-30,2013-06-30,2013-06-30,2021-08-09,-47407000.0,6588633000.0,,201019000.0,6387614000.0,,11.538,-673868000.0,82840000.0,82840000.0,421079000.0,-8915000.0,0.172,1.786,3191210000.0,272644000.0,2918566000.0,3191210000.0,0.0,60466000.0,0.0,0.0,0.0,95892000.0,156358000.0,0.243,156358000.0,95892000.0,-7794000.0,-0.04,-0.04,-0.04,2353653000.0,,2353653000.0,8740289983.0,25.0,15.06,-503183000.0,-2.467,1.0,223354000.0,0.347,611330000.0,103686000.0,7914590000.0,,45429000.0,0.0,0.0,0.0,4204340000.0,1171083000.0,3033257000.0,6183163983.0,1639000.0,0.0,0.0,537697000.0,0.0,504822000.0,-673868000.0,0.0,170685000.0,0.0,-8841000.0,-8841000.0,-8841000.0,0.0,-74000.0,-0.014,127965000.0,95389000.0,207440000.0,0.0,2.627,257.578,151.55,5601690000.0,0.0,30.31,2.632,2.632,16370000.0,-404421000.0,644433000.0,644433000.0,0.0,,,,,603000.0,74111000.0,1.0,203997492.0,203997492.0,203997492.0,3.159,5977303000.0,0.0,1047000.0,0.0,29.301,-970064000.0
33,NCLH,MRQ,2013-03-31,2013-03-31,2013-03-31,2021-08-09,-38544000.0,5991730000.0,,206767000.0,5784963000.0,,11.962,-85152000.0,81201000.0,81201000.0,362689000.0,-97500000.0,0.198,1.513,2638327000.0,221747000.0,2416580000.0,2638327000.0,0.0,55480000.0,0.0,0.0,0.0,33457000.0,88937000.0,0.169,88937000.0,33457000.0,-94199000.0,-0.49,-0.49,-0.49,2372715000.0,,2372715000.0,8988378638.0,26.0,15.986,-3057000.0,-0.015,1.0,164942000.0,0.313,611330000.0,127656000.0,6891384000.0,,42291000.0,0.0,0.0,0.0,3590142000.0,1046142000.0,2544000000.0,6048525638.0,35701000.0,0.0,473017000.0,-428135000.0,0.0,38758000.0,-85152000.0,0.0,82095000.0,0.0,-96395000.0,-96395000.0,-96395000.0,0.0,-1105000.0,-0.183,133954000.0,30988000.0,196166000.0,0.0,2.549,87.816,67.386,4997543000.0,0.0,29.65,2.643,2.57,13387000.0,-395580000.0,527631000.0,527631000.0,0.0,,,,,18753000.0,85206000.0,1.0,203997492.0,198350433.0,198350433.0,2.66,5380400000.0,0.0,2196000.0,0.0,27.126,-839375000.0
34,NCLH,MRQ,2012-12-31,2012-12-31,2012-12-31,2021-08-09,-17619000.0,5938427000.0,,164929000.0,5773498000.0,,11.273,-73985000.0,45500000.0,45500000.0,344594000.0,1053000.0,0.175,1.95,2985353000.0,221233000.0,2764120000.0,2985353000.0,0.0,55356000.0,0.0,,0.0,48874000.0,104230000.0,0.207,104230000.0,48874000.0,1215000.0,0.01,0.0,0.01,2010318000.0,,2010318000.0,,,,-51914000.0,-0.291,1.0,158577000.0,0.315,611330000.0,47659000.0,7321861000.0,,39681000.0,0.0,0.0,0.0,3919643000.0,945089000.0,2974554000.0,,-23194000.0,0.0,0.0,74461000.0,0.0,28720000.0,-73985000.0,0.0,22071000.0,0.0,1053000.0,1053000.0,1053000.0,0.0,0.0,0.002,109072000.0,49505000.0,286387000.0,0.0,,,,4960142000.0,0.0,,,,15062000.0,-299185000.0,503171000.0,503171000.0,0.0,,,,,4665000.0,60435000.0,1.0,200468080.0,178334448.0,179135220.0,2.822,5327097000.0,0.0,162000.0,0.0,29.871,-780160000.0
35,NCLH,MRQ,2012-09-30,2012-09-30,2012-09-30,2021-08-09,,,,,,,,-54882000.0,,,394071000.0,128188000.0,,,,,,,,55039000.0,,,0.0,175782000.0,230821000.0,0.342,230821000.0,175782000.0,128586000.0,0.72,0.72,0.72,,,,,,,65853000.0,0.369,1.0,280340000.0,0.416,,47196000.0,,,,,,,,,,,2993000.0,0.0,0.0,-62318000.0,0.0,-62860000.0,-54882000.0,0.0,120735000.0,0.0,128188000.0,128188000.0,128188000.0,0.0,0.0,0.19,106202000.0,174138000.0,,0.0,,,,,0.0,,,,,,674411000.0,674411000.0,0.0,,,,,165000.0,57779000.0,1.0,200468080.0,178252763.0,179050050.0,3.783,,,398000.0,,,
36,NCLH,MRQ,2012-06-30,2012-06-30,2012-06-30,2021-08-09,,,,,,,,-150640000.0,,,387741000.0,36031000.0,,,,,,,,53272000.0,,,0.0,85007000.0,138279000.0,0.237,138279000.0,85007000.0,36102000.0,0.2,0.2,0.2,,,,,,,-53286000.0,-0.299,1.0,195493000.0,0.335,,48905000.0,,,,,,,,,,,1728000.0,0.0,0.0,55824000.0,0.0,55014000.0,-150640000.0,0.0,97354000.0,0.0,36031000.0,36031000.0,36031000.0,0.0,0.0,0.062,108487000.0,87006000.0,,0.0,,,,,0.0,,,,,,583234000.0,583234000.0,0.0,,,,,165000.0,61807000.0,1.0,200468080.0,178199155.0,178949924.0,3.273,,,71000.0,,,
37,NCLH,MRQ,2012-03-31,2012-03-31,2012-03-31,2021-08-09,,,,,,,,-24333000.0,,,352027000.0,3284000.0,,,,,,,,52470000.0,,,0.0,49454000.0,101924000.0,0.198,101924000.0,49454000.0,3284000.0,0.02,0.02,0.02,,,,,,,134101000.0,0.753,1.0,163403000.0,0.317,,46170000.0,,,,,,,,,,,5047000.0,0.0,0.0,-126771000.0,0.0,-129054000.0,-24333000.0,0.0,158434000.0,0.0,3284000.0,3284000.0,3284000.0,0.0,0.0,0.006,116959000.0,46444000.0,,0.0,,,,,0.0,,,,,,515430000.0,515430000.0,0.0,,,,,165000.0,71162000.0,1.0,200468080.0,178140455.0,178954960.0,2.893,,,0.0,,,
38,NCLH,MRQ,2011-12-31,2011-12-31,2011-12-31,2021-08-09,-19794000.0,5562411000.0,,152143000.0,5410268000.0,,10.37,,58926000.0,58926000.0,,,0.186,2.016,3038081000.0,200582000.0,2837499000.0,3038081000.0,0.0,,0.0,,0.0,,,,,,,,,,1844463000.0,,1844463000.0,,,,,,1.0,,,602792000.0,,7121328000.0,,36234000.0,0.0,0.0,0.0,3717948000.0,817446000.0,2900502000.0,,,,,,,,,,,,,,,,,,,,83290000.0,,,,,4640093000.0,,,,,8159000.0,-467741000.0,,,,,,,,,,1.0,200468080.0,177869461.0,,,4959619000.0,0.0,,0.0,27.883,-665303000.0
39,NCLH,MRQ,2010-12-31,2010-12-31,2010-12-31,2021-08-09,4309000.0,5572371000.0,,138241000.0,5434130000.0,,9.802,,55047000.0,55047000.0,,,0.212,2.202,3204085000.0,78237000.0,3125848000.0,3204085000.0,0.0,,0.0,,0.0,,,,,,,,,,1740526000.0,,1740526000.0,,,,,,1.0,,,602792000.0,,7465300000.0,,32763000.0,0.0,0.0,0.0,3831845000.0,653317000.0,3178528000.0,,,,,,,,,,,,,,,,,,,,64399000.0,,,,,4639281000.0,,,,,7879000.0,-594600000.0,,,,,,,,,,1.0,,177563047.0,,,4969579000.0,0.0,,0.0,27.988,-515076000.0
0,NCLH,MRT,2021-06-30,2021-06-30,2021-06-30,2021-08-09,-232903000.0,18526579000.0,18325431500.0,3465450000.0,15061129000.0,0.001,10.054,-530549000.0,2750140000.0,2750140000.0,847731000.0,-3504280000.0,1.589,3.981,12285867000.0,361233000.0,11924634000.0,12285867000.0,0.0,732689000.0,0.0,0.0,0.0,-2213293000.0,-1480604000.0,-62.831,-1480604000.0,-2213293000.0,-3473862000.0,-10.8,-10.8,-10.8,3719252000.0,4134596000.0,3719252000.0,19590432559.0,-9.0,-13.231,-3240467000.0,-8.76,1.0,-824166000.0,-34.974,598659000.0,1260569000.0,25283080000.0,24500402250.0,92041000.0,0.0,0.0,0.0,14807327000.0,2180567000.0,12626760000.0,10879730559.0,490191000.0,0.0,2658169000.0,1158708000.0,0.0,3735189000.0,-539013000.0,-11473000.0,-2709918000.0,3933000.0,-3504280000.0,-3504280000.0,-3504280000.0,0.0,0.0,-148.707,1416867000.0,-2241033000.0,110628000.0,0.0,2.925,-3.105,-2.723,13431884000.0,0.0,29.41,461.69,461.69,422598000.0,-2377800000.0,23565000.0,23565000.0,0.0,-0.191,-0.848,-0.09,-93.923,105202000.0,731898000.0,1.0,369933035.0,369933159.0,369933159.0,0.064,17927920000.0,0.0,30418000.0,0.0,48.463,1284883000.0
1,NCLH,MRT,2021-03-31,2021-03-31,2021-03-31,2021-08-09,-291218000.0,18973793000.0,18075801500.0,3779323000.0,15194470000.0,0.002,13.29,-472740000.0,3508033000.0,3508033000.0,899656000.0,-3501734000.0,2.088,3.335,12218735000.0,37033000.0,12181702000.0,12218735000.0,0.0,728232000.0,0.0,0.0,0.0,-2243519000.0,-1515287000.0,-41.944,-1515287000.0,-2243519000.0,-3481366000.0,-11.85,-11.85,-11.85,4377261000.0,4289039250.0,4377261000.0,17216957152.0,-8.0,-11.362,-3828293000.0,-11.623,1.0,-863530000.0,-23.903,598659000.0,1237847000.0,25275782000.0,23788333750.0,84691000.0,0.0,0.0,0.0,14596532000.0,1810054000.0,12786478000.0,8711320152.0,2147772000.0,0.0,3100120000.0,3035005000.0,0.0,5974567000.0,-475735000.0,-7556000.0,-3355553000.0,4493000.0,-3501734000.0,-3501734000.0,-3501734000.0,0.0,0.0,-96.931,1367810000.0,-2231340000.0,92711000.0,0.0,1.99,-2.488,-2.328,13401337000.0,0.0,27.59,241.137,251.551,18581000.0,-1660011000.0,36126000.0,36126000.0,0.0,-0.194,-0.816,-0.094,-62.103,105140000.0,677851000.0,1.0,315741941.0,329377207.0,329377207.0,0.11,18375134000.0,0.0,20368000.0,0.0,55.788,1969269000.0
2,NCLH,MRT,2020-12-31,2020-12-31,2020-12-31,2021-08-09,-240117000.0,18399317000.0,17447980500.0,3557544000.0,14841773000.0,0.073,17.093,-946545000.0,3300482000.0,3300482000.0,1693061000.0,-4012514000.0,1.859,3.226,11806119000.0,124885000.0,11681234000.0,11806119000.0,0.0,739619000.0,0.0,0.0,0.0,-3517734000.0,-2778115000.0,-2.171,-2778115000.0,-3517734000.0,-4000047000.0,-15.75,-15.75,-15.75,4354105000.0,4288387500.0,4354105000.0,15590667294.0,-4.0,-5.612,-3502788000.0,-13.751,1.0,-413153000.0,-0.323,598659000.0,482313000.0,24392392000.0,22506892750.0,82381000.0,0.0,0.0,0.0,14045212000.0,1913903000.0,12131309000.0,7009424294.0,3047606000.0,0.0,1541708000.0,5181233000.0,0.0,6579211000.0,-975362000.0,-31520000.0,-2556243000.0,0.0,-4012514000.0,-4012514000.0,-4012514000.0,0.0,0.0,-3.135,3070982000.0,-3484135000.0,83136000.0,0.0,1.61,-1.747,-1.615,13411226000.0,0.0,25.43,5.477,5.061,20578000.0,-295449000.0,1279908000.0,1279908000.0,0.0,-0.23,-0.936,-0.156,-2.748,111297000.0,745345000.0,1.0,275636032.0,254728932.0,254728932.0,5.025,17800658000.0,0.0,12467000.0,0.0,69.881,1643641000.0
3,NCLH,MRT,2020-09-30,2020-09-30,2020-09-30,2021-08-09,-372004000.0,17402037000.0,17019301000.0,2652499000.0,14749538000.0,0.162,15.06,-1894327000.0,2356211000.0,2356211000.0,2373491000.0,-3152284000.0,1.136,3.257,10937454000.0,472359000.0,10465095000.0,10937454000.0,0.0,729813000.0,0.0,0.0,0.0,-2777432000.0,-2047619000.0,-0.744,-2047619000.0,-2777432000.0,-3173747000.0,-13.71,-13.72,-13.71,4087766000.0,4828756000.0,4087766000.0,12805100174.0,-5.0,-6.254,-3437390000.0,-12.664,1.0,377456000.0,0.137,598659000.0,396315000.0,23050355000.0,20769437250.0,81259000.0,0.0,0.0,0.0,13314271000.0,2334266000.0,10980005000.0,4715839174.0,1948953000.0,0.0,719094000.0,4874121000.0,0.0,5465877000.0,-1970594000.0,-78049000.0,-1543063000.0,-3267000.0,-3152284000.0,-3152284000.0,-3152284000.0,0.0,0.0,-1.146,3115335000.0,-2737879000.0,116464000.0,0.0,1.154,-1.496,-1.248,13453433000.0,0.0,17.11,1.714,1.688,78496000.0,557410000.0,2750947000.0,2750947000.0,0.0,-0.185,-0.653,-0.134,-1.01,93994000.0,788640000.0,1.0,275618888.0,271435350.0,271435350.0,10.135,16803378000.0,0.0,-21463000.0,0.0,61.906,318233000.0
4,NCLH,MRT,2020-06-30,2020-06-30,2020-06-30,2021-08-09,-495887000.0,17528059000.0,16653515750.0,2750668000.0,14777391000.0,0.28,18.121,-1948759000.0,2259949000.0,2259949000.0,3174098000.0,-2024334000.0,1.065,3.041,10349210000.0,337338000.0,10011872000.0,10349210000.0,0.0,700006000.0,0.0,0.0,0.0,-1713994000.0,-1013988000.0,-0.218,-1013988000.0,-1713994000.0,-2030833000.0,-9.11,-9.13,-9.11,4337025000.0,5375170500.0,4337025000.0,11457741504.0,-7.0,-11.3,-2495755000.0,-10.428,1.0,1484182000.0,0.319,598659000.0,316839000.0,22434806000.0,19057679250.0,82263000.0,0.0,0.0,0.0,13191034000.0,2583855000.0,10607179000.0,4211780504.0,1840024000.0,0.0,292146000.0,4220260000.0,0.0,4413157000.0,-2022204000.0,-75691000.0,-546996000.0,-3933000.0,-2024334000.0,-2024334000.0,-2024334000.0,0.0,0.0,-0.435,3192554000.0,-1708372000.0,484927000.0,0.0,0.971,-2.081,-1.804,13488514000.0,0.0,16.43,0.904,0.844,74213000.0,1234776000.0,4658280000.0,4658280000.0,0.0,-0.122,-0.377,-0.09,-0.368,93552000.0,887132000.0,1.0,256346957.0,239342745.0,239342745.0,19.463,16929400000.0,0.0,-6499000.0,0.0,70.733,166813000.0
5,NCLH,MRT,2020-03-31,2020-03-31,2020-03-31,2021-08-09,-579249000.0,16462509000.0,16262995250.0,1696335000.0,14766174000.0,0.388,20.478,-2032766000.0,1360261000.0,1360261000.0,3830870000.0,-1068901000.0,0.573,2.763,8606222000.0,173797000.0,8432425000.0,8606222000.0,0.0,672583000.0,0.0,0.0,0.0,-791868000.0,-119285000.0,-0.019,-119285000.0,-791868000.0,-1060139000.0,-5.01,-5.03,-5.01,4374654000.0,5828500000.0,4374654000.0,8885516849.0,-11.0,-74.49,-790332000.0,-3.7,1.0,2474758000.0,0.392,598659000.0,268271000.0,20150018000.0,17475506000.0,85516000.0,0.0,0.0,0.0,12087855000.0,2959793000.0,9128062000.0,2336699849.0,1055553000.0,0.0,-149864000.0,2088665000.0,0.0,1921686000.0,-2104074000.0,-75691000.0,1242434000.0,-4493000.0,-1068901000.0,-1068901000.0,-1068901000.0,0.0,0.0,-0.17,3279038000.0,-804280000.0,364216000.0,0.0,0.534,-2.186,-2.188,13567576000.0,0.0,10.96,0.371,0.371,96277000.0,1950019000.0,6305628000.0,6305628000.0,0.0,-0.066,-0.183,-0.045,-0.126,100814000.0,996597000.0,1.0,213202541.0,213630798.0,213630798.0,29.516,15863850000.0,0.0,8762000.0,0.0,74.258,-1263458000.0
6,NCLH,MRT,2019-12-31,2019-12-31,2019-12-31,2021-08-09,-295490000.0,16684599000.0,16087641250.0,730145000.0,15954454000.0,0.402,30.315,-1637170000.0,252876000.0,252876000.0,3663261000.0,930228000.0,0.204,1.561,6801693000.0,746358000.0,6055335000.0,6801693000.0,0.0,647102000.0,0.0,0.0,0.0,1184232000.0,1831334000.0,0.283,1831334000.0,1184232000.0,911365000.0,4.33,4.3,4.33,6515579000.0,6211162000.0,6515579000.0,18297641327.0,15.0,9.991,185435000.0,0.863,1.0,2799115000.0,0.433,2206456000.0,272867000.0,17442570000.0,16528751750.0,95427000.0,0.0,0.0,0.0,10169020000.0,3584390000.0,6584630000.0,12427167327.0,89025000.0,0.0,-349860000.0,308736000.0,0.0,-53388000.0,-1680192000.0,-46796000.0,1822605000.0,0.0,930228000.0,930228000.0,930228000.0,0.0,0.0,0.144,1621038000.0,1178077000.0,100777000.0,0.0,1.907,13.359,13.49,13135337000.0,0.0,58.41,1.923,1.943,75109000.0,3829068000.0,6462376000.0,6462376000.0,0.0,0.058,0.15,0.072,0.183,95055000.0,974850000.0,1.0,212757530.0,214929977.0,216475076.0,30.067,14478143000.0,0.0,-18863000.0,0.0,67.362,-2854245000.0
7,NCLH,MRT,2019-09-30,2019-09-30,2019-09-30,2021-08-09,-389633000.0,15938896000.0,15717984000.0,842716000.0,15096180000.0,0.405,29.287,-821103000.0,407258000.0,407258000.0,3593097000.0,963565000.0,0.248,1.541,6277732000.0,605106000.0,5672626000.0,6277732000.0,0.0,629315000.0,0.0,0.0,0.0,1211013000.0,1840328000.0,0.289,1840328000.0,1211013000.0,943175000.0,4.46,4.44,4.46,6273424000.0,6073017500.0,6273424000.0,17090616463.0,14.0,9.287,981009000.0,4.58,1.0,2769854000.0,0.435,2206456000.0,267838000.0,16203323000.0,16212422750.0,94254000.0,0.0,0.0,0.0,9665472000.0,3399591000.0,6265881000.0,11161473463.0,120797000.0,0.0,-551166000.0,-299703000.0,0.0,-863521000.0,-817794000.0,-1986000.0,1802112000.0,0.0,963565000.0,963565000.0,963565000.0,0.0,0.0,0.151,1581573000.0,1188281000.0,72151000.0,0.0,1.779,11.584,11.608,12288897000.0,0.0,51.77,1.754,1.743,67698000.0,3707771000.0,6362951000.0,6362951000.0,0.0,0.061,0.159,0.075,0.19,109256000.0,953934000.0,1.0,215597324.0,214207716.0,215499462.0,29.705,13732440000.0,0.0,-20390000.0,0.0,64.108,-2556875000.0
8,NCLH,MRT,2019-06-30,2019-06-30,2019-06-30,2021-08-09,-179769000.0,15965977000.0,15562290500.0,903564000.0,15062413000.0,0.405,28.55,-729250000.0,419925000.0,419925000.0,3531277000.0,983359000.0,0.252,1.596,6349068000.0,605141000.0,5743927000.0,6349068000.0,0.0,618601000.0,0.0,0.0,0.0,1239412000.0,1858013000.0,0.295,1858013000.0,1239412000.0,962222000.0,4.48,4.46,4.48,6150343000.0,6054184000.0,6150343000.0,17789439624.0,14.0,9.574,1133341000.0,5.261,1.0,2776179000.0,0.44,2206456000.0,277190000.0,16106113000.0,16243138500.0,90956000.0,0.0,0.0,0.0,9815634000.0,3582551000.0,6233083000.0,11551655624.0,214918000.0,0.0,-401377000.0,-506566000.0,0.0,-921550000.0,-726123000.0,-1430000.0,1862591000.0,0.0,983359000.0,983359000.0,983359000.0,0.0,0.0,0.156,1549346000.0,1226833000.0,75776000.0,0.0,1.878,11.747,11.971,12252055000.0,0.0,53.63,1.831,1.832,75134000.0,3257187000.0,6307456000.0,6307456000.0,0.0,0.063,0.162,0.076,0.196,112798000.0,934222000.0,1.0,215395406.0,215426441.0,216810766.0,29.279,13759521000.0,0.0,-21137000.0,0.0,63.871,-2678987000.0
9,NCLH,MRT,2019-03-31,2019-03-31,2019-03-31,2021-08-09,-153400000.0,15761093000.0,15403207750.0,768395000.0,14992698000.0,0.4,27.183,-1637481000.0,304708000.0,304708000.0,3435636000.0,969845000.0,0.224,1.669,6542492000.0,608307000.0,5934185000.0,6542492000.0,0.0,602140000.0,0.0,0.0,0.0,1232189000.0,1834329000.0,0.298,1834329000.0,1232189000.0,947980000.0,4.39,4.36,4.39,5905302000.0,5938296500.0,5905302000.0,18294562911.0,15.0,9.973,354399000.0,1.631,1.0,2729717000.0,0.443,2206456000.0,284209000.0,16363001000.0,16326861750.0,90101000.0,0.0,0.0,0.0,9855791000.0,3429420000.0,6426371000.0,11966322911.0,2960000.0,0.0,-601302000.0,191826000.0,0.0,-415826000.0,-1573094000.0,63117000.0,1991880000.0,0.0,969845000.0,969845000.0,969845000.0,0.0,0.0,0.157,1519413000.0,1210304000.0,66665000.0,0.0,2.026,12.338,12.519,12181007000.0,0.0,54.96,1.941,1.937,57054000.0,3016997000.0,6165353000.0,6165353000.0,0.0,0.063,0.163,0.075,0.2,114880000.0,919856000.0,1.0,217727855.0,217241473.0,218873272.0,28.38,13554637000.0,0.0,-21865000.0,0.0,62.394,-2661025000.0
10,NCLH,MRT,2018-12-31,2018-12-31,2018-12-31,2021-08-09,-161647000.0,15205970000.0,15084180750.0,550313000.0,14655657000.0,0.401,26.74,-1566796000.0,163851000.0,163851000.0,3377076000.0,954843000.0,0.175,1.55,6492091000.0,681218000.0,5810873000.0,6492091000.0,0.0,566972000.0,0.0,0.0,0.0,1239714000.0,1806686000.0,0.298,1806686000.0,1239714000.0,969310000.0,4.28,4.25,4.28,5963001000.0,5871739250.0,5963001000.0,15664836006.0,13.0,8.67,508375000.0,2.28,1.0,2678050000.0,0.442,2206456000.0,270404000.0,16177254000.0,16045040250.0,90202000.0,0.0,0.0,0.0,9242969000.0,3150500000.0,6092469000.0,9396137006.0,-12339000.0,0.0,-664811000.0,183467000.0,0.0,-584802000.0,-1502708000.0,63077000.0,2075171000.0,0.0,954843000.0,954843000.0,954843000.0,0.0,0.0,0.158,1458989000.0,1219061000.0,159564000.0,0.0,1.576,9.841,9.904,12119253000.0,0.0,42.39,1.552,1.561,55249000.0,2898840000.0,6055126000.0,6055126000.0,0.0,0.063,0.163,0.077,0.205,115983000.0,897929000.0,1.0,221659283.0,223001739.0,224419205.0,27.153,12999514000.0,0.0,14467000.0,0.0,58.293,-2600187000.0
11,NCLH,MRT,2018-09-30,2018-09-30,2018-09-30,2021-08-09,56118000.0,15316122000.0,14806405500.0,727408000.0,14588714000.0,0.4,27.981,-1604378000.0,286461000.0,286461000.0,3313257000.0,899006000.0,0.238,1.471,6555160000.0,679908000.0,5875252000.0,6555160000.0,0.0,555681000.0,0.0,0.0,0.0,1199314000.0,1754995000.0,0.296,1754995000.0,1199314000.0,912779000.0,4.02,4.0,4.02,6198090000.0,5818430500.0,6198090000.0,19342907077.0,16.0,11.022,357332000.0,1.613,1.0,2610229000.0,0.441,2206456000.0,286535000.0,16326186000.0,15883218500.0,95950000.0,0.0,0.0,0.0,9118032000.0,3052179000.0,6065853000.0,12718926077.0,-236443000.0,0.0,-463505000.0,-73742000.0,0.0,-661897000.0,-1536256000.0,66703000.0,1961710000.0,0.0,899006000.0,899006000.0,899006000.0,0.0,0.0,0.152,1423554000.0,1186675000.0,59423000.0,0.0,2.052,14.148,14.286,12029140000.0,0.0,57.43,2.147,2.148,46562000.0,2744206000.0,5923486000.0,5923486000.0,0.0,0.061,0.155,0.076,0.202,112172000.0,874827000.0,1.0,221468328.0,221511630.0,222752738.0,26.741,13109666000.0,0.0,13773000.0,0.0,59.183,-2324771000.0
12,NCLH,MRT,2018-06-30,2018-06-30,2018-06-30,2021-08-09,51352000.0,15329646000.0,14543654250.0,671490000.0,14658156000.0,0.393,25.466,-1558383000.0,205007000.0,205007000.0,3222478000.0,829320000.0,0.203,1.696,6828988000.0,679767000.0,6149221000.0,6828988000.0,0.0,547708000.0,0.0,0.0,0.0,1122498000.0,1670206000.0,0.292,1670206000.0,1122498000.0,839164000.0,3.66,3.63,3.66,5686793000.0,5653309000.0,5686793000.0,16667307733.0,15.0,9.979,376934000.0,1.688,1.0,2494390000.0,0.436,2206456000.0,283334000.0,16441006000.0,15705621750.0,93136000.0,0.0,0.0,0.0,9642853000.0,3306165000.0,6336688000.0,10616578733.0,-14308000.0,0.0,-463505000.0,121569000.0,0.0,-459110000.0,-1490515000.0,66703000.0,1935317000.0,0.0,829320000.0,829320000.0,829320000.0,0.0,0.0,0.145,1381171000.0,1113219000.0,54676000.0,0.0,1.867,12.802,12.91,12085701000.0,0.0,47.25,1.857,1.846,44212000.0,2273828000.0,5716868000.0,5716868000.0,0.0,0.057,0.147,0.071,0.196,104654000.0,841612000.0,1.0,224689497.0,223308350.0,224390879.0,25.601,13123190000.0,0.0,9844000.0,0.0,58.767,-2634675000.0
13,NCLH,MRT,2018-03-31,2018-03-31,2018-03-31,2021-08-09,73862000.0,14484985000.0,14197786750.0,760775000.0,13724210000.0,0.39,24.804,-1398311000.0,301748000.0,301748000.0,3111937000.0,801117000.0,0.246,1.569,6352477000.0,772187000.0,5580290000.0,6352477000.0,0.0,534437000.0,0.0,0.0,0.0,1086886000.0,1621323000.0,0.293,1621323000.0,1086886000.0,812344000.0,3.51,3.49,3.51,5639073000.0,5479548000.0,5639073000.0,18243839967.0,17.0,11.252,378753000.0,1.666,1.0,2426860000.0,0.438,2206456000.0,274542000.0,15235715000.0,15482871250.0,80427000.0,0.0,0.0,0.0,8845912000.0,3093543000.0,5752369000.0,12112264967.0,81959000.0,0.0,-263505000.0,151288000.0,0.0,-264359000.0,-1430746000.0,-33099000.0,1777064000.0,0.0,801117000.0,801117000.0,801117000.0,0.0,0.0,0.145,1330722000.0,1096138000.0,65573000.0,0.0,2.148,15.119,15.091,11085572000.0,0.0,52.97,2.187,2.174,41159000.0,2047152000.0,5538797000.0,5538797000.0,0.0,0.056,0.146,0.07,0.196,96938000.0,808726000.0,1.0,228662733.0,227343577.0,229187628.0,24.363,12278529000.0,0.0,11227000.0,0.0,54.009,-2332768000.0
14,NCLH,MRT,2017-12-31,2017-12-31,2017-12-31,2021-08-09,26966000.0,14094869000.0,13845603250.0,518337000.0,13576532000.0,0.39,25.214,-1372214000.0,176190000.0,176190000.0,3063644000.0,759872000.0,0.208,1.451,6307765000.0,619373000.0,5688392000.0,6307765000.0,0.0,521484000.0,0.0,0.0,0.0,1038418000.0,1559902000.0,0.289,1559902000.0,1038418000.0,770614000.0,3.33,3.31,3.33,5749766000.0,5226100250.0,5749766000.0,18251504272.0,18.0,11.7,229033000.0,1.004,1.0,2332531000.0,0.432,2206456000.0,267804000.0,15529967000.0,15253742500.0,82121000.0,0.0,0.0,0.0,8345103000.0,2490021000.0,5855082000.0,12165704272.0,47843000.0,0.0,0.0,-116001000.0,0.0,-148506000.0,-1404898000.0,-33348000.0,1601247000.0,0.0,759872000.0,759872000.0,759872000.0,0.0,0.0,0.141,1283712000.0,1048819000.0,53433000.0,0.0,2.116,16.01,15.991,11040488000.0,0.0,53.25,2.255,2.25,43961000.0,1963128000.0,5396175000.0,5396175000.0,0.0,0.055,0.145,0.068,0.192,87039000.0,773755000.0,1.0,228463930.0,228040825.0,229418326.0,23.663,11888413000.0,0.0,10742000.0,0.0,52.133,-1971684000.0
15,NCLH,MRT,2017-09-30,2017-09-30,2017-09-30,2021-08-09,-61055000.0,14265117000.0,13565363750.0,864834000.0,13400283000.0,0.389,24.259,-1305669000.0,522904000.0,522904000.0,3005315000.0,733307000.0,0.342,1.576,6608704000.0,605827000.0,6002877000.0,6608704000.0,0.0,504226000.0,0.0,0.0,0.0,1018468000.0,1522694000.0,0.289,1522694000.0,1018468000.0,746950000.0,3.22,3.2,3.22,5537604000.0,4923090250.0,5537604000.0,18796577261.0,18.0,12.344,229297000.0,1.005,1.0,2266444000.0,0.43,2206456000.0,271518000.0,15615799000.0,15052495000.0,78915000.0,0.0,0.0,0.0,8727513000.0,2528662000.0,6198851000.0,12332166261.0,367473000.0,0.0,0.0,201355000.0,0.0,175954000.0,-1343447000.0,-37778000.0,1534966000.0,0.0,733307000.0,733307000.0,733307000.0,0.0,0.0,0.139,1241269000.0,1025175000.0,45059000.0,0.0,2.227,16.817,16.786,10916824000.0,0.0,54.05,2.339,2.34,56764000.0,1864331000.0,5271759000.0,5271759000.0,0.0,0.054,0.149,0.068,0.193,81789000.0,749376000.0,1.0,228162188.0,228267307.0,229816956.0,23.095,12058661000.0,0.0,13643000.0,0.0,52.827,-1663828000.0
16,NCLH,MRT,2017-06-30,2017-06-30,2017-06-30,2021-08-09,-170079000.0,13946176000.0,13234919500.0,513916000.0,13432260000.0,0.386,21.9,-1392457000.0,219315000.0,219315000.0,2951884000.0,674993000.0,0.194,1.794,6683726000.0,600500000.0,6083226000.0,6683726000.0,0.0,481985000.0,0.0,0.0,0.0,953191000.0,1435176000.0,0.281,1435176000.0,953191000.0,687350000.0,2.97,2.96,2.97,4991749000.0,4672871000.0,4991749000.0,18329427325.0,19.0,12.772,43323000.0,0.19,1.0,2152873000.0,0.422,2206456000.0,265841000.0,15550004000.0,14802201000.0,77089000.0,0.0,0.0,0.0,8954427000.0,2654127000.0,6300300000.0,12373263325.0,73351000.0,0.0,0.0,108691000.0,0.0,67977000.0,-1430406000.0,-37949000.0,1435780000.0,0.0,674993000.0,674993000.0,674993000.0,0.0,0.0,0.132,1190904000.0,961969000.0,47242000.0,0.0,2.479,18.331,18.279,10974087000.0,0.0,54.29,2.424,2.424,50359000.0,1463639000.0,5104757000.0,5104757000.0,0.0,0.051,0.144,0.064,0.187,77185000.0,721968000.0,1.0,227910542.0,227931135.0,229090085.0,22.396,11739720000.0,0.0,12357000.0,0.0,51.506,-2140211000.0
17,NCLH,MRT,2017-03-31,2017-03-31,2017-03-31,2021-08-09,-311946000.0,13076251000.0,12987812750.0,488351000.0,12587900000.0,0.381,20.334,-1077841000.0,219789000.0,219789000.0,2905542000.0,621766000.0,0.195,1.827,6175953000.0,531778000.0,5644175000.0,6175953000.0,0.0,462542000.0,0.0,0.0,0.0,899994000.0,1362536000.0,0.275,1362536000.0,899994000.0,629929000.0,2.74,2.73,2.74,4625282000.0,4454524000.0,4625282000.0,17802493470.0,20.0,13.066,291094000.0,1.28,1.0,2041947000.0,0.413,2206456000.0,270065000.0,14319200000.0,14556203000.0,71439000.0,0.0,0.0,0.0,8450969000.0,2506759000.0,5944210000.0,11532153470.0,64922000.0,0.0,0.0,-152862000.0,0.0,-190516000.0,-1113497000.0,-35656000.0,1368935000.0,0.0,621766000.0,621766000.0,621766000.0,0.0,0.0,0.126,1128031000.0,913916000.0,71123000.0,0.0,2.493,18.547,18.515,10149166000.0,0.0,50.73,2.331,2.332,47949000.0,1265166000.0,4947489000.0,4947489000.0,0.0,0.048,0.14,0.062,0.182,69372000.0,677626000.0,1.0,227324137.0,227468526.0,228555952.0,21.75,10869795000.0,0.0,8163000.0,0.0,47.786,-2018408000.0
18,NCLH,MRT,2016-12-31,2016-12-31,2016-12-31,2021-08-09,-314473000.0,12973911000.0,12820184750.0,411093000.0,12562818000.0,0.38,19.979,-1092091000.0,128347000.0,128347000.0,2850225000.0,633085000.0,0.178,1.859,6398687000.0,560193000.0,5838494000.0,6398687000.0,0.0,445635000.0,0.0,0.0,0.0,917162000.0,1362797000.0,0.28,1362797000.0,917162000.0,640303000.0,2.79,2.78,2.79,4537726000.0,4280106250.0,4537726000.0,15888691784.0,17.0,11.659,171996000.0,0.757,1.0,2024115000.0,0.415,2206456000.0,276859000.0,14724977000.0,14440009000.0,66255000.0,0.0,0.0,0.0,8436185000.0,2312818000.0,6123367000.0,9661963784.0,12410000.0,0.0,-49999000.0,-27873000.0,0.0,-122763000.0,-1128914000.0,-36823000.0,1264087000.0,0.0,633085000.0,633085000.0,633085000.0,0.0,0.0,0.13,1098651000.0,925464000.0,38002000.0,0.0,2.129,15.262,15.244,10117689000.0,0.0,42.53,1.982,1.982,63215000.0,1201103000.0,4874340000.0,4874340000.0,0.0,0.049,0.148,0.064,0.188,66414000.0,666156000.0,1.0,227179962.0,227121875.0,227850286.0,21.461,10767455000.0,0.0,7218000.0,0.0,47.408,-1901725000.0
19,NCLH,MRT,2016-09-30,2016-09-30,2016-09-30,2021-08-09,-223161000.0,12943340000.0,12642896250.0,436699000.0,12506641000.0,0.379,19.977,-1707112000.0,155431000.0,155431000.0,2812863000.0,599165000.0,0.186,1.853,6382159000.0,566911000.0,5815248000.0,6382159000.0,0.0,449840000.0,0.0,0.0,0.0,865476000.0,1315316000.0,0.275,1315316000.0,865476000.0,607950000.0,2.64,2.63,2.64,4536727000.0,4090894750.0,4536727000.0,14969201196.0,17.0,11.381,-549561000.0,-2.42,1.0,1972863000.0,0.412,2206456000.0,257526000.0,14614623000.0,14252110250.0,65983000.0,0.0,0.0,0.0,8406613000.0,2348989000.0,6057624000.0,8562218196.0,-74749000.0,0.0,-217215000.0,782113000.0,0.0,593721000.0,-1826021000.0,-118909000.0,1157551000.0,0.0,599165000.0,599165000.0,599165000.0,0.0,0.0,0.125,1083027000.0,889836000.0,51494000.0,0.0,1.887,14.29,14.28,10054220000.0,0.0,37.7,1.789,1.789,55838000.0,1128871000.0,4785726000.0,4785726000.0,0.0,0.047,0.146,0.061,0.181,62641000.0,647814000.0,1.0,227114541.0,227096142.0,227598607.0,21.074,10736884000.0,0.0,8785000.0,0.0,47.279,-1912290000.0
20,NCLH,MRT,2016-06-30,2016-06-30,2016-06-30,2021-08-09,-278646000.0,12957749000.0,12343852500.0,440030000.0,12517719000.0,0.372,18.145,-1681827000.0,145964000.0,145964000.0,2745851000.0,508574000.0,0.17,2.146,6552947000.0,581804000.0,5971143000.0,6552947000.0,0.0,447886000.0,0.0,0.0,0.0,762294000.0,1210180000.0,0.264,1210180000.0,762294000.0,515646000.0,2.24,2.22,2.24,4118361000.0,3936436500.0,4118361000.0,15189183502.0,20.0,12.551,-603306000.0,-2.658,1.0,1840049000.0,0.401,2206456000.0,246648000.0,14566012000.0,13739201500.0,67697000.0,0.0,0.0,0.0,8839388000.0,2592264000.0,6247124000.0,9043953502.0,-26994000.0,0.0,-212278000.0,878486000.0,0.0,694710000.0,-1800225000.0,-117648000.0,1078521000.0,0.0,508574000.0,508574000.0,508574000.0,0.0,0.0,0.111,1056995000.0,783054000.0,46511000.0,0.0,2.196,17.783,17.786,10068499000.0,0.0,39.84,1.972,1.972,60366000.0,786493000.0,4585900000.0,4585900000.0,0.0,0.041,0.129,0.055,0.166,59492000.0,623559000.0,1.0,227006865.0,226972076.0,227884704.0,20.205,10751293000.0,0.0,7072000.0,0.0,47.368,-2152234000.0
21,NCLH,MRT,2016-03-31,2016-03-31,2016-03-31,2021-08-09,-307542000.0,12405739000.0,12026262000.0,392916000.0,12012823000.0,0.373,17.284,-1180880000.0,154867000.0,154867000.0,2696230000.0,521822000.0,0.158,2.159,6300097000.0,629953000.0,5670144000.0,6300097000.0,0.0,450488000.0,0.0,0.0,0.0,759695000.0,1210183000.0,0.27,1210183000.0,759695000.0,529021000.0,2.3,2.27,2.3,3927611000.0,3841960000.0,3927611000.0,18849604567.0,25.0,15.576,-123396000.0,-0.543,1.0,1788268000.0,0.399,2206456000.0,230674000.0,13854424000.0,13211932250.0,62383000.0,0.0,0.0,0.0,8478128000.0,2490089000.0,5988039000.0,12568004567.0,33445000.0,0.0,-209045000.0,398397000.0,0.0,242277000.0,-1266316000.0,-84686000.0,1057484000.0,0.0,521822000.0,521822000.0,521822000.0,0.0,0.0,0.116,1014849000.0,773419000.0,75226000.0,0.0,3.2,24.085,24.039,9489153000.0,0.0,55.29,2.803,2.802,45613000.0,641247000.0,4484498000.0,4484498000.0,0.0,0.043,0.136,0.058,0.169,45449000.0,581416000.0,1.0,227310627.0,227239533.0,228112035.0,19.735,10199283000.0,0.0,7199000.0,0.0,44.883,-2097173000.0
22,NCLH,MRT,2015-12-31,2015-12-31,2015-12-31,2021-08-09,-412650000.0,12264757000.0,11823011500.0,340411000.0,11924346000.0,0.368,16.686,-1121984000.0,115937000.0,115937000.0,2655449000.0,427137000.0,0.144,2.244,6397537000.0,629840000.0,5767697000.0,6397537000.0,0.0,450335000.0,0.0,0.0,0.0,655818000.0,1106153000.0,0.255,1106153000.0,655818000.0,433909000.0,1.89,1.86,1.89,3780880000.0,3729905250.0,3780880000.0,18900417385.0,29.0,17.087,-79806000.0,-0.352,1.0,1689599000.0,0.389,2206456000.0,221909000.0,13973382000.0,12920975000.0,58173000.0,0.0,0.0,0.0,8483877000.0,2366519000.0,6117358000.0,13446856385.0,31113000.0,0.0,-107256000.0,249454000.0,0.0,195188000.0,-1206253000.0,-83519000.0,1042178000.0,0.0,427137000.0,427137000.0,427137000.0,0.0,0.0,0.098,987113000.0,702486000.0,66257000.0,0.0,3.557,31.481,31.005,9458805000.0,0.0,58.6,3.095,3.056,44996000.0,568018000.0,4345048000.0,4345048000.0,0.0,0.036,0.115,0.051,0.151,42209000.0,554999000.0,1.0,229468539.0,226591437.0,230040132.0,19.176,10058301000.0,0.0,6772000.0,0.0,44.39,-2026108000.0
23,NCLH,MRT,2015-09-30,2015-09-30,2015-09-30,2021-08-09,-319203000.0,11747165000.0,11624071250.0,441196000.0,11305969000.0,0.352,17.235,-430611000.0,230180000.0,230180000.0,2516321000.0,363177000.0,0.181,1.998,5683741000.0,587504000.0,5096237000.0,5683741000.0,0.0,419432000.0,0.0,0.0,0.0,581298000.0,1000730000.0,0.244,1000730000.0,581298000.0,371641000.0,1.57,1.55,1.57,3918894000.0,3664388500.0,3918894000.0,18721099170.0,32.0,18.707,477652000.0,2.101,1.0,1581113000.0,0.386,2206456000.0,209657000.0,12562988000.0,12720414500.0,54946000.0,0.0,0.0,0.0,7828271000.0,2431282000.0,5396989000.0,13130138170.0,174311000.0,-826686000.0,62736000.0,513693000.0,0.0,528339000.0,-1262291000.0,-4244000.0,908263000.0,0.0,363216000.0,363216000.0,363216000.0,0.0,-39000.0,0.089,950107000.0,631006000.0,83185000.0,0.0,3.35,36.15,36.497,8723844000.0,0.0,57.3,3.204,3.18,41995000.0,529706000.0,4097434000.0,4097434000.0,0.0,0.031,0.099,0.046,0.142,32923000.0,551464000.0,1.0,229147263.0,227384616.0,230274756.0,18.02,9540709000.0,0.0,8425000.0,0.0,41.958,-1990086000.0
24,NCLH,MRT,2015-06-30,2015-06-30,2015-06-30,2021-08-09,-227227000.0,11687387000.0,10530792250.0,399917000.0,11287470000.0,0.353,16.573,-382130000.0,172958000.0,172958000.0,2309897000.0,314668000.0,0.162,2.125,5763919000.0,585875000.0,5178044000.0,5763919000.0,0.0,378366000.0,0.0,0.0,0.0,512063000.0,890429000.0,0.239,890429000.0,512063000.0,319906000.0,1.45,1.43,1.45,3740455000.0,3397818000.0,3740455000.0,18711257923.0,37.0,21.014,446058000.0,1.976,1.0,1409644000.0,0.379,2347325000.0,192157000.0,12456935000.0,11796601750.0,59801000.0,0.0,0.0,0.0,7946932000.0,2474088000.0,5472844000.0,12873927923.0,109475000.0,-826686000.0,55877000.0,556306000.0,0.0,495437000.0,-1214150000.0,-5334000.0,828188000.0,0.0,312507000.0,312507000.0,312507000.0,0.0,2161000.0,0.084,850648000.0,558996000.0,93798000.0,0.0,3.442,41.196,38.648,8674815000.0,0.0,56.04,3.461,3.4,36801000.0,277919000.0,3719541000.0,3719541000.0,0.0,0.03,0.092,0.043,0.138,23704000.0,498017000.0,1.0,229727479.0,225698078.0,230228144.0,16.48,9340062000.0,0.0,7399000.0,0.0,41.383,-2074171000.0
25,NCLH,MRT,2015-03-31,2015-03-31,2015-03-31,2021-08-09,-324402000.0,11592737000.0,9437646250.0,324626000.0,11268111000.0,0.36,15.512,-291461000.0,121422000.0,121422000.0,2124414000.0,269453000.0,0.137,2.332,5958752000.0,579670000.0,5379082000.0,5958752000.0,0.0,339702000.0,0.0,0.0,0.0,444997000.0,784699000.0,0.231,784699000.0,444997000.0,273426000.0,1.29,1.28,1.29,3479392000.0,3134119000.0,3479392000.0,18398373684.0,41.0,23.446,430796000.0,1.921,1.0,1275621000.0,0.375,2365698000.0,171571000.0,12690595000.0,10872952500.0,56635000.0,0.0,0.0,0.0,8113345000.0,2373774000.0,5739571000.0,12299093684.0,56662000.0,-826686000.0,-24693000.0,602441000.0,0.0,457886000.0,-1123481000.0,-5334000.0,722257000.0,0.0,265629000.0,265629000.0,265629000.0,0.0,3824000.0,0.078,785420000.0,490201000.0,141442000.0,0.0,3.535,46.302,41.868,8628870000.0,0.0,54.01,3.617,3.563,30958000.0,119425000.0,3400035000.0,3400035000.0,0.0,0.028,0.085,0.041,0.131,24787000.0,473937000.0,1.0,227718824.0,224301117.0,224301117.0,15.158,9227039000.0,0.0,7797000.0,0.0,41.137,-2049148000.0
26,NCLH,MRT,2014-12-31,2014-12-31,2014-12-31,2021-08-09,-242642000.0,11468996000.0,8369186750.0,283735000.0,11185261000.0,0.373,17.038,-964640000.0,84824000.0,84824000.0,1946624000.0,342601000.0,0.136,2.259,6080023000.0,576947000.0,5503076000.0,6080023000.0,0.0,304877000.0,0.0,0.0,0.0,487839000.0,792716000.0,0.254,792716000.0,487839000.0,336085000.0,1.64,1.62,1.64,3518813000.0,2923016000.0,3518813000.0,12914456566.0,26.0,16.291,-329039000.0,-1.593,1.0,1179257000.0,0.377,2206456000.0,151754000.0,13171140000.0,9960331000.0,56555000.0,0.0,0.0,0.0,7950183000.0,2086599000.0,5863584000.0,9506414566.0,28357000.0,-826686000.0,-76143000.0,1381958000.0,0.0,1189416000.0,-1796660000.0,-5334000.0,635601000.0,0.0,338352000.0,338352000.0,338352000.0,0.0,4249000.0,0.108,676316000.0,502941000.0,158475000.0,0.0,2.702,28.096,28.512,8623773000.0,0.0,46.76,3.041,3.089,32432000.0,140881000.0,3125881000.0,3125881000.0,0.0,0.04,0.116,0.049,0.156,14617000.0,403169000.0,1.0,203302279.0,206524968.0,212017784.0,15.136,9262540000.0,0.0,-2267000.0,0.0,44.849,-1802864000.0
27,NCLH,MRT,2014-09-30,2014-09-30,2014-09-30,2021-08-09,-58479000.0,7374049000.0,7164682250.0,190636000.0,7183413000.0,0.41,14.037,-906354000.0,55869000.0,55869000.0,1845793000.0,404656000.0,0.146,1.574,3463911000.0,381565000.0,3082346000.0,3463911000.0,0.0,278274000.0,0.0,0.0,0.0,516866000.0,795140000.0,0.271,795140000.0,516866000.0,396917000.0,1.96,1.92,1.96,2852612000.0,2695539750.0,2852612000.0,10758164687.0,21.0,13.53,-128692000.0,-0.633,1.0,1091524000.0,0.372,611330000.0,119949000.0,8867737000.0,8676416500.0,51263000.0,0.0,0.0,0.0,4490065000.0,1303024000.0,3187041000.0,7319399687.0,-1091000.0,0.0,-77270000.0,297504000.0,0.0,145170000.0,-923923000.0,-17569000.0,777662000.0,0.0,400053000.0,400053000.0,400053000.0,0.0,4603000.0,0.136,573595000.0,517929000.0,173790000.0,0.0,2.566,18.296,18.378,6319933000.0,0.0,36.02,2.492,2.492,25936000.0,166490000.0,2937317000.0,2937317000.0,0.0,0.056,0.148,0.06,0.176,11343000.0,327816000.0,1.0,203203767.0,203220218.0,208507181.0,14.454,6762719000.0,0.0,-3136000.0,0.0,33.278,-1112388000.0
28,NCLH,MRT,2014-06-30,2014-06-30,2014-06-30,2021-08-09,-23011000.0,7314803000.0,6972557250.0,210224000.0,7104579000.0,0.406,13.103,-905828000.0,63483000.0,63483000.0,1790597000.0,374272000.0,0.152,1.713,3502248000.0,372911000.0,3129337000.0,3502248000.0,0.0,270393000.0,0.0,0.0,0.0,486420000.0,756813000.0,0.268,756813000.0,486420000.0,372128000.0,1.81,1.77,1.81,2685659000.0,2620561000.0,2685659000.0,10095449367.0,21.0,13.339,-164219000.0,-0.801,1.0,1037588000.0,0.367,611330000.0,114292000.0,8762338000.0,8452621000.0,52566000.0,0.0,0.0,0.0,4600022000.0,1379900000.0,3220122000.0,6506019367.0,-19357000.0,0.0,-74080000.0,258229000.0,0.0,162431000.0,-923397000.0,-17569000.0,741609000.0,0.0,369833000.0,369833000.0,369833000.0,0.0,4439000.0,0.131,546401000.0,491187000.0,176661000.0,0.0,2.423,17.592,17.514,6305328000.0,0.0,31.7,2.3,2.297,27145000.0,-34588000.0,2828185000.0,2828185000.0,0.0,0.053,0.141,0.058,0.172,8798000.0,308311000.0,1.0,205237204.0,204965718.0,210472991.0,13.798,6703473000.0,0.0,2295000.0,0.0,32.705,-1169676000.0
29,NCLH,MRT,2014-03-31,2014-03-31,2014-03-31,2021-08-09,-31662000.0,7318899000.0,6791014750.0,187225000.0,7131674000.0,0.399,12.843,-1538440000.0,64760000.0,64760000.0,1740880000.0,252078000.0,0.149,1.764,3654190000.0,363697000.0,3290493000.0,3654190000.0,0.0,259339000.0,0.0,0.0,0.0,435712000.0,695051000.0,0.257,695051000.0,435712000.0,249594000.0,1.23,1.19,1.23,2634980000.0,2537559500.0,2634980000.0,9692077193.0,22.0,13.944,-917120000.0,-4.47,1.0,965811000.0,0.357,611330000.0,186118000.0,9040109000.0,8240684000.0,48106000.0,0.0,0.0,0.0,4648934000.0,1256890000.0,3392044000.0,6620755193.0,-16441000.0,0.0,3257000.0,966465000.0,0.0,918248000.0,-1556009000.0,-17569000.0,621320000.0,0.0,249376000.0,249376000.0,249376000.0,0.0,2702000.0,0.092,527823000.0,437988000.0,171642000.0,0.0,2.513,26.549,26.236,6327263000.0,0.0,32.27,2.446,2.446,18000000.0,-146204000.0,2706691000.0,2706691000.0,0.0,0.037,0.098,0.053,0.161,6157000.0,299338000.0,1.0,205167499.0,205163256.0,211013814.0,13.193,6707569000.0,0.0,218000.0,0.0,32.694,-1069665000.0
30,NCLH,MRT,2013-12-31,2013-12-31,2013-12-31,2021-08-09,-16690000.0,6650978000.0,6459222500.0,182924000.0,6468054000.0,0.398,12.852,-877282000.0,56467000.0,56467000.0,1657659000.0,102886000.0,0.17,1.541,3127789000.0,286575000.0,2841214000.0,3127789000.0,0.0,245111000.0,0.0,0.0,0.0,396118000.0,641229000.0,0.249,641229000.0,396118000.0,113516000.0,0.5,0.49,0.5,2608908000.0,2471993250.0,2608908000.0,10330377706.0,26.0,16.11,-402001000.0,-1.98,1.0,912635000.0,0.355,611330000.0,282602000.0,8035482000.0,7703502750.0,43715000.0,0.0,0.0,0.0,4019712000.0,1075488000.0,2944224000.0,7274296706.0,10967000.0,0.0,475934000.0,12004000.0,0.0,430537000.0,-894851000.0,-17569000.0,475281000.0,0.0,101714000.0,101714000.0,101714000.0,0.0,1172000.0,0.04,516748000.0,395887000.0,178460000.0,0.0,2.788,71.517,70.94,5647670000.0,0.0,35.47,2.83,2.801,18260000.0,-197471000.0,2570294000.0,2570294000.0,0.0,0.016,0.041,0.051,0.154,23075000.0,301155000.0,1.0,205083076.0,202993839.0,209239484.0,12.662,6039648000.0,0.0,11802000.0,0.0,29.753,-892564000.0
31,NCLH,MRT,2013-09-30,2013-09-30,2013-09-30,2021-08-09,-33098000.0,6605549000.0,6281084750.0,187051000.0,6418498000.0,0.394,12.487,-909750000.0,56960000.0,56960000.0,1584464000.0,67532000.0,0.174,1.579,3113041000.0,282564000.0,2830477000.0,3113041000.0,0.0,235499000.0,0.0,0.0,0.0,383641000.0,619140000.0,0.25,619140000.0,383641000.0,78013000.0,0.32,0.29,0.32,2552697000.0,2322345750.0,2552697000.0,9402223557.0,25.0,15.186,-489336000.0,-2.394,1.0,888656000.0,0.359,611330000.0,305628000.0,7972555000.0,7525097500.0,45901000.0,0.0,0.0,0.0,4030661000.0,1077745000.0,2952916000.0,6293853557.0,-11734000.0,0.0,474285000.0,105779000.0,0.0,477602000.0,-909750000.0,0.0,420414000.0,0.0,66675000.0,66675000.0,66675000.0,0.0,857000.0,0.027,504694000.0,383962000.0,208842000.0,0.0,2.466,94.396,96.406,5622574000.0,0.0,30.85,2.545,2.55,17717000.0,-233563000.0,2473120000.0,2473120000.0,0.0,0.011,0.029,0.051,0.155,25948000.0,297358000.0,1.0,204014702.0,204425308.0,210703244.0,12.098,5994219000.0,0.0,11338000.0,0.0,29.322,-890694000.0
32,NCLH,MRT,2013-06-30,2013-06-30,2013-06-30,2021-08-09,-47407000.0,6588633000.0,,201019000.0,6387614000.0,,11.538,-887887000.0,82840000.0,82840000.0,1522433000.0,22826000.0,0.172,1.786,3191210000.0,272644000.0,2918566000.0,3191210000.0,0.0,226341000.0,0.0,0.0,0.0,354005000.0,580346000.0,0.247,580346000.0,354005000.0,27808000.0,0.2,0.19,0.2,2353653000.0,,2353653000.0,8740289983.0,25.0,15.06,-492301000.0,-2.413,1.0,827213000.0,0.352,611330000.0,326197000.0,7914590000.0,,45429000.0,0.0,0.0,0.0,4204340000.0,1171083000.0,3033257000.0,6183163983.0,17139000.0,0.0,473017000.0,121705000.0,0.0,509440000.0,-887887000.0,0.0,395586000.0,0.0,24005000.0,24005000.0,24005000.0,0.0,-1179000.0,0.01,477193000.0,350020000.0,207440000.0,0.0,2.627,257.578,151.55,5601690000.0,0.0,30.31,2.632,2.632,16370000.0,-404421000.0,2349646000.0,2349646000.0,0.0,,,,0.151,24186000.0,277531000.0,1.0,203997492.0,203997492.0,203997492.0,11.518,5977303000.0,0.0,3803000.0,0.0,29.301,-970064000.0
33,NCLH,MRT,2013-03-31,2013-03-31,2013-03-31,2021-08-09,-38544000.0,5991730000.0,,206767000.0,5784963000.0,,11.962,-364659000.0,81201000.0,81201000.0,1489095000.0,67772000.0,0.198,1.513,2638327000.0,221747000.0,2416580000.0,2638327000.0,0.0,219147000.0,0.0,0.0,0.0,343120000.0,562267000.0,0.246,562267000.0,343120000.0,71704000.0,0.44,0.43,0.44,2372715000.0,,2372715000.0,8988378638.0,26.0,15.986,-42404000.0,-0.214,1.0,799352000.0,0.349,611330000.0,271416000.0,6891384000.0,,42291000.0,0.0,0.0,0.0,3590142000.0,1046142000.0,2544000000.0,6048525638.0,17228000.0,0.0,473017000.0,-360168000.0,0.0,59632000.0,-364659000.0,0.0,322255000.0,0.0,68877000.0,68877000.0,68877000.0,0.0,-1105000.0,0.03,457715000.0,341637000.0,196166000.0,0.0,2.549,87.816,67.386,4997543000.0,0.0,29.65,2.643,2.57,13387000.0,-395580000.0,2288447000.0,2288447000.0,0.0,,,,0.15,23748000.0,265227000.0,1.0,203997492.0,198350433.0,198350433.0,11.537,5380400000.0,0.0,2827000.0,0.0,27.126,-839375000.0
34,NCLH,MRT,2012-12-31,2012-12-31,2012-12-31,2021-08-09,-17619000.0,5938427000.0,5750419000.0,164929000.0,5773498000.0,0.396,11.279,-303840000.0,45500000.0,45500000.0,1478433000.0,168556000.0,0.175,1.95,2985353000.0,221233000.0,2764120000.0,2985353000.0,0.0,216137000.0,0.0,,0.0,359192000.0,575329000.0,0.253,575329000.0,359192000.0,169262000.0,0.95,0.94,0.95,2010318000.0,1927390500.0,2010318000.0,,,,94754000.0,0.532,1.0,797813000.0,0.35,611330000.0,189930000.0,7321861000.0,7221594500.0,39681000.0,0.0,0.0,0.0,3919643000.0,945089000.0,2974554000.0,,-13426000.0,0.0,0.0,-58804000.0,0.0,-108180000.0,-303840000.0,0.0,398594000.0,0.0,168556000.0,168556000.0,168556000.0,0.0,0.0,0.074,440720000.0,357093000.0,286387000.0,0.0,,,,4960142000.0,0.0,,,,15062000.0,-299185000.0,2276246000.0,2276246000.0,0.0,0.029,0.087,0.05,0.158,5160000.0,251183000.0,1.0,200468080.0,178232850.0,179023683.0,12.771,5327097000.0,0.0,706000.0,0.0,29.888,-780160000.0
35,NCLH,MRT,2012-09-30,2012-09-30,2012-09-30,2021-08-09,,,,,,,,,,,,,,,,,,,,,,,0.0,,,,,,,,,,,,,,,,,,1.0,,,,,,,,,,,,,,,,,,,,,,,,,,,,,,,,,,,,,,,,,,,,,,,,,,,,,,1.0,200468080.0,178252763.0,,,,,,,,
36,NCLH,MRT,2012-06-30,2012-06-30,2012-06-30,2021-08-09,,,,,,,,,,,,,,,,,,,,,,,0.0,,,,,,,,,,,,,,,,,,1.0,,,,,,,,,,,,,,,,,,,,,,,,,,,,,,,,,,,,,,,,,,,,,,,,,,,,,,1.0,200468080.0,178199155.0,,,,,,,,
37,NCLH,MRT,2012-03-31,2012-03-31,2012-03-31,2021-08-09,,,,,,,,,,,,,,,,,,,,,,,0.0,,,,,,,,,,,,,,,,,,1.0,,,,,,,,,,,,,,,,,,,,,,,,,,,,,,,,,,,,,,,,,,,,,,,,,,,,,,1.0,200468080.0,178140455.0,,,,,,,,
38,NCLH,MRT,2011-12-31,2011-12-31,2011-12-31,2021-08-09,-19794000.0,5562411000.0,5567391000.0,152143000.0,5410268000.0,0.399,10.37,-184797000.0,58926000.0,58926000.0,1467876000.0,126859000.0,0.186,2.016,3038081000.0,200582000.0,2837499000.0,3038081000.0,0.0,211049000.0,0.0,,0.0,318746000.0,529795000.0,0.239,529795000.0,318746000.0,128559000.0,0.71,0.71,0.71,1844463000.0,1792494500.0,1844463000.0,,,,172193000.0,0.968,1.0,751448000.0,0.339,602792000.0,190187000.0,7121328000.0,7293314000.0,36234000.0,0.0,0.0,0.0,3717948000.0,817446000.0,2900502000.0,,3879000.0,0.0,0.0,-166584000.0,0.0,-168314000.0,-184797000.0,0.0,356990000.0,0.0,126859000.0,126859000.0,126859000.0,0.0,0.0,0.057,435336000.0,316112000.0,83290000.0,0.0,,,,4640093000.0,0.0,,,,8159000.0,-467741000.0,2219324000.0,2219324000.0,0.0,0.023,0.071,0.044,0.144,1211000.0,251351000.0,1.0,200468080.0,177869461.0,178859720.0,12.477,4959619000.0,0.0,1700000.0,0.0,27.883,-665303000.0
39,NCLH,MRT,2010-12-31,2010-12-31,2010-12-31,2021-08-09,4309000.0,5572371000.0,,138241000.0,5434130000.0,,9.802,-977466000.0,55047000.0,55047000.0,1347176000.0,22986000.0,0.212,2.202,3204085000.0,78237000.0,3125848000.0,3204085000.0,0.0,191913000.0,0.0,,0.0,196658000.0,388571000.0,0.193,388571000.0,196658000.0,22986000.0,0.13,0.13,0.13,1740526000.0,,1740526000.0,,,,-547043000.0,-3.081,1.0,664952000.0,0.33,602792000.0,173672000.0,7465300000.0,,32763000.0,0.0,0.0,0.0,3831845000.0,653317000.0,3178528000.0,,4895000.0,0.0,0.0,645879000.0,0.0,551938000.0,-977466000.0,0.0,430423000.0,0.0,22986000.0,22986000.0,22986000.0,0.0,0.0,0.011,434343000.0,230609000.0,64399000.0,0.0,,,,4639281000.0,0.0,,,,7879000.0,-594600000.0,2012128000.0,2012128000.0,0.0,,,,0.098,2520000.0,264152000.0,1.0,,177563047.0,178461210.0,11.332,4969579000.0,0.0,0.0,0.0,27.988,-515076000.0
40,NCLH,MRT,2009-12-31,2009-12-31,2009-12-31,2021-08-09,,,,,,,,-161838000.0,,,1289794000.0,66952000.0,,,,,,,,169701000.0,,,0.0,182302000.0,352003000.0,0.19,352003000.0,182302000.0,66952000.0,3.22,3.21,3.22,,,,,,,-44306000.0,,1.0,565410000.0,0.305,,115350000.0,,,,,,,,,,,-135565000.0,0.0,0.0,-128043000.0,0.0,-91259000.0,-161838000.0,0.0,117532000.0,0.0,66952000.0,66952000.0,66952000.0,0.0,0.0,0.036,394315000.0,171095000.0,,0.0,,,,,0.0,,,,,,1855204000.0,1855204000.0,0.0,,,,0.098,4075000.0,241615000.0,1.0,,,,,,,0.0,,,
