None,ticker,dimension,calendardate,datekey,reportperiod,lastupdated,accoci,assets,assetsavg,assetsc,assetsnc,assetturnover,bvps,capex,cashneq,cashnequsd,cor,consolinc,currentratio,de,debt,debtc,debtnc,debtusd,deferredrev,depamor,deposits,divyield,dps,ebit,ebitda,ebitdamargin,ebitdausd,ebitusd,ebt,eps,epsdil,epsusd,equity,equityavg,equityusd,ev,evebit,evebitda,fcf,fcfps,fxusd,gp,grossmargin,intangibles,intexp,invcap,invcapavg,inventory,investments,investmentsc,investmentsnc,liabilities,liabilitiesc,liabilitiesnc,marketcap,ncf,ncfbus,ncfcommon,ncfdebt,ncfdiv,ncff,ncfi,ncfinv,ncfo,ncfx,netinc,netinccmn,netinccmnusd,netincdis,netincnci,netmargin,opex,opinc,payables,payoutratio,pb,pe,pe1,ppnenet,prefdivis,price,ps,ps1,receivables,retearn,revenue,revenueusd,rnd,roa,roe,roic,ros,sbcomp,sgna,sharefactor,sharesbas,shareswa,shareswadil,sps,tangibles,taxassets,taxexp,taxliabilities,tbvps,workingcapital
0,SSP,MRY,2020-12-31,2020-12-31,2020-12-31,2021-08-25,-100119000.0,4859386000.0,3922258250.0,2094185000.0,2765201000.0,0.474,14.288,-44949000.0,1626021000.0,1626021000.0,855214000.0,269333000.0,5.842,3.177,2976068000.0,10612000.0,2965456000.0,2976068000.0,14101000.0,107155000.0,0.0,0.013,0.2,417783000.0,524938000.0,0.283,524938000.0,417783000.0,324789000.0,3.23,3.21,3.23,1163265000.0,958816500.0,1163265000.0,3070754419.0,7.0,5.85,232445000.0,2.855,1.0,1002264000.0,0.54,2178656000.0,92994000.0,3672321000.0,3152870250.0,0.0,14404000.0,0.0,14404000.0,3696121000.0,358456000.0,3337665000.0,1247658419.0,1593053000.0,76635000.0,0.0,1039388000.0,-16574000.0,998179000.0,317422000.0,-8309000.0,277394000.0,58000.0,269333000.0,269333000.0,269333000.0,-115769000.0,0.0,0.145,590960000.0,411304000.0,68139000.0,0.062,1.073,4.632,4.734,395391000.0,0.0,15.29,0.672,0.67,441380000.0,131778000.0,1857478000.0,1857478000.0,0.0,0.069,0.281,0.133,0.225,17859000.0,572282000.0,1.0,81599635.0,81418000.0,81831000.0,22.814,2680730000.0,0.0,55456000.0,85844000.0,32.926,1735729000.0
1,SSP,MRY,2019-12-31,2019-12-31,2019-12-31,2021-08-25,-98989000.0,3561857000.0,3072497250.0,643917000.0,2917940000.0,0.44,11.109,-60935000.0,32968000.0,32968000.0,674746000.0,-18378000.0,2.064,2.967,2028678000.0,10612000.0,2018066000.0,2028678000.0,10704000.0,84344000.0,0.0,0.013,0.2,65135000.0,149479000.0,0.111,149479000.0,65135000.0,-15461000.0,-0.23,-0.23,-0.23,897935000.0,906392250.0,897935000.0,3241204303.0,50.0,21.683,-88387000.0,-1.094,1.0,676653000.0,0.501,2285354000.0,80596000.0,2960181000.0,2368459250.0,0.0,8375000.0,0.0,8375000.0,2663922000.0,312032000.0,2351890000.0,1271168303.0,-74146000.0,-1190422000.0,-584000.0,1252447000.0,-16374000.0,1217826000.0,-1264507000.0,-1636000.0,-27452000.0,-13000.0,-18378000.0,-18378000.0,-18378000.0,16465000.0,0.0,-0.014,506642000.0,170011000.0,28441000.0,-0.87,1.416,-69.168,-68.304,498570000.0,0.0,15.71,0.941,0.94,417498000.0,-120981000.0,1351399000.0,1351399000.0,0.0,-0.006,-0.02,0.028,0.048,14697000.0,476968000.0,1.0,80914596.0,80826000.0,80826000.0,16.72,1276503000.0,12306000.0,2917000.0,17876000.0,15.793,331885000.0
2,SSP,MRY,2018-12-31,2018-12-31,2018-12-31,2021-08-25,-95397000.0,2130061000.0,2092999500.0,471017000.0,1659044000.0,0.553,11.382,-47093000.0,107114000.0,107114000.0,548522000.0,19749000.0,2.378,1.3,688764000.0,3000000.0,685764000.0,688764000.0,11459000.0,60711000.0,0.0,0.013,0.2,79346000.0,140057000.0,0.121,140057000.0,79346000.0,43162000.0,0.25,0.24,0.25,926165000.0,912092250.0,926165000.0,1828447504.0,23.0,13.055,93818000.0,1.153,1.0,608840000.0,0.526,1312966000.0,36184000.0,1200686000.0,1251585000.0,0.0,7162000.0,0.0,7162000.0,1203896000.0,198059000.0,1005837000.0,1268978504.0,-41585000.0,-149469000.0,-30466000.0,-5656000.0,-16395000.0,-54997000.0,-127484000.0,-558000.0,140911000.0,-15000.0,20381000.0,20381000.0,20381000.0,50140000.0,-632000.0,0.018,398391000.0,210449000.0,26919000.0,0.8,1.37,62.263,62.92,237927000.0,0.0,15.73,1.096,1.106,300572000.0,-86229000.0,1157362000.0,1157362000.0,0.0,0.01,0.022,0.063,0.069,10500000.0,376436000.0,1.0,80672505.0,81369000.0,81927000.0,14.224,817095000.0,9141000.0,22781000.0,25531000.0,10.042,272958000.0
3,SSP,MRY,2017-12-31,2017-12-31,2017-12-31,2021-08-25,-102922000.0,2129548000.0,1817950500.0,605534000.0,1524014000.0,0.482,11.418,-17932000.0,148699000.0,148699000.0,414474000.0,-14617000.0,2.873,1.272,693275000.0,5656000.0,687619000.0,693275000.0,7353000.0,56343000.0,0.0,0.0,0.0,-6463000.0,49880000.0,0.057,49880000.0,-6463000.0,-33160000.0,-0.16,-0.16,-0.16,936853000.0,941636000.0,936853000.0,1549400298.0,-240.0,31.063,22920000.0,0.279,1.0,462498000.0,0.527,1181924000.0,26697000.0,1281412000.0,926722750.0,0.0,7699000.0,0.0,7699000.0,1192063000.0,210788000.0,981275000.0,1280100298.0,14347000.0,-280940000.0,-16424000.0,306073000.0,0.0,272562000.0,-299067000.0,-836000.0,40852000.0,0.0,-13106000.0,-13106000.0,-13106000.0,2595000.0,-1511000.0,-0.015,372157000.0,90341000.0,23647000.0,0.0,1.366,-97.673,-97.688,209995000.0,0.0,15.63,1.46,1.462,245365000.0,-90061000.0,876972000.0,876972000.0,0.0,-0.007,-0.014,-0.007,-0.007,15872000.0,367735000.0,1.0,81900211.0,82052000.0,82052000.0,10.688,947624000.0,20076000.0,-20054000.0,0.0,11.549,394746000.0
4,SSP,MRY,2016-12-31,2016-12-31,2016-12-31,2021-08-25,-93347000.0,1735906000.0,1695373500.0,345895000.0,1390011000.0,0.516,11.35,-25911000.0,134352000.0,134352000.0,346414000.0,67235000.0,3.322,0.835,393185000.0,6571000.0,386614000.0,393185000.0,6410000.0,55204000.0,0.0,0.0,0.0,118540000.0,173744000.0,0.199,173744000.0,118540000.0,100501000.0,0.8,0.8,0.8,945935000.0,928761250.0,945935000.0,1905234819.0,16.0,10.966,120582000.0,1.447,1.0,528037000.0,0.604,993334000.0,18039000.0,897274000.0,828102500.0,0.0,14221000.0,0.0,14221000.0,789971000.0,104131000.0,685840000.0,1602421819.0,19731000.0,-43500000.0,-39760000.0,-6635000.0,0.0,-53334000.0,-73428000.0,-2128000.0,146493000.0,0.0,67235000.0,67235000.0,67235000.0,-7313000.0,0.0,0.077,344148000.0,183889000.0,15976000.0,0.0,1.694,23.833,24.163,225437000.0,0.0,19.33,1.832,1.842,178537000.0,-94077000.0,874451000.0,874451000.0,0.0,0.04,0.072,0.143,0.136,10857000.0,343570000.0,1.0,82898180.0,83339000.0,83639000.0,10.493,742572000.0,16608000.0,33266000.0,0.0,8.91,241764000.0
5,SSP,MRY,2015-12-31,2015-12-31,2015-12-31,2021-08-25,-89802000.0,1680860000.0,1523454000.0,302630000.0,1378230000.0,0.429,11.645,-6288000.0,114621000.0,114621000.0,261616000.0,-82477000.0,2.526,0.866,399143000.0,6656000.0,392487000.0,399143000.0,8508000.0,49791000.0,0.0,0.0,0.0,-105262000.0,-55471000.0,-0.085,-55471000.0,-105262000.0,-120361000.0,-1.06,-1.06,-1.06,900983000.0,808406250.0,900983000.0,1909229435.0,-18.0,-34.419,2582000.0,0.033,1.0,392559000.0,0.6,1064974000.0,15099000.0,780585000.0,776176250.0,0.0,13856000.0,0.0,13856000.0,779877000.0,119823000.0,660054000.0,1593527435.0,-50648000.0,-46838000.0,-8973000.0,75002000.0,-59523000.0,1844000.0,-61362000.0,-7658000.0,8870000.0,0.0,-82477000.0,-82477000.0,-82477000.0,8605000.0,0.0,-0.126,354412000.0,38147000.0,31606000.0,0.0,1.769,-19.321,-17.925,271047000.0,0.0,19.0,2.436,2.247,171901000.0,-174038000.0,654175000.0,654175000.0,0.0,-0.054,-0.102,-0.136,-0.161,9873000.0,316424000.0,1.0,83869865.0,77373000.0,77373000.0,8.455,615886000.0,18266000.0,-37884000.0,0.0,7.96,182807000.0
6,SSP,MRY,2014-12-31,2014-12-31,2014-12-31,2021-08-25,-126443000.0,1031104000.0,978892000.0,315824000.0,715280000.0,0.51,9.199,-10444000.0,165269000.0,165269000.0,115175000.0,10529000.0,2.347,0.986,196373000.0,2000000.0,194373000.0,196373000.0,8812000.0,32180000.0,0.0,0.0,0.0,18912000.0,51092000.0,0.102,51092000.0,18912000.0,10418000.0,0.18,0.18,0.18,518276000.0,529833500.0,518276000.0,1332891247.0,70.0,26.088,91611000.0,1.626,1.0,383577000.0,0.769,293520000.0,8494000.0,634150000.0,634161250.0,0.0,9454000.0,0.0,9454000.0,511171000.0,134538000.0,376633000.0,1265570247.0,-64196000.0,-149284000.0,-4658000.0,-2483000.0,0.0,-4314000.0,-161937000.0,-2652000.0,102055000.0,0.0,10529000.0,10529000.0,10529000.0,-1072000.0,0.0,0.021,328736000.0,54841000.0,13987000.0,0.0,2.442,120.199,124.167,157841000.0,0.0,22.35,2.537,2.525,99609000.0,118693000.0,498752000.0,498752000.0,0.0,0.011,0.02,0.03,0.038,-1360000.0,313357000.0,1.0,56625067.0,56342000.0,57239000.0,8.852,737584000.0,65366000.0,-111000.0,0.0,13.091,181286000.0
7,SSP,MRY,2013-12-31,2013-12-31,2013-12-31,2021-08-25,-80923000.0,966130000.0,981394250.0,402054000.0,564076000.0,0.441,9.657,-15819000.0,229465000.0,229465000.0,114164000.0,-474000.0,3.554,0.767,200000000.0,2000000.0,198000000.0,200000000.0,28633000.0,30522000.0,0.0,0.0,0.0,-1944000.0,28578000.0,0.066,28578000.0,-1944000.0,-12381000.0,-0.01,-0.01,-0.01,545773000.0,531236000.0,545773000.0,1183433610.0,-609.0,41.411,17686000.0,0.313,1.0,318193000.0,0.736,165828000.0,10437000.0,657716000.0,649565250.0,6543000.0,16567000.0,0.0,16567000.0,418393000.0,113121000.0,305272000.0,1209604610.0,-21387000.0,0.0,-27575000.0,1430000.0,0.0,-35009000.0,-19883000.0,-1575000.0,33505000.0,0.0,-474000.0,-474000.0,-474000.0,-9611000.0,0.0,-0.001,287580000.0,30613000.0,16529000.0,0.0,2.216,-2551.908,-2172.0,353797000.0,0.0,21.72,2.798,2.839,139703000.0,116893000.0,432357000.0,432357000.0,0.0,0.0,-0.001,-0.003,-0.004,5780000.0,279470000.0,1.0,55690820.0,56516000.0,56516000.0,7.65,800302000.0,27030000.0,-11907000.0,0.0,14.161,288933000.0
8,SSP,MRY,2012-12-31,2012-12-31,2012-12-31,2021-08-25,-116840000.0,1030768000.0,983936000.0,402700000.0,628068000.0,0.918,9.793,-29699000.0,252652000.0,252652000.0,302947000.0,39922000.0,2.758,0.913,196100000.0,15900000.0,180200000.0,196100000.0,26240000.0,49332000.0,0.0,0.0,0.0,69419000.0,118751000.0,0.131,118751000.0,69419000.0,57173000.0,0.7,0.69,0.7,537696000.0,519844750.0,537696000.0,574487348.0,8.0,4.838,142883000.0,2.602,1.0,600511000.0,0.665,172749000.0,12246000.0,655434000.0,673549500.0,6437000.0,21115000.0,0.0,21115000.0,490858000.0,146033000.0,344825000.0,594090348.0,114753000.0,-266000.0,-5349000.0,-16893000.0,0.0,-25405000.0,-32424000.0,-5066000.0,172582000.0,0.0,40188000.0,40188000.0,40188000.0,0.0,-266000.0,0.044,476805000.0,123706000.0,23329000.0,0.0,1.105,14.783,15.443,374931000.0,0.0,10.81,0.658,0.657,125639000.0,136293000.0,903458000.0,903458000.0,0.0,0.041,0.077,0.103,0.077,4017000.0,453024000.0,1.0,54957479.0,54907000.0,55381000.0,16.454,858019000.0,46231000.0,16985000.0,0.0,15.627,256667000.0
9,SSP,MRY,2011-12-31,2011-12-31,2011-12-31,2021-08-25,-97548000.0,970528000.0,821166750.0,325410000.0,645118000.0,0.887,8.992,-12183000.0,137899000.0,137899000.0,276340000.0,-15687000.0,2.602,0.881,212000000.0,15900000.0,196100000.0,212000000.0,26373000.0,40069000.0,0.0,0.0,0.0,-23898000.0,16171000.0,0.022,16171000.0,-23898000.0,-25538000.0,-0.27,-0.27,-0.27,514521000.0,546827000.0,514521000.0,280817713.0,-12.0,17.366,2604000.0,0.046,1.0,452320000.0,0.621,180449000.0,1640000.0,739132000.0,533250500.0,6783000.0,23214000.0,0.0,23214000.0,453527000.0,125048000.0,328479000.0,438301713.0,-77035000.0,-216143000.0,-48869000.0,203129000.0,0.0,148671000.0,-240493000.0,-9045000.0,14787000.0,0.0,-15537000.0,-15537000.0,-15537000.0,0.0,-150000.0,-0.021,426748000.0,25572000.0,17697000.0,0.0,0.852,-28.21,-29.667,387972000.0,0.0,8.01,0.602,0.629,135537000.0,96105000.0,728660000.0,728660000.0,0.0,-0.019,-0.028,-0.045,-0.033,1383000.0,405891000.0,1.0,54719315.0,57217000.0,57217000.0,12.735,790079000.0,69718000.0,-10001000.0,0.0,13.808,200362000.0
10,SSP,MRY,2010-12-31,2010-12-31,2010-12-31,2021-08-25,-81547000.0,827542000.0,804934000.0,362579000.0,464963000.0,0.965,10.358,-18241000.0,207424000.0,207424000.0,275060000.0,130406000.0,2.618,0.401,0.0,0.0,0.0,0.0,26072000.0,44894000.0,0.0,0.0,0.0,135015000.0,179909000.0,0.232,179909000.0,135015000.0,131349000.0,2.04,2.03,2.04,588902000.0,530519500.0,588902000.0,419356356.0,3.0,2.331,47730000.0,0.839,1.0,501830000.0,0.646,23107000.0,3666000.0,458527000.0,519914500.0,7859000.0,10652000.0,0.0,10652000.0,236010000.0,138484000.0,97526000.0,587951356.0,197243000.0,0.0,8394000.0,-35230000.0,0.0,-29034000.0,155077000.0,-1673000.0,65971000.0,0.0,130509000.0,130509000.0,130509000.0,-101536000.0,-103000.0,0.168,424140000.0,77690000.0,34091000.0,0.0,0.998,4.505,4.975,389650000.0,0.0,10.15,0.757,0.743,115568000.0,111641000.0,776890000.0,776890000.0,0.0,0.162,0.246,0.26,0.174,-667000.0,404597000.0,1.0,57926242.0,56857000.0,56998000.0,13.664,804435000.0,54354000.0,840000.0,7310000.0,14.148,224095000.0
11,SSP,MRY,2009-12-31,2009-12-31,2009-12-31,2021-08-25,-91459000.0,786348000.0,809155500.0,258175000.0,528173000.0,0.905,7.975,-39352000.0,7681000.0,7681000.0,275277000.0,-209647000.0,1.909,0.821,35916000.0,0.0,35916000.0,35916000.0,26773000.0,44360000.0,0.0,0.0,0.0,-239414000.0,-195054000.0,-0.266,-195054000.0,-239414000.0,-241968000.0,-3.89,-3.89,-3.89,429895000.0,418579250.0,429895000.0,399227889.0,-2.0,-2.047,39306000.0,0.729,1.0,457121000.0,0.624,23635000.0,2554000.0,655688000.0,692339750.0,6989000.0,22840000.0,12180000.0,10660000.0,353097000.0,135260000.0,217837000.0,380180889.0,3812000.0,0.0,2876000.0,-28312000.0,0.0,-36036000.0,-33593000.0,6056000.0,78658000.0,0.0,-209605000.0,-209605000.0,-209605000.0,10695000.0,-42000.0,-0.286,426302000.0,30819000.0,25172000.0,0.0,0.884,-1.814,-1.789,417745000.0,0.0,6.96,0.519,0.512,115245000.0,-10946000.0,732398000.0,732398000.0,0.0,-0.259,-0.501,-0.346,-0.327,6759000.0,416367000.0,1.0,54623691.0,53902000.0,53902000.0,13.588,762713000.0,136305000.0,-32363000.0,0.0,14.15,122915000.0
12,SSP,MRY,2008-12-31,2008-12-31,2008-12-31,2021-08-25,-133655000.0,1088976000.0,2317547250.0,285536000.0,803440000.0,0.399,10.935,-82225000.0,5376000.0,5376000.0,333375000.0,-429900000.0,1.522,0.835,61166000.0,0.0,61166000.0,61166000.0,38817000.0,46574000.0,0.0,0.095,0.21,-731442000.0,-684868000.0,-0.74,-684868000.0,-731442000.0,-742182000.0,-8.81,-8.81,-8.81,591569000.0,1448251750.0,591569000.0,163620986.0,0.0,-0.239,250326000.0,4.627,1.0,591831000.0,0.64,241896000.0,10740000.0,715286000.0,1424693250.0,11952000.0,33850000.0,21130000.0,12720000.0,494009000.0,187584000.0,306425000.0,118937986.0,-14433000.0,0.0,-3934000.0,-466837000.0,-53957000.0,-260398000.0,-62534000.0,60197000.0,332551000.0,-75000.0,-476590000.0,-476590000.0,-476590000.0,-128988000.0,46690000.0,-0.515,518068000.0,73763000.0,71870000.0,-0.024,0.201,-0.25,-0.251,426671000.0,0.0,2.21,0.129,0.129,169010000.0,200827000.0,925206000.0,925206000.0,0.0,-0.206,-0.329,-0.513,-0.791,30805000.0,484562000.0,1.0,53818093.0,54100000.0,54100000.0,17.102,847080000.0,126874000.0,-265592000.0,0.0,15.658,97952000.0
13,SSP,MRY,2007-12-31,2007-12-31,2007-12-31,2021-08-25,1828000.0,4005292000.0,4233467000.0,926793000.0,3078499000.0,0.255,45.095,-47666000.0,19100000.0,19100000.0,404559000.0,81360000.0,2.672,0.635,504663000.0,0.0,504663000.0,504663000.0,42156000.0,44631000.0,0.0,0.001,0.12,69994000.0,114625000.0,0.106,114625000.0,69994000.0,34264000.0,-0.03,-0.03,-0.03,2450361000.0,2620056000.0,2450361000.0,7917942037.0,113.0,69.077,547745000.0,10.08,1.0,674861000.0,0.625,1059893000.0,35730000.0,3084160000.0,2518281750.0,8446000.0,233047000.0,44831000.0,188216000.0,1554931000.0,346802000.0,1208129000.0,7331734037.0,7611000.0,-2096000.0,-41612000.0,-261406000.0,-88205000.0,-469240000.0,-124467000.0,-32715000.0,595411000.0,-522000.0,-1621000.0,-1621000.0,-1621000.0,-9427000.0,82981000.0,-0.002,510728000.0,164133000.0,68847000.0,-4.0,2.992,-4522.97,-4501.0,386418000.0,0.0,135.03,6.792,6.797,197105000.0,1971848000.0,1079420000.0,1079420000.0,0.0,0.0,-0.001,0.028,0.065,22225000.0,510471000.0,1.0,54297075.0,54338000.0,54756000.0,19.865,2945399000.0,19141000.0,35885000.0,279301000.0,54.205,579991000.0
14,SSP,MRY,2006-12-31,2006-12-31,2006-12-31,2021-08-25,2492000.0,4344334000.0,4397282500.0,875319000.0,3469015000.0,0.268,47.446,-60631000.0,30450000.0,30450000.0,403348000.0,353220000.0,2.192,0.683,766381000.0,0.0,766381000.0,766381000.0,50524000.0,44244000.0,0.0,0.001,0.12,483904000.0,528148000.0,0.448,528148000.0,483904000.0,429343000.0,6.49,6.43,6.49,2581435000.0,2451614000.0,2581435000.0,9094612339.0,19.0,17.22,494309000.0,9.085,1.0,776176000.0,0.658,2270294000.0,54561000.0,2410703000.0,2662025000.0,0.0,228221000.0,2872000.0,225349000.0,1762899000.0,399268000.0,1363631000.0,8159248339.0,-1823000.0,-5061000.0,-33175000.0,-60793000.0,-76806000.0,-203848000.0,-341501000.0,13015000.0,554940000.0,1616000.0,353220000.0,353220000.0,353220000.0,-264753000.0,0.0,0.299,542215000.0,233961000.0,77945000.0,0.018,3.161,23.1,23.085,511738000.0,0.0,149.82,6.917,6.911,535901000.0,2145875000.0,1179524000.0,1179524000.0,0.0,0.08,0.144,0.182,0.41,27323000.0,542215000.0,1.0,54460341.0,54408000.0,54950000.0,21.679,2074040000.0,21744000.0,76123000.0,371021000.0,38.12,476051000.0
15,SSP,MRY,2005-12-31,2005-12-31,2005-12-31,2021-08-25,-12162000.0,4032628000.0,3886627750.0,995526000.0,3037102000.0,0.554,42.022,-61828000.0,19243000.0,19243000.0,516954000.0,249153000.0,2.527,0.763,825775000.0,0.0,825775000.0,825775000.0,53521000.0,82378000.0,0.0,0.001,0.12,504759000.0,587137000.0,0.272,587137000.0,504759000.0,465968000.0,4.59,4.53,4.59,2287079000.0,2250684500.0,2287079000.0,8689667650.0,17.0,14.8,385052000.0,7.075,1.0,1637680000.0,0.76,1875379000.0,38791000.0,2569845000.0,2452663750.0,11725000.0,222821000.0,12800000.0,210021000.0,1745549000.0,393936000.0,1351613000.0,7855653650.0,6964000.0,-547007000.0,-4477000.0,293859000.0,-70352000.0,166358000.0,-606274000.0,14553000.0,446880000.0,0.0,249153000.0,249153000.0,249153000.0,89363000.0,0.0,0.116,970776000.0,666904000.0,92084000.0,0.026,3.435,31.529,31.386,490891000.0,0.0,144.06,3.646,3.639,493075000.0,1930994000.0,2154634000.0,2154634000.0,0.0,0.064,0.111,0.206,0.234,25684000.0,970776000.0,1.0,54530429.0,54426333.0,55145000.0,39.588,2157249000.0,32269000.0,216815000.0,317666000.0,39.636,601590000.0
16,SSP,MRY,2004-12-31,2004-12-31,2004-12-31,2021-08-25,-9001000.0,3424849000.0,3230253000.0,643591000.0,2781258000.0,0.58,38.75,-67400000.0,12279000.0,12279000.0,506023000.0,303811000.0,1.715,0.634,532686000.0,0.0,532686000.0,532686000.0,52689000.0,58187000.0,0.0,0.001,0.105,539503000.0,597690000.0,0.319,597690000.0,539503000.0,508626000.0,5.61,5.52,5.61,2096121000.0,1992702250.0,2096121000.0,8350372713.0,15.0,13.971,318764000.0,5.893,1.0,1368328000.0,0.73,1614589000.0,30877000.0,1955309000.0,1923003250.0,40773000.0,242667000.0,8637000.0,234030000.0,1328728000.0,375358000.0,953370000.0,7872975713.0,-5948000.0,-139947000.0,28108000.0,23901000.0,-63112000.0,-6517000.0,-385595000.0,7577000.0,386164000.0,0.0,303811000.0,303811000.0,303811000.0,18948000.0,0.0,0.162,815041000.0,553287000.0,106475000.0,0.019,3.756,25.914,25.818,496194000.0,0.0,144.84,4.2,4.18,402807000.0,1787221000.0,1874351000.0,1874351000.0,0.0,0.094,0.152,0.281,0.288,16371000.0,815041000.0,1.0,54356364.0,54093000.0,54972333.0,34.651,1810260000.0,17242000.0,204815000.0,264407000.0,33.466,268233000.0
17,SSP,MRY,2003-12-31,2003-12-31,2003-12-31,2021-08-25,1715000.0,3007802000.0,2917881000.0,547588000.0,2460214000.0,0.643,34.059,-89251000.0,18227000.0,18227000.0,685107000.0,270815000.0,1.649,0.65,509117000.0,0.0,509117000.0,509117000.0,53596000.0,66385000.0,0.0,0.0,0.06,438592000.0,504977000.0,0.269,504977000.0,438592000.0,406999000.0,5.07,4.98,5.07,1822531000.0,1685268250.0,1822531000.0,8146390540.0,19.0,16.132,233295000.0,4.36,1.0,1189671000.0,0.635,1237720000.0,31593000.0,1928813000.0,1912369000.0,29946000.0,306405000.0,0.0,306405000.0,1185271000.0,332159000.0,853112000.0,7615920540.0,2719000.0,-4768000.0,33180000.0,-216395000.0,-48320000.0,-233134000.0,-86693000.0,7543000.0,322546000.0,0.0,270815000.0,270815000.0,270815000.0,-2719000.0,0.0,0.144,751871000.0,437800000.0,73730000.0,0.012,4.179,28.122,27.852,478462000.0,0.0,141.21,4.062,4.03,336681000.0,1546522000.0,1874778000.0,1874778000.0,0.0,0.093,0.161,0.229,0.234,24052000.0,751871000.0,1.0,53933295.0,53510667.0,54312333.0,35.036,1770082000.0,25264000.0,136184000.0,192418000.0,33.079,215429000.0
18,SSP,MRY,2002-12-31,2002-12-31,2002-12-31,2021-08-25,-23396000.0,2870337000.0,2690410750.0,500011000.0,2370326000.0,0.571,28.599,-80623000.0,15508000.0,15508000.0,503418000.0,188297000.0,1.174,0.894,724972000.0,75171000.0,649801000.0,724972000.0,40582000.0,62768000.0,0.0,0.001,0.06,330885000.0,393653000.0,0.256,393653000.0,330885000.0,302584000.0,3.54,3.51,3.54,1515465000.0,1451027250.0,1515465000.0,6767199812.0,20.0,17.191,130044000.0,2.454,1.0,1032246000.0,0.672,1238904000.0,28301000.0,1914824000.0,1528011000.0,24234000.0,297601000.0,0.0,297601000.0,1354872000.0,426073000.0,928799000.0,6156122812.0,-1911000.0,-118261000.0,28166000.0,1026000.0,-47865000.0,-21333000.0,-191245000.0,507000.0,210667000.0,0.0,188297000.0,188297000.0,188297000.0,0.0,0.0,0.123,630870000.0,401376000.0,113579000.0,0.017,4.062,32.694,32.606,456789000.0,0.0,115.425,4.009,3.983,280352000.0,1324027000.0,1535664000.0,1535664000.0,0.0,0.07,0.13,0.217,0.215,24927000.0,630870000.0,1.0,53334397.0,52990000.0,53746000.0,28.98,1631433000.0,30364000.0,114287000.0,142630000.0,30.788,73938000.0
19,SSP,MRY,2001-12-31,2001-12-31,2001-12-31,2021-08-25,4513000.0,2641611000.0,2628297750.0,450658000.0,2190953000.0,0.53,25.726,-68223000.0,17419000.0,17419000.0,483845000.0,137963000.0,0.498,0.954,723844000.0,613878000.0,109966000.0,723844000.0,29381000.0,98653000.0,0.0,0.001,0.06,276782000.0,375435000.0,0.27,375435000.0,276782000.0,237585000.0,2.625,2.595,2.625,1351900000.0,1339847250.0,1351900000.0,5877269006.0,21.0,15.655,137844000.0,2.623,1.0,908111000.0,0.652,1201042000.0,39197000.0,1241483000.0,1438731750.0,7345000.0,331542000.0,0.0,331542000.0,1289711000.0,905511000.0,384200000.0,5222157006.0,3307000.0,-87749000.0,-22449000.0,9202000.0,-47506000.0,-48363000.0,-154397000.0,0.0,206067000.0,0.0,137963000.0,137963000.0,137963000.0,0.0,0.0,0.099,679864000.0,228247000.0,81690000.0,0.023,3.863,37.852,37.714,394677000.0,0.0,99.0,3.752,3.738,236311000.0,1183595000.0,1391956000.0,1391956000.0,0.0,0.052,0.103,0.192,0.199,19062000.0,571013000.0,1.0,52749061.0,52550000.0,53313333.0,26.488,1440569000.0,30850000.0,99622000.0,144840000.0,27.413,-454853000.0
20,SSP,MRY,2000-12-31,2000-12-31,2000-12-31,2021-08-25,32238000.0,2590040000.0,2583212500.0,502880000.0,2087160000.0,0.64,24.52,-74577000.0,14112000.0,14112000.0,0.0,163453000.0,0.944,1.027,714609000.0,212828000.0,501781000.0,714609000.0,37214000.0,109165000.0,0.0,0.001,0.06,323477000.0,432642000.0,0.262,432642000.0,323477000.0,271543000.0,3.135,3.09,3.135,1277810000.0,1252329250.0,1277810000.0,5643237275.0,17.0,13.044,181166000.0,3.476,1.0,1654346000.0,1.0,1226306000.0,51934000.0,1531255000.0,1548953250.0,17802000.0,177922000.0,0.0,177922000.0,1312230000.0,532976000.0,779254000.0,4950811275.0,3656000.0,-88116000.0,-4571000.0,-53958000.0,-43924000.0,-100183000.0,-151904000.0,0.0,255743000.0,0.0,163453000.0,163453000.0,163453000.0,0.0,0.0,0.099,1358976000.0,295370000.0,114275000.0,0.019,3.874,30.289,30.086,502041000.0,0.0,94.32,2.993,2.971,289583000.0,1093138000.0,1654346000.0,1654346000.0,0.0,0.063,0.131,0.209,0.196,16075000.0,1240288000.0,1.0,52489517.0,52113333.0,52774000.0,31.745,1363734000.0,30421000.0,108090000.0,147106000.0,26.169,-30096000.0
21,SSP,MRY,1999-12-31,1999-12-31,1999-12-31,2021-08-25,58271000.0,2520381000.0,2434517500.0,477461000.0,2042920000.0,0.639,22.362,-79826000.0,10456000.0,10456000.0,143183000.0,146122000.0,0.827,1.164,769447000.0,267600000.0,501847000.0,769447000.0,40583000.0,103851000.0,0.0,0.001,0.06,294953000.0,398804000.0,0.256,398804000.0,294953000.0,249734000.0,2.805,2.775,2.805,1164452000.0,1124597500.0,1164452000.0,4244374655.0,14.0,10.643,113689000.0,2.183,1.0,1412116000.0,0.908,1187274000.0,45219000.0,1514630000.0,1447149000.0,16538000.0,210308000.0,0.0,210308000.0,1355929000.0,577468000.0,778461000.0,3500073655.0,-4963000.0,-60171000.0,-34951000.0,-1256000.0,-43816000.0,-81634000.0,-116844000.0,20551000.0,193515000.0,0.0,146122000.0,146122000.0,146122000.0,0.0,0.0,0.094,1116762000.0,295354000.0,116201000.0,0.021,3.006,23.953,23.963,485596000.0,0.0,67.215,2.25,2.25,280829000.0,973609000.0,1555299000.0,1555299000.0,0.0,0.06,0.13,0.204,0.19,13919000.0,492162000.0,1.0,52072806.0,52072806.0,,29.868,1333107000.0,27643000.0,103612000.0,143912000.0,25.601,-100007000.0
22,SSP,MRY,1998-12-31,1998-12-31,1998-12-31,2021-08-25,39485000.0,2359636000.0,2292859250.0,419589000.0,1940047000.0,0.639,20.424,-66969000.0,15419000.0,15419000.0,147916000.0,131312000.0,0.761,1.208,770657000.0,268780000.0,501877000.0,770657000.0,42094000.0,103845000.0,0.0,0.001,0.06,271550000.0,375395000.0,0.256,375395000.0,271550000.0,224442000.0,2.475,2.43,2.475,1068732000.0,1074044500.0,1068732000.0,4622932742.0,17.0,12.315,172204000.0,3.291,1.0,1316712000.0,0.899,1204469000.0,47108000.0,1359176000.0,1347329750.0,15009000.0,151781000.0,20551000.0,131230000.0,1290904000.0,551229000.0,739675000.0,3904948742.0,1003000.0,3615000.0,-108421000.0,-3800000.0,-43228000.0,-152612000.0,-85558000.0,-17446000.0,239173000.0,0.0,131312000.0,131312000.0,131312000.0,0.0,0.0,0.09,1040515000.0,276197000.0,102132000.0,0.024,3.654,29.738,30.152,479286000.0,0.0,74.625,2.666,2.666,226945000.0,870315000.0,1464628000.0,1464628000.0,0.0,0.057,0.122,0.202,0.185,0.0,454486000.0,1.0,52327621.0,52327621.0,,27.99,1155167000.0,24140000.0,93130000.0,115577000.0,22.076,-131640000.0
23,SSP,MRY,1997-12-31,1997-12-31,1997-12-31,2021-08-25,11690000.0,2286483000.0,1697589750.0,373738000.0,1912745000.0,0.737,19.484,-56620000.0,14316000.0,14316000.0,123508000.0,157702000.0,0.859,1.18,773106000.0,171254000.0,601852000.0,773106000.0,38830000.0,77606000.0,0.0,0.003,0.24,293755000.0,371361000.0,0.297,371361000.0,293755000.0,275212000.0,2.94,2.895,2.94,1048962000.0,1013773000.0,1048962000.0,,,,136507000.0,2.536,1.0,1127811000.0,0.901,1244442000.0,18543000.0,1365506000.0,880858500.0,13685000.0,87750000.0,3105000.0,84645000.0,1237521000.0,435325000.0,802196000.0,3911740375.0,4259000.0,-715975000.0,-25694000.0,651170000.0,-42064000.0,582526000.0,-771394000.0,2700000.0,193127000.0,0.0,157702000.0,157702000.0,157702000.0,0.0,0.0,0.126,876987000.0,250824000.0,88789000.0,0.082,3.729,24.805,24.714,480000000.0,0.0,72.66,3.126,3.126,218990000.0,782329000.0,1251319000.0,1251319000.0,0.0,0.093,0.156,0.333,0.235,0.0,398746000.0,1.0,53836229.0,53836229.0,,23.243,1042041000.0,21630000.0,117510000.0,88051000.0,19.356,-61587000.0
24,SSP,MRY,1996-12-31,1996-12-31,1996-12-31,2021-08-25,-150000.0,1468669000.0,,314080000.0,1154589000.0,,,-53300000.0,10145000.0,10145000.0,212380000.0,157403000.0,0.971,0.555,121833000.0,90040000.0,31793000.0,121833000.0,30208000.0,69377000.0,0.0,0.564,29.629,253043000.0,322420000.0,0.287,322420000.0,253043000.0,243414000.0,2.94,2.925,2.94,944591000.0,,944591000.0,,,,188017000.0,,1.0,909478000.0,0.811,590452000.0,9629000.0,666503000.0,,11753000.0,42905000.0,2700000.0,40205000.0,524078000.0,323402000.0,200676000.0,,-19876000.0,-235674000.0,0.0,40958000.0,-41840000.0,4411000.0,-265604000.0,22313000.0,241317000.0,0.0,157403000.0,157403000.0,157403000.0,-39514000.0,0.0,0.14,703627000.0,205851000.0,88574000.0,10.078,,,17.857,430703000.0,0.0,52.5,,,182687000.0,676471000.0,1121858000.0,1121858000.0,0.0,,,,0.226,0.0,360697000.0,1.0,,,,,878217000.0,24897000.0,86011000.0,63953000.0,,-9322000.0
25,SSP,MRY,1995-12-31,1995-12-31,1995-12-31,2021-08-25,,,,,,,,-57300000.0,,,189575000.0,133378000.0,,,,,,,,66590000.0,,0.019,1.137,219133000.0,285723000.0,0.277,285723000.0,219133000.0,207910000.0,2.505,2.49,2.505,,,,,,,158550000.0,,1.0,840803000.0,0.816,,11223000.0,,,,,,,,,,,13412000.0,-54376000.0,0.0,-29703000.0,-39980000.0,-69347000.0,-133091000.0,-25013000.0,215850000.0,0.0,133378000.0,133378000.0,133378000.0,-39789000.0,0.0,0.129,659647000.0,181156000.0,,0.454,,,23.581,,0.0,59.07,,,,,1030378000.0,1030378000.0,0.0,,,,0.213,0.0,338521000.0,1.0,,,,,,,74532000.0,,,
0,SSP,MRQ,2021-06-30,2021-06-30,2021-06-30,2021-08-25,-97708000.0,6562199000.0,,690133000.0,5872066000.0,,22.493,-23845000.0,85956000.0,85956000.0,268683000.0,5644000.0,1.47,2.546,3376965000.0,18612000.0,3358353000.0,3376965000.0,22893000.0,40751000.0,0.0,0.005,0.0,47761000.0,88512000.0,0.157,88512000.0,47761000.0,5751000.0,-0.09,-0.09,-0.09,1850739000.0,,1850739000.0,4969170308.0,10.0,7.699,16304000.0,0.198,1.0,296394000.0,0.525,4877212000.0,42010000.0,4506668000.0,,0.0,13902000.0,0.0,13902000.0,4711460000.0,469328000.0,4242132000.0,1677728308.0,-452229000.0,0.0,0.0,-464905000.0,-12000000.0,-477242000.0,-15136000.0,-168000.0,40149000.0,0.0,-6932000.0,-19508000.0,-19508000.0,-4431000.0,12576000.0,-0.035,192064000.0,104330000.0,75839000.0,0.0,0.907,6.308,5.859,587770000.0,12576000.0,20.39,0.766,0.766,526739000.0,118770000.0,565077000.0,565077000.0,0.0,,,,,7292000.0,144113000.0,1.0,82281918.0,82281918.0,,6.868,1684987000.0,0.0,12683000.0,358828000.0,20.478,220805000.0
1,SSP,MRQ,2021-03-31,2021-03-31,2021-03-31,2021-08-25,-98914000.0,6898680000.0,,1072737000.0,5825943000.0,,19.195,-4139000.0,538185000.0,538185000.0,264395000.0,5567000.0,2.484,3.396,3829627000.0,18612000.0,3811015000.0,3829627000.0,21408000.0,39507000.0,0.0,0.008,0.0,57335000.0,96842000.0,0.179,96842000.0,57335000.0,13453000.0,-0.07,-0.07,-0.07,1569187000.0,,1569187000.0,2925327222.0,6.0,5.061,45955000.0,0.562,1.0,276526000.0,0.511,4961277000.0,43882000.0,4797035000.0,,0.0,15555000.0,0.0,15555000.0,5329493000.0,431810000.0,4897683000.0,1575280222.0,-1087836000.0,-2454808000.0,0.0,795347000.0,-9067000.0,1317373000.0,-2455283000.0,-1263000.0,50094000.0,-20000.0,-6076000.0,-17719000.0,-17719000.0,-2064000.0,11643000.0,-0.033,219228000.0,57298000.0,66479000.0,0.0,1.004,5.98,5.839,526075000.0,11643000.0,19.27,0.794,0.794,503454000.0,125702000.0,540921000.0,540921000.0,0.0,,,,,11092000.0,144026000.0,1.0,81747806.0,81747806.0,,6.617,1937403000.0,0.0,19529000.0,347347000.0,23.7,640927000.0
2,SSP,MRQ,2020-12-31,2020-12-31,2020-12-31,2021-08-25,-100119000.0,4859386000.0,,2094185000.0,2765201000.0,,14.288,-6863000.0,1626021000.0,1626021000.0,231360000.0,244667000.0,5.842,3.177,2976068000.0,10612000.0,2965456000.0,2976068000.0,14101000.0,26309000.0,0.0,0.013,0.05,304936000.0,331245000.0,0.56,331245000.0,304936000.0,282126000.0,2.94,2.92,2.94,1163265000.0,,1163265000.0,3070754419.0,7.0,5.85,110732000.0,1.36,1.0,359750000.0,0.609,2178656000.0,22810000.0,3672321000.0,,0.0,14404000.0,0.0,14404000.0,3696121000.0,358456000.0,3337665000.0,1247658419.0,1497473000.0,74135000.0,0.0,1047347000.0,-4159000.0,1042713000.0,337130000.0,-2856000.0,117595000.0,35000.0,244667000.0,244667000.0,244667000.0,-130366000.0,0.0,0.414,159727000.0,200023000.0,68139000.0,0.017,1.073,4.632,4.734,395391000.0,0.0,15.29,0.672,0.67,441380000.0,131778000.0,591110000.0,591110000.0,0.0,,,,,5626000.0,157108000.0,1.0,81599635.0,81418000.0,,7.26,2680730000.0,0.0,37459000.0,85844000.0,32.926,1735729000.0
3,SSP,MRQ,2020-09-30,2020-09-30,2020-09-30,2021-08-25,-96168000.0,3586127000.0,,821664000.0,2764463000.0,,11.324,-11136000.0,128548000.0,128548000.0,209907000.0,58518000.0,2.12,2.885,1951644000.0,10612000.0,1941032000.0,1951644000.0,34510000.0,26856000.0,0.0,0.017,0.05,102005000.0,128861000.0,0.261,128861000.0,102005000.0,80618000.0,0.7,0.69,0.7,923067000.0,,923067000.0,2907857469.0,19.0,11.044,74404000.0,0.913,1.0,283355000.0,0.574,2183899000.0,21387000.0,2837715000.0,,0.0,13207000.0,0.0,13207000.0,2663060000.0,387609000.0,2275451000.0,932549469.0,29615000.0,0.0,0.0,-52653000.0,-4156000.0,-57239000.0,1277000.0,-92000.0,85540000.0,37000.0,58518000.0,58518000.0,58518000.0,5455000.0,0.0,0.119,151278000.0,132077000.0,59684000.0,0.071,1.01,26.345,27.902,400988000.0,0.0,11.44,0.552,0.552,402885000.0,-108730000.0,493262000.0,493262000.0,0.0,,,,,4787000.0,140350000.0,1.0,81516562.0,81516562.0,,6.051,1402228000.0,8372000.0,22100000.0,46836000.0,17.202,434055000.0
4,SSP,MRQ,2020-06-30,2020-06-30,2020-06-30,2021-08-25,-97176000.0,3547845000.0,,616577000.0,2931268000.0,,10.611,-10785000.0,98933000.0,98933000.0,223035000.0,-22043000.0,2.114,3.108,2074241000.0,10612000.0,2063629000.0,2074241000.0,9371000.0,26645000.0,0.0,0.023,0.05,-5559000.0,21086000.0,0.059,21086000.0,-5559000.0,-28558000.0,-0.27,-0.27,-0.27,863614000.0,,863614000.0,2743322291.0,50.0,17.471,49773000.0,0.612,1.0,135848000.0,0.379,2259556000.0,22999000.0,2971995000.0,,0.0,13357000.0,0.0,13357000.0,2684231000.0,291602000.0,2392629000.0,712158291.0,-80694000.0,2500000.0,0.0,-127653000.0,-4151000.0,-136694000.0,-4655000.0,-2274000.0,60558000.0,97000.0,-22043000.0,-22043000.0,-22043000.0,4531000.0,0.0,-0.061,132991000.0,2857000.0,49053000.0,-0.185,0.825,-15.808,-15.625,492590000.0,0.0,8.75,0.466,0.466,373674000.0,-163092000.0,358883000.0,358883000.0,0.0,,,,,5303000.0,106125000.0,1.0,81389519.0,81389519.0,,4.409,1288289000.0,13334000.0,-6515000.0,29395000.0,15.829,324975000.0
5,SSP,MRQ,2020-03-31,2020-03-31,2020-03-31,2021-08-25,-98081000.0,3695675000.0,,670810000.0,3024865000.0,,10.932,-16165000.0,179627000.0,179627000.0,231900000.0,-11809000.0,2.446,3.174,2210791000.0,10612000.0,2200179000.0,2210791000.0,8572000.0,27345000.0,0.0,0.027,0.05,16401000.0,43746000.0,0.106,43746000.0,16401000.0,-9397000.0,-0.15,-0.15,-0.15,885320000.0,,885320000.0,2616425261.0,32.0,14.889,-2464000.0,-0.03,1.0,182323000.0,0.44,2323118000.0,25798000.0,3129450000.0,,0.0,11434000.0,0.0,11434000.0,2810355000.0,274271000.0,2536084000.0,610624261.0,146659000.0,0.0,0.0,172347000.0,-4108000.0,149399000.0,-16330000.0,-3087000.0,13701000.0,-111000.0,-11809000.0,-11809000.0,-11809000.0,4611000.0,0.0,-0.029,159966000.0,22357000.0,43389000.0,-0.333,0.69,-26.125,-25.133,512455000.0,0.0,7.54,0.41,0.41,430650000.0,-136898000.0,414223000.0,414223000.0,0.0,,,,,2143000.0,127711000.0,1.0,80984650.0,80984650.0,,5.115,1372557000.0,11602000.0,2412000.0,34575000.0,16.948,396539000.0
6,SSP,MRQ,2019-12-31,2019-12-31,2019-12-31,2021-08-25,-98989000.0,3561857000.0,,643917000.0,2917940000.0,,11.109,-19268000.0,32968000.0,32968000.0,203562000.0,10565000.0,2.064,2.967,2028678000.0,10612000.0,2018066000.0,2028678000.0,10704000.0,26145000.0,0.0,0.013,0.05,43453000.0,69598000.0,0.165,69598000.0,43453000.0,16333000.0,0.13,0.13,0.13,897935000.0,,897935000.0,3241204303.0,50.0,21.683,-57727000.0,-0.714,1.0,219493000.0,0.519,2285354000.0,27120000.0,2960181000.0,,0.0,8375000.0,0.0,8375000.0,2663922000.0,312032000.0,2351890000.0,1271168303.0,-53539000.0,209000.0,0.0,-22653000.0,-4100000.0,-4968000.0,-10097000.0,-183000.0,-38459000.0,-15000.0,10731000.0,10731000.0,10731000.0,2378000.0,-166000.0,0.025,147518000.0,71975000.0,28441000.0,0.385,1.416,-69.168,-68.304,498570000.0,0.0,15.71,0.941,0.94,417498000.0,-120981000.0,423055000.0,423055000.0,0.0,,,,,3329000.0,142770000.0,1.0,80914596.0,80826000.0,,5.234,1276503000.0,12306000.0,5602000.0,17876000.0,15.793,331885000.0
7,SSP,MRQ,2019-09-30,2019-09-30,2019-09-30,2021-08-25,-93828000.0,3506491000.0,,534242000.0,2972249000.0,,11.05,-11747000.0,86507000.0,86507000.0,167983000.0,-21763000.0,2.187,2.924,2056543000.0,10650000.0,2045893000.0,2056543000.0,8948000.0,21661000.0,0.0,0.015,0.05,931000.0,22592000.0,0.068,22592000.0,931000.0,-25606000.0,-0.27,-0.27,-0.27,893608000.0,,893608000.0,2367212228.0,36.0,17.154,-9898000.0,-0.122,1.0,162874000.0,0.492,2344337000.0,26537000.0,2887942000.0,,0.0,8395000.0,0.0,8395000.0,2612717000.0,244248000.0,2368469000.0,1073993228.0,-210007000.0,-582358000.0,0.0,397338000.0,-4154000.0,381433000.0,-593283000.0,-838000.0,1849000.0,-6000.0,-21929000.0,-21929000.0,-21929000.0,4429000.0,166000.0,-0.066,135669000.0,27205000.0,43295000.0,-0.185,1.202,-150.63,-147.556,504059000.0,0.0,13.28,0.852,0.852,362256000.0,-127612000.0,330857000.0,330857000.0,0.0,,,,,1857000.0,118906000.0,1.0,80872984.0,80872984.0,,4.091,1162154000.0,8457000.0,-3677000.0,21041000.0,14.37,289994000.0
8,SSP,MRQ,2019-06-30,2019-06-30,2019-06-30,2021-08-25,-94476000.0,3047725000.0,,721124000.0,2326601000.0,,11.347,-16480000.0,296514000.0,296514000.0,158447000.0,-366000.0,3.299,2.325,1589733000.0,10650000.0,1579083000.0,1589733000.0,6522000.0,18746000.0,0.0,0.013,0.05,21042000.0,39788000.0,0.124,39788000.0,21042000.0,3019000.0,-0.01,-0.01,-0.01,916653000.0,,916653000.0,1946429677.0,19.0,11.701,5870000.0,0.073,1.0,161981000.0,0.506,1836039000.0,18023000.0,2286307000.0,,0.0,7688000.0,0.0,7688000.0,2131072000.0,218598000.0,1912474000.0,1235220677.0,282112000.0,-553074000.0,0.0,878512000.0,-4080000.0,853246000.0,-593490000.0,-500000.0,22350000.0,6000.0,-366000.0,-366000.0,-366000.0,6164000.0,0.0,-0.001,113904000.0,48077000.0,43648000.0,-5.0,1.348,36.405,37.293,361868000.0,0.0,15.29,1.002,1.002,351705000.0,-101529000.0,320428000.0,320428000.0,0.0,,,,,2159000.0,110159000.0,1.0,80786179.0,80786179.0,,3.966,1211686000.0,8557000.0,3385000.0,25185000.0,14.999,502526000.0
9,SSP,MRQ,2019-03-31,2019-03-31,2019-03-31,2021-08-25,-94937000.0,2173916000.0,,397499000.0,1776417000.0,,11.373,-13440000.0,14402000.0,14402000.0,159437000.0,-6814000.0,2.008,1.37,725611000.0,3000000.0,722611000.0,725611000.0,8120000.0,17792000.0,0.0,0.01,0.05,-2232000.0,15560000.0,0.053,15560000.0,-2232000.0,-11148000.0,-0.08,-0.08,-0.08,917373000.0,,917373000.0,2275608385.0,23.0,14.23,-26632000.0,-0.33,1.0,132726000.0,0.454,1347802000.0,8916000.0,1339407000.0,,0.0,7276000.0,0.0,7276000.0,1256543000.0,197916000.0,1058627000.0,1693958385.0,-92712000.0,-55199000.0,-584000.0,-750000.0,-4040000.0,-11885000.0,-67637000.0,-115000.0,-13192000.0,2000.0,-6814000.0,-6814000.0,-6814000.0,0.0,0.0,-0.023,114621000.0,18105000.0,32230000.0,-0.625,1.847,42.332,43.75,298543000.0,0.0,21.0,1.417,1.417,301290000.0,-97083000.0,292163000.0,292163000.0,0.0,,,,,7352000.0,110203000.0,1.0,80664685.0,80664685.0,,3.622,826114000.0,9857000.0,-4334000.0,22061000.0,10.241,199583000.0
10,SSP,MRQ,2018-12-31,2018-12-31,2018-12-31,2021-08-25,-95397000.0,2130061000.0,,471017000.0,1659044000.0,,11.382,-7814000.0,107114000.0,107114000.0,113947000.0,21979000.0,2.378,1.3,688764000.0,3000000.0,685764000.0,688764000.0,11459000.0,14311000.0,0.0,0.013,0.05,45743000.0,60054000.0,0.189,60054000.0,45743000.0,36600000.0,0.27,0.26,0.27,926165000.0,,926165000.0,1828447504.0,23.0,13.055,59309000.0,0.729,1.0,203103000.0,0.641,1312966000.0,9143000.0,1200686000.0,,0.0,7162000.0,0.0,7162000.0,1203896000.0,198059000.0,1005837000.0,1268978504.0,-22629000.0,-149469000.0,-2053000.0,-750000.0,-4033000.0,-6631000.0,-83106000.0,-479000.0,67123000.0,-15000.0,21979000.0,21979000.0,21979000.0,27786000.0,0.0,0.069,101370000.0,101733000.0,26919000.0,0.185,1.37,62.263,62.92,237927000.0,0.0,15.73,1.096,1.106,300572000.0,-86229000.0,317050000.0,317050000.0,0.0,,,,,372000.0,86747000.0,1.0,80672505.0,81369000.0,,3.896,817095000.0,9141000.0,14621000.0,25531000.0,10.042,272958000.0
11,SSP,MRQ,2018-09-30,2018-09-30,2018-09-30,2021-08-25,-99126000.0,2068030000.0,,560932000.0,1507098000.0,,11.05,-13287000.0,129743000.0,129743000.0,149980000.0,19131000.0,2.669,1.283,689212000.0,3000000.0,686212000.0,689212000.0,17692000.0,15598000.0,0.0,0.009,0.05,35342000.0,50940000.0,0.168,50940000.0,35342000.0,26339000.0,0.23,0.23,0.23,905652000.0,,905652000.0,1918963192.0,39.0,17.457,37945000.0,0.463,1.0,152746000.0,0.505,1171517000.0,9003000.0,1245789000.0,,0.0,7299000.0,0.0,7299000.0,1162378000.0,210193000.0,952185000.0,1352367192.0,4024000.0,0.0,-25861000.0,-3406000.0,-4140000.0,-32681000.0,-14527000.0,0.0,51232000.0,0.0,19131000.0,19131000.0,19131000.0,908000.0,0.0,0.063,97324000.0,55422000.0,38213000.0,0.217,1.493,251.65,412.5,223629000.0,0.0,16.5,1.227,1.227,254682000.0,-104021000.0,302726000.0,302726000.0,0.0,,,,,2000000.0,96129000.0,1.0,81961648.0,81961648.0,,3.694,896513000.0,15730000.0,7208000.0,0.0,10.938,350739000.0
12,SSP,MRQ,2018-06-30,2018-06-30,2018-06-30,2021-08-25,-101442000.0,2089925000.0,,569556000.0,1520369000.0,,11.163,-14630000.0,125719000.0,125719000.0,148209000.0,5720000.0,2.828,1.292,692315000.0,5656000.0,686659000.0,692315000.0,7544000.0,15382000.0,0.0,0.007,0.05,17982000.0,33364000.0,0.118,33364000.0,17982000.0,8703000.0,0.06,0.06,0.06,911864000.0,,911864000.0,1656171286.0,-63.0,50.152,2911000.0,0.036,1.0,135186000.0,0.477,1172864000.0,9279000.0,1282285000.0,,0.0,7351000.0,0.0,7351000.0,1178061000.0,201372000.0,976689000.0,1093794286.0,-4666000.0,0.0,1623000.0,-750000.0,-4097000.0,-3963000.0,-18244000.0,38000.0,17541000.0,0.0,5720000.0,5720000.0,5720000.0,2942000.0,0.0,0.02,97401000.0,37785000.0,32402000.0,0.833,1.2,-27.047,-26.255,218628000.0,0.0,13.39,1.094,1.094,250728000.0,-119012000.0,283395000.0,283395000.0,0.0,,,,,3470000.0,95071000.0,1.0,81687400.0,81687400.0,,3.469,917061000.0,17524000.0,2983000.0,0.0,11.226,368184000.0
13,SSP,MRQ,2018-03-31,2018-03-31,2018-03-31,2021-08-25,-102182000.0,2083982000.0,,561043000.0,1522939000.0,,11.098,-11362000.0,130385000.0,130385000.0,136386000.0,-27081000.0,2.889,1.304,692762000.0,5656000.0,687106000.0,692762000.0,7184000.0,15420000.0,0.0,0.004,0.05,-19721000.0,-4301000.0,-0.017,-4301000.0,-19721000.0,-28480000.0,-0.33,-0.33,-0.33,904688000.0,,904688000.0,1521946162.0,-67.0,43.339,-6347000.0,-0.078,1.0,117805000.0,0.463,1174602000.0,8759000.0,1277580000.0,,0.0,7776000.0,0.0,7776000.0,1179294000.0,194177000.0,985117000.0,977370162.0,-18314000.0,0.0,-4175000.0,-750000.0,-4125000.0,-11722000.0,-11607000.0,-117000.0,5015000.0,0.0,-26449000.0,-26449000.0,-26449000.0,18504000.0,-632000.0,-0.104,102296000.0,15509000.0,27770000.0,-0.152,1.08,-25.983,-25.511,212040000.0,0.0,11.99,1.048,1.048,236199000.0,-120635000.0,254191000.0,254191000.0,0.0,,,,,4658000.0,98489000.0,1.0,81515443.0,81515443.0,,3.118,909380000.0,22037000.0,-2031000.0,0.0,11.156,366866000.0
14,SSP,MRQ,2017-12-31,2017-12-31,2017-12-31,2021-08-25,-102922000.0,2129548000.0,,605534000.0,1524014000.0,,11.418,-5023000.0,148699000.0,148699000.0,130729000.0,5461000.0,2.873,1.272,693275000.0,5656000.0,687619000.0,693275000.0,7353000.0,14926000.0,0.0,0.0,0.0,14999000.0,29925000.0,0.114,29925000.0,14999000.0,6465000.0,0.08,0.08,0.08,936853000.0,,936853000.0,1549400298.0,-240.0,31.063,2995000.0,0.037,1.0,131017000.0,0.501,1181924000.0,8534000.0,1281412000.0,,0.0,7699000.0,0.0,7699000.0,1192063000.0,210788000.0,981275000.0,1280100298.0,22164000.0,-280940000.0,-6181000.0,298271000.0,0.0,289727000.0,-275581000.0,697000.0,8018000.0,0.0,6972000.0,6972000.0,6972000.0,5999000.0,-1511000.0,0.027,98209000.0,32808000.0,23647000.0,0.0,1.366,-97.673,-97.688,209995000.0,0.0,15.63,1.46,1.462,245365000.0,-90061000.0,261746000.0,261746000.0,0.0,,,,,1549000.0,96194000.0,1.0,81900211.0,82052000.0,,3.19,947624000.0,20076000.0,-507000.0,0.0,11.549,394746000.0
15,SSP,MRQ,2017-09-30,2017-09-30,2017-09-30,2021-08-25,-91270000.0,1686610000.0,,354932000.0,1331678000.0,,11.278,-4168000.0,126535000.0,126535000.0,98151000.0,-26684000.0,3.266,0.817,395835000.0,2656000.0,393179000.0,395835000.0,7088000.0,13775000.0,0.0,0.0,0.0,-39740000.0,-25965000.0,-0.129,-25965000.0,-39740000.0,-45460000.0,-0.32,-0.32,-0.32,926831000.0,,926831000.0,1819037575.0,47.0,19.911,-329000.0,-0.004,1.0,102358000.0,0.51,1043775000.0,5720000.0,803457000.0,,0.0,14137000.0,0.0,14137000.0,757636000.0,108678000.0,648958000.0,1570431575.0,-23114000.0,0.0,-5447000.0,-2656000.0,0.0,-9962000.0,-16991000.0,-699000.0,3839000.0,0.0,-26684000.0,-26684000.0,-26684000.0,-920000.0,0.0,-0.133,91033000.0,11325000.0,28708000.0,0.0,1.694,86.009,86.864,247156000.0,0.0,19.11,1.917,1.917,197152000.0,-116202000.0,200509000.0,200509000.0,0.0,,,,,3446000.0,88626000.0,1.0,82178523.0,82178523.0,,2.44,642835000.0,10488000.0,-18776000.0,3889000.0,7.822,246254000.0
16,SSP,MRQ,2017-06-30,2017-06-30,2017-06-30,2021-08-25,-91989000.0,1741381000.0,,380057000.0,1361324000.0,,11.6,-4825000.0,149649000.0,149649000.0,96105000.0,8545000.0,3.838,0.82,398255000.0,2656000.0,395599000.0,398255000.0,4789000.0,13781000.0,0.0,0.0,0.0,21677000.0,35458000.0,0.164,35458000.0,21677000.0,13429000.0,0.1,0.1,0.1,955406000.0,,955406000.0,1726945813.0,16.0,10.865,14693000.0,0.178,1.0,120137000.0,0.556,1073446000.0,8248000.0,817514000.0,,0.0,13520000.0,0.0,13520000.0,783832000.0,99027000.0,684805000.0,1466838813.0,17381000.0,0.0,-4497000.0,11437000.0,0.0,-226000.0,-1911000.0,-225000.0,19518000.0,0.0,8545000.0,8545000.0,8545000.0,-1690000.0,0.0,0.04,87990000.0,32147000.0,25701000.0,0.0,1.535,25.526,25.812,252044000.0,0.0,17.81,1.722,1.722,200215000.0,-88717000.0,216242000.0,216242000.0,0.0,,,,,3095000.0,87990000.0,1.0,82360405.0,82360405.0,,2.626,667935000.0,9538000.0,4884000.0,19570000.0,8.11,281030000.0
17,SSP,MRQ,2017-03-31,2017-03-31,2017-03-31,2021-08-25,-92668000.0,1714263000.0,,341799000.0,1372464000.0,,11.561,-3916000.0,132268000.0,132268000.0,89489000.0,-1939000.0,3.759,0.809,392375000.0,2656000.0,389719000.0,392375000.0,6292000.0,13861000.0,0.0,0.0,0.0,-3399000.0,10462000.0,0.053,10462000.0,-3399000.0,-7594000.0,-0.02,-0.02,-0.02,947454000.0,,947454000.0,2179828478.0,20.0,13.529,5561000.0,0.068,1.0,108986000.0,0.549,1078941000.0,4195000.0,804508000.0,,0.0,14499000.0,0.0,14499000.0,766809000.0,90921000.0,675888000.0,1920995478.0,-2084000.0,0.0,-299000.0,-979000.0,0.0,-6977000.0,-4584000.0,-609000.0,9477000.0,0.0,-1939000.0,-1939000.0,-1939000.0,-794000.0,0.0,-0.01,94925000.0,14061000.0,30518000.0,0.0,2.028,31.8,32.11,256070000.0,0.0,23.44,2.225,2.225,190110000.0,-96513000.0,198475000.0,198475000.0,0.0,,,,,7782000.0,94925000.0,1.0,81953732.0,81953732.0,,2.422,635322000.0,9575000.0,-5655000.0,13486000.0,7.752,250878000.0
18,SSP,MRQ,2016-12-31,2016-12-31,2016-12-31,2021-08-25,-93347000.0,1735906000.0,,345895000.0,1390011000.0,,11.35,-4321000.0,134352000.0,134352000.0,200592000.0,38337000.0,3.322,0.835,393185000.0,6571000.0,386614000.0,393185000.0,6410000.0,11115000.0,0.0,0.0,0.0,60287000.0,71402000.0,0.35,71402000.0,60287000.0,55851000.0,0.46,0.46,0.46,945935000.0,,945935000.0,1905234819.0,16.0,10.966,61184000.0,0.734,1.0,3504000.0,0.017,993334000.0,4436000.0,897274000.0,,0.0,14221000.0,0.0,14221000.0,789971000.0,104131000.0,685840000.0,1602421819.0,40514000.0,0.0,-14728000.0,-3635000.0,0.0,-18165000.0,-6826000.0,-400000.0,65505000.0,0.0,38337000.0,38337000.0,38337000.0,-7313000.0,0.0,0.188,-66250000.0,69754000.0,15976000.0,0.0,1.694,23.833,24.163,225437000.0,0.0,19.33,1.832,1.842,178537000.0,-94077000.0,204096000.0,204096000.0,0.0,,,,,1737000.0,-66250000.0,1.0,82898180.0,83339000.0,,2.449,742572000.0,16608000.0,17514000.0,0.0,8.91,241764000.0
19,SSP,MRQ,2016-09-30,2016-09-30,2016-09-30,2021-08-25,-87658000.0,1684874000.0,,292214000.0,1392660000.0,,11.091,-8208000.0,93838000.0,93838000.0,49791000.0,12522000.0,2.733,0.819,396651000.0,9312000.0,387339000.0,396651000.0,14608000.0,14892000.0,0.0,0.0,0.0,26729000.0,41621000.0,0.179,41621000.0,26729000.0,22137000.0,0.15,0.15,0.15,926473000.0,,926473000.0,1653773797.0,87.0,22.044,35419000.0,0.424,1.0,183249000.0,0.786,1090369000.0,4592000.0,790414000.0,,0.0,14344000.0,0.0,14344000.0,758401000.0,106904000.0,651497000.0,1328231797.0,21899000.0,0.0,-10987000.0,-1000000.0,0.0,-13714000.0,-8014000.0,0.0,43627000.0,0.0,12522000.0,12522000.0,12522000.0,0.0,0.0,0.054,137401000.0,45848000.0,27573000.0,0.0,1.434,180.319,144.545,262870000.0,0.0,15.9,1.632,1.632,184487000.0,-132386000.0,233040000.0,233040000.0,0.0,,,,,259000.0,137401000.0,1.0,83536591.0,83536591.0,,2.79,594505000.0,11722000.0,9615000.0,0.0,7.117,185310000.0
20,SSP,MRQ,2016-06-30,2016-06-30,2016-06-30,2021-08-25,-88416000.0,1687289000.0,,277583000.0,1409706000.0,,11.002,-7061000.0,71939000.0,71939000.0,50284000.0,11488000.0,2.647,0.825,397481000.0,6656000.0,390825000.0,397481000.0,7297000.0,14786000.0,0.0,0.0,0.0,22852000.0,37638000.0,0.165,37638000.0,22852000.0,18420000.0,0.14,0.13,0.14,924401000.0,,924401000.0,1627464730.0,-51.0,64.134,23959000.0,0.285,1.0,177533000.0,0.779,1096853000.0,4432000.0,811119000.0,,0.0,14840000.0,0.0,14840000.0,762888000.0,104859000.0,658029000.0,1330864730.0,-29773000.0,-43500000.0,-8555000.0,-1000000.0,0.0,-10075000.0,-50718000.0,-175000.0,31020000.0,0.0,11488000.0,11488000.0,11488000.0,0.0,0.0,0.05,135966000.0,41567000.0,29024000.0,0.0,1.44,-44.963,-48.0,263696000.0,0.0,15.84,1.728,1.728,191243000.0,-144249000.0,227817000.0,227817000.0,0.0,,,,,3304000.0,135966000.0,1.0,84019238.0,84019238.0,,2.711,590436000.0,21858000.0,6932000.0,0.0,7.027,172724000.0
21,SSP,MRQ,2016-03-31,2016-03-31,2016-03-31,2021-08-25,-89108000.0,1673425000.0,,290644000.0,1382781000.0,,10.942,-6321000.0,101712000.0,101712000.0,45747000.0,4888000.0,2.99,0.822,398312000.0,6656000.0,391656000.0,398312000.0,7317000.0,14411000.0,0.0,0.0,0.0,8672000.0,23083000.0,0.11,23083000.0,8672000.0,4093000.0,0.06,0.06,0.06,918236000.0,,918236000.0,1592867648.0,-18.0,-48.841,20000.0,0.0,1.0,163751000.0,0.782,1059217000.0,4579000.0,813603000.0,,0.0,14992000.0,0.0,14992000.0,755189000.0,97205000.0,657984000.0,1308345648.0,-12909000.0,0.0,-5490000.0,-1000000.0,0.0,-11380000.0,-7870000.0,-1553000.0,6341000.0,0.0,4888000.0,4888000.0,4888000.0,0.0,0.0,0.023,137031000.0,26720000.0,27736000.0,0.0,1.425,-18.049,-18.56,265829000.0,0.0,15.59,1.766,1.766,172793000.0,-155578000.0,209498000.0,209498000.0,0.0,,,,,5557000.0,136453000.0,1.0,83922107.0,83922107.0,,2.496,614208000.0,33663000.0,-795000.0,0.0,7.319,193439000.0
22,SSP,MRQ,2015-12-31,2015-12-31,2015-12-31,2021-08-25,-89802000.0,1680860000.0,,302630000.0,1378230000.0,,11.645,8941000.0,114621000.0,114621000.0,146579000.0,-21532000.0,2.526,0.866,399143000.0,6656000.0,392487000.0,399143000.0,8508000.0,11857000.0,0.0,0.0,0.0,-39179000.0,-27322000.0,-0.191,-27322000.0,-39179000.0,-43755000.0,-0.24,-0.24,-0.24,900983000.0,,900983000.0,1909229435.0,-18.0,-34.419,32592000.0,0.421,1.0,-3252000.0,-0.023,1064974000.0,4576000.0,780585000.0,,0.0,13856000.0,0.0,13856000.0,779877000.0,119823000.0,660054000.0,1593527435.0,26469000.0,0.0,-4113000.0,-1137000.0,0.0,-6285000.0,9103000.0,-571000.0,23651000.0,0.0,-21532000.0,-21532000.0,-21532000.0,-6827000.0,0.0,-0.15,-28936000.0,25684000.0,31606000.0,0.0,1.769,-19.321,-17.925,271047000.0,0.0,19.0,2.436,2.247,171901000.0,-174038000.0,143327000.0,143327000.0,0.0,,,,,1480000.0,-20189000.0,1.0,83869865.0,77373000.0,,1.852,615886000.0,18266000.0,-22223000.0,0.0,7.96,182807000.0
23,SSP,MRQ,2015-09-30,2015-09-30,2015-09-30,2021-08-25,-125052000.0,1681710000.0,,294273000.0,1387437000.0,,10.593,-6465000.0,87902000.0,87902000.0,42166000.0,-24443000.0,2.639,0.884,403604000.0,6792000.0,396812000.0,403604000.0,10999000.0,16273000.0,0.0,0.0,0.0,-24296000.0,-8023000.0,-0.042,-8023000.0,-24296000.0,-28542000.0,-0.29,-0.29,-0.29,892454000.0,,892454000.0,1787769237.0,-38.0,-3322.991,41724000.0,0.495,1.0,147525000.0,0.778,1064348000.0,4246000.0,821560000.0,,0.0,14876000.0,0.0,14876000.0,789256000.0,111504000.0,677752000.0,1488626237.0,-20078000.0,-49368000.0,-7716000.0,-3519000.0,0.0,-11797000.0,-56470000.0,-637000.0,48189000.0,0.0,-24443000.0,-24443000.0,-24443000.0,0.0,0.0,-0.129,131796000.0,15729000.0,21994000.0,0.0,1.668,-32.913,-36.812,269792000.0,0.0,17.67,2.25,2.25,167445000.0,-147969000.0,189691000.0,189691000.0,0.0,,,,,507000.0,124614000.0,1.0,84245967.0,84245967.0,,2.252,617362000.0,30175000.0,-4099000.0,3201000.0,7.328,182769000.0
24,SSP,MRQ,2015-06-30,2015-06-30,2015-06-30,2021-08-25,-125873000.0,1698720000.0,,332136000.0,1366584000.0,,10.986,-6464000.0,107980000.0,107980000.0,43611000.0,-31403000.0,3.419,0.837,407123000.0,6656000.0,400467000.0,407123000.0,8764000.0,13366000.0,0.0,0.0,0.0,-33717000.0,-20351000.0,-0.103,-20351000.0,-33717000.0,-37942000.0,-0.37,-0.37,-0.37,924890000.0,,924890000.0,1954846324.0,-101.0,99.458,-69416000.0,-0.825,1.0,154523000.0,0.78,1030432000.0,4225000.0,870286000.0,,0.0,13915000.0,0.0,13915000.0,773830000.0,97145000.0,676685000.0,1923645324.0,-58069000.0,2530000.0,-1406000.0,80158000.0,-59523000.0,8567000.0,-3684000.0,0.0,-62952000.0,0.0,-31403000.0,-31403000.0,-31403000.0,18448000.0,0.0,-0.158,156598000.0,-2075000.0,17141000.0,0.0,2.08,-86.937,-108.81,275013000.0,0.0,22.85,3.234,3.234,189874000.0,-117616000.0,198134000.0,198134000.0,0.0,,,,,5419000.0,122505000.0,1.0,84185791.0,84185791.0,,2.354,668288000.0,34875000.0,-6539000.0,0.0,7.938,234991000.0
25,SSP,MRQ,2015-03-31,2015-03-31,2015-03-31,2021-08-25,-125626000.0,1032526000.0,,336200000.0,696326000.0,,9.005,-2300000.0,166299000.0,166299000.0,29260000.0,-5100000.0,2.434,1.001,197500000.0,2000000.0,195500000.0,197500000.0,27242000.0,8295000.0,0.0,0.0,0.0,-8071000.0,224000.0,0.002,224000.0,-8071000.0,-10123000.0,-0.09,-0.09,-0.09,515298000.0,,515298000.0,1660239009.0,142.0,41.078,-2318000.0,-0.041,1.0,93763000.0,0.762,293324000.0,2052000.0,632274000.0,,5831000.0,14698000.0,0.0,14698000.0,515571000.0,138129000.0,377442000.0,1627508009.0,1030000.0,0.0,4262000.0,-500000.0,0.0,11359000.0,-10311000.0,-6450000.0,-18000.0,0.0,-5100000.0,-5100000.0,-5100000.0,-3015000.0,0.0,-0.041,94954000.0,-1191000.0,17123000.0,0.0,3.158,269.41,284.4,336588000.0,0.0,28.44,3.151,3.151,136695000.0,113593000.0,123023000.0,123023000.0,0.0,,,,,2467000.0,89494000.0,1.0,57226020.0,57226020.0,,2.15,739202000.0,53082000.0,-5023000.0,0.0,12.917,198071000.0
26,SSP,MRQ,2014-12-31,2014-12-31,2014-12-31,2021-08-25,-126443000.0,1031104000.0,,315824000.0,715280000.0,,9.199,-4854000.0,165269000.0,165269000.0,30505000.0,15717000.0,2.347,0.986,196373000.0,2000000.0,194373000.0,196373000.0,8812000.0,8549000.0,0.0,0.0,0.0,19063000.0,27612000.0,0.183,27612000.0,19063000.0,16914000.0,0.27,0.27,0.27,518276000.0,,518276000.0,1332891247.0,70.0,26.088,26167000.0,0.464,1.0,120121000.0,0.797,293520000.0,2149000.0,634150000.0,,0.0,9454000.0,0.0,9454000.0,511171000.0,134538000.0,376633000.0,1265570247.0,32690000.0,50000.0,3404000.0,-500000.0,0.0,7138000.0,-5469000.0,-649000.0,31021000.0,0.0,15717000.0,15717000.0,15717000.0,-287000.0,0.0,0.104,85254000.0,34867000.0,13987000.0,0.0,2.442,120.199,124.167,157841000.0,0.0,22.35,2.537,2.525,99609000.0,118693000.0,150626000.0,150626000.0,0.0,,,,,-4736000.0,81112000.0,1.0,56625067.0,56342000.0,,2.673,737584000.0,65366000.0,1197000.0,0.0,13.091,181286000.0
27,SSP,MRQ,2014-09-30,2014-09-30,2014-09-30,2021-08-25,-79417000.0,978443000.0,,289880000.0,688563000.0,,9.523,1706000.0,131179000.0,131179000.0,26431000.0,-1341000.0,2.121,0.825,198500000.0,2000000.0,196500000.0,198500000.0,34058000.0,8706000.0,0.0,0.0,0.0,3464000.0,12170000.0,0.099,12170000.0,3464000.0,1414000.0,-0.02,-0.02,-0.02,535189000.0,,535189000.0,1017285144.0,128.0,38.539,32425000.0,0.577,1.0,96695000.0,0.785,298595000.0,2050000.0,610509000.0,,7495000.0,16765000.0,0.0,16765000.0,441592000.0,136660000.0,304932000.0,916597144.0,32867000.0,-4112000.0,4299000.0,-500000.0,0.0,5980000.0,-3832000.0,-800000.0,30719000.0,0.0,-1341000.0,-1341000.0,-1341000.0,2384000.0,0.0,-0.011,85290000.0,11405000.0,16719000.0,0.0,1.713,342.653,326.2,348979000.0,0.0,16.31,3.24,3.24,125096000.0,102976000.0,123126000.0,123126000.0,0.0,,,,,-1365000.0,80894000.0,1.0,56198476.0,56198476.0,,2.191,679848000.0,25600000.0,2755000.0,0.0,12.097,153220000.0
28,SSP,MRQ,2014-06-30,2014-06-30,2014-06-30,2021-08-25,-79917000.0,954857000.0,,260264000.0,694593000.0,,9.476,-4712000.0,98312000.0,98312000.0,32695000.0,-3235000.0,2.275,0.793,199000000.0,2000000.0,197000000.0,199000000.0,27391000.0,3196000.0,0.0,0.0,0.0,-2785000.0,411000.0,0.003,411000.0,-2785000.0,-4826000.0,-0.06,-0.06,-0.06,531638000.0,,531638000.0,1192728508.0,-250.0,69.836,6143000.0,0.109,1.0,87001000.0,0.727,294714000.0,2041000.0,646454000.0,,6346000.0,16382000.0,0.0,16382000.0,421454000.0,114377000.0,307077000.0,1187157508.0,-95617000.0,-99222000.0,-1388000.0,-983000.0,0.0,-812000.0,-105660000.0,-1050000.0,10855000.0,0.0,-3235000.0,-3235000.0,-3235000.0,399000.0,0.0,-0.027,81699000.0,5302000.0,15556000.0,0.0,2.233,-245.534,-235.111,355125000.0,0.0,21.16,3.398,3.398,128932000.0,104317000.0,119696000.0,119696000.0,0.0,,,,,1800000.0,76441000.0,1.0,56103852.0,56103852.0,,2.133,660143000.0,28275000.0,-1591000.0,0.0,11.766,145887000.0
29,SSP,MRQ,2014-03-31,2014-03-31,2014-03-31,2021-08-25,-80420000.0,951164000.0,,352430000.0,598734000.0,,9.515,-2584000.0,193929000.0,193929000.0,73702000.0,-612000.0,3.128,0.777,199500000.0,2000000.0,197500000.0,199500000.0,27121000.0,11729000.0,0.0,0.0,0.0,1493000.0,13222000.0,0.065,13222000.0,1493000.0,-761000.0,-0.01,-0.01,-0.01,534231000.0,,534231000.0,965430194.0,212.0,27.588,26876000.0,0.479,1.0,130092000.0,0.638,198521000.0,2254000.0,645532000.0,,6180000.0,16025000.0,0.0,16025000.0,414969000.0,112682000.0,302287000.0,994895194.0,-34136000.0,-46000000.0,-10973000.0,-500000.0,0.0,-16620000.0,-46976000.0,-153000.0,29460000.0,0.0,-612000.0,-612000.0,-612000.0,0.0,0.0,-0.003,116357000.0,13735000.0,14811000.0,0.0,1.862,627.694,886.0,347071000.0,0.0,17.72,2.274,2.274,124910000.0,108932000.0,203794000.0,203794000.0,0.0,,,,,2941000.0,114717000.0,1.0,56145327.0,56145327.0,,3.63,752643000.0,26467000.0,-149000.0,0.0,13.405,239748000.0
30,SSP,MRQ,2013-12-31,2013-12-31,2013-12-31,2021-08-25,-80923000.0,966130000.0,,402054000.0,564076000.0,,9.657,-588000.0,229465000.0,229465000.0,-106267000.0,7863000.0,3.554,0.767,200000000.0,2000000.0,198000000.0,200000000.0,28633000.0,-5162000.0,0.0,0.0,0.0,5755000.0,593000.0,-0.004,593000.0,5755000.0,3242000.0,0.14,0.14,0.14,545773000.0,,545773000.0,1183433610.0,-609.0,41.411,6982000.0,0.124,1.0,-57417000.0,0.351,165828000.0,2513000.0,657716000.0,,6543000.0,16567000.0,0.0,16567000.0,418393000.0,113121000.0,305272000.0,1209604610.0,19119000.0,0.0,1509000.0,13355000.0,0.0,16615000.0,-5066000.0,-150000.0,7570000.0,0.0,7863000.0,7863000.0,7863000.0,-9611000.0,0.0,-0.048,-55880000.0,-1537000.0,16529000.0,0.0,2.216,-2551.908,-2172.0,353797000.0,0.0,21.72,2.798,2.839,139703000.0,116893000.0,-163684000.0,-163684000.0,0.0,,,,,-312000.0,-53271000.0,1.0,55690820.0,56516000.0,,-2.896,800302000.0,27030000.0,-4621000.0,0.0,14.161,288933000.0
31,SSP,MRQ,2013-09-30,2013-09-30,2013-09-30,2021-08-25,-113211000.0,963737000.0,,360148000.0,603589000.0,,8.811,-3062000.0,210346000.0,210346000.0,71739000.0,-8851000.0,2.363,0.911,184175000.0,38850000.0,145325000.0,184175000.0,26281000.0,12096000.0,0.0,0.0,0.0,-9243000.0,2853000.0,0.015,2853000.0,-9243000.0,-11898000.0,-0.16,-0.16,-0.16,503023000.0,,503023000.0,1009453584.0,28.0,12.073,17981000.0,0.315,1.0,117796000.0,0.621,167563000.0,2655000.0,617620000.0,,6826000.0,19696000.0,0.0,19696000.0,458500000.0,152383000.0,306117000.0,1047614584.0,-15965000.0,0.0,-27849000.0,-3975000.0,0.0,-33615000.0,-3393000.0,-50000.0,21043000.0,0.0,-8851000.0,-8851000.0,-8851000.0,0.0,0.0,-0.047,113679000.0,4117000.0,17055000.0,0.0,2.083,55.582,59.194,359058000.0,0.0,18.35,1.224,1.224,122832000.0,111192000.0,189535000.0,189535000.0,0.0,,,,,1335000.0,109899000.0,1.0,57090713.0,57090713.0,,3.32,796174000.0,48210000.0,-3047000.0,0.0,13.946,207765000.0
32,SSP,MRQ,2013-06-30,2013-06-30,2013-06-30,2021-08-25,-114213000.0,992931000.0,,384136000.0,608795000.0,,9.434,-7190000.0,226311000.0,226311000.0,74594000.0,3185000.0,2.903,0.842,188150000.0,27200000.0,160950000.0,188150000.0,24402000.0,11774000.0,0.0,0.0,0.0,6552000.0,18326000.0,0.088,18326000.0,6552000.0,3896000.0,0.05,0.05,0.05,537729000.0,,537729000.0,850770419.0,14.0,7.711,8620000.0,0.151,1.0,133259000.0,0.641,169300000.0,2656000.0,653136000.0,,6864000.0,20330000.0,0.0,20330000.0,452988000.0,132334000.0,320654000.0,888055419.0,-3099000.0,0.0,-6152000.0,-3975000.0,0.0,-11719000.0,-7190000.0,-250000.0,15810000.0,0.0,3185000.0,3185000.0,3185000.0,0.0,0.0,0.015,113341000.0,19918000.0,16791000.0,0.0,1.651,22.369,22.912,367567000.0,0.0,15.58,1.002,1.002,130059000.0,131175000.0,207853000.0,207853000.0,0.0,,,,,625000.0,109347000.0,1.0,56999706.0,56999706.0,,3.647,823631000.0,45663000.0,711000.0,0.0,14.45,251802000.0
33,SSP,MRQ,2013-03-31,2013-03-31,2013-03-31,2021-08-25,-115930000.0,1002779000.0,,382634000.0,620145000.0,,9.63,-4979000.0,229410000.0,229410000.0,74098000.0,-2671000.0,3.069,0.858,192125000.0,18550000.0,173575000.0,192125000.0,23566000.0,11814000.0,0.0,0.0,0.0,-5008000.0,6806000.0,0.034,6806000.0,-5008000.0,-7621000.0,-0.05,-0.05,-0.05,538419000.0,,538419000.0,616051002.0,9.0,5.241,-15897000.0,-0.284,1.0,124555000.0,0.627,171038000.0,2613000.0,669789000.0,,6774000.0,21231000.0,0.0,21231000.0,462146000.0,124667000.0,337479000.0,672603002.0,-21442000.0,0.0,4917000.0,-3975000.0,0.0,-6290000.0,-4234000.0,-1125000.0,-10918000.0,0.0,-2671000.0,-2671000.0,-2671000.0,0.0,0.0,-0.013,116440000.0,8115000.0,18152000.0,0.0,1.249,16.04,16.708,370211000.0,0.0,12.03,0.752,0.752,124345000.0,133622000.0,198653000.0,198653000.0,0.0,,,,,4132000.0,113495000.0,1.0,55910474.0,55910474.0,,3.553,831741000.0,49801000.0,-4950000.0,0.0,14.876,257967000.0
34,SSP,MRQ,2012-12-31,2012-12-31,2012-12-31,2021-08-25,-116840000.0,1030768000.0,,402700000.0,628068000.0,,9.793,-15533000.0,252652000.0,252652000.0,80658000.0,26919000.0,2.758,0.913,196100000.0,15900000.0,180200000.0,196100000.0,26240000.0,12287000.0,0.0,0.0,0.0,43339000.0,55626000.0,0.214,55626000.0,43339000.0,40746000.0,0.47,0.47,0.47,537696000.0,,537696000.0,574487348.0,8.0,4.838,32771000.0,0.597,1.0,179095000.0,0.689,172749000.0,2593000.0,655434000.0,,6437000.0,21115000.0,0.0,21115000.0,490858000.0,146033000.0,344825000.0,594090348.0,32974000.0,-266000.0,5640000.0,-4968000.0,0.0,-1502000.0,-13828000.0,-400000.0,48304000.0,0.0,27185000.0,27185000.0,27185000.0,0.0,-266000.0,0.105,121016000.0,58079000.0,23329000.0,0.0,1.105,14.783,15.443,374931000.0,0.0,10.81,0.658,0.657,125639000.0,136293000.0,259753000.0,259753000.0,0.0,,,,,1940000.0,115236000.0,1.0,54957479.0,54907000.0,,4.731,858019000.0,46231000.0,13561000.0,0.0,15.627,256667000.0
35,SSP,MRQ,2012-09-30,2012-09-30,2012-09-30,2021-08-25,-96919000.0,984209000.0,,370357000.0,613852000.0,,9.591,-8080000.0,219678000.0,219678000.0,73785000.0,12002000.0,2.518,0.876,200075000.0,15900000.0,184175000.0,200075000.0,31064000.0,12136000.0,0.0,0.0,0.0,17438000.0,29574000.0,0.135,29574000.0,17438000.0,14150000.0,0.21,0.21,0.21,523377000.0,,523377000.0,608110996.0,18.0,7.594,48260000.0,0.884,1.0,145859000.0,0.664,174501000.0,3288000.0,643049000.0,,6484000.0,25546000.0,0.0,25546000.0,458352000.0,147056000.0,311296000.0,581176996.0,42562000.0,0.0,813000.0,-3975000.0,0.0,-2054000.0,-11724000.0,-3394000.0,56340000.0,0.0,12002000.0,12002000.0,12002000.0,0.0,0.0,0.055,115305000.0,30554000.0,19215000.0,0.0,1.11,30.121,32.273,369909000.0,0.0,10.65,0.691,0.691,119444000.0,109108000.0,219644000.0,219644000.0,0.0,,,,,1507000.0,110971000.0,1.0,54570610.0,54570610.0,,4.025,809708000.0,42455000.0,2148000.0,0.0,14.838,223301000.0
36,SSP,MRQ,2012-06-30,2012-06-30,2012-06-30,2021-08-25,-97138000.0,957549000.0,,335339000.0,622210000.0,,9.186,-4949000.0,177116000.0,177116000.0,73927000.0,5416000.0,2.607,0.88,204050000.0,15900000.0,188150000.0,204050000.0,26851000.0,12603000.0,0.0,0.0,0.0,12932000.0,25535000.0,0.118,25535000.0,12932000.0,9721000.0,0.09,0.09,0.09,508072000.0,,508072000.0,589556980.0,-326.0,13.8,42380000.0,0.766,1.0,143007000.0,0.659,176875000.0,3211000.0,679002000.0,,6340000.0,22925000.0,0.0,22925000.0,446997000.0,128606000.0,318391000.0,531520980.0,27127000.0,0.0,-10685000.0,-3975000.0,0.0,-14715000.0,-5487000.0,-547000.0,47329000.0,0.0,5416000.0,5416000.0,5416000.0,0.0,0.0,0.025,115825000.0,27182000.0,14477000.0,0.0,1.046,-155.008,-137.286,372310000.0,0.0,9.61,0.673,0.673,128043000.0,97106000.0,216934000.0,216934000.0,0.0,,,,,1444000.0,111651000.0,1.0,55309155.0,55309155.0,,3.922,780674000.0,47409000.0,4305000.0,0.0,14.115,206733000.0
37,SSP,MRQ,2012-03-31,2012-03-31,2012-03-31,2021-08-25,-96933000.0,963218000.0,,330680000.0,632538000.0,,9.386,-1137000.0,149989000.0,149989000.0,74577000.0,-4415000.0,2.627,0.883,208025000.0,15900000.0,192125000.0,208025000.0,26075000.0,12306000.0,0.0,0.0,0.0,-4290000.0,8016000.0,0.039,8016000.0,-4290000.0,-7444000.0,-0.08,-0.08,-0.08,510234000.0,,510234000.0,610664866.0,-36.0,24.471,19472000.0,0.358,1.0,132550000.0,0.64,178673000.0,3154000.0,716713000.0,,6681000.0,23270000.0,0.0,23270000.0,450504000.0,125868000.0,324636000.0,536563866.0,12090000.0,0.0,-1117000.0,-3975000.0,0.0,-7134000.0,-1385000.0,-725000.0,20609000.0,0.0,-4415000.0,-4415000.0,-4415000.0,0.0,0.0,-0.021,124659000.0,7891000.0,16222000.0,0.0,1.052,-48.527,-49.35,378389000.0,0.0,9.87,0.71,0.71,121724000.0,91690000.0,207127000.0,207127000.0,0.0,,,,,-874000.0,115166000.0,1.0,54363107.0,54363107.0,,3.81,784545000.0,74817000.0,-3029000.0,0.0,14.432,204812000.0
38,SSP,MRQ,2011-12-31,2011-12-31,2011-12-31,2021-08-25,-97548000.0,970528000.0,,325410000.0,645118000.0,,8.992,-6034000.0,137899000.0,137899000.0,69869000.0,6142000.0,2.602,0.881,212000000.0,15900000.0,196100000.0,212000000.0,26373000.0,9568000.0,0.0,0.0,0.0,7385000.0,16953000.0,0.086,16953000.0,7385000.0,6912000.0,0.11,0.11,0.11,514521000.0,,514521000.0,280817713.0,-12.0,17.366,4252000.0,0.074,1.0,127528000.0,0.646,180449000.0,473000.0,739132000.0,,6783000.0,23214000.0,0.0,23214000.0,453527000.0,125048000.0,328479000.0,438301713.0,-19585000.0,-216143000.0,-11573000.0,203129000.0,0.0,192541000.0,-222412000.0,-4623000.0,10286000.0,0.0,6292000.0,6292000.0,6292000.0,0.0,-150000.0,0.032,110562000.0,16966000.0,17697000.0,0.0,0.852,-28.21,-29.667,387972000.0,0.0,8.01,0.602,0.629,135537000.0,96105000.0,197397000.0,197397000.0,0.0,,,,,483000.0,101535000.0,1.0,54719315.0,57217000.0,,3.45,790079000.0,69718000.0,620000.0,0.0,13.808,200362000.0
39,SSP,MRQ,2011-09-30,2011-09-30,2011-09-30,2021-08-25,-80019000.0,748716000.0,,316496000.0,432220000.0,,9.353,-2118000.0,157484000.0,157484000.0,65292000.0,-10722000.0,2.862,0.392,0.0,0.0,0.0,0.0,27020000.0,10052000.0,0.0,0.0,0.0,-17833000.0,-7781000.0,-0.046,-7781000.0,-17833000.0,-18195000.0,-0.19,-0.19,-0.19,536069000.0,,536069000.0,234235560.0,524.0,5.587,14374000.0,0.251,1.0,102579000.0,0.611,22154000.0,362000.0,458479000.0,,6984000.0,17411000.0,0.0,17411000.0,210017000.0,110599000.0,99418000.0,401219560.0,-9500000.0,0.0,-15671000.0,0.0,0.0,-18426000.0,-7566000.0,-5448000.0,16492000.0,0.0,-10722000.0,-10722000.0,-10722000.0,0.0,0.0,-0.064,101946000.0,633000.0,19075000.0,0.0,0.748,105.362,350.0,354889000.0,0.0,7.0,0.534,0.534,96538000.0,89813000.0,167871000.0,167871000.0,0.0,,,,,1170000.0,97174000.0,1.0,57317080.0,57317080.0,,2.929,726562000.0,72471000.0,-7473000.0,0.0,12.676,205897000.0
40,SSP,MRQ,2011-06-30,2011-06-30,2011-06-30,2021-08-25,-80629000.0,768673000.0,,324379000.0,444294000.0,,9.475,-2775000.0,166984000.0,166984000.0,71006000.0,-2212000.0,3.029,0.367,0.0,0.0,0.0,0.0,26101000.0,10029000.0,0.0,0.0,0.0,-2262000.0,7767000.0,0.042,7767000.0,-2262000.0,-2674000.0,-0.04,-0.04,-0.04,560339000.0,,560339000.0,380268443.0,19.0,6.138,-6984000.0,-0.118,1.0,112028000.0,0.612,22473000.0,412000.0,472118000.0,,6951000.0,12080000.0,0.0,12080000.0,205704000.0,107098000.0,98606000.0,571873443.0,-24621000.0,0.0,-16071000.0,0.0,0.0,-16113000.0,-4299000.0,-1524000.0,-4209000.0,0.0,-2212000.0,-2212000.0,-2212000.0,0.0,0.0,-0.012,104013000.0,8015000.0,18515000.0,0.0,1.021,27.527,31.194,371216000.0,0.0,9.67,0.745,0.745,101735000.0,100535000.0,183034000.0,183034000.0,0.0,,,,,1989000.0,100620000.0,1.0,59138929.0,59138929.0,,3.095,746200000.0,64891000.0,-462000.0,0.0,12.618,217281000.0
41,SSP,MRQ,2011-03-31,2011-03-31,2011-03-31,2021-08-25,-81089000.0,796750000.0,,343167000.0,453583000.0,,9.859,-1256000.0,191605000.0,191605000.0,71224000.0,-8895000.0,2.882,0.378,0.0,0.0,0.0,0.0,27764000.0,10420000.0,0.0,0.0,0.0,-11188000.0,-768000.0,-0.004,-768000.0,-11188000.0,-11581000.0,-0.15,-0.15,-0.15,576379000.0,,576379000.0,374709106.0,3.0,2.231,-9038000.0,-0.155,1.0,109134000.0,0.605,22791000.0,393000.0,463273000.0,,6770000.0,10661000.0,0.0,10661000.0,217741000.0,119081000.0,98660000.0,578783106.0,-23329000.0,0.0,-5554000.0,0.0,0.0,-9331000.0,-6216000.0,2550000.0,-7782000.0,0.0,-8895000.0,-8895000.0,-8895000.0,0.0,0.0,-0.049,109176000.0,-42000.0,21386000.0,0.0,1.004,4.725,5.183,380798000.0,0.0,9.9,0.749,0.749,99326000.0,102746000.0,180358000.0,180358000.0,0.0,,,,,-2259000.0,105511000.0,1.0,58462940.0,58462940.0,,3.085,773959000.0,63786000.0,-2686000.0,0.0,13.238,224086000.0
42,SSP,MRQ,2010-12-31,2010-12-31,2010-12-31,2021-08-25,-81547000.0,827542000.0,,362579000.0,464963000.0,,10.358,-6943000.0,207424000.0,207424000.0,72437000.0,25534000.0,2.618,0.401,0.0,0.0,0.0,0.0,26072000.0,10974000.0,0.0,0.0,0.0,31730000.0,42704000.0,0.194,42704000.0,31730000.0,30498000.0,0.4,0.39,0.4,588902000.0,,588902000.0,419356356.0,3.0,2.331,9550000.0,0.168,1.0,147801000.0,0.671,23107000.0,1232000.0,458527000.0,,7859000.0,10652000.0,0.0,10652000.0,236010000.0,138484000.0,97526000.0,587951356.0,35436000.0,0.0,3119000.0,-330000.0,0.0,2167000.0,16776000.0,10746000.0,16493000.0,0.0,25637000.0,25637000.0,25637000.0,-1872000.0,-103000.0,0.116,107962000.0,39839000.0,34091000.0,0.0,0.998,4.505,4.975,389650000.0,0.0,10.15,0.757,0.743,115568000.0,111641000.0,220238000.0,220238000.0,0.0,,,,,2161000.0,98688000.0,1.0,57926242.0,56857000.0,,3.874,804435000.0,54354000.0,4861000.0,7310000.0,14.148,224095000.0
43,SSP,MRQ,2010-09-30,2010-09-30,2010-09-30,2021-08-25,-87740000.0,818356000.0,,346376000.0,471980000.0,,9.576,-4538000.0,169488000.0,169488000.0,64581000.0,6245000.0,2.316,0.481,893000.0,0.0,893000.0,893000.0,30720000.0,10724000.0,0.0,0.0,0.0,1527000.0,12251000.0,0.067,12251000.0,1527000.0,786000.0,0.1,0.1,0.1,550594000.0,,550594000.0,331541770.0,3.0,2.043,55716000.0,0.969,1.0,119006000.0,0.648,23444000.0,741000.0,476767000.0,,7707000.0,35068000.0,24599000.0,10469000.0,265029000.0,149550000.0,115479000.0,453056770.0,47038000.0,0.0,707000.0,0.0,0.0,-1371000.0,-11845000.0,-7215000.0,60254000.0,0.0,6245000.0,6245000.0,6245000.0,-820000.0,0.0,0.034,107089000.0,11917000.0,30500000.0,0.0,0.823,3.873,4.191,392132000.0,0.0,7.88,0.602,0.602,99122000.0,86816000.0,183587000.0,183587000.0,0.0,,,,,752000.0,103883000.0,1.0,57494514.0,57494514.0,,3.193,794912000.0,67125000.0,-5459000.0,11114000.0,13.826,196826000.0
44,SSP,MRQ,2010-06-30,2010-06-30,2010-06-30,2021-08-25,-90612000.0,801419000.0,,312409000.0,489010000.0,,9.568,-1935000.0,122450000.0,122450000.0,69417000.0,99507000.0,2.422,0.466,935000.0,0.0,935000.0,935000.0,25167000.0,11577000.0,0.0,0.0,0.0,102169000.0,113746000.0,0.603,113746000.0,102169000.0,101324000.0,1.56,1.55,1.56,544694000.0,,544694000.0,428366746.0,4.0,2.72,-44300000.0,-0.778,1.0,119368000.0,0.632,23785000.0,845000.0,527119000.0,,7548000.0,28046000.0,17361000.0,10685000.0,253992000.0,129000000.0,124992000.0,422958746.0,117549000.0,0.0,2451000.0,-10400000.0,0.0,-6193000.0,166535000.0,5488000.0,-42365000.0,0.0,99507000.0,99507000.0,99507000.0,-97659000.0,0.0,0.527,104557000.0,14811000.0,28209000.0,0.0,0.777,3.936,4.32,398527000.0,0.0,7.43,0.573,0.573,102865000.0,87681000.0,188785000.0,188785000.0,0.0,,,,,457000.0,100837000.0,1.0,56925807.0,56925807.0,,3.316,777634000.0,94166000.0,1817000.0,9280000.0,13.66,183409000.0
45,SSP,MRQ,2010-03-31,2010-03-31,2010-03-31,2021-08-25,-90756000.0,772419000.0,,250461000.0,521958000.0,,7.987,-4825000.0,5968000.0,5968000.0,68625000.0,-880000.0,1.836,0.756,11376000.0,0.0,11376000.0,11376000.0,37241000.0,11619000.0,0.0,0.0,0.0,-411000.0,11208000.0,0.061,11208000.0,-411000.0,-1259000.0,-0.02,-0.02,-0.02,437888000.0,,437888000.0,484779749.0,41.0,8.664,26764000.0,0.488,1.0,115655000.0,0.628,24136000.0,848000.0,617245000.0,,7087000.0,33540000.0,22872000.0,10668000.0,331175000.0,136446000.0,194729000.0,463268749.0,-2780000.0,0.0,2117000.0,-24500000.0,0.0,-23637000.0,-16389000.0,-10692000.0,31589000.0,0.0,-880000.0,-880000.0,-880000.0,-1185000.0,0.0,-0.005,104532000.0,11123000.0,37489000.0,0.0,1.058,45.352,42.25,414168000.0,0.0,8.45,0.635,0.635,109093000.0,-11826000.0,184280000.0,184280000.0,0.0,,,,,-4037000.0,101189000.0,1.0,54824704.0,54824704.0,,3.361,748283000.0,146039000.0,-379000.0,0.0,13.649,114015000.0
46,SSP,MRQ,2009-12-31,2009-12-31,2009-12-31,2021-08-25,-91459000.0,786348000.0,,258175000.0,528173000.0,,7.975,-4035000.0,7681000.0,7681000.0,66462000.0,12208000.0,1.909,0.821,35916000.0,0.0,35916000.0,35916000.0,26773000.0,11430000.0,0.0,0.0,0.0,13678000.0,25108000.0,0.128,25108000.0,13678000.0,12682000.0,0.24,0.24,0.24,429895000.0,,429895000.0,399227889.0,-2.0,-2.047,-10918000.0,-0.203,1.0,130017000.0,0.662,23635000.0,996000.0,655688000.0,,6989000.0,22840000.0,12180000.0,10660000.0,353097000.0,135260000.0,217837000.0,380180889.0,-948000.0,0.0,1056000.0,6461000.0,0.0,5582000.0,5298000.0,9556000.0,-6883000.0,0.0,12103000.0,12103000.0,12103000.0,135000.0,105000.0,0.062,106408000.0,23609000.0,25172000.0,0.0,0.884,-1.814,-1.789,417745000.0,0.0,6.96,0.519,0.512,115245000.0,-10946000.0,196479000.0,196479000.0,0.0,,,,,555000.0,100628000.0,1.0,54623691.0,53902000.0,,3.645,762713000.0,136305000.0,579000.0,0.0,14.15,122915000.0
47,SSP,MRQ,2009-09-30,2009-09-30,2009-09-30,2021-08-25,-88751000.0,790633000.0,,246292000.0,544341000.0,,7.987,-11395000.0,10408000.0,10408000.0,63497000.0,-3261000.0,1.824,0.822,29455000.0,0.0,29455000.0,29455000.0,32014000.0,10744000.0,0.0,0.0,0.0,-3347000.0,7397000.0,0.044,7397000.0,-3347000.0,-4496000.0,-0.06,-0.06,-0.06,432039000.0,,432039000.0,468711390.0,-2.0,-2.026,35851000.0,0.663,1.0,105576000.0,0.624,23980000.0,1149000.0,650667000.0,,7064000.0,32066000.0,21254000.0,10812000.0,355343000.0,135033000.0,220310000.0,405711390.0,-117000.0,0.0,1820000.0,-46773000.0,0.0,-45698000.0,-1233000.0,10157000.0,47246000.0,0.0,-3261000.0,-3261000.0,-3261000.0,-2430000.0,0.0,-0.019,101441000.0,4135000.0,37797000.0,0.0,0.939,-1.731,-1.705,432107000.0,0.0,7.5,0.547,0.547,105531000.0,-13132000.0,169073000.0,169073000.0,0.0,,,,,846000.0,100220000.0,1.0,54094852.0,54094852.0,,3.125,766653000.0,138638000.0,-1235000.0,0.0,14.172,111259000.0
48,SSP,MRQ,2009-06-30,2009-06-30,2009-06-30,2021-08-25,-91900000.0,813583000.0,,261996000.0,551587000.0,,7.798,-9668000.0,10093000.0,10093000.0,69444000.0,2253000.0,2.111,0.927,73093000.0,0.0,73093000.0,73093000.0,31843000.0,10441000.0,0.0,0.072,0.0,1798000.0,12239000.0,0.068,12239000.0,1798000.0,1481000.0,0.04,0.04,0.04,420501000.0,,420501000.0,175867181.0,-1.0,-0.709,-1102000.0,-0.02,1.0,110006000.0,0.613,24361000.0,317000.0,728091000.0,,7503000.0,46698000.0,31822000.0,14876000.0,389831000.0,124131000.0,265700000.0,112695181.0,295000.0,0.0,0.0,0.0,0.0,1214000.0,-9645000.0,102000.0,8566000.0,0.0,2253000.0,2253000.0,2253000.0,81000.0,0.0,0.013,97806000.0,12200000.0,33633000.0,0.0,0.268,-0.455,-0.449,428689000.0,0.0,2.09,0.14,0.14,106039000.0,-17620000.0,179450000.0,179450000.0,0.0,,,,,4193000.0,96365000.0,1.0,53921139.0,53921139.0,,3.328,789222000.0,168207000.0,-772000.0,544000.0,14.637,137865000.0
49,SSP,MRQ,2009-03-31,2009-03-31,2009-03-31,2021-08-25,-115727000.0,846058000.0,,245072000.0,600986000.0,,7.281,-14254000.0,9958000.0,9958000.0,87806000.0,-220847000.0,1.638,1.151,73130000.0,0.0,73130000.0,73130000.0,35712000.0,11745000.0,0.0,0.133,0.0,-250007000.0,-238262000.0,-1.16,-238262000.0,-250007000.0,-250099000.0,-4.12,-4.12,-4.12,391882000.0,,391882000.0,128447042.0,0.0,-0.121,15475000.0,0.288,1.0,117543000.0,0.572,24743000.0,92000.0,734913000.0,,9964000.0,46611000.0,34889000.0,11722000.0,450925000.0,149574000.0,301351000.0,72657042.0,4582000.0,0.0,0.0,12000000.0,0.0,2866000.0,-28013000.0,-13759000.0,29729000.0,0.0,-220700000.0,-220700000.0,-220700000.0,14864000.0,-147000.0,-1.075,123134000.0,-5591000.0,42869000.0,0.0,0.185,-0.093,-0.093,429730000.0,0.0,1.35,0.083,0.083,116564000.0,-19873000.0,205349000.0,205349000.0,0.0,,,,,1165000.0,121641000.0,1.0,53820031.0,53820031.0,,3.815,821315000.0,161528000.0,-29399000.0,497000.0,15.26,95498000.0
50,SSP,MRQ,2008-12-31,2008-12-31,2008-12-31,2021-08-25,-133655000.0,1088976000.0,,285536000.0,803440000.0,,10.935,-23110000.0,5376000.0,5376000.0,46599000.0,-12729000.0,1.522,0.835,61166000.0,0.0,61166000.0,61166000.0,38817000.0,11869000.0,0.0,0.095,0.0,-24560000.0,-12691000.0,-0.067,-12691000.0,-24560000.0,-24753000.0,-0.26,-0.26,-0.26,591569000.0,,591569000.0,163620986.0,0.0,-0.239,-19492000.0,-0.36,1.0,141839000.0,0.753,241896000.0,193000.0,715286000.0,,11952000.0,33850000.0,21130000.0,12720000.0,494009000.0,187584000.0,306425000.0,118937986.0,-10950000.0,0.0,-1880000.0,864000.0,0.0,259000.0,-14118000.0,9870000.0,3618000.0,0.0,-12618000.0,-12618000.0,-12618000.0,1639000.0,-111000.0,-0.067,114386000.0,27453000.0,71870000.0,0.0,0.201,-0.25,-0.251,426671000.0,0.0,2.21,0.129,0.129,169010000.0,200827000.0,188438000.0,188438000.0,0.0,,,,,-5425000.0,112509000.0,1.0,53818093.0,54100000.0,,3.483,847080000.0,126874000.0,-12135000.0,0.0,15.658,97952000.0
51,SSP,MRQ,2008-09-30,2008-09-30,2008-09-30,2021-08-25,-41232000.0,1061588000.0,,274692000.0,786896000.0,,13.134,-21474000.0,15617000.0,15617000.0,90883000.0,-16732000.0,1.543,0.483,60300000.0,0.0,60300000.0,60300000.0,41135000.0,12100000.0,0.0,0.034,0.15,-21313000.0,-9213000.0,-0.04,-9213000.0,-21313000.0,-21313000.0,-0.31,-0.31,-0.31,715766000.0,,715766000.0,722217064.0,-1.0,-0.771,12039000.0,0.221,1.0,139362000.0,0.605,271675000.0,0.0,656606000.0,,0.0,56831000.0,31015000.0,25816000.0,345822000.0,177990000.0,167832000.0,385290064.0,2108000.0,0.0,-6104000.0,1151000.0,-8233000.0,-17410000.0,-13995000.0,5862000.0,33513000.0,0.0,-16799000.0,-16799000.0,-16799000.0,13677000.0,67000.0,-0.073,135108000.0,4254000.0,53994000.0,-0.484,0.538,-0.535,-0.534,407942000.0,0.0,7.07,0.378,0.378,156852000.0,232951000.0,230245000.0,230245000.0,0.0,,,,,32355000.0,113088000.0,1.0,54496473.0,54496473.0,,4.225,789913000.0,80183000.0,-4514000.0,297000.0,14.495,96702000.0
52,SSP,MRQ,2008-06-30,2008-06-30,2008-06-30,2021-08-25,-1308000.0,3114034000.0,,961799000.0,2152235000.0,,36.321,-18549000.0,49309000.0,49309000.0,102261000.0,-506800000.0,3.185,0.576,386236000.0,0.0,386236000.0,386236000.0,49807000.0,11519000.0,0.0,0.001,0.03,-812208000.0,-800689000.0,-3.191,-800689000.0,-812208000.0,-816601000.0,-9.78,-9.78,-9.78,1975879000.0,,1975879000.0,7195595797.0,-8.0,-8.43,120343000.0,2.212,1.0,148633000.0,0.592,1056298000.0,4393000.0,2092725000.0,,0.0,144144000.0,49935000.0,94209000.0,1138155000.0,301938000.0,836217000.0,6779339797.0,258000.0,0.0,12182000.0,-437760000.0,-22884000.0,-132523000.0,-14286000.0,33957000.0,138892000.0,-198000.0,-531241000.0,-531241000.0,-531241000.0,-101643000.0,24441000.0,-2.117,137760000.0,10873000.0,65693000.0,-0.003,3.431,-11.028,-11.019,584534000.0,0.0,124.62,6.507,6.507,557785000.0,1468466000.0,250894000.0,250894000.0,0.0,,,,,-7767000.0,129210000.0,1.0,54400095.0,54400095.0,,4.612,2057736000.0,19297000.0,-285360000.0,107746000.0,37.826,659861000.0
53,SSP,MRQ,2008-03-31,2008-03-31,2008-03-31,2021-08-25,-882000.0,4005591000.0,,943019000.0,3062572000.0,,46.253,-19092000.0,57424000.0,57424000.0,95540000.0,106361000.0,2.724,0.596,473680000.0,0.0,473680000.0,473680000.0,54376000.0,11086000.0,0.0,0.001,0.03,94139000.0,105225000.0,0.412,105225000.0,94139000.0,88038000.0,1.55,1.54,1.55,2509793000.0,,2509793000.0,7311718877.0,60.0,51.378,137436000.0,2.533,1.0,160154000.0,0.626,1841455000.0,6101000.0,2234156000.0,,0.0,254718000.0,34459000.0,220259000.0,1495798000.0,346236000.0,1149562000.0,6838687877.0,-5849000.0,0.0,-8132000.0,-31092000.0,-22840000.0,-110724000.0,-20135000.0,10508000.0,156528000.0,123000.0,84068000.0,84068000.0,84068000.0,-97740000.0,22293000.0,0.329,139685000.0,20469000.0,85430000.0,0.019,2.725,489.772,484.731,570636000.0,0.0,126.03,4.779,4.779,550110000.0,2022592000.0,255694000.0,255694000.0,0.0,,,,,11642000.0,138626000.0,1.0,54262381.0,54262381.0,,4.712,2164136000.0,19024000.0,3970000.0,394358000.0,39.883,596783000.0
54,SSP,MRQ,2007-12-31,2007-12-31,2007-12-31,2021-08-25,1828000.0,4005292000.0,,926793000.0,3078499000.0,,45.095,-14230000.0,19100000.0,19100000.0,113479000.0,-172952000.0,2.672,0.635,504663000.0,0.0,504663000.0,504663000.0,42156000.0,11332000.0,0.0,0.001,0.03,-243282000.0,-231950000.0,-0.822,-231950000.0,-243282000.0,-249889000.0,-4.71,-4.67,-4.71,2450361000.0,,2450361000.0,7917942037.0,113.0,69.077,164111000.0,3.02,1.0,168703000.0,0.598,1059893000.0,6607000.0,3084160000.0,,8446000.0,233047000.0,44831000.0,188216000.0,1554931000.0,346802000.0,1208129000.0,7331734037.0,7738000.0,-101000.0,3252000.0,-101437000.0,-22817000.0,-122798000.0,-42785000.0,-5617000.0,178341000.0,-810000.0,-255933000.0,-255933000.0,-255933000.0,216661000.0,82981000.0,-0.907,94748000.0,73955000.0,68847000.0,-0.006,2.992,-4522.97,-4501.0,386418000.0,0.0,135.03,6.792,6.797,197105000.0,1971848000.0,282182000.0,282182000.0,0.0,,,,,-4580000.0,94748000.0,1.0,54297075.0,54338000.0,,5.193,2945399000.0,19141000.0,6044000.0,279301000.0,54.205,579991000.0
55,SSP,MRQ,2007-09-30,2007-09-30,2007-09-30,2021-08-25,19860000.0,4331285000.0,,819767000.0,3511518000.0,,50.347,18993000.0,19684000.0,19684000.0,94044000.0,88367000.0,2.293,0.582,605892000.0,0.0,605892000.0,605892000.0,57790000.0,-33346000.0,0.0,0.001,0.03,107206000.0,73860000.0,0.292,73860000.0,107206000.0,98350000.0,1.63,1.62,1.63,2738570000.0,,2738570000.0,7458672324.0,17.0,17.195,203439000.0,3.74,1.0,159058000.0,0.628,2285096000.0,8856000.0,2274952000.0,,0.0,255525000.0,39262000.0,216263000.0,1592715000.0,357445000.0,1235270000.0,6853569324.0,11545000.0,826000.0,-26537000.0,-17353000.0,-22807000.0,-94110000.0,-89575000.0,-29245000.0,184446000.0,145000.0,88367000.0,88367000.0,88367000.0,-71773000.0,0.0,0.349,131925000.0,27133000.0,77164000.0,0.018,2.503,17.652,17.622,544068000.0,0.0,126.0,7.978,7.978,500065000.0,2250613000.0,253102000.0,253102000.0,0.0,,,,,8904000.0,131668000.0,1.0,54393407.0,54393407.0,,4.653,2046189000.0,19127000.0,9983000.0,382523000.0,37.618,462322000.0
56,SSP,MRQ,2007-06-30,2007-06-30,2007-06-30,2021-08-25,14873000.0,4303034000.0,,815547000.0,3487487000.0,,49.345,-31797000.0,18778000.0,18778000.0,142450000.0,97461000.0,2.3,0.601,623881000.0,0.0,623881000.0,623881000.0,64497000.0,32207000.0,0.0,0.001,0.03,162971000.0,195178000.0,0.305,195178000.0,162971000.0,152242000.0,1.79,1.78,1.79,2688374000.0,,2688374000.0,8191979055.0,18.0,15.769,88955000.0,1.633,1.0,497624000.0,0.777,2264726000.0,10729000.0,2288810000.0,,0.0,222703000.0,2064000.0,220639000.0,1614660000.0,354601000.0,1260059000.0,7467803055.0,-3472000.0,-2132000.0,-9289000.0,-122445000.0,-22884000.0,-152235000.0,27852000.0,784000.0,120752000.0,159000.0,97461000.0,97461000.0,97461000.0,-1695000.0,0.0,0.152,299456000.0,198168000.0,73917000.0,0.017,2.778,20.023,19.952,528324000.0,0.0,137.07,6.279,6.279,538211000.0,2210303000.0,640074000.0,640074000.0,0.0,,,,,8582000.0,299456000.0,1.0,54481674.0,54481674.0,,11.748,2038308000.0,19117000.0,54781000.0,371921000.0,37.413,460946000.0
57,SSP,MRQ,2007-03-31,2007-03-31,2007-03-31,2021-08-25,3041000.0,4294257000.0,,830964000.0,3463293000.0,,47.712,-20632000.0,22250000.0,22250000.0,141188000.0,68484000.0,2.522,0.65,746426000.0,0.0,746426000.0,746426000.0,57422000.0,34438000.0,0.0,0.001,0.03,110220000.0,144658000.0,0.241,144658000.0,110220000.0,100019000.0,1.26,1.26,1.26,2602919000.0,,2602919000.0,8048532303.0,18.0,15.791,91240000.0,1.672,1.0,460236000.0,0.765,2263752000.0,10201000.0,2425205000.0,,0.0,216756000.0,1609000.0,215147000.0,1691338000.0,329476000.0,1361862000.0,7312601303.0,-8200000.0,-689000.0,-9038000.0,-20171000.0,-19697000.0,-100097000.0,-19959000.0,1363000.0,111872000.0,-16000.0,68484000.0,68484000.0,68484000.0,-5235000.0,0.0,0.114,307213000.0,153023000.0,78568000.0,0.024,2.809,21.096,20.944,517405000.0,0.0,134.04,6.139,6.139,486794000.0,2146896000.0,601424000.0,601424000.0,0.0,,,,,9319000.0,307213000.0,1.0,54555366.0,54555366.0,,11.024,2030505000.0,20244000.0,31535000.0,351313000.0,37.219,501488000.0
58,SSP,MRQ,2006-12-31,2006-12-31,2006-12-31,2021-08-25,2492000.0,4344334000.0,,875319000.0,3469015000.0,,47.446,-10594000.0,30450000.0,30450000.0,-14201000.0,133948000.0,2.192,0.683,766381000.0,0.0,766381000.0,766381000.0,50524000.0,-41665000.0,0.0,0.001,0.03,61732000.0,20067000.0,-0.032,20067000.0,61732000.0,50142000.0,2.47,2.44,2.47,2581435000.0,,2581435000.0,9094612339.0,19.0,17.22,139134000.0,2.557,1.0,-621367000.0,0.978,2270294000.0,11590000.0,2410703000.0,,0.0,228221000.0,2872000.0,225349000.0,1762899000.0,399268000.0,1363631000.0,8159248339.0,-13384000.0,373135000.0,3112000.0,-199631000.0,-19606000.0,-207230000.0,56447000.0,-225000.0,149728000.0,701000.0,133948000.0,133948000.0,133948000.0,-310271000.0,0.0,-0.211,-302037000.0,-319330000.0,77945000.0,0.012,3.161,23.1,23.085,511738000.0,0.0,149.82,6.917,6.911,535901000.0,2145875000.0,-635568000.0,-635568000.0,0.0,,,,,1688000.0,-302037000.0,1.0,54460341.0,54408000.0,,-11.682,2074040000.0,21744000.0,-83806000.0,371021000.0,38.12,476051000.0
59,SSP,MRQ,2006-09-30,2006-09-30,2006-09-30,2021-08-25,15546000.0,4388555000.0,,931262000.0,3457293000.0,,45.285,-20738000.0,30804000.0,30804000.0,133051000.0,73063000.0,2.474,0.779,966168000.0,0.0,966168000.0,966168000.0,61589000.0,27128000.0,0.0,0.001,0.03,132476000.0,159604000.0,0.274,159604000.0,132476000.0,117195000.0,1.35,1.32,1.35,2466547000.0,,2466547000.0,8840481693.0,18.0,14.477,128226000.0,2.354,1.0,450398000.0,0.772,2260421000.0,15281000.0,2687124000.0,,0.0,228014000.0,2398000.0,225616000.0,1922008000.0,376374000.0,1545634000.0,7831780693.0,-2929000.0,-2187000.0,-14804000.0,-78006000.0,-19595000.0,-129471000.0,-22548000.0,-872000.0,148964000.0,126000.0,73063000.0,73063000.0,73063000.0,5373000.0,0.0,0.125,285564000.0,164834000.0,79105000.0,0.022,3.175,35.816,35.504,478227000.0,0.0,143.79,3.222,3.222,478641000.0,2044808000.0,583449000.0,583449000.0,0.0,,,,,6601000.0,285564000.0,1.0,54466797.0,54466797.0,,10.712,2128134000.0,32845000.0,44132000.0,363496000.0,39.072,554888000.0
60,SSP,MRQ,2006-06-30,2006-06-30,2006-06-30,2021-08-25,10121000.0,4420648000.0,,994810000.0,3425838000.0,,44.317,-19026000.0,33733000.0,33733000.0,145243000.0,71144000.0,2.578,0.83,1042434000.0,0.0,1042434000.0,1042434000.0,49254000.0,33433000.0,0.0,0.001,0.03,151930000.0,185363000.0,0.289,185363000.0,151930000.0,136393000.0,1.32,1.29,1.32,2415804000.0,,2415804000.0,8111081838.0,16.0,13.329,86326000.0,1.584,1.0,496671000.0,0.774,2264415000.0,15537000.0,2778991000.0,,0.0,232509000.0,1110000.0,231399000.0,2004844000.0,385943000.0,1618901000.0,7054907838.0,962000.0,-21503000.0,-9977000.0,-46511000.0,-19595000.0,-105414000.0,235000.0,23492000.0,105352000.0,789000.0,71144000.0,71144000.0,71144000.0,33728000.0,0.0,0.111,275706000.0,220965000.0,85375000.0,0.023,2.92,30.975,30.814,475633000.0,0.0,129.42,2.986,2.986,524164000.0,2008434000.0,641914000.0,641914000.0,0.0,,,,,6179000.0,275706000.0,1.0,54511728.0,54511728.0,,11.776,2156233000.0,32666000.0,65249000.0,366135000.0,39.555,608867000.0
61,SSP,MRQ,2006-03-31,2006-03-31,2006-03-31,2021-08-25,-14659000.0,4435593000.0,,1020128000.0,3415465000.0,,42.934,-10273000.0,32771000.0,32771000.0,146709000.0,75065000.0,2.172,0.893,1088945000.0,40462000.0,1048483000.0,1088945000.0,51007000.0,25348000.0,0.0,0.001,0.03,137766000.0,163114000.0,0.277,163114000.0,137766000.0,125613000.0,1.38,1.35,1.38,2342670000.0,,2342670000.0,8125316672.0,16.0,13.306,140623000.0,2.577,1.0,443020000.0,0.751,2250839000.0,12153000.0,2771282000.0,,0.0,258312000.0,23318000.0,234994000.0,2092923000.0,469646000.0,1623277000.0,7318784672.0,13528000.0,-354506000.0,-11506000.0,263355000.0,-18010000.0,238267000.0,-375635000.0,-9380000.0,150896000.0,0.0,75065000.0,75065000.0,75065000.0,6417000.0,0.0,0.127,275528000.0,167492000.0,68715000.0,0.022,3.124,28.791,28.66,475506000.0,0.0,134.13,3.236,3.236,454459000.0,1968890000.0,589729000.0,589729000.0,0.0,,,,,12855000.0,275528000.0,1.0,54564860.0,54564860.0,,10.808,2184754000.0,31804000.0,50548000.0,389633000.0,40.04,550482000.0
62,SSP,MRQ,2005-12-31,2005-12-31,2005-12-31,2021-08-25,-12162000.0,4032628000.0,,995526000.0,3037102000.0,,42.022,-26407000.0,19243000.0,19243000.0,117063000.0,-603000.0,2.527,0.763,825775000.0,0.0,825775000.0,825775000.0,53521000.0,25596000.0,0.0,0.001,0.03,76968000.0,102564000.0,0.167,102564000.0,76968000.0,65244000.0,0.0,0.0,0.0,2287079000.0,,2287079000.0,8689667650.0,17.0,14.8,72393000.0,1.33,1.0,498865000.0,0.81,1875379000.0,11724000.0,2569845000.0,,11725000.0,222821000.0,12800000.0,210021000.0,1745549000.0,393936000.0,1351613000.0,7855653650.0,-4636000.0,1652000.0,-5704000.0,-31959000.0,-17989000.0,-63836000.0,-39600000.0,-9465000.0,98800000.0,0.0,-603000.0,-603000.0,-603000.0,99394000.0,0.0,-0.001,290884000.0,207981000.0,92084000.0,,3.435,31.529,31.386,490891000.0,0.0,144.06,3.646,3.639,493075000.0,1930994000.0,615928000.0,615928000.0,0.0,,,,,1219000.0,290884000.0,1.0,54530429.0,54426333.0,,11.317,2157249000.0,32269000.0,65847000.0,317666000.0,39.636,601590000.0
63,SSP,MRQ,2005-09-30,2005-09-30,2005-09-30,2021-08-25,-10761000.0,4056964000.0,,997306000.0,3059658000.0,,42.308,-19542000.0,23879000.0,23879000.0,136520000.0,82156000.0,2.346,0.758,857893000.0,0.0,857893000.0,857893000.0,54798000.0,25307000.0,0.0,0.001,0.03,132187000.0,157494000.0,0.306,157494000.0,132187000.0,120051000.0,1.5,1.5,1.5,2307998000.0,,2307998000.0,9051433940.0,15.0,13.69,93438000.0,1.713,1.0,378812000.0,0.735,1894063000.0,12136000.0,2571738000.0,,11402000.0,223352000.0,1029000.0,222323000.0,1748966000.0,425177000.0,1323789000.0,8178022940.0,-2555000.0,-11953000.0,-13841000.0,-41562000.0,-18028000.0,-95124000.0,-20411000.0,14539000.0,112980000.0,0.0,82156000.0,82156000.0,82156000.0,-18320000.0,0.0,0.159,242073000.0,136739000.0,101600000.0,0.02,3.543,23.98,23.909,480622000.0,0.0,149.91,4.415,4.415,408423000.0,1958040000.0,515332000.0,515332000.0,0.0,,,,,12219000.0,242073000.0,1.0,54552885.0,54552885.0,,9.446,2162901000.0,30131000.0,37895000.0,296242000.0,39.648,572129000.0
64,SSP,MRQ,2005-06-30,2005-06-30,2005-06-30,2021-08-25,-13270000.0,4056027000.0,,1032307000.0,3023720000.0,,41.229,-8769000.0,26434000.0,26434000.0,133989000.0,97589000.0,2.331,0.803,899845000.0,0.0,899845000.0,899845000.0,53593000.0,16172000.0,0.0,0.001,0.03,171305000.0,187477000.0,0.347,187477000.0,171305000.0,163746000.0,1.8,1.77,1.8,2249600000.0,,2249600000.0,8418052713.0,15.0,13.557,110159000.0,2.019,1.0,406482000.0,0.752,1894289000.0,7559000.0,2592283000.0,,11270000.0,240392000.0,13796000.0,226596000.0,1806427000.0,442866000.0,1363561000.0,7988085713.0,3264000.0,-536141000.0,8288000.0,446138000.0,-18009000.0,428019000.0,-543683000.0,3040000.0,118928000.0,0.0,97589000.0,97589000.0,97589000.0,5368000.0,0.0,0.181,219507000.0,186975000.0,108089000.0,0.017,3.551,25.402,25.285,475471000.0,0.0,146.4,4.349,4.349,450152000.0,1920486000.0,540471000.0,540471000.0,0.0,,,,,6874000.0,219507000.0,1.0,54563427.0,54563427.0,,9.905,2161738000.0,30507000.0,66157000.0,308963000.0,39.619,589441000.0
65,SSP,MRQ,2005-03-31,2005-03-31,2005-03-31,2021-08-25,-11784000.0,3400892000.0,,949116000.0,2451776000.0,,39.656,-7110000.0,23170000.0,23170000.0,129382000.0,70011000.0,2.316,0.576,453137000.0,0.0,453137000.0,453137000.0,44703000.0,15303000.0,0.0,0.001,0.03,124299000.0,139602000.0,0.289,139602000.0,124299000.0,116927000.0,1.29,1.26,1.29,2158061000.0,,2158061000.0,8479264920.0,16.0,14.16,109062000.0,2.004,1.0,353521000.0,0.732,1344329000.0,7372000.0,2076789000.0,,10256000.0,234765000.0,4269000.0,230496000.0,1242831000.0,409741000.0,833090000.0,7958857920.0,10891000.0,-565000.0,6780000.0,-78758000.0,-16326000.0,-102701000.0,-2580000.0,6439000.0,116172000.0,0.0,70011000.0,70011000.0,70011000.0,2921000.0,0.0,0.145,218312000.0,135209000.0,70308000.0,0.023,3.688,26.241,26.21,456364000.0,0.0,146.25,4.317,4.317,362658000.0,1840906000.0,482903000.0,482903000.0,0.0,,,,,5372000.0,218312000.0,1.0,54419541.0,54419541.0,,8.874,2056563000.0,17874000.0,46916000.0,247470000.0,37.791,539375000.0
66,SSP,MRQ,2004-12-31,2004-12-31,2004-12-31,2021-08-25,-9001000.0,3424849000.0,,643591000.0,2781258000.0,,38.75,-13796000.0,12279000.0,12279000.0,-56912000.0,91274000.0,1.715,0.634,532686000.0,0.0,532686000.0,532686000.0,52689000.0,9126000.0,0.0,0.001,0.03,167488000.0,176614000.0,0.563,176614000.0,167488000.0,159427000.0,1.68,1.65,1.68,2096121000.0,,2096121000.0,8350372713.0,15.0,13.971,112698000.0,2.083,1.0,370511000.0,1.181,1614589000.0,8061000.0,1955309000.0,,40773000.0,242667000.0,8637000.0,234030000.0,1328728000.0,375358000.0,953370000.0,7872975713.0,-2459000.0,41010000.0,2382000.0,40772000.0,-16316000.0,36671000.0,-165624000.0,-6646000.0,126494000.0,0.0,91274000.0,91274000.0,91274000.0,19487000.0,0.0,0.291,185902000.0,184609000.0,106475000.0,0.018,3.756,25.914,25.818,496194000.0,0.0,144.84,4.2,4.18,402807000.0,1787221000.0,313599000.0,313599000.0,0.0,,,,,-1331000.0,185902000.0,1.0,54356364.0,54093000.0,,5.797,1810260000.0,17242000.0,68153000.0,264407000.0,33.466,268233000.0
67,SSP,MRQ,2004-09-30,2004-09-30,2004-09-30,2021-08-25,-10125000.0,3233233000.0,,586856000.0,2646377000.0,,37.167,-14316000.0,14738000.0,14738000.0,181983000.0,55594000.0,1.685,0.604,492135000.0,0.0,492135000.0,492135000.0,49584000.0,17257000.0,0.0,0.001,0.03,99974000.0,117231000.0,0.235,117231000.0,99974000.0,92825000.0,1.02,1.02,1.02,2016321000.0,,2016321000.0,8326205161.0,17.0,14.616,83887000.0,1.546,1.0,317805000.0,0.636,1473190000.0,7149000.0,1889106000.0,,32193000.0,236307000.0,0.0,236307000.0,1216912000.0,348334000.0,868578000.0,7776271161.0,-10760000.0,-27000.0,2347000.0,-84042000.0,-16303000.0,-95225000.0,-13738000.0,204000.0,98203000.0,0.0,55594000.0,55594000.0,55594000.0,-622000.0,0.0,0.111,210092000.0,107713000.0,100346000.0,0.029,3.857,24.76,24.629,496173000.0,0.0,143.34,3.748,3.748,333103000.0,1712263000.0,499788000.0,499788000.0,0.0,,,,,2990000.0,210092000.0,1.0,54250531.0,54250531.0,,9.213,1760043000.0,21218000.0,37231000.0,231222000.0,32.443,238522000.0
68,SSP,MRQ,2004-06-30,2004-06-30,2004-06-30,2021-08-25,-7794000.0,3231294000.0,,601081000.0,2630213000.0,,36.385,-19512000.0,25498000.0,25498000.0,212221000.0,86424000.0,1.793,0.637,575432000.0,0.0,575432000.0,575432000.0,43646000.0,16205000.0,0.0,0.0,0.03,149185000.0,165390000.0,0.302,165390000.0,149185000.0,140913000.0,1.59,1.56,1.59,1973930000.0,,1973930000.0,8981168685.0,18.0,15.946,24475000.0,0.451,1.0,335095000.0,0.612,1474342000.0,8272000.0,1971674000.0,,31450000.0,239416000.0,0.0,239416000.0,1257364000.0,335212000.0,922152000.0,8544458685.0,4109000.0,-180930000.0,10937000.0,119015000.0,-16293000.0,112832000.0,-152710000.0,47633000.0,43987000.0,0.0,86424000.0,86424000.0,86424000.0,0.0,0.0,0.158,189418000.0,145677000.0,92850000.0,0.019,4.329,27.533,27.344,498932000.0,0.0,157.5,4.239,4.239,358357000.0,1672972000.0,547316000.0,547316000.0,0.0,,,,,8069000.0,189418000.0,1.0,54250531.0,54250531.0,,10.089,1756952000.0,24178000.0,54489000.0,204760000.0,32.386,265869000.0
69,SSP,MRQ,2004-03-31,2004-03-31,2004-03-31,2021-08-25,-8340000.0,3031636000.0,,604830000.0,2426806000.0,,34.89,-19776000.0,21389000.0,21389000.0,211853000.0,70519000.0,1.702,0.609,458099000.0,0.0,458099000.0,458099000.0,52510000.0,15599000.0,0.0,0.0,0.015,122784000.0,138383000.0,0.269,138383000.0,122784000.0,115389000.0,1.32,1.29,1.32,1884437000.0,,1884437000.0,8682382473.0,19.0,16.315,97704000.0,1.809,1.0,301803000.0,0.588,1237125000.0,7395000.0,1875924000.0,,30308000.0,332261000.0,47500000.0,284761000.0,1147199000.0,355297000.0,791902000.0,8191492473.0,3162000.0,0.0,12442000.0,-51844000.0,-14200000.0,-60795000.0,-53523000.0,-33614000.0,117480000.0,0.0,70519000.0,70519000.0,70519000.0,0.0,0.0,0.137,187807000.0,113996000.0,90420000.0,0.011,4.347,28.379,28.164,483386000.0,0.0,151.665,4.215,4.215,328096000.0,1602841000.0,513656000.0,513656000.0,0.0,,,,,6643000.0,187807000.0,1.0,54010434.0,54010434.0,,9.51,1794511000.0,22023000.0,44870000.0,187256000.0,33.225,249533000.0
70,SSP,MRQ,2003-12-31,2003-12-31,2003-12-31,2021-08-25,1715000.0,3007802000.0,,547588000.0,2460214000.0,,34.059,-29831000.0,18227000.0,18227000.0,137606000.0,101534000.0,1.649,0.65,509117000.0,0.0,509117000.0,509117000.0,53596000.0,16137000.0,0.0,0.0,0.015,132511000.0,148648000.0,0.289,148648000.0,132511000.0,124697000.0,1.89,1.86,1.89,1822531000.0,,1822531000.0,8146390540.0,19.0,16.132,35799000.0,0.669,1.0,376651000.0,0.732,1237720000.0,7814000.0,1928813000.0,,29946000.0,306405000.0,0.0,306405000.0,1185271000.0,332159000.0,853112000.0,7615920540.0,-1995000.0,-40000.0,33180000.0,-40986000.0,-12137000.0,-41461000.0,-26164000.0,7543000.0,65630000.0,0.0,101534000.0,101534000.0,101534000.0,-2719000.0,0.0,0.197,240431000.0,136220000.0,73730000.0,0.008,4.179,28.122,27.852,478462000.0,0.0,141.21,4.062,4.03,336681000.0,1546522000.0,514257000.0,514257000.0,0.0,,,,,6287000.0,240431000.0,1.0,53933295.0,53510667.0,,9.61,1770082000.0,25264000.0,23163000.0,192418000.0,33.079,215429000.0
71,SSP,MRQ,2003-09-30,2003-09-30,2003-09-30,2021-08-25,-8349000.0,2881803000.0,,477429000.0,2404374000.0,,31.705,-19872000.0,20222000.0,20222000.0,176378000.0,51859000.0,1.511,0.689,550692000.0,0.0,550692000.0,550692000.0,47771000.0,17156000.0,0.0,0.0,0.015,93644000.0,110800000.0,0.252,110800000.0,93644000.0,85700000.0,0.96,0.96,0.96,1705738000.0,,1705738000.0,7472599617.0,17.0,14.783,80304000.0,1.493,1.0,264103000.0,0.6,1239439000.0,7944000.0,1856773000.0,,29589000.0,302062000.0,0.0,302062000.0,1176065000.0,316061000.0,860004000.0,6867567617.0,-3753000.0,-610000.0,0.0,-77639000.0,-12106000.0,-87428000.0,-16501000.0,0.0,100176000.0,0.0,51859000.0,51859000.0,51859000.0,0.0,0.0,0.118,172690000.0,91413000.0,70667000.0,0.016,4.026,28.023,27.902,470316000.0,0.0,127.65,3.78,3.78,271930000.0,1457125000.0,440481000.0,440481000.0,0.0,,,,,3966000.0,172690000.0,1.0,53799981.0,53799981.0,,8.187,1642364000.0,20700000.0,33841000.0,177693000.0,30.527,161368000.0
72,SSP,MRQ,2003-06-30,2003-06-30,2003-06-30,2021-08-25,-17581000.0,2900364000.0,,511780000.0,2388584000.0,,30.894,-17873000.0,23975000.0,23975000.0,186358000.0,64733000.0,1.567,0.756,629007000.0,0.0,629007000.0,629007000.0,46626000.0,17116000.0,0.0,0.0,0.015,117237000.0,134353000.0,0.283,134353000.0,117237000.0,109405000.0,1.215,1.2,1.215,1651567000.0,,1651567000.0,7790764671.0,18.0,15.775,71384000.0,1.335,1.0,288488000.0,0.608,1240508000.0,7832000.0,1938285000.0,,31243000.0,292598000.0,0.0,292598000.0,1248797000.0,326603000.0,922194000.0,7114454671.0,1518000.0,-63000.0,0.0,-70848000.0,-12057000.0,-68898000.0,-18841000.0,0.0,89257000.0,0.0,64733000.0,64733000.0,64733000.0,0.0,0.0,0.136,171149000.0,117339000.0,104102000.0,0.012,4.308,29.782,29.772,467261000.0,0.0,133.08,4.111,4.111,292102000.0,1417372000.0,474846000.0,474846000.0,0.0,,,,,8122000.0,171149000.0,1.0,53459984.0,53459984.0,,8.882,1659856000.0,27568000.0,44672000.0,160157000.0,31.049,185177000.0
73,SSP,MRQ,2003-03-31,2003-03-31,2003-03-31,2021-08-25,-26050000.0,2881555000.0,,497797000.0,2383758000.0,,29.225,-21675000.0,22457000.0,22457000.0,184765000.0,52689000.0,1.271,0.846,698767000.0,48272000.0,650495000.0,698767000.0,39182000.0,15976000.0,0.0,0.001,0.015,95200000.0,111176000.0,0.25,111176000.0,95200000.0,87197000.0,0.99,0.975,0.99,1561237000.0,,1561237000.0,6778561400.0,19.0,16.232,45808000.0,0.857,1.0,260429000.0,0.585,1240644000.0,8003000.0,1925605000.0,,24757000.0,291665000.0,0.0,291665000.0,1320318000.0,391616000.0,928702000.0,6069097400.0,6949000.0,-4055000.0,0.0,-26922000.0,-12020000.0,-35347000.0,-25187000.0,0.0,67483000.0,0.0,52689000.0,52689000.0,52689000.0,0.0,0.0,0.118,183577000.0,76852000.0,115035000.0,0.015,3.887,30.179,30.175,464664000.0,0.0,113.61,3.709,3.709,282201000.0,1364696000.0,445194000.0,445194000.0,0.0,,,,,5677000.0,167601000.0,1.0,53420451.0,53420451.0,,8.334,1640911000.0,30749000.0,34508000.0,153486000.0,30.717,106181000.0
74,SSP,MRQ,2002-12-31,2002-12-31,2002-12-31,2021-08-25,-23396000.0,2870337000.0,,500011000.0,2370326000.0,,28.599,-27323000.0,15508000.0,15508000.0,161987000.0,75785000.0,1.174,0.894,724972000.0,75171000.0,649801000.0,724972000.0,40582000.0,18431000.0,0.0,0.001,0.015,130734000.0,149165000.0,0.327,149165000.0,130734000.0,123497000.0,1.41,1.41,1.41,1515465000.0,,1515465000.0,6767199812.0,20.0,17.191,7178000.0,0.135,1.0,294290000.0,0.645,1238904000.0,7237000.0,1914824000.0,,24234000.0,297601000.0,0.0,297601000.0,1354872000.0,426073000.0,928799000.0,6156122812.0,-18853000.0,-98680000.0,28166000.0,79489000.0,-11997000.0,69264000.0,-122618000.0,507000.0,34501000.0,0.0,75785000.0,75785000.0,75785000.0,0.0,0.0,0.166,124204000.0,170086000.0,113579000.0,0.011,4.062,32.694,32.606,456789000.0,0.0,115.425,4.009,3.983,280352000.0,1324027000.0,456277000.0,456277000.0,0.0,,,,,4719000.0,168541000.0,1.0,53334397.0,52990000.0,,8.611,1631433000.0,30364000.0,47712000.0,142630000.0,30.788,73938000.0
75,SSP,MRQ,2002-09-30,2002-09-30,2002-09-30,2021-08-25,-2773000.0,2660045000.0,,489782000.0,2170263000.0,,27.552,-16537000.0,34361000.0,34361000.0,109087000.0,45676000.0,1.221,0.812,645438000.0,132471000.0,512967000.0,645438000.0,29584000.0,15026000.0,0.0,0.001,0.015,84141000.0,99167000.0,0.28,99167000.0,84141000.0,76298000.0,0.855,0.855,0.855,1468281000.0,,1468281000.0,6190502459.0,27.0,20.668,58861000.0,1.105,1.0,245180000.0,0.692,1203802000.0,7843000.0,1666100000.0,,7393000.0,245694000.0,0.0,245694000.0,1191764000.0,401220000.0,790544000.0,5539608459.0,16357000.0,-8186000.0,0.0,-23499000.0,-11986000.0,-33883000.0,-25158000.0,0.0,75398000.0,0.0,45676000.0,45676000.0,45676000.0,0.0,0.0,0.129,169984000.0,75196000.0,90729000.0,0.018,3.773,45.387,45.294,406312000.0,0.0,103.95,3.943,3.943,218241000.0,1260239000.0,354267000.0,354267000.0,0.0,,,,,-1133000.0,154958000.0,1.0,53291087.0,53291087.0,,6.648,1456243000.0,36204000.0,30622000.0,140322000.0,27.326,88562000.0
76,SSP,MRQ,2002-06-30,2002-06-30,2002-06-30,2021-08-25,1720000.0,2613693000.0,,454066000.0,2159627000.0,,26.927,-15385000.0,18004000.0,18004000.0,120166000.0,26956000.0,0.574,0.823,668898000.0,554902000.0,113996000.0,668898000.0,28618000.0,15428000.0,0.0,0.001,0.015,42670000.0,58098000.0,0.153,58098000.0,42670000.0,36041000.0,0.51,0.495,0.51,1433427000.0,,1433427000.0,6840848186.0,35.0,25.02,39823000.0,0.748,1.0,260269000.0,0.684,1204610000.0,6629000.0,1268984000.0,,6955000.0,257248000.0,0.0,257248000.0,1180266000.0,790993000.0,389273000.0,6148559186.0,4674000.0,-2042000.0,0.0,-36730000.0,-11978000.0,-36857000.0,-13677000.0,0.0,55208000.0,0.0,26956000.0,26956000.0,26956000.0,0.0,0.0,0.071,170835000.0,89434000.0,59291000.0,0.029,4.289,62.1,61.6,403735000.0,0.0,115.5,4.434,4.434,233965000.0,1226549000.0,380435000.0,380435000.0,0.0,,,,,12840000.0,116443000.0,1.0,53234279.0,53234279.0,,7.146,1409083000.0,34795000.0,9085000.0,139367000.0,26.469,-336927000.0
77,SSP,MRQ,2002-03-31,2002-03-31,2002-03-31,2021-08-25,-7828000.0,2617568000.0,,439902000.0,2177666000.0,,26.199,-21378000.0,13330000.0,13330000.0,0.0,39880000.0,0.522,0.887,705619000.0,591810000.0,113809000.0,705619000.0,29214000.0,13883000.0,0.0,0.0,0.015,73340000.0,87223000.0,0.253,87223000.0,73340000.0,66748000.0,0.75,0.75,0.75,1386936000.0,,1386936000.0,7227494461.0,31.0,22.703,24182000.0,0.457,1.0,344685000.0,1.0,1205329000.0,6592000.0,1262136000.0,,6845000.0,305944000.0,0.0,305944000.0,1230632000.0,842392000.0,388240000.0,6521069461.0,-4089000.0,-9353000.0,0.0,-18234000.0,-11904000.0,-19857000.0,-29792000.0,0.0,45560000.0,0.0,39880000.0,39880000.0,39880000.0,0.0,0.0,0.116,278025000.0,66660000.0,70488000.0,0.02,4.702,58.535,58.241,402624000.0,0.0,123.18,4.744,4.744,218515000.0,1211571000.0,344685000.0,344685000.0,0.0,,,,,8501000.0,264142000.0,1.0,52939353.0,52939353.0,,6.511,1412239000.0,32380000.0,26868000.0,140260000.0,26.677,-402490000.0
78,SSP,MRQ,2001-12-31,2001-12-31,2001-12-31,2021-08-25,4513000.0,2641611000.0,,450658000.0,2190953000.0,,25.726,-22169000.0,17419000.0,17419000.0,415186000.0,9542000.0,0.498,0.954,723844000.0,613878000.0,109966000.0,723844000.0,29381000.0,25663000.0,0.0,0.001,0.015,29375000.0,55038000.0,0.169,55038000.0,29375000.0,21915000.0,0.18,0.18,0.18,1351900000.0,,1351900000.0,5877269006.0,21.0,15.655,-31611000.0,-0.602,1.0,-89770000.0,-0.276,1201042000.0,7460000.0,1241483000.0,,7345000.0,331542000.0,0.0,331542000.0,1289711000.0,905511000.0,384200000.0,5222157006.0,2087000.0,7963000.0,-1778000.0,53392000.0,-11865000.0,40362000.0,-28833000.0,-14694000.0,-9442000.0,0.0,9542000.0,9542000.0,9542000.0,0.0,0.0,0.029,-119682000.0,29912000.0,81690000.0,0.083,3.863,37.852,37.714,394677000.0,0.0,99.0,3.752,3.738,236311000.0,1183595000.0,325416000.0,325416000.0,0.0,,,,,8518000.0,219583000.0,1.0,52749061.0,52550000.0,,6.193,1440569000.0,30850000.0,12373000.0,144840000.0,27.413,-454853000.0
79,SSP,MRQ,2001-09-30,2001-09-30,2001-09-30,2021-08-25,-12749000.0,2602948000.0,,463983000.0,2138965000.0,,25.221,-16959000.0,15332000.0,15332000.0,20035000.0,22633000.0,0.598,0.951,670444000.0,460630000.0,209814000.0,670444000.0,32686000.0,23982000.0,0.0,0.001,0.015,49073000.0,73055000.0,0.217,73055000.0,49073000.0,40656000.0,0.435,0.42,0.435,1333937000.0,,1333937000.0,5527058456.0,17.0,12.772,75143000.0,1.421,1.0,316017000.0,0.94,1208459000.0,8417000.0,1274298000.0,,7521000.0,355261000.0,0.0,355261000.0,1269011000.0,775303000.0,493708000.0,4832264456.0,-1187000.0,-9269000.0,-18683000.0,-40877000.0,-11906000.0,-67917000.0,-25372000.0,646000.0,92102000.0,0.0,22633000.0,22633000.0,22633000.0,0.0,0.0,0.067,255262000.0,60755000.0,84762000.0,0.034,3.623,27.344,27.071,387438000.0,0.0,91.365,3.308,3.308,228734000.0,1185918000.0,336052000.0,336052000.0,0.0,,,,,681000.0,114588000.0,1.0,52889667.0,52889667.0,,6.354,1394489000.0,30747000.0,18023000.0,155941000.0,26.366,-311320000.0
80,SSP,MRQ,2001-06-30,2001-06-30,2001-06-30,2021-08-25,17892000.0,2640584000.0,,451277000.0,2189307000.0,,25.86,-14379000.0,16519000.0,16519000.0,22383000.0,39350000.0,0.95,0.934,711313000.0,202758000.0,508555000.0,711313000.0,35158000.0,24243000.0,0.0,0.001,0.015,78793000.0,103036000.0,0.28,103036000.0,78793000.0,67934000.0,0.75,0.735,0.75,1365369000.0,,1365369000.0,6197024404.0,17.0,13.41,33613000.0,0.637,1.0,346025000.0,0.939,1219575000.0,10859000.0,1640600000.0,,9350000.0,403088000.0,0.0,403088000.0,1275215000.0,475203000.0,800012000.0,5464711404.0,2679000.0,-3575000.0,0.0,-34848000.0,-11882000.0,-42350000.0,-2963000.0,14048000.0,47992000.0,0.0,39350000.0,39350000.0,39350000.0,0.0,0.0,0.107,269694000.0,76331000.0,62902000.0,0.02,4.002,28.835,28.631,383480000.0,0.0,103.5,3.561,3.561,250845000.0,1175191000.0,368408000.0,368408000.0,0.0,,,,,2436000.0,118087000.0,1.0,52799144.0,52799144.0,,6.978,1421009000.0,29967000.0,28584000.0,161987000.0,26.913,-23926000.0
81,SSP,MRQ,2001-03-31,2001-03-31,2001-03-31,2021-08-25,-1000000.0,2628048000.0,,433077000.0,2194971000.0,,24.815,-14716000.0,13840000.0,13840000.0,26241000.0,66438000.0,0.813,1.009,746153000.0,237742000.0,508411000.0,746153000.0,32976000.0,24765000.0,0.0,0.001,0.015,119541000.0,144306000.0,0.399,144306000.0,119541000.0,107080000.0,1.26,1.245,1.26,1308183000.0,,1308183000.0,5284553531.0,14.0,11.037,60699000.0,1.151,1.0,335839000.0,0.928,1229356000.0,12461000.0,1598546000.0,,10106000.0,395011000.0,0.0,395011000.0,1319865000.0,532459000.0,787406000.0,4584056531.0,-272000.0,-82868000.0,-1988000.0,31535000.0,-11853000.0,21542000.0,-97229000.0,0.0,75415000.0,0.0,66438000.0,66438000.0,66438000.0,0.0,0.0,0.183,274590000.0,61249000.0,110234000.0,0.012,3.504,23.354,23.188,383254000.0,0.0,86.955,2.855,2.855,233845000.0,1147723000.0,362080000.0,362080000.0,0.0,,,,,7427000.0,118755000.0,1.0,52717573.0,52717573.0,,6.868,1398692000.0,30251000.0,40642000.0,155291000.0,26.532,-99382000.0
82,SSP,MRQ,2000-12-31,2000-12-31,2000-12-31,2021-08-25,32238000.0,2590040000.0,,502880000.0,2087160000.0,,24.52,-30042000.0,14112000.0,14112000.0,-114066000.0,48300000.0,0.944,1.027,714609000.0,212828000.0,501781000.0,714609000.0,37214000.0,27813000.0,0.0,0.001,0.015,84548000.0,112361000.0,0.285,112361000.0,84548000.0,72124000.0,0.93,0.9,0.93,1277810000.0,,1277810000.0,5643237275.0,17.0,13.044,33763000.0,0.648,1.0,508237000.0,1.289,1226306000.0,12424000.0,1531255000.0,,17802000.0,177922000.0,0.0,177922000.0,1312230000.0,532976000.0,779254000.0,4950811275.0,-4487000.0,-26923000.0,-4571000.0,3575000.0,-11011000.0,-11421000.0,-56871000.0,0.0,63805000.0,0.0,48300000.0,48300000.0,48300000.0,0.0,0.0,0.123,456377000.0,51860000.0,114275000.0,0.016,3.874,30.289,30.086,502041000.0,0.0,94.32,2.993,2.971,289583000.0,1093138000.0,394171000.0,394171000.0,0.0,,,,,16075000.0,854010000.0,1.0,52489517.0,52113333.0,,7.564,1363734000.0,30421000.0,23824000.0,147106000.0,26.169,-30096000.0
83,SSP,MRQ,2000-09-30,2000-09-30,2000-09-30,2021-08-25,58493000.0,2563821000.0,,491107000.0,2072714000.0,,24.105,-18390000.0,18599000.0,18599000.0,38228000.0,35428000.0,0.941,1.031,711025000.0,209237000.0,501788000.0,711025000.0,32988000.0,27288000.0,0.0,0.001,0.015,75140000.0,102428000.0,0.25,102428000.0,75140000.0,61747000.0,0.675,0.675,0.675,1262436000.0,,1262436000.0,4988867126.0,15.0,11.411,57908000.0,1.106,1.0,371630000.0,0.907,1201281000.0,13393000.0,1532896000.0,,18905000.0,230756000.0,0.0,230756000.0,1301385000.0,522070000.0,779315000.0,4242168126.0,3273000.0,-1045000.0,0.0,-50098000.0,-10992000.0,-59938000.0,-13087000.0,0.0,76298000.0,0.0,35428000.0,35428000.0,35428000.0,0.0,0.0,0.086,297279000.0,74351000.0,103604000.0,0.022,3.36,26.335,26.214,484149000.0,0.0,81.0,2.533,2.533,255822000.0,1055849000.0,409858000.0,409858000.0,0.0,,,,,0.0,129672000.0,1.0,52372446.0,52372446.0,,7.826,1362540000.0,28404000.0,26319000.0,148345000.0,26.016,-30963000.0
84,SSP,MRQ,2000-06-30,2000-06-30,2000-06-30,2021-08-25,60017000.0,2565357000.0,,476415000.0,2088942000.0,,23.666,-11131000.0,15326000.0,15326000.0,38646000.0,46121000.0,0.868,1.077,762025000.0,260170000.0,501855000.0,762025000.0,41078000.0,27256000.0,0.0,0.001,0.015,92435000.0,119691000.0,0.272,119691000.0,92435000.0,78954000.0,0.885,0.87,0.885,1234866000.0,,1234866000.0,4612633013.0,15.0,11.101,47369000.0,0.908,1.0,400812000.0,0.912,1208648000.0,13481000.0,1554838000.0,,16852000.0,241007000.0,0.0,241007000.0,1330491000.0,548570000.0,781921000.0,3856335013.0,-4344000.0,-32715000.0,0.0,-13941000.0,-10970000.0,-23975000.0,-38869000.0,0.0,58500000.0,0.0,46121000.0,46121000.0,46121000.0,0.0,0.0,0.105,305910000.0,94902000.0,91918000.0,0.017,3.123,25.62,25.528,482497000.0,0.0,73.905,2.354,2.354,286011000.0,1031413000.0,439458000.0,439458000.0,0.0,,,,,0.0,129314000.0,1.0,52179623.0,52179623.0,,8.422,1356709000.0,27035000.0,32833000.0,147275000.0,26.001,-72155000.0
85,SSP,MRQ,2000-03-31,2000-03-31,2000-03-31,2021-08-25,102519000.0,2613632000.0,,477467000.0,2136165000.0,,23.668,-15014000.0,19670000.0,19670000.0,37192000.0,33604000.0,0.837,1.118,775968000.0,274126000.0,501842000.0,775968000.0,35964000.0,26808000.0,0.0,0.001,0.015,71354000.0,98162000.0,0.239,98162000.0,71354000.0,58718000.0,0.645,0.645,0.645,1234205000.0,,1234205000.0,4552713914.0,15.0,11.203,42126000.0,0.808,1.0,373667000.0,0.909,1222746000.0,12636000.0,1576824000.0,,17745000.0,275530000.0,0.0,275530000.0,1379427000.0,570360000.0,809067000.0,3793722914.0,9214000.0,-27433000.0,0.0,6506000.0,-10951000.0,-4849000.0,-43077000.0,0.0,57140000.0,0.0,33604000.0,33604000.0,33604000.0,0.0,0.0,0.082,299410000.0,74257000.0,91206000.0,0.023,3.074,25.524,25.393,484509000.0,0.0,72.75,2.386,2.386,274812000.0,996262000.0,410859000.0,410859000.0,0.0,,,,,0.0,127292000.0,1.0,52147394.0,52147394.0,,7.879,1390886000.0,27583000.0,25114000.0,167084000.0,26.672,-92893000.0
86,SSP,MRQ,1999-12-31,1999-12-31,1999-12-31,2021-08-25,58271000.0,2520381000.0,,477461000.0,2042920000.0,,22.362,-21213000.0,10456000.0,10456000.0,37342000.0,45934000.0,0.827,1.164,769447000.0,267600000.0,501847000.0,769447000.0,40583000.0,27412000.0,0.0,0.001,0.015,89489000.0,116901000.0,0.282,116901000.0,89489000.0,77648000.0,0.885,0.87,0.885,1164452000.0,,1164452000.0,4244374655.0,14.0,10.643,30367000.0,0.583,1.0,377480000.0,0.91,1187274000.0,11841000.0,1514630000.0,,16538000.0,210308000.0,0.0,210308000.0,1355929000.0,577468000.0,778461000.0,3500073655.0,-4270000.0,-16736000.0,-5850000.0,10436000.0,-10935000.0,-8792000.0,-47058000.0,66000.0,51580000.0,0.0,45934000.0,45934000.0,45934000.0,0.0,0.0,0.111,288073000.0,89407000.0,116201000.0,0.017,3.006,23.953,23.963,485596000.0,0.0,67.215,2.25,2.25,280829000.0,973609000.0,414822000.0,414822000.0,0.0,,,,,13919000.0,127504000.0,1.0,52072806.0,52072806.0,,7.966,1333107000.0,27643000.0,31714000.0,143912000.0,25.601,-100007000.0
87,SSP,MRQ,1999-09-30,1999-09-30,1999-09-30,2021-08-25,66679000.0,2481321000.0,,443729000.0,2037592000.0,,21.92,-22312000.0,14726000.0,14726000.0,32827000.0,24862000.0,0.792,1.172,759027000.0,257158000.0,501869000.0,759027000.0,44971000.0,26683000.0,0.0,0.001,0.015,54074000.0,80757000.0,0.217,80757000.0,54074000.0,42795000.0,0.48,0.48,0.48,1142520000.0,,1142520000.0,4603368845.0,16.0,11.625,36702000.0,0.704,1.0,340105000.0,0.912,1181638000.0,11279000.0,1484069000.0,,15481000.0,216258000.0,0.0,216258000.0,1338801000.0,559915000.0,778886000.0,3841076845.0,2340000.0,-12584000.0,-884000.0,-15666000.0,-10947000.0,-26278000.0,-30396000.0,319000.0,59014000.0,0.0,24862000.0,24862000.0,24862000.0,0.0,0.0,0.067,284740000.0,55365000.0,115428000.0,0.031,3.362,26.522,26.414,482436000.0,0.0,73.695,2.481,2.481,235014000.0,938610000.0,372932000.0,372932000.0,0.0,,,,,0.0,123647000.0,1.0,52121268.0,52121268.0,,7.155,1299683000.0,27682000.0,17933000.0,140830000.0,24.936,-116186000.0
88,SSP,MRQ,1999-06-30,1999-06-30,1999-06-30,2021-08-25,48706000.0,2391385000.0,,423120000.0,1968265000.0,,21.219,-22103000.0,12386000.0,12386000.0,34282000.0,44231000.0,0.8,1.158,774678000.0,271383000.0,503295000.0,774678000.0,39520000.0,23767000.0,0.0,0.001,0.015,86813000.0,110580000.0,0.283,110580000.0,86813000.0,75787000.0,0.855,0.84,0.855,1108260000.0,,1108260000.0,4445267243.0,15.0,11.192,721000.0,0.014,1.0,357003000.0,0.912,1189988000.0,11026000.0,1434537000.0,,14086000.0,171056000.0,0.0,171056000.0,1283125000.0,529152000.0,753973000.0,3726092243.0,-1188000.0,-22016000.0,-11508000.0,40042000.0,-10964000.0,17130000.0,-41142000.0,-359000.0,22824000.0,0.0,44231000.0,44231000.0,44231000.0,0.0,0.0,0.113,270729000.0,86274000.0,72357000.0,0.018,3.362,25.514,25.433,478506000.0,0.0,71.34,2.454,2.454,239719000.0,924613000.0,391285000.0,391285000.0,0.0,,,,,0.0,123031000.0,1.0,52230057.0,52230057.0,,7.492,1201397000.0,25136000.0,31556000.0,127726000.0,23.002,-106032000.0
89,SSP,MRQ,1999-03-31,1999-03-31,1999-03-31,2021-08-25,47064000.0,2344983000.0,,374438000.0,1970545000.0,,20.747,-14198000.0,13574000.0,13574000.0,37303000.0,32001000.0,0.733,1.165,734598000.0,230785000.0,503813000.0,734598000.0,38084000.0,25989000.0,0.0,0.001,0.015,66006000.0,91995000.0,0.244,91995000.0,66006000.0,54933000.0,0.615,0.6,0.615,1083158000.0,,1083158000.0,4220303786.0,15.0,10.917,45899000.0,0.879,1.0,338957000.0,0.901,1199615000.0,11073000.0,1355360000.0,,16566000.0,146625000.0,0.0,146625000.0,1261825000.0,511032000.0,750793000.0,3465268786.0,-1845000.0,-8835000.0,-16709000.0,-36068000.0,-10970000.0,-63694000.0,1752000.0,20525000.0,60097000.0,0.0,32001000.0,32001000.0,32001000.0,0.0,0.0,0.085,273220000.0,65737000.0,96312000.0,0.024,3.199,25.068,25.286,470420000.0,0.0,66.375,2.319,2.319,217844000.0,891346000.0,376260000.0,376260000.0,0.0,,,,,0.0,117980000.0,1.0,52207439.0,52207439.0,,7.207,1145368000.0,24310000.0,22932000.0,123732000.0,21.939,-136594000.0
90,SSP,MRQ,1998-12-31,1998-12-31,1998-12-31,2021-08-25,39485000.0,2359636000.0,,419589000.0,1940047000.0,,20.424,-24096000.0,15419000.0,15419000.0,-36114000.0,43732000.0,0.761,1.208,770657000.0,268780000.0,501877000.0,770657000.0,42094000.0,27352000.0,0.0,0.001,0.015,85308000.0,112660000.0,0.276,112660000.0,85308000.0,73671000.0,0.84,0.81,0.84,1068732000.0,,1068732000.0,4622932742.0,17.0,12.315,36622000.0,0.7,1.0,443592000.0,1.089,1204469000.0,11637000.0,1359176000.0,,15009000.0,151781000.0,20551000.0,131230000.0,1290904000.0,551229000.0,739675000.0,3904948742.0,453000.0,18229000.0,-46260000.0,36569000.0,-10996000.0,-20920000.0,-39345000.0,-18022000.0,60718000.0,0.0,43732000.0,43732000.0,43732000.0,0.0,0.0,0.107,357513000.0,86079000.0,102132000.0,0.018,3.654,29.738,30.152,479286000.0,0.0,74.625,2.666,2.666,226945000.0,870315000.0,407478000.0,407478000.0,0.0,,,,,0.0,114532000.0,1.0,52327621.0,52327621.0,,7.787,1155167000.0,24140000.0,29939000.0,115577000.0,22.076,-131640000.0
91,SSP,MRQ,1998-09-30,1998-09-30,1998-09-30,2021-08-25,22591000.0,2280978000.0,,378929000.0,1902049000.0,,19.843,-17066000.0,14966000.0,14966000.0,62195000.0,26078000.0,0.773,1.146,732861000.0,231019000.0,501842000.0,732861000.0,41849000.0,25311000.0,0.0,0.001,0.015,56642000.0,81953000.0,0.239,81953000.0,56642000.0,44930000.0,0.495,0.48,0.495,1063063000.0,,1063063000.0,4202619800.0,15.0,10.913,36732000.0,0.686,1.0,281228000.0,0.819,1217887000.0,11712000.0,1290495000.0,,15896000.0,107076000.0,2529000.0,104547000.0,1217915000.0,490491000.0,727424000.0,3495694800.0,-2916000.0,-1206000.0,-48272000.0,8195000.0,-11226000.0,-49757000.0,-6957000.0,635000.0,53798000.0,0.0,26078000.0,26078000.0,26078000.0,0.0,0.0,0.076,223772000.0,57456000.0,101686000.0,0.03,3.288,25.312,25.291,473985000.0,0.0,65.25,2.451,2.451,194777000.0,837677000.0,343423000.0,343423000.0,0.0,,,,,0.0,112388000.0,1.0,53573867.0,53573867.0,,6.41,1063091000.0,24180000.0,18852000.0,101358000.0,19.843,-111562000.0
92,SSP,MRQ,1998-06-30,1998-06-30,1998-06-30,2021-08-25,21659000.0,2272984000.0,,363404000.0,1909580000.0,,20.282,-13717000.0,17882000.0,17882000.0,62058000.0,36424000.0,1.016,1.08,724628000.0,122777000.0,601851000.0,724628000.0,42256000.0,25427000.0,0.0,0.001,0.015,74551000.0,99978000.0,0.272,99978000.0,74551000.0,62804000.0,0.675,0.675,0.675,1092522000.0,,1092522000.0,5121315979.0,17.0,13.074,21037000.0,0.391,1.0,304860000.0,0.831,1227649000.0,11747000.0,1394249000.0,,17267000.0,112163000.0,3237000.0,108926000.0,1180462000.0,357832000.0,822630000.0,4428669979.0,286000.0,-9123000.0,-13889000.0,14427000.0,-10508000.0,-10333000.0,-24135000.0,-59000.0,34754000.0,0.0,36424000.0,36424000.0,36424000.0,0.0,0.0,0.099,229653000.0,75207000.0,81455000.0,0.022,4.054,29.406,29.31,472399000.0,0.0,82.215,3.235,3.235,207695000.0,822825000.0,366918000.0,366918000.0,0.0,,,,,0.0,113372000.0,1.0,53866934.0,53866934.0,,6.812,1045335000.0,22698000.0,26380000.0,100383000.0,19.406,5572000.0
93,SSP,MRQ,1998-03-31,1998-03-31,1998-03-31,2021-08-25,15263000.0,2257839000.0,,348058000.0,1909781000.0,,19.91,-12090000.0,17496000.0,17496000.0,59777000.0,25078000.0,0.94,1.106,710147000.0,108298000.0,601849000.0,710147000.0,39654000.0,25755000.0,0.0,0.001,0.015,55049000.0,80804000.0,0.233,80804000.0,55049000.0,43037000.0,0.465,0.465,0.465,1071861000.0,,1071861000.0,5225307711.0,18.0,13.793,77813000.0,1.445,1.0,287032000.0,0.828,1234917000.0,12012000.0,1345399000.0,,19295000.0,96000000.0,3135000.0,92865000.0,1185978000.0,370174000.0,815804000.0,4466522711.0,3180000.0,-4285000.0,0.0,-62991000.0,-10498000.0,-71602000.0,-15121000.0,0.0,89903000.0,0.0,25078000.0,25078000.0,25078000.0,0.0,0.0,0.072,229577000.0,57455000.0,86269000.0,0.032,4.167,29.239,29.111,474283000.0,0.0,82.965,3.416,3.416,188228000.0,796909000.0,346809000.0,346809000.0,0.0,,,,,0.0,114194000.0,1.0,53836229.0,53836229.0,,6.442,1022922000.0,22356000.0,17959000.0,92949000.0,19.001,-22116000.0
94,SSP,MRQ,1997-12-31,1997-12-31,1997-12-31,2021-08-25,11690000.0,2286483000.0,,373738000.0,1912745000.0,,19.484,-19284000.0,14316000.0,14316000.0,-25634000.0,50522000.0,0.859,1.18,773106000.0,171254000.0,601852000.0,773106000.0,38830000.0,24021000.0,0.0,0.003,0.015,98352000.0,122373000.0,0.332,122373000.0,98352000.0,87159000.0,0.945,0.93,0.945,1048962000.0,,1048962000.0,,,,10271000.0,0.191,1.0,394550000.0,1.069,1244442000.0,11193000.0,1365506000.0,,13685000.0,87750000.0,3105000.0,84645000.0,1237521000.0,435325000.0,802196000.0,3911740375.0,-193000.0,-691317000.0,-20523000.0,720404000.0,-10477000.0,683947000.0,-713695000.0,0.0,29555000.0,0.0,50522000.0,50522000.0,50522000.0,0.0,0.0,0.137,319513000.0,75037000.0,88789000.0,0.016,3.729,24.805,24.714,480000000.0,0.0,72.66,3.126,3.126,218990000.0,782329000.0,368916000.0,368916000.0,0.0,,,,,0.0,110069000.0,1.0,53836229.0,53836229.0,,6.853,1042041000.0,21630000.0,36637000.0,88051000.0,19.356,-61587000.0
95,SSP,MRQ,1997-09-30,1997-09-30,1997-09-30,2021-08-25,7736000.0,1522910000.0,,317953000.0,1204957000.0,,,-15182000.0,14597000.0,14597000.0,48560000.0,38578000.0,1.353,0.474,52671000.0,0.0,52671000.0,52671000.0,32591000.0,18023000.0,0.0,0.44,0.015,70546000.0,88569000.0,0.309,88569000.0,70546000.0,68246000.0,0.72,0.705,0.72,1033513000.0,,1033513000.0,,,,53196000.0,,1.0,237621000.0,0.83,597028000.0,2300000.0,728990000.0,,12683000.0,71000000.0,0.0,71000000.0,489397000.0,234966000.0,254431000.0,,803000.0,-24658000.0,-4884000.0,-69211000.0,-10540000.0,-82234000.0,14659000.0,53892000.0,68378000.0,0.0,38578000.0,38578000.0,38578000.0,0.0,0.0,0.135,188046000.0,49575000.0,86909000.0,0.021,,,,430331000.0,0.0,65.91,,,169311000.0,752064000.0,286181000.0,286181000.0,0.0,,,,,0.0,97491000.0,1.0,,,,,925882000.0,23161000.0,29668000.0,82109000.0,,82987000.0
96,SSP,MRQ,1997-06-30,1997-06-30,1997-06-30,2021-08-25,5010000.0,1502360000.0,,334519000.0,1167841000.0,,,-13258000.0,13794000.0,13794000.0,47404000.0,38579000.0,1.129,0.499,121859000.0,90040000.0,31819000.0,121859000.0,33905000.0,17294000.0,0.0,0.468,0.015,69791000.0,87085000.0,0.285,87085000.0,69791000.0,67307000.0,0.72,0.705,0.72,1002214000.0,,1002214000.0,,,,26995000.0,,1.0,258108000.0,0.845,581170000.0,2484000.0,733031000.0,,12705000.0,99456000.0,33389000.0,66067000.0,500146000.0,296224000.0,203922000.0,,-5352000.0,0.0,-287000.0,-12000.0,-10527000.0,-10368000.0,-35237000.0,-22442000.0,40253000.0,0.0,38579000.0,38579000.0,38579000.0,0.0,0.0,0.126,187747000.0,70361000.0,53860000.0,0.021,,,,426267000.0,0.0,62.445,,,176484000.0,724026000.0,305512000.0,305512000.0,0.0,,,,,0.0,96381000.0,1.0,,,,,921190000.0,25134000.0,28728000.0,69998000.0,,38295000.0
97,SSP,MRQ,1997-03-31,1997-03-31,1997-03-31,2021-08-25,2119000.0,1478606000.0,,315330000.0,1163276000.0,,,-8896000.0,19146000.0,19146000.0,53178000.0,30023000.0,1.052,0.524,121846000.0,90040000.0,31806000.0,121846000.0,32256000.0,18268000.0,0.0,0.603,0.195,55066000.0,73334000.0,0.252,73334000.0,55066000.0,52500000.0,0.555,0.555,0.555,970403000.0,,970403000.0,,,,46045000.0,,1.0,237532000.0,0.817,585546000.0,2566000.0,695907000.0,,12647000.0,75350000.0,20500000.0,54850000.0,508203000.0,299853000.0,208350000.0,,9001000.0,0.0,0.0,-11000.0,-10520000.0,-8819000.0,-37121000.0,-28750000.0,54941000.0,0.0,30023000.0,30023000.0,30023000.0,0.0,0.0,0.103,181681000.0,55851000.0,66197000.0,0.351,,,,426174000.0,0.0,48.945,,,177298000.0,695974000.0,290710000.0,290710000.0,0.0,,,,,0.0,94805000.0,1.0,,,,,893060000.0,24392000.0,22477000.0,65912000.0,,15477000.0
98,SSP,MRQ,1996-12-31,1996-12-31,1996-12-31,2021-08-25,-150000.0,1468669000.0,,314080000.0,1154589000.0,,,,10145000.0,10145000.0,,,0.971,0.555,121833000.0,90040000.0,31793000.0,121833000.0,30208000.0,,0.0,0.564,28.743,,,,,,,,,,944591000.0,,944591000.0,,,,,,1.0,,,590452000.0,,666503000.0,,11753000.0,42905000.0,2700000.0,40205000.0,524078000.0,323402000.0,200676000.0,,,,,,,,,,,,,,,,,,,,88574000.0,,,,17.857,430703000.0,,52.5,,,182687000.0,676471000.0,,,,,,,,,,1.0,,,,,878217000.0,24897000.0,,63953000.0,,-9322000.0
0,SSP,MRT,2021-06-30,2021-06-30,2021-06-30,2021-08-25,-97708000.0,6562199000.0,5476598000.0,690133000.0,5872066000.0,0.4,22.493,-45983000.0,85956000.0,85956000.0,974345000.0,314396000.0,1.47,2.546,3376965000.0,18612000.0,3358353000.0,3376965000.0,22893000.0,133423000.0,0.0,0.005,0.1,512037000.0,645460000.0,0.295,645460000.0,512037000.0,381948000.0,3.48,3.45,3.48,1850739000.0,1376564500.0,1850739000.0,4969170308.0,10.0,7.699,247395000.0,3.007,1.0,1216025000.0,0.555,4877212000.0,130089000.0,4506668000.0,3953434750.0,0.0,13902000.0,0.0,13902000.0,4711460000.0,469328000.0,4242132000.0,1677728308.0,-12977000.0,-2380673000.0,0.0,1325136000.0,-29382000.0,1825605000.0,-2132012000.0,-4379000.0,293378000.0,52000.0,290177000.0,265958000.0,265958000.0,-131406000.0,24219000.0,0.121,722297000.0,493728000.0,75839000.0,0.029,0.907,6.308,5.859,587770000.0,24219000.0,20.39,0.766,0.766,526739000.0,118770000.0,2190370000.0,2190370000.0,0.0,0.049,0.193,0.13,0.234,28797000.0,585597000.0,1.0,82281918.0,82281918.0,,26.62,1684987000.0,0.0,91771000.0,358828000.0,20.478,220805000.0
1,SSP,MRT,2021-03-31,2021-03-31,2021-03-31,2021-08-25,-98914000.0,6898680000.0,4723009500.0,1072737000.0,5825943000.0,0.42,19.195,-32923000.0,538185000.0,538185000.0,928697000.0,286709000.0,2.484,3.396,3829627000.0,18612000.0,3811015000.0,3829627000.0,21408000.0,119317000.0,0.0,0.008,0.15,458717000.0,578034000.0,0.291,578034000.0,458717000.0,347639000.0,3.3,3.27,3.3,1569187000.0,1129783250.0,1569187000.0,2925327222.0,6.0,5.061,280864000.0,3.436,1.0,1055479000.0,0.532,4961277000.0,111078000.0,4797035000.0,3569766500.0,0.0,15555000.0,0.0,15555000.0,5329493000.0,431810000.0,4897683000.0,1575280222.0,358558000.0,-2378173000.0,0.0,1662388000.0,-21533000.0,2166153000.0,-2121531000.0,-6485000.0,313787000.0,149000.0,275066000.0,263423000.0,263423000.0,-122444000.0,11643000.0,0.133,663224000.0,392255000.0,66479000.0,0.045,1.004,5.98,5.839,526075000.0,11643000.0,19.27,0.794,0.794,503454000.0,125702000.0,1984176000.0,1984176000.0,0.0,0.056,0.233,0.129,0.231,26808000.0,547609000.0,1.0,81747806.0,81747806.0,,24.272,1937403000.0,0.0,72573000.0,347347000.0,23.7,640927000.0
2,SSP,MRT,2020-12-31,2020-12-31,2020-12-31,2021-08-25,-100119000.0,4859386000.0,3922258250.0,2094185000.0,2765201000.0,0.474,14.288,-44949000.0,1626021000.0,1626021000.0,855214000.0,269333000.0,5.842,3.177,2976068000.0,10612000.0,2965456000.0,2976068000.0,14101000.0,107155000.0,0.0,0.013,0.2,417783000.0,524938000.0,0.283,524938000.0,417783000.0,324789000.0,3.23,3.21,3.23,1163265000.0,958816500.0,1163265000.0,3070754419.0,7.0,5.85,232445000.0,2.855,1.0,1002264000.0,0.54,2178656000.0,92994000.0,3672321000.0,3152870250.0,0.0,14404000.0,0.0,14404000.0,3696121000.0,358456000.0,3337665000.0,1247658419.0,1593053000.0,76635000.0,0.0,1039388000.0,-16574000.0,998179000.0,317422000.0,-8309000.0,277394000.0,58000.0,269333000.0,269333000.0,269333000.0,-115769000.0,0.0,0.145,590960000.0,411304000.0,68139000.0,0.062,1.073,4.632,4.734,395391000.0,0.0,15.29,0.672,0.67,441380000.0,131778000.0,1857478000.0,1857478000.0,0.0,0.069,0.281,0.133,0.225,17859000.0,572282000.0,1.0,81599635.0,81418000.0,81831000.0,22.814,2680730000.0,0.0,55456000.0,85844000.0,32.926,1735729000.0
3,SSP,MRT,2020-09-30,2020-09-30,2020-09-30,2021-08-25,-96168000.0,3586127000.0,3597876000.0,821664000.0,2764463000.0,0.47,11.324,-57354000.0,128548000.0,128548000.0,868404000.0,35231000.0,2.12,2.885,1951644000.0,10612000.0,1941032000.0,1951644000.0,34510000.0,106991000.0,0.0,0.017,0.2,156300000.0,263291000.0,0.156,263291000.0,156300000.0,58996000.0,0.41,0.4,0.41,923067000.0,892484000.0,923067000.0,2907857469.0,19.0,11.044,63986000.0,0.785,1.0,821019000.0,0.486,2183899000.0,97304000.0,2837715000.0,2974835250.0,0.0,13207000.0,0.0,13207000.0,2663060000.0,387609000.0,2275451000.0,932549469.0,42041000.0,2709000.0,0.0,-30612000.0,-16515000.0,-49502000.0,-29805000.0,-5636000.0,121340000.0,8000.0,35397000.0,35397000.0,35397000.0,16975000.0,-166000.0,0.021,591753000.0,229266000.0,59684000.0,0.488,1.01,26.345,27.902,400988000.0,0.0,11.44,0.552,0.552,402885000.0,-108730000.0,1689423000.0,1689423000.0,0.0,0.01,0.04,0.053,0.093,15562000.0,516956000.0,1.0,81516562.0,81516562.0,,20.725,1402228000.0,8372000.0,23599000.0,46836000.0,17.202,434055000.0
4,SSP,MRT,2020-06-30,2020-06-30,2020-06-30,2021-08-25,-97176000.0,3547845000.0,3577967000.0,616577000.0,2931268000.0,0.427,10.611,-57965000.0,98933000.0,98933000.0,826480000.0,-45050000.0,2.114,3.108,2074241000.0,10612000.0,2063629000.0,2074241000.0,9371000.0,101796000.0,0.0,0.023,0.2,55226000.0,157022000.0,0.103,157022000.0,55226000.0,-47228000.0,-0.56,-0.56,-0.56,863614000.0,885119250.0,863614000.0,2743322291.0,50.0,17.471,-20316000.0,-0.25,1.0,700538000.0,0.459,2259556000.0,102454000.0,2971995000.0,2987392000.0,0.0,13357000.0,0.0,13357000.0,2684231000.0,291602000.0,2392629000.0,712158291.0,-197581000.0,-579649000.0,0.0,419379000.0,-16513000.0,389170000.0,-624365000.0,-6382000.0,37649000.0,-35000.0,-45050000.0,-45050000.0,-45050000.0,15949000.0,0.0,-0.03,576144000.0,124394000.0,49053000.0,-0.357,0.825,-15.808,-15.625,492590000.0,0.0,8.75,0.466,0.466,373674000.0,-163092000.0,1527018000.0,1527018000.0,0.0,-0.013,-0.051,0.018,0.036,12632000.0,495512000.0,1.0,81389519.0,81389519.0,,18.762,1288289000.0,13334000.0,-2178000.0,29395000.0,15.829,324975000.0
5,SSP,MRT,2020-03-31,2020-03-31,2020-03-31,2021-08-25,-98081000.0,3695675000.0,3452937000.0,670810000.0,3024865000.0,0.431,10.932,-63660000.0,179627000.0,179627000.0,761892000.0,-23373000.0,2.446,3.174,2210791000.0,10612000.0,2200179000.0,2210791000.0,8572000.0,93897000.0,0.0,0.027,0.2,81827000.0,175724000.0,0.118,175724000.0,81827000.0,-15651000.0,-0.3,-0.3,-0.3,885320000.0,898379000.0,885320000.0,2616425261.0,32.0,14.889,-64219000.0,-0.793,1.0,726671000.0,0.488,2323118000.0,97478000.0,3129450000.0,2815970000.0,0.0,11434000.0,0.0,11434000.0,2810355000.0,274271000.0,2536084000.0,610624261.0,165225000.0,-1135223000.0,0.0,1425544000.0,-16442000.0,1379110000.0,-1213200000.0,-4608000.0,-559000.0,-126000.0,-23373000.0,-23373000.0,-23373000.0,17582000.0,0.0,-0.016,557057000.0,169614000.0,43389000.0,-0.667,0.69,-26.125,-25.133,512455000.0,0.0,7.54,0.41,0.41,430650000.0,-136898000.0,1488563000.0,1488563000.0,0.0,-0.007,-0.026,0.029,0.055,9488000.0,499546000.0,1.0,80984650.0,80984650.0,,18.381,1372557000.0,11602000.0,7722000.0,34575000.0,16.948,396539000.0
6,SSP,MRT,2019-12-31,2019-12-31,2019-12-31,2021-08-25,-98989000.0,3561857000.0,3072497250.0,643917000.0,2917940000.0,0.44,11.109,-60935000.0,32968000.0,32968000.0,674746000.0,-18378000.0,2.064,2.967,2028678000.0,10612000.0,2018066000.0,2028678000.0,10704000.0,84344000.0,0.0,0.013,0.2,65135000.0,149479000.0,0.111,149479000.0,65135000.0,-15461000.0,-0.23,-0.23,-0.23,897935000.0,906392250.0,897935000.0,3241204303.0,50.0,21.683,-88387000.0,-1.094,1.0,676653000.0,0.501,2285354000.0,80596000.0,2960181000.0,2368459250.0,0.0,8375000.0,0.0,8375000.0,2663922000.0,312032000.0,2351890000.0,1271168303.0,-74146000.0,-1190422000.0,-584000.0,1252447000.0,-16374000.0,1217826000.0,-1264507000.0,-1636000.0,-27452000.0,-13000.0,-18378000.0,-18378000.0,-18378000.0,16465000.0,0.0,-0.014,506642000.0,170011000.0,28441000.0,-0.87,1.416,-69.168,-68.304,498570000.0,0.0,15.71,0.941,0.94,417498000.0,-120981000.0,1351399000.0,1351399000.0,0.0,-0.006,-0.02,0.028,0.048,14697000.0,476968000.0,1.0,80914596.0,80826000.0,80826000.0,16.72,1276503000.0,12306000.0,2917000.0,17876000.0,15.793,331885000.0
7,SSP,MRT,2019-09-30,2019-09-30,2019-09-30,2021-08-25,-93828000.0,3506491000.0,2714548250.0,534242000.0,2972249000.0,0.464,11.05,-49481000.0,86507000.0,86507000.0,599814000.0,-6964000.0,2.187,2.924,2056543000.0,10650000.0,2045893000.0,2056543000.0,8948000.0,72510000.0,0.0,0.015,0.2,65484000.0,137994000.0,0.109,137994000.0,65484000.0,2865000.0,-0.09,-0.1,-0.09,893608000.0,913449750.0,893608000.0,2367212228.0,36.0,17.154,28649000.0,0.354,1.0,660684000.0,0.524,2344337000.0,62619000.0,2887942000.0,1928585500.0,0.0,8395000.0,0.0,8395000.0,2612717000.0,244248000.0,2368469000.0,1073993228.0,-43236000.0,-1340100000.0,-2637000.0,1274350000.0,-16307000.0,1216163000.0,-1337516000.0,-1932000.0,78130000.0,-13000.0,-7130000.0,-7130000.0,-7130000.0,38379000.0,166000.0,-0.006,465564000.0,195120000.0,43295000.0,-2.222,1.202,-150.63,-147.556,504059000.0,0.0,13.28,0.852,0.852,362256000.0,-127612000.0,1260498000.0,1260498000.0,0.0,-0.003,-0.008,0.034,0.052,11740000.0,426015000.0,1.0,80872984.0,80872984.0,,15.586,1162154000.0,8457000.0,9995000.0,21041000.0,14.37,289994000.0
8,SSP,MRT,2019-06-30,2019-06-30,2019-06-30,2021-08-25,-94476000.0,3047725000.0,2354933000.0,721124000.0,2326601000.0,0.523,11.347,-51021000.0,296514000.0,296514000.0,581811000.0,33930000.0,3.299,2.325,1589733000.0,10650000.0,1579083000.0,1589733000.0,6522000.0,66447000.0,0.0,0.013,0.2,99895000.0,166342000.0,0.135,166342000.0,99895000.0,54810000.0,0.41,0.4,0.41,916653000.0,916460750.0,916653000.0,1946429677.0,19.0,11.701,76492000.0,0.947,1.0,650556000.0,0.528,1836039000.0,45085000.0,2286307000.0,1518047250.0,0.0,7688000.0,0.0,7688000.0,2131072000.0,218598000.0,1912474000.0,1235220677.0,170795000.0,-757742000.0,-28498000.0,873606000.0,-16293000.0,802049000.0,-758760000.0,-1094000.0,127513000.0,-7000.0,33930000.0,33930000.0,33930000.0,34858000.0,0.0,0.028,427219000.0,223337000.0,43648000.0,0.488,1.348,36.405,37.293,361868000.0,0.0,15.29,1.002,1.002,351705000.0,-101529000.0,1232367000.0,1232367000.0,0.0,0.014,0.037,0.066,0.081,11883000.0,403238000.0,1.0,80786179.0,80786179.0,,15.255,1211686000.0,8557000.0,20880000.0,25185000.0,14.999,502526000.0
9,SSP,MRT,2019-03-31,2019-03-31,2019-03-31,2021-08-25,-94937000.0,2173916000.0,2115483000.0,397499000.0,1776417000.0,0.565,11.373,-49171000.0,14402000.0,14402000.0,571573000.0,40016000.0,2.008,1.37,725611000.0,3000000.0,722611000.0,725611000.0,8120000.0,63083000.0,0.0,0.01,0.2,96835000.0,159918000.0,0.134,159918000.0,96835000.0,60494000.0,0.48,0.47,0.48,917373000.0,915263500.0,917373000.0,2275608385.0,23.0,14.23,73533000.0,0.912,1.0,623761000.0,0.522,1347802000.0,36341000.0,1339407000.0,1267041750.0,0.0,7276000.0,0.0,7276000.0,1256543000.0,197916000.0,1058627000.0,1693958385.0,-115983000.0,-204668000.0,-26875000.0,-5656000.0,-16310000.0,-55160000.0,-183514000.0,-556000.0,122704000.0,-13000.0,40016000.0,40016000.0,40016000.0,31636000.0,0.0,0.033,410716000.0,213045000.0,32230000.0,0.417,1.847,42.332,43.75,298543000.0,0.0,21.0,1.417,1.417,301290000.0,-97083000.0,1195334000.0,1195334000.0,0.0,0.019,0.044,0.076,0.081,13194000.0,388150000.0,1.0,80664685.0,80664685.0,,14.819,826114000.0,9857000.0,20478000.0,22061000.0,10.241,199583000.0
10,SSP,MRT,2018-12-31,2018-12-31,2018-12-31,2021-08-25,-95397000.0,2130061000.0,2092999500.0,471017000.0,1659044000.0,0.553,11.382,-47093000.0,107114000.0,107114000.0,548522000.0,19749000.0,2.378,1.3,688764000.0,3000000.0,685764000.0,688764000.0,11459000.0,60711000.0,0.0,0.013,0.2,79346000.0,140057000.0,0.121,140057000.0,79346000.0,43162000.0,0.25,0.24,0.25,926165000.0,912092250.0,926165000.0,1828447504.0,23.0,13.055,93818000.0,1.153,1.0,608840000.0,0.526,1312966000.0,36184000.0,1200686000.0,1251585000.0,0.0,7162000.0,0.0,7162000.0,1203896000.0,198059000.0,1005837000.0,1268978504.0,-41585000.0,-149469000.0,-30466000.0,-5656000.0,-16395000.0,-54997000.0,-127484000.0,-558000.0,140911000.0,-15000.0,20381000.0,20381000.0,20381000.0,50140000.0,-632000.0,0.018,398391000.0,210449000.0,26919000.0,0.8,1.37,62.263,62.92,237927000.0,0.0,15.73,1.096,1.106,300572000.0,-86229000.0,1157362000.0,1157362000.0,0.0,0.01,0.022,0.063,0.069,10500000.0,376436000.0,1.0,80672505.0,81369000.0,81927000.0,14.224,817095000.0,9141000.0,22781000.0,25531000.0,10.042,272958000.0
11,SSP,MRT,2018-09-30,2018-09-30,2018-09-30,2021-08-25,-99126000.0,2068030000.0,2092871250.0,560932000.0,1507098000.0,0.527,11.05,-44302000.0,129743000.0,129743000.0,565304000.0,3231000.0,2.669,1.283,689212000.0,3000000.0,686212000.0,689212000.0,17692000.0,61326000.0,0.0,0.009,0.15,48602000.0,109928000.0,0.1,109928000.0,48602000.0,13027000.0,0.04,0.04,0.04,905652000.0,914764250.0,905652000.0,1918963192.0,39.0,17.457,37504000.0,0.458,1.0,536754000.0,0.487,1171517000.0,35575000.0,1245789000.0,1271766500.0,0.0,7299000.0,0.0,7299000.0,1162378000.0,210193000.0,952185000.0,1352367192.0,3208000.0,-280940000.0,-34594000.0,293365000.0,-12362000.0,241361000.0,-319959000.0,618000.0,81806000.0,0.0,5374000.0,5374000.0,5374000.0,28353000.0,-2143000.0,0.005,395230000.0,141524000.0,38213000.0,3.75,1.493,251.65,412.5,223629000.0,0.0,16.5,1.227,1.227,254682000.0,-104021000.0,1102058000.0,1102058000.0,0.0,0.003,0.006,0.038,0.044,11677000.0,385883000.0,1.0,81961648.0,81961648.0,,13.446,896513000.0,15730000.0,7653000.0,0.0,10.938,350739000.0
12,SSP,MRT,2018-06-30,2018-06-30,2018-06-30,2021-08-25,-101442000.0,2089925000.0,1997516250.0,569556000.0,1520369000.0,0.501,11.163,-35183000.0,125719000.0,125719000.0,513475000.0,-42584000.0,2.828,1.292,692315000.0,5656000.0,686659000.0,692315000.0,7544000.0,59503000.0,0.0,0.007,0.1,-26480000.0,33023000.0,0.033,33023000.0,-26480000.0,-58772000.0,-0.51,-0.51,-0.51,911864000.0,920059000.0,911864000.0,1656171286.0,-63.0,50.152,-770000.0,-0.009,1.0,486366000.0,0.486,1172864000.0,32292000.0,1282285000.0,1161183500.0,0.0,7351000.0,0.0,7351000.0,1178061000.0,201372000.0,976689000.0,1093794286.0,-23930000.0,-280940000.0,-14180000.0,294115000.0,-8222000.0,264080000.0,-322423000.0,-81000.0,34413000.0,0.0,-40441000.0,-40441000.0,-40441000.0,26525000.0,-2143000.0,-0.04,388939000.0,97427000.0,32402000.0,-0.196,1.2,-27.047,-26.255,218628000.0,0.0,13.39,1.094,1.094,250728000.0,-119012000.0,999841000.0,999841000.0,0.0,-0.02,-0.044,-0.023,-0.026,13123000.0,378380000.0,1.0,81687400.0,81687400.0,,12.24,917061000.0,17524000.0,-18331000.0,0.0,11.226,368184000.0
13,SSP,MRT,2018-03-31,2018-03-31,2018-03-31,2021-08-25,-102182000.0,2083982000.0,1910380250.0,561043000.0,1522939000.0,0.488,11.098,-25378000.0,130385000.0,130385000.0,461371000.0,-39759000.0,2.889,1.304,692762000.0,5656000.0,687106000.0,692762000.0,7184000.0,57902000.0,0.0,0.004,0.05,-22785000.0,35117000.0,0.038,35117000.0,-22785000.0,-54046000.0,-0.47,-0.47,-0.47,904688000.0,930944500.0,904688000.0,1521946162.0,-67.0,43.339,11012000.0,0.135,1.0,471317000.0,0.505,1174602000.0,31261000.0,1277580000.0,1044990750.0,0.0,7776000.0,0.0,7776000.0,1179294000.0,194177000.0,985117000.0,977370162.0,-1883000.0,-280940000.0,-20300000.0,306302000.0,-4125000.0,267817000.0,-306090000.0,-344000.0,36390000.0,0.0,-37616000.0,-37616000.0,-37616000.0,21893000.0,-2143000.0,-0.04,379528000.0,91789000.0,27770000.0,-0.106,1.08,-25.983,-25.511,212040000.0,0.0,11.99,1.048,1.048,236199000.0,-120635000.0,932688000.0,932688000.0,0.0,-0.02,-0.04,-0.022,-0.024,12748000.0,371299000.0,1.0,81515443.0,81515443.0,,11.442,909380000.0,22037000.0,-16430000.0,0.0,11.156,366866000.0
14,SSP,MRT,2017-12-31,2017-12-31,2017-12-31,2021-08-25,-102922000.0,2129548000.0,1817950500.0,605534000.0,1524014000.0,0.482,11.418,-17932000.0,148699000.0,148699000.0,414474000.0,-14617000.0,2.873,1.272,693275000.0,5656000.0,687619000.0,693275000.0,7353000.0,56343000.0,0.0,0.0,0.0,-6463000.0,49880000.0,0.057,49880000.0,-6463000.0,-33160000.0,-0.16,-0.16,-0.16,936853000.0,941636000.0,936853000.0,1549400298.0,-240.0,31.063,22920000.0,0.279,1.0,462498000.0,0.527,1181924000.0,26697000.0,1281412000.0,926722750.0,0.0,7699000.0,0.0,7699000.0,1192063000.0,210788000.0,981275000.0,1280100298.0,14347000.0,-280940000.0,-16424000.0,306073000.0,0.0,272562000.0,-299067000.0,-836000.0,40852000.0,0.0,-13106000.0,-13106000.0,-13106000.0,2595000.0,-1511000.0,-0.015,372157000.0,90341000.0,23647000.0,0.0,1.366,-97.673,-97.688,209995000.0,0.0,15.63,1.46,1.462,245365000.0,-90061000.0,876972000.0,876972000.0,0.0,-0.007,-0.014,-0.007,-0.007,15872000.0,367735000.0,1.0,81900211.0,82052000.0,82052000.0,10.688,947624000.0,20076000.0,-20054000.0,0.0,11.549,394746000.0
15,SSP,MRT,2017-09-30,2017-09-30,2017-09-30,2021-08-25,-91270000.0,1686610000.0,1719540000.0,354932000.0,1331678000.0,0.476,11.278,-17230000.0,126535000.0,126535000.0,484337000.0,18259000.0,3.266,0.817,395835000.0,2656000.0,393179000.0,395835000.0,7088000.0,52532000.0,0.0,0.0,0.0,38825000.0,91357000.0,0.112,91357000.0,38825000.0,16226000.0,0.22,0.22,0.22,926831000.0,943906500.0,926831000.0,1819037575.0,47.0,19.911,81109000.0,0.987,1.0,334985000.0,0.409,1043775000.0,22599000.0,803457000.0,830688250.0,0.0,14137000.0,0.0,14137000.0,757636000.0,108678000.0,648958000.0,1570431575.0,32697000.0,0.0,-24971000.0,4167000.0,0.0,-35330000.0,-30312000.0,-1933000.0,98339000.0,0.0,18259000.0,18259000.0,18259000.0,-10717000.0,0.0,0.022,207698000.0,127287000.0,28708000.0,0.0,1.694,86.009,86.864,247156000.0,0.0,19.11,1.917,1.917,197152000.0,-116202000.0,819322000.0,819322000.0,0.0,0.011,0.019,0.047,0.047,16060000.0,205291000.0,1.0,82178523.0,82178523.0,,9.97,642835000.0,10488000.0,-2033000.0,3889000.0,7.822,246254000.0
16,SSP,MRT,2017-06-30,2017-06-30,2017-06-30,2021-08-25,-91989000.0,1741381000.0,1719106000.0,380057000.0,1361324000.0,0.496,11.6,-21270000.0,149649000.0,149649000.0,435977000.0,57465000.0,3.838,0.82,398255000.0,2656000.0,395599000.0,398255000.0,4789000.0,53649000.0,0.0,0.0,0.0,105294000.0,158943000.0,0.187,158943000.0,105294000.0,83823000.0,0.69,0.69,0.69,955406000.0,943817000.0,955406000.0,1726945813.0,16.0,10.865,116857000.0,1.419,1.0,415876000.0,0.488,1073446000.0,21471000.0,817514000.0,827427500.0,0.0,13520000.0,0.0,13520000.0,783832000.0,99027000.0,684805000.0,1466838813.0,77710000.0,0.0,-30511000.0,5823000.0,0.0,-39082000.0,-21335000.0,-1234000.0,138127000.0,0.0,57465000.0,57465000.0,57465000.0,-9797000.0,0.0,0.067,254066000.0,161810000.0,25701000.0,0.0,1.535,25.526,25.812,252044000.0,0.0,17.81,1.722,1.722,200215000.0,-88717000.0,851853000.0,851853000.0,0.0,0.033,0.061,0.127,0.124,12873000.0,254066000.0,1.0,82360405.0,82360405.0,,10.343,667935000.0,9538000.0,26358000.0,19570000.0,8.11,281030000.0
17,SSP,MRT,2017-03-31,2017-03-31,2017-03-31,2021-08-25,-92668000.0,1714263000.0,1705583000.0,341799000.0,1372464000.0,0.506,11.561,-23506000.0,132268000.0,132268000.0,390156000.0,60408000.0,3.759,0.809,392375000.0,2656000.0,389719000.0,392375000.0,6292000.0,54654000.0,0.0,0.0,0.0,106469000.0,161123000.0,0.187,161123000.0,106469000.0,88814000.0,0.73,0.72,0.73,947454000.0,936065750.0,947454000.0,2179828478.0,20.0,13.529,126123000.0,1.539,1.0,473272000.0,0.548,1078941000.0,17655000.0,804508000.0,825828750.0,0.0,14499000.0,0.0,14499000.0,766809000.0,90921000.0,675888000.0,1920995478.0,30556000.0,-43500000.0,-34569000.0,-6614000.0,0.0,-48931000.0,-70142000.0,-1184000.0,149629000.0,0.0,60408000.0,60408000.0,60408000.0,-8107000.0,0.0,0.07,302042000.0,171230000.0,30518000.0,0.0,2.028,31.8,32.11,256070000.0,0.0,23.44,2.225,2.225,190110000.0,-96513000.0,863428000.0,863428000.0,0.0,0.035,0.065,0.129,0.123,13082000.0,302042000.0,1.0,81953732.0,81953732.0,,10.536,635322000.0,9575000.0,28406000.0,13486000.0,7.752,250878000.0
18,SSP,MRT,2016-12-31,2016-12-31,2016-12-31,2021-08-25,-93347000.0,1735906000.0,1695373500.0,345895000.0,1390011000.0,0.516,11.35,-25911000.0,134352000.0,134352000.0,346414000.0,67235000.0,3.322,0.835,393185000.0,6571000.0,386614000.0,393185000.0,6410000.0,55204000.0,0.0,0.0,0.0,118540000.0,173744000.0,0.199,173744000.0,118540000.0,100501000.0,0.8,0.8,0.8,945935000.0,928761250.0,945935000.0,1905234819.0,16.0,10.966,120582000.0,1.447,1.0,528037000.0,0.604,993334000.0,18039000.0,897274000.0,828102500.0,0.0,14221000.0,0.0,14221000.0,789971000.0,104131000.0,685840000.0,1602421819.0,19731000.0,-43500000.0,-39760000.0,-6635000.0,0.0,-53334000.0,-73428000.0,-2128000.0,146493000.0,0.0,67235000.0,67235000.0,67235000.0,-7313000.0,0.0,0.077,344148000.0,183889000.0,15976000.0,0.0,1.694,23.833,24.163,225437000.0,0.0,19.33,1.832,1.842,178537000.0,-94077000.0,874451000.0,874451000.0,0.0,0.04,0.072,0.143,0.136,10857000.0,343570000.0,1.0,82898180.0,83339000.0,83639000.0,10.493,742572000.0,16608000.0,33266000.0,0.0,8.91,241764000.0
19,SSP,MRT,2016-09-30,2016-09-30,2016-09-30,2021-08-25,-87658000.0,1684874000.0,1681612000.0,292214000.0,1392660000.0,0.484,11.091,-12649000.0,93838000.0,93838000.0,292401000.0,7366000.0,2.733,0.819,396651000.0,9312000.0,387339000.0,396651000.0,14608000.0,55946000.0,0.0,0.0,0.0,19074000.0,75020000.0,0.092,75020000.0,19074000.0,895000.0,0.11,0.1,0.11,926473000.0,917523250.0,926473000.0,1653773797.0,87.0,22.044,91990000.0,1.101,1.0,521281000.0,0.641,1090369000.0,18179000.0,790414000.0,798930250.0,0.0,14344000.0,0.0,14344000.0,758401000.0,106904000.0,651497000.0,1328231797.0,5686000.0,-43500000.0,-29145000.0,-4137000.0,0.0,-41454000.0,-57499000.0,-2299000.0,104639000.0,0.0,7366000.0,7366000.0,7366000.0,-6827000.0,0.0,0.009,381462000.0,139819000.0,27573000.0,0.0,1.434,180.319,144.545,262870000.0,0.0,15.9,1.632,1.632,184487000.0,-132386000.0,813682000.0,813682000.0,0.0,0.004,0.008,0.024,0.023,10600000.0,389631000.0,1.0,83536591.0,83536591.0,,9.74,594505000.0,11722000.0,-6471000.0,0.0,7.117,185310000.0
20,SSP,MRT,2016-06-30,2016-06-30,2016-06-30,2021-08-25,-88416000.0,1687289000.0,1680821000.0,277583000.0,1409706000.0,0.458,11.002,-10906000.0,71939000.0,71939000.0,284776000.0,-29599000.0,2.647,0.825,397481000.0,6656000.0,390825000.0,397481000.0,7297000.0,57327000.0,0.0,0.0,0.0,-31951000.0,25376000.0,0.033,25376000.0,-31951000.0,-49784000.0,-0.33,-0.34,-0.33,924401000.0,909018500.0,924401000.0,1627464730.0,-51.0,64.134,98295000.0,1.17,1.0,485557000.0,0.63,1096853000.0,17833000.0,811119000.0,806716750.0,0.0,14840000.0,0.0,14840000.0,762888000.0,104859000.0,658029000.0,1330864730.0,-36291000.0,-92868000.0,-25874000.0,-6656000.0,0.0,-39537000.0,-105955000.0,-2936000.0,109201000.0,0.0,-29599000.0,-29599000.0,-29599000.0,-6827000.0,0.0,-0.038,375857000.0,109700000.0,29024000.0,0.0,1.44,-44.963,-48.0,263696000.0,0.0,15.84,1.728,1.728,191243000.0,-144249000.0,770333000.0,770333000.0,0.0,-0.018,-0.033,-0.04,-0.041,10848000.0,376844000.0,1.0,84019238.0,84019238.0,,9.169,590436000.0,21858000.0,-20185000.0,0.0,7.027,172724000.0
21,SSP,MRT,2016-03-31,2016-03-31,2016-03-31,2021-08-25,-89108000.0,1673425000.0,1683678750.0,290644000.0,1382781000.0,0.44,10.942,-10309000.0,101712000.0,101712000.0,278103000.0,-72490000.0,2.99,0.822,398312000.0,6656000.0,391656000.0,398312000.0,7317000.0,55907000.0,0.0,0.0,0.0,-88520000.0,-32613000.0,-0.044,-32613000.0,-88520000.0,-106146000.0,-0.84,-0.84,-0.84,918236000.0,909140750.0,918236000.0,1592867648.0,-18.0,-48.841,4920000.0,0.059,1.0,462547000.0,0.625,1059217000.0,17626000.0,813603000.0,821508500.0,0.0,14992000.0,0.0,14992000.0,755189000.0,97205000.0,657984000.0,1308345648.0,-64587000.0,-46838000.0,-18725000.0,74502000.0,-59523000.0,-20895000.0,-58921000.0,-2761000.0,15229000.0,0.0,-72490000.0,-72490000.0,-72490000.0,11621000.0,0.0,-0.098,396489000.0,66058000.0,27736000.0,0.0,1.425,-18.049,-18.56,265829000.0,0.0,15.59,1.766,1.766,172793000.0,-155578000.0,740650000.0,740650000.0,0.0,-0.043,-0.08,-0.108,-0.12,12963000.0,363383000.0,1.0,83922107.0,83922107.0,,8.825,614208000.0,33663000.0,-33656000.0,0.0,7.319,193439000.0
22,SSP,MRT,2015-12-31,2015-12-31,2015-12-31,2021-08-25,-89802000.0,1680860000.0,1523454000.0,302630000.0,1378230000.0,0.429,11.645,-6288000.0,114621000.0,114621000.0,261616000.0,-82477000.0,2.526,0.866,399143000.0,6656000.0,392487000.0,399143000.0,8508000.0,49791000.0,0.0,0.0,0.0,-105262000.0,-55471000.0,-0.085,-55471000.0,-105262000.0,-120361000.0,-1.06,-1.06,-1.06,900983000.0,808406250.0,900983000.0,1909229435.0,-18.0,-34.419,2582000.0,0.033,1.0,392559000.0,0.6,1064974000.0,15099000.0,780585000.0,776176250.0,0.0,13856000.0,0.0,13856000.0,779877000.0,119823000.0,660054000.0,1593527435.0,-50648000.0,-46838000.0,-8973000.0,75002000.0,-59523000.0,1844000.0,-61362000.0,-7658000.0,8870000.0,0.0,-82477000.0,-82477000.0,-82477000.0,8605000.0,0.0,-0.126,354412000.0,38147000.0,31606000.0,0.0,1.769,-19.321,-17.925,271047000.0,0.0,19.0,2.436,2.247,171901000.0,-174038000.0,654175000.0,654175000.0,0.0,-0.054,-0.102,-0.136,-0.161,9873000.0,316424000.0,1.0,83869865.0,77373000.0,77373000.0,8.455,615886000.0,18266000.0,-37884000.0,0.0,7.96,182807000.0
23,SSP,MRT,2015-09-30,2015-09-30,2015-09-30,2021-08-25,-125052000.0,1681710000.0,1361015000.0,294273000.0,1387437000.0,0.486,10.593,-20083000.0,87902000.0,87902000.0,145542000.0,-45229000.0,2.639,0.884,403604000.0,6792000.0,396812000.0,403604000.0,10999000.0,46483000.0,0.0,0.0,0.0,-47021000.0,-538000.0,-0.001,-538000.0,-47021000.0,-59693000.0,-0.48,-0.48,-0.48,892454000.0,712729500.0,892454000.0,1787769237.0,-38.0,-3322.991,-3843000.0,-0.046,1.0,515932000.0,0.78,1064348000.0,12672000.0,821560000.0,739567500.0,0.0,14876000.0,0.0,14876000.0,789256000.0,111504000.0,677752000.0,1488626237.0,-44427000.0,-46788000.0,-1456000.0,75639000.0,-59523000.0,15267000.0,-75934000.0,-7736000.0,16240000.0,0.0,-45229000.0,-45229000.0,-45229000.0,15146000.0,0.0,-0.068,468602000.0,47330000.0,21994000.0,0.0,1.668,-32.913,-36.812,269792000.0,0.0,17.67,2.25,2.25,167445000.0,-147969000.0,661474000.0,661474000.0,0.0,-0.033,-0.063,-0.064,-0.071,3657000.0,417725000.0,1.0,84245967.0,84245967.0,,7.852,617362000.0,30175000.0,-14464000.0,3201000.0,7.328,182769000.0
24,SSP,MRT,2015-06-30,2015-06-30,2015-06-30,2021-08-25,-125873000.0,1698720000.0,1185198250.0,332136000.0,1366584000.0,0.502,10.986,-11912000.0,107980000.0,107980000.0,129807000.0,-22127000.0,3.419,0.837,407123000.0,6656000.0,400467000.0,407123000.0,8764000.0,38916000.0,0.0,0.0,0.0,-19261000.0,19655000.0,0.033,19655000.0,-19261000.0,-29737000.0,-0.21,-0.21,-0.21,924890000.0,623413250.0,924890000.0,1954846324.0,-101.0,99.458,-13142000.0,-0.156,1.0,465102000.0,0.782,1030432000.0,10476000.0,870286000.0,686804750.0,0.0,13915000.0,0.0,13915000.0,773830000.0,97145000.0,676685000.0,1923645324.0,8518000.0,-1532000.0,10559000.0,78658000.0,-59523000.0,33044000.0,-23296000.0,-7899000.0,-1230000.0,0.0,-22127000.0,-22127000.0,-22127000.0,17530000.0,0.0,-0.037,422096000.0,43006000.0,17141000.0,0.0,2.08,-86.937,-108.81,275013000.0,0.0,22.85,3.234,3.234,189874000.0,-117616000.0,594909000.0,594909000.0,0.0,-0.019,-0.035,-0.028,-0.032,1785000.0,374005000.0,1.0,84185791.0,84185791.0,,7.067,668288000.0,34875000.0,-7610000.0,0.0,7.938,234991000.0
25,SSP,MRT,2015-03-31,2015-03-31,2015-03-31,2021-08-25,-125626000.0,1032526000.0,999232500.0,336200000.0,696326000.0,0.517,9.005,-10160000.0,166299000.0,166299000.0,118891000.0,6041000.0,2.434,1.001,197500000.0,2000000.0,195500000.0,197500000.0,27242000.0,28746000.0,0.0,0.0,0.0,11671000.0,40417000.0,0.078,40417000.0,11671000.0,3379000.0,0.1,0.1,0.1,515298000.0,525100250.0,515298000.0,1660239009.0,142.0,41.078,62417000.0,1.091,1.0,397580000.0,0.77,293324000.0,8292000.0,632274000.0,630846750.0,5831000.0,14698000.0,0.0,14698000.0,515571000.0,138129000.0,377442000.0,1627508009.0,-29030000.0,-103284000.0,10577000.0,-2483000.0,0.0,23665000.0,-125272000.0,-8949000.0,72577000.0,0.0,6041000.0,6041000.0,6041000.0,-519000.0,0.0,0.012,347197000.0,50383000.0,17123000.0,0.0,3.158,269.41,284.4,336588000.0,0.0,28.44,3.151,3.151,136695000.0,113593000.0,516471000.0,516471000.0,0.0,0.006,0.012,0.019,0.023,-1834000.0,327941000.0,1.0,57226020.0,57226020.0,,9.025,739202000.0,53082000.0,-2662000.0,0.0,12.917,198071000.0
26,SSP,MRT,2014-12-31,2014-12-31,2014-12-31,2021-08-25,-126443000.0,1031104000.0,978892000.0,315824000.0,715280000.0,0.51,9.199,-10444000.0,165269000.0,165269000.0,115175000.0,10529000.0,2.347,0.986,196373000.0,2000000.0,194373000.0,196373000.0,8812000.0,32180000.0,0.0,0.0,0.0,18912000.0,51092000.0,0.102,51092000.0,18912000.0,10418000.0,0.18,0.18,0.18,518276000.0,529833500.0,518276000.0,1332891247.0,70.0,26.088,91611000.0,1.626,1.0,383577000.0,0.769,293520000.0,8494000.0,634150000.0,634161250.0,0.0,9454000.0,0.0,9454000.0,511171000.0,134538000.0,376633000.0,1265570247.0,-64196000.0,-149284000.0,-4658000.0,-2483000.0,0.0,-4314000.0,-161937000.0,-2652000.0,102055000.0,0.0,10529000.0,10529000.0,10529000.0,-1072000.0,0.0,0.021,328736000.0,54841000.0,13987000.0,0.0,2.442,120.199,124.167,157841000.0,0.0,22.35,2.537,2.525,99609000.0,118693000.0,498752000.0,498752000.0,0.0,0.011,0.02,0.03,0.038,-1360000.0,313357000.0,1.0,56625067.0,56342000.0,57239000.0,8.852,737584000.0,65366000.0,-111000.0,0.0,13.091,181286000.0
27,SSP,MRT,2014-09-30,2014-09-30,2014-09-30,2021-08-25,-79417000.0,978443000.0,962648500.0,289880000.0,688563000.0,0.294,9.523,-6178000.0,131179000.0,131179000.0,26561000.0,2675000.0,2.121,0.825,198500000.0,2000000.0,196500000.0,198500000.0,34058000.0,18469000.0,0.0,0.0,0.0,7927000.0,26396000.0,0.093,26396000.0,7927000.0,-931000.0,0.05,0.05,0.05,535189000.0,536707750.0,535189000.0,1017285144.0,128.0,38.539,72426000.0,1.289,1.0,256371000.0,0.906,298595000.0,8858000.0,610509000.0,640052750.0,7495000.0,16765000.0,0.0,16765000.0,441592000.0,136660000.0,304932000.0,916597144.0,-77767000.0,-149334000.0,-6553000.0,11372000.0,0.0,5163000.0,-161534000.0,-2153000.0,78604000.0,0.0,2675000.0,2675000.0,2675000.0,-6828000.0,0.0,0.009,227466000.0,28905000.0,16719000.0,0.0,1.713,342.653,326.2,348979000.0,0.0,16.31,3.24,3.24,125096000.0,102976000.0,282932000.0,282932000.0,0.0,0.003,0.005,0.012,0.028,3064000.0,218781000.0,1.0,56198476.0,56198476.0,,5.035,679848000.0,25600000.0,-3606000.0,0.0,12.097,153220000.0
28,SSP,MRT,2014-06-30,2014-06-30,2014-06-30,2021-08-25,-79917000.0,954857000.0,958972000.0,260264000.0,694593000.0,0.364,9.476,-10946000.0,98312000.0,98312000.0,71869000.0,-4835000.0,2.275,0.793,199000000.0,2000000.0,197000000.0,199000000.0,27391000.0,21859000.0,0.0,0.0,0.0,-4780000.0,17079000.0,0.049,17079000.0,-4780000.0,-14243000.0,-0.09,-0.09,-0.09,531638000.0,528666250.0,531638000.0,1192728508.0,-250.0,69.836,57982000.0,1.033,1.0,277472000.0,0.794,294714000.0,9463000.0,646454000.0,641830500.0,6346000.0,16382000.0,0.0,16382000.0,421454000.0,114377000.0,307077000.0,1187157508.0,-126599000.0,-145222000.0,-38701000.0,7897000.0,0.0,-34432000.0,-161095000.0,-1403000.0,68928000.0,0.0,-4835000.0,-4835000.0,-4835000.0,-9212000.0,0.0,-0.014,255855000.0,21617000.0,15556000.0,0.0,2.233,-245.534,-235.111,355125000.0,0.0,21.16,3.398,3.398,128932000.0,104317000.0,349341000.0,349341000.0,0.0,-0.005,-0.009,-0.007,-0.014,5764000.0,247786000.0,1.0,56103852.0,56103852.0,,6.227,660143000.0,28275000.0,-9408000.0,0.0,11.766,145887000.0
29,SSP,MRT,2014-03-31,2014-03-31,2014-03-31,2021-08-25,-80420000.0,951164000.0,968490500.0,352430000.0,598734000.0,0.452,9.515,-13424000.0,193929000.0,193929000.0,113768000.0,1585000.0,3.128,0.777,199500000.0,2000000.0,197500000.0,199500000.0,27121000.0,30437000.0,0.0,0.0,0.0,4557000.0,34994000.0,0.08,34994000.0,4557000.0,-5521000.0,0.02,0.02,0.02,534231000.0,530189000.0,534231000.0,965430194.0,212.0,27.588,60459000.0,1.077,1.0,323730000.0,0.74,198521000.0,10078000.0,645532000.0,643501000.0,6180000.0,16025000.0,0.0,16025000.0,414969000.0,112682000.0,302287000.0,994895194.0,-34081000.0,-46000000.0,-43465000.0,4905000.0,0.0,-45339000.0,-62625000.0,-603000.0,73883000.0,0.0,1585000.0,1585000.0,1585000.0,-9611000.0,0.0,0.004,287497000.0,36233000.0,14811000.0,0.0,1.862,627.694,886.0,347071000.0,0.0,17.72,2.274,2.274,124910000.0,108932000.0,437498000.0,437498000.0,0.0,0.002,0.003,0.007,0.01,4589000.0,280692000.0,1.0,56145327.0,56145327.0,,7.792,752643000.0,26467000.0,-7106000.0,0.0,13.405,239748000.0
30,SSP,MRT,2013-12-31,2013-12-31,2013-12-31,2021-08-25,-80923000.0,966130000.0,981394250.0,402054000.0,564076000.0,0.441,9.657,-15819000.0,229465000.0,229465000.0,114164000.0,-474000.0,3.554,0.767,200000000.0,2000000.0,198000000.0,200000000.0,28633000.0,30522000.0,0.0,0.0,0.0,-1944000.0,28578000.0,0.066,28578000.0,-1944000.0,-12381000.0,-0.01,-0.01,-0.01,545773000.0,531236000.0,545773000.0,1183433610.0,-609.0,41.411,17686000.0,0.313,1.0,318193000.0,0.736,165828000.0,10437000.0,657716000.0,649565250.0,6543000.0,16567000.0,0.0,16567000.0,418393000.0,113121000.0,305272000.0,1209604610.0,-21387000.0,0.0,-27575000.0,1430000.0,0.0,-35009000.0,-19883000.0,-1575000.0,33505000.0,0.0,-474000.0,-474000.0,-474000.0,-9611000.0,0.0,-0.001,287580000.0,30613000.0,16529000.0,0.0,2.216,-2551.908,-2172.0,353797000.0,0.0,21.72,2.798,2.839,139703000.0,116893000.0,432357000.0,432357000.0,0.0,0.0,-0.001,-0.003,-0.004,5780000.0,279470000.0,1.0,55690820.0,56516000.0,56516000.0,7.65,800302000.0,27030000.0,-11907000.0,0.0,14.161,288933000.0
31,SSP,MRT,2013-09-30,2013-09-30,2013-09-30,2021-08-25,-113211000.0,963737000.0,997553750.0,360148000.0,603589000.0,0.858,8.811,-30764000.0,210346000.0,210346000.0,301089000.0,18582000.0,2.363,0.911,184175000.0,38850000.0,145325000.0,184175000.0,26281000.0,47971000.0,0.0,0.0,0.0,35640000.0,83611000.0,0.098,83611000.0,35640000.0,25123000.0,0.31,0.31,0.31,503023000.0,529216750.0,503023000.0,1009453584.0,28.0,12.073,43475000.0,0.762,1.0,554705000.0,0.648,167563000.0,10517000.0,617620000.0,648994750.0,6826000.0,19696000.0,0.0,19696000.0,458500000.0,152383000.0,306117000.0,1047614584.0,-7532000.0,-266000.0,-23444000.0,-16893000.0,0.0,-53126000.0,-28645000.0,-1825000.0,74239000.0,0.0,18848000.0,18848000.0,18848000.0,0.0,-266000.0,0.022,464476000.0,90229000.0,17055000.0,0.0,2.083,55.582,59.194,359058000.0,0.0,18.35,1.224,1.224,122832000.0,111192000.0,855794000.0,855794000.0,0.0,0.019,0.036,0.055,0.042,8032000.0,447977000.0,1.0,57090713.0,57090713.0,,14.99,796174000.0,48210000.0,6275000.0,0.0,13.946,207765000.0
32,SSP,MRT,2013-06-30,2013-06-30,2013-06-30,2021-08-25,-114213000.0,992931000.0,1002671750.0,384136000.0,608795000.0,0.884,9.434,-35782000.0,226311000.0,226311000.0,303135000.0,39435000.0,2.903,0.842,188150000.0,27200000.0,160950000.0,188150000.0,24402000.0,48011000.0,0.0,0.0,0.0,62321000.0,110332000.0,0.125,110332000.0,62321000.0,51171000.0,0.68,0.68,0.68,537729000.0,534305250.0,537729000.0,850770419.0,14.0,7.711,73754000.0,1.294,1.0,582768000.0,0.658,169300000.0,11150000.0,653136000.0,655352000.0,6864000.0,20330000.0,0.0,20330000.0,452988000.0,132334000.0,320654000.0,888055419.0,50995000.0,-266000.0,5218000.0,-16893000.0,0.0,-21565000.0,-36976000.0,-5169000.0,109536000.0,0.0,39701000.0,39701000.0,39701000.0,0.0,-266000.0,0.045,466102000.0,116666000.0,16791000.0,0.0,1.651,22.369,22.912,367567000.0,0.0,15.58,1.002,1.002,130059000.0,131175000.0,885903000.0,885903000.0,0.0,0.04,0.074,0.095,0.07,8204000.0,449049000.0,1.0,56999706.0,56999706.0,,15.542,823631000.0,45663000.0,11470000.0,0.0,14.45,251802000.0
33,SSP,MRT,2013-03-31,2013-03-31,2013-03-31,2021-08-25,-115930000.0,1002779000.0,993826250.0,382634000.0,620145000.0,0.901,9.63,-33541000.0,229410000.0,229410000.0,302468000.0,41666000.0,3.069,0.858,192125000.0,18550000.0,173575000.0,192125000.0,23566000.0,48840000.0,0.0,0.0,0.0,68701000.0,117541000.0,0.131,117541000.0,68701000.0,56996000.0,0.72,0.72,0.72,538419000.0,526891000.0,538419000.0,616051002.0,9.0,5.241,107514000.0,1.923,1.0,592516000.0,0.662,171038000.0,11705000.0,669789000.0,661818500.0,6774000.0,21231000.0,0.0,21231000.0,462146000.0,124667000.0,337479000.0,672603002.0,81221000.0,-266000.0,685000.0,-16893000.0,0.0,-24561000.0,-35273000.0,-5466000.0,141055000.0,0.0,41932000.0,41932000.0,41932000.0,0.0,-266000.0,0.047,468586000.0,123930000.0,18152000.0,0.0,1.249,16.04,16.708,370211000.0,0.0,12.03,0.752,0.752,124345000.0,133622000.0,894984000.0,894984000.0,0.0,0.042,0.08,0.104,0.077,9023000.0,451353000.0,1.0,55910474.0,55910474.0,,16.007,831741000.0,49801000.0,15064000.0,0.0,14.876,257967000.0
34,SSP,MRT,2012-12-31,2012-12-31,2012-12-31,2021-08-25,-116840000.0,1030768000.0,983936000.0,402700000.0,628068000.0,0.918,9.793,-29699000.0,252652000.0,252652000.0,302947000.0,39922000.0,2.758,0.913,196100000.0,15900000.0,180200000.0,196100000.0,26240000.0,49332000.0,0.0,0.0,0.0,69419000.0,118751000.0,0.131,118751000.0,69419000.0,57173000.0,0.7,0.69,0.7,537696000.0,519844750.0,537696000.0,574487348.0,8.0,4.838,142883000.0,2.602,1.0,600511000.0,0.665,172749000.0,12246000.0,655434000.0,673549500.0,6437000.0,21115000.0,0.0,21115000.0,490858000.0,146033000.0,344825000.0,594090348.0,114753000.0,-266000.0,-5349000.0,-16893000.0,0.0,-25405000.0,-32424000.0,-5066000.0,172582000.0,0.0,40188000.0,40188000.0,40188000.0,0.0,-266000.0,0.044,476805000.0,123706000.0,23329000.0,0.0,1.105,14.783,15.443,374931000.0,0.0,10.81,0.658,0.657,125639000.0,136293000.0,903458000.0,903458000.0,0.0,0.041,0.077,0.103,0.077,4017000.0,453024000.0,1.0,54957479.0,54907000.0,55381000.0,16.454,858019000.0,46231000.0,16985000.0,0.0,15.627,256667000.0
35,SSP,MRT,2012-09-30,2012-09-30,2012-09-30,2021-08-25,-96919000.0,984209000.0,968876000.0,370357000.0,613852000.0,0.868,9.591,-20200000.0,219678000.0,219678000.0,292158000.0,19145000.0,2.518,0.876,200075000.0,15900000.0,184175000.0,200075000.0,31064000.0,46613000.0,0.0,0.0,0.0,33465000.0,80078000.0,0.095,80078000.0,33465000.0,23339000.0,0.33,0.33,0.33,523377000.0,514051000.0,523377000.0,608110996.0,18.0,7.594,114364000.0,2.096,1.0,548944000.0,0.653,174501000.0,10126000.0,643049000.0,694474000.0,6484000.0,25546000.0,0.0,25546000.0,458352000.0,147056000.0,311296000.0,581176996.0,62194000.0,-216143000.0,-22562000.0,191204000.0,0.0,168638000.0,-241008000.0,-9289000.0,134564000.0,0.0,19295000.0,19295000.0,19295000.0,0.0,-150000.0,0.023,466351000.0,82593000.0,19215000.0,0.0,1.11,30.121,32.273,369909000.0,0.0,10.65,0.691,0.691,119444000.0,109108000.0,841102000.0,841102000.0,0.0,0.02,0.038,0.048,0.04,2560000.0,439323000.0,1.0,54570610.0,54570610.0,,15.413,809708000.0,42455000.0,4044000.0,0.0,14.838,223301000.0
36,SSP,MRT,2012-06-30,2012-06-30,2012-06-30,2021-08-25,-97138000.0,957549000.0,910002750.0,335339000.0,622210000.0,0.867,9.186,-14238000.0,177116000.0,177116000.0,283665000.0,-3579000.0,2.607,0.88,204050000.0,15900000.0,188150000.0,204050000.0,26851000.0,44529000.0,0.0,0.0,0.0,-1806000.0,42723000.0,0.054,42723000.0,-1806000.0,-9006000.0,-0.07,-0.07,-0.07,508072000.0,517224000.0,508072000.0,589556980.0,-326.0,13.8,80478000.0,1.455,1.0,505664000.0,0.641,176875000.0,7200000.0,679002000.0,648331500.0,6340000.0,22925000.0,0.0,22925000.0,446997000.0,128606000.0,318391000.0,531520980.0,10132000.0,-216143000.0,-39046000.0,195179000.0,0.0,152266000.0,-236850000.0,-11343000.0,94716000.0,0.0,-3429000.0,-3429000.0,-3429000.0,0.0,-150000.0,-0.004,452992000.0,52672000.0,14477000.0,0.0,1.046,-155.008,-137.286,372310000.0,0.0,9.61,0.673,0.673,128043000.0,97106000.0,789329000.0,789329000.0,0.0,-0.004,-0.007,-0.003,-0.002,2223000.0,425526000.0,1.0,55309155.0,55309155.0,,14.271,780674000.0,47409000.0,-5577000.0,0.0,14.115,206733000.0
37,SSP,MRT,2012-03-31,2012-03-31,2012-03-31,2021-08-25,-96933000.0,963218000.0,862783750.0,330680000.0,632538000.0,0.876,9.386,-12064000.0,149989000.0,149989000.0,280744000.0,-11207000.0,2.627,0.883,208025000.0,15900000.0,192125000.0,208025000.0,26075000.0,41955000.0,0.0,0.0,0.0,-17000000.0,24955000.0,0.033,24955000.0,-17000000.0,-21401000.0,-0.2,-0.2,-0.2,510234000.0,530290750.0,510234000.0,610664866.0,-36.0,24.471,31114000.0,0.572,1.0,474685000.0,0.628,178673000.0,4401000.0,716713000.0,596610500.0,6681000.0,23270000.0,0.0,23270000.0,450504000.0,125868000.0,324636000.0,536563866.0,-41616000.0,-216143000.0,-44432000.0,199154000.0,0.0,150868000.0,-235662000.0,-12320000.0,43178000.0,0.0,-11057000.0,-11057000.0,-11057000.0,0.0,-150000.0,-0.015,441180000.0,33505000.0,16222000.0,0.0,1.052,-48.527,-49.35,378389000.0,0.0,9.87,0.71,0.71,121724000.0,91690000.0,755429000.0,755429000.0,0.0,-0.013,-0.021,-0.028,-0.023,2768000.0,414495000.0,1.0,54363107.0,54363107.0,,13.896,784545000.0,74817000.0,-10344000.0,0.0,14.432,204812000.0
38,SSP,MRT,2011-12-31,2011-12-31,2011-12-31,2021-08-25,-97548000.0,970528000.0,821166750.0,325410000.0,645118000.0,0.887,8.992,-12183000.0,137899000.0,137899000.0,276340000.0,-15687000.0,2.602,0.881,212000000.0,15900000.0,196100000.0,212000000.0,26373000.0,40069000.0,0.0,0.0,0.0,-23898000.0,16171000.0,0.022,16171000.0,-23898000.0,-25538000.0,-0.27,-0.27,-0.27,514521000.0,546827000.0,514521000.0,280817713.0,-12.0,17.366,2604000.0,0.046,1.0,452320000.0,0.621,180449000.0,1640000.0,739132000.0,533250500.0,6783000.0,23214000.0,0.0,23214000.0,453527000.0,125048000.0,328479000.0,438301713.0,-77035000.0,-216143000.0,-48869000.0,203129000.0,0.0,148671000.0,-240493000.0,-9045000.0,14787000.0,0.0,-15537000.0,-15537000.0,-15537000.0,0.0,-150000.0,-0.021,426748000.0,25572000.0,17697000.0,0.0,0.852,-28.21,-29.667,387972000.0,0.0,8.01,0.602,0.629,135537000.0,96105000.0,728660000.0,728660000.0,0.0,-0.019,-0.028,-0.045,-0.033,1383000.0,405891000.0,1.0,54719315.0,57217000.0,57217000.0,12.735,790079000.0,69718000.0,-10001000.0,0.0,13.808,200362000.0
39,SSP,MRT,2011-09-30,2011-09-30,2011-09-30,2021-08-25,-80019000.0,748716000.0,785420250.0,316496000.0,432220000.0,0.957,9.353,-13092000.0,157484000.0,157484000.0,279959000.0,3705000.0,2.862,0.392,0.0,0.0,0.0,0.0,27020000.0,41475000.0,0.0,0.0,0.0,447000.0,41922000.0,0.056,41922000.0,447000.0,-1952000.0,0.02,0.01,0.02,536069000.0,565422250.0,536069000.0,234235560.0,524.0,5.587,7902000.0,0.138,1.0,471542000.0,0.627,22154000.0,2399000.0,458479000.0,463099250.0,6984000.0,17411000.0,0.0,17411000.0,210017000.0,110599000.0,99418000.0,401219560.0,-22014000.0,0.0,-34177000.0,-330000.0,0.0,-41703000.0,-1305000.0,6324000.0,20994000.0,0.0,3808000.0,3808000.0,3808000.0,-1872000.0,-103000.0,0.005,423097000.0,48445000.0,19075000.0,0.0,0.748,105.362,350.0,354889000.0,0.0,7.0,0.534,0.534,96538000.0,89813000.0,751501000.0,751501000.0,0.0,0.005,0.007,0.001,0.001,3061000.0,401993000.0,1.0,57317080.0,57317080.0,,13.111,726562000.0,72471000.0,-5760000.0,0.0,12.676,205897000.0
40,SSP,MRT,2011-06-30,2011-06-30,2011-06-30,2021-08-25,-80629000.0,768673000.0,802830250.0,324379000.0,444294000.0,0.956,9.475,-15512000.0,166984000.0,166984000.0,279248000.0,20672000.0,3.029,0.367,0.0,0.0,0.0,0.0,26101000.0,42147000.0,0.0,0.0,0.0,19807000.0,61954000.0,0.081,61954000.0,19807000.0,17029000.0,0.31,0.3,0.31,560339000.0,569053500.0,560339000.0,380268443.0,19.0,6.138,49244000.0,0.833,1.0,487969000.0,0.636,22473000.0,2778000.0,472118000.0,467671250.0,6951000.0,12080000.0,0.0,12080000.0,205704000.0,107098000.0,98606000.0,571873443.0,34524000.0,0.0,-17799000.0,-330000.0,0.0,-24648000.0,-5584000.0,4557000.0,64756000.0,0.0,20775000.0,20775000.0,20775000.0,-2692000.0,-103000.0,0.027,428240000.0,59729000.0,18515000.0,0.0,1.021,27.527,31.194,371216000.0,0.0,9.67,0.745,0.745,101735000.0,100535000.0,767217000.0,767217000.0,0.0,0.026,0.037,0.042,0.026,2643000.0,408702000.0,1.0,59138929.0,59138929.0,,12.973,746200000.0,64891000.0,-3746000.0,0.0,12.618,217281000.0
41,SSP,MRT,2011-03-31,2011-03-31,2011-03-31,2021-08-25,-81089000.0,796750000.0,811016750.0,343167000.0,453583000.0,0.953,9.859,-14672000.0,191605000.0,191605000.0,277659000.0,122391000.0,2.882,0.378,0.0,0.0,0.0,0.0,27764000.0,43695000.0,0.0,0.0,0.0,124238000.0,167933000.0,0.217,167933000.0,124238000.0,121027000.0,1.91,1.89,1.91,576379000.0,565142250.0,576379000.0,374709106.0,3.0,2.231,11928000.0,0.204,1.0,495309000.0,0.641,22791000.0,3211000.0,463273000.0,481421500.0,6770000.0,10661000.0,0.0,10661000.0,217741000.0,119081000.0,98660000.0,578783106.0,176694000.0,0.0,723000.0,-10730000.0,0.0,-14728000.0,165250000.0,11569000.0,26600000.0,0.0,122494000.0,122494000.0,122494000.0,-100351000.0,-103000.0,0.158,428784000.0,66525000.0,21386000.0,0.0,1.004,4.725,5.183,380798000.0,0.0,9.9,0.749,0.749,99326000.0,102746000.0,772968000.0,772968000.0,0.0,0.151,0.217,0.258,0.161,1111000.0,408919000.0,1.0,58462940.0,58462940.0,,13.222,773959000.0,63786000.0,-1467000.0,0.0,13.238,224086000.0
42,SSP,MRT,2010-12-31,2010-12-31,2010-12-31,2021-08-25,-81547000.0,827542000.0,804934000.0,362579000.0,464963000.0,0.965,10.358,-18241000.0,207424000.0,207424000.0,275060000.0,130406000.0,2.618,0.401,0.0,0.0,0.0,0.0,26072000.0,44894000.0,0.0,0.0,0.0,135015000.0,179909000.0,0.232,179909000.0,135015000.0,131349000.0,2.04,2.03,2.04,588902000.0,530519500.0,588902000.0,419356356.0,3.0,2.331,47730000.0,0.839,1.0,501830000.0,0.646,23107000.0,3666000.0,458527000.0,519914500.0,7859000.0,10652000.0,0.0,10652000.0,236010000.0,138484000.0,97526000.0,587951356.0,197243000.0,0.0,8394000.0,-35230000.0,0.0,-29034000.0,155077000.0,-1673000.0,65971000.0,0.0,130509000.0,130509000.0,130509000.0,-101536000.0,-103000.0,0.168,424140000.0,77690000.0,34091000.0,0.0,0.998,4.505,4.975,389650000.0,0.0,10.15,0.757,0.743,115568000.0,111641000.0,776890000.0,776890000.0,0.0,0.162,0.246,0.26,0.174,-667000.0,404597000.0,1.0,57926242.0,56857000.0,56998000.0,13.664,804435000.0,54354000.0,840000.0,7310000.0,14.148,224095000.0
43,SSP,MRT,2010-09-30,2010-09-30,2010-09-30,2021-08-25,-87740000.0,818356000.0,794635500.0,346376000.0,471980000.0,0.948,9.576,-15333000.0,169488000.0,169488000.0,269085000.0,117080000.0,2.316,0.481,893000.0,0.0,893000.0,893000.0,30720000.0,45350000.0,0.0,0.0,0.0,116963000.0,162313000.0,0.216,162313000.0,116963000.0,113533000.0,1.88,1.87,1.88,550594000.0,490767750.0,550594000.0,331541770.0,3.0,2.043,27262000.0,0.474,1.0,484046000.0,0.643,23444000.0,3430000.0,476767000.0,569204750.0,7707000.0,35068000.0,24599000.0,10469000.0,265029000.0,149550000.0,115479000.0,453056770.0,160859000.0,0.0,6331000.0,-28439000.0,0.0,-25619000.0,143599000.0,-2863000.0,42595000.0,0.0,116975000.0,116975000.0,116975000.0,-99529000.0,105000.0,0.155,422586000.0,61460000.0,30500000.0,0.0,0.823,3.873,4.191,392132000.0,0.0,7.88,0.602,0.602,99122000.0,86816000.0,753131000.0,753131000.0,0.0,0.147,0.238,0.205,0.155,-2273000.0,406537000.0,1.0,57494514.0,57494514.0,,13.099,794912000.0,67125000.0,-3442000.0,11114000.0,13.826,196826000.0
44,SSP,MRT,2010-06-30,2010-06-30,2010-06-30,2021-08-25,-90612000.0,801419000.0,787704750.0,312409000.0,489010000.0,0.938,9.568,-22190000.0,122450000.0,122450000.0,268001000.0,107574000.0,2.422,0.466,935000.0,0.0,935000.0,935000.0,25167000.0,45370000.0,0.0,0.0,0.0,112089000.0,157459000.0,0.213,157459000.0,112089000.0,108251000.0,1.72,1.71,1.72,544694000.0,461129000.0,544694000.0,428366746.0,4.0,2.72,7397000.0,0.13,1.0,470616000.0,0.637,23785000.0,3838000.0,527119000.0,612679750.0,7548000.0,28046000.0,17361000.0,10685000.0,253992000.0,129000000.0,124992000.0,422958746.0,113704000.0,0.0,7444000.0,-75212000.0,0.0,-69946000.0,154211000.0,14509000.0,29587000.0,0.0,107469000.0,107469000.0,107469000.0,-101139000.0,105000.0,0.146,416938000.0,53678000.0,28209000.0,0.0,0.777,3.936,4.32,398527000.0,0.0,7.43,0.573,0.573,102865000.0,87681000.0,738617000.0,738617000.0,0.0,0.136,0.233,0.183,0.152,-2179000.0,402874000.0,1.0,56925807.0,56925807.0,,12.975,777634000.0,94166000.0,782000.0,9280000.0,13.66,183409000.0
45,SSP,MRT,2010-03-31,2010-03-31,2010-03-31,2021-08-25,-90756000.0,772419000.0,790745750.0,250461000.0,521958000.0,0.922,7.987,-29923000.0,5968000.0,5968000.0,268028000.0,10320000.0,1.836,0.756,11376000.0,0.0,11376000.0,11376000.0,37241000.0,44234000.0,0.0,0.0,0.0,11718000.0,55952000.0,0.077,55952000.0,11718000.0,8408000.0,0.2,0.2,0.2,437888000.0,430080750.0,437888000.0,484779749.0,41.0,8.664,50595000.0,0.923,1.0,461254000.0,0.632,24136000.0,3310000.0,617245000.0,662922750.0,7087000.0,33540000.0,22872000.0,10668000.0,331175000.0,136446000.0,194729000.0,463268749.0,-3550000.0,0.0,4993000.0,-64812000.0,0.0,-62539000.0,-21969000.0,9123000.0,80518000.0,0.0,10215000.0,10215000.0,10215000.0,-3399000.0,105000.0,0.014,410187000.0,51067000.0,37489000.0,0.0,1.058,45.352,42.25,414168000.0,0.0,8.45,0.635,0.635,109093000.0,-11826000.0,729282000.0,729282000.0,0.0,0.013,0.024,0.018,0.016,1557000.0,398402000.0,1.0,54824704.0,54824704.0,,13.302,748283000.0,146039000.0,-1807000.0,0.0,13.649,114015000.0
46,SSP,MRT,2009-12-31,2009-12-31,2009-12-31,2021-08-25,-91459000.0,786348000.0,809155500.0,258175000.0,528173000.0,0.905,7.975,-39352000.0,7681000.0,7681000.0,275277000.0,-209647000.0,1.909,0.821,35916000.0,0.0,35916000.0,35916000.0,26773000.0,44360000.0,0.0,0.0,0.0,-239414000.0,-195054000.0,-0.266,-195054000.0,-239414000.0,-241968000.0,-3.89,-3.89,-3.89,429895000.0,418579250.0,429895000.0,399227889.0,-2.0,-2.047,39306000.0,0.729,1.0,457121000.0,0.624,23635000.0,2554000.0,655688000.0,692339750.0,6989000.0,22840000.0,12180000.0,10660000.0,353097000.0,135260000.0,217837000.0,380180889.0,3812000.0,0.0,2876000.0,-28312000.0,0.0,-36036000.0,-33593000.0,6056000.0,78658000.0,0.0,-209605000.0,-209605000.0,-209605000.0,10695000.0,-42000.0,-0.286,426302000.0,30819000.0,25172000.0,0.0,0.884,-1.814,-1.789,417745000.0,0.0,6.96,0.519,0.512,115245000.0,-10946000.0,732398000.0,732398000.0,0.0,-0.259,-0.501,-0.346,-0.327,6759000.0,416367000.0,1.0,54623691.0,53902000.0,53902000.0,13.588,762713000.0,136305000.0,-32363000.0,0.0,14.15,122915000.0
47,SSP,MRT,2009-09-30,2009-09-30,2009-09-30,2021-08-25,-88751000.0,790633000.0,884812500.0,246292000.0,544341000.0,0.839,7.987,-58427000.0,10408000.0,10408000.0,267346000.0,-234584000.0,1.824,0.822,29455000.0,0.0,29455000.0,29455000.0,32014000.0,44799000.0,0.0,0.0,0.0,-276116000.0,-231317000.0,-0.312,-231317000.0,-276116000.0,-277867000.0,-4.4,-4.4,-4.4,432039000.0,458997750.0,432039000.0,468711390.0,-2.0,-2.026,30732000.0,0.568,1.0,474964000.0,0.64,23980000.0,1751000.0,650667000.0,707239250.0,7064000.0,32066000.0,21254000.0,10812000.0,355343000.0,135033000.0,220310000.0,405711390.0,-6190000.0,0.0,-60000.0,-33909000.0,0.0,-41359000.0,-53009000.0,6370000.0,89159000.0,0.0,-234326000.0,-234326000.0,-234326000.0,14154000.0,-258000.0,-0.316,436767000.0,38197000.0,37797000.0,0.0,0.939,-1.731,-1.705,432107000.0,0.0,7.5,0.547,0.547,105531000.0,-13132000.0,742310000.0,742310000.0,0.0,-0.265,-0.511,-0.39,-0.372,779000.0,430735000.0,1.0,54094852.0,54094852.0,,13.722,766653000.0,138638000.0,-43541000.0,0.0,14.172,111259000.0
48,SSP,MRT,2009-06-30,2009-06-30,2009-06-30,2021-08-25,-91900000.0,813583000.0,952551250.0,261996000.0,551587000.0,0.844,7.798,-68506000.0,10093000.0,10093000.0,294732000.0,-248055000.0,2.111,0.927,73093000.0,0.0,73093000.0,73093000.0,31843000.0,46155000.0,0.0,0.072,0.15,-294082000.0,-247927000.0,-0.309,-247927000.0,-294082000.0,-294684000.0,-4.65,-4.65,-4.65,420501000.0,529929500.0,420501000.0,175867181.0,-1.0,-0.709,6920000.0,0.128,1.0,508750000.0,0.633,24361000.0,602000.0,728091000.0,708724000.0,7503000.0,46698000.0,31822000.0,14876000.0,389831000.0,124131000.0,265700000.0,112695181.0,-3965000.0,0.0,-7984000.0,14015000.0,-8233000.0,-13071000.0,-65771000.0,2075000.0,75426000.0,0.0,-247864000.0,-247864000.0,-247864000.0,30261000.0,-191000.0,-0.308,470434000.0,38316000.0,33633000.0,-0.032,0.268,-0.455,-0.449,428689000.0,0.0,2.09,0.14,0.14,106039000.0,-17620000.0,803482000.0,803482000.0,0.0,-0.26,-0.468,-0.415,-0.366,32288000.0,443603000.0,1.0,53921139.0,53921139.0,,14.901,789222000.0,168207000.0,-46820000.0,544000.0,14.637,137865000.0
49,SSP,MRT,2009-03-31,2009-03-31,2009-03-31,2021-08-25,-115727000.0,846058000.0,1527664000.0,245072000.0,600986000.0,0.573,7.281,-77387000.0,9958000.0,9958000.0,327549000.0,-757108000.0,1.638,1.151,73130000.0,0.0,73130000.0,73130000.0,35712000.0,47233000.0,0.0,0.133,0.18,-1108088000.0,-1060855000.0,-1.213,-1060855000.0,-1108088000.0,-1112766000.0,-14.47,-14.47,-14.47,391882000.0,918774000.0,391882000.0,128447042.0,0.0,-0.121,128365000.0,2.385,1.0,547377000.0,0.626,24743000.0,4678000.0,734913000.0,1049882500.0,9964000.0,46611000.0,34889000.0,11722000.0,450925000.0,149574000.0,301351000.0,72657042.0,-4002000.0,0.0,4198000.0,-423745000.0,-31117000.0,-146808000.0,-70412000.0,35930000.0,205752000.0,-198000.0,-781358000.0,-781358000.0,-781358000.0,-71463000.0,24250000.0,-0.893,510388000.0,36989000.0,42869000.0,-0.012,0.185,-0.093,-0.093,429730000.0,0.0,1.35,0.083,0.083,116564000.0,-19873000.0,874926000.0,874926000.0,0.0,-0.511,-0.85,-1.055,-1.266,20328000.0,476448000.0,1.0,53820031.0,53820031.0,,16.257,821315000.0,161528000.0,-331408000.0,497000.0,15.26,95498000.0
50,SSP,MRT,2008-12-31,2008-12-31,2008-12-31,2021-08-25,-133655000.0,1088976000.0,2317547250.0,285536000.0,803440000.0,0.399,10.935,-82225000.0,5376000.0,5376000.0,333375000.0,-429900000.0,1.522,0.835,61166000.0,0.0,61166000.0,61166000.0,38817000.0,46574000.0,0.0,0.095,0.21,-731442000.0,-684868000.0,-0.74,-684868000.0,-731442000.0,-742182000.0,-8.81,-8.81,-8.81,591569000.0,1448251750.0,591569000.0,163620986.0,0.0,-0.239,250326000.0,4.627,1.0,591831000.0,0.64,241896000.0,10740000.0,715286000.0,1424693250.0,11952000.0,33850000.0,21130000.0,12720000.0,494009000.0,187584000.0,306425000.0,118937986.0,-14433000.0,0.0,-3934000.0,-466837000.0,-53957000.0,-260398000.0,-62534000.0,60197000.0,332551000.0,-75000.0,-476590000.0,-476590000.0,-476590000.0,-128988000.0,46690000.0,-0.515,518068000.0,73763000.0,71870000.0,-0.024,0.201,-0.25,-0.251,426671000.0,0.0,2.21,0.129,0.129,169010000.0,200827000.0,925206000.0,925206000.0,0.0,-0.206,-0.329,-0.513,-0.791,30805000.0,484562000.0,1.0,53818093.0,54100000.0,54100000.0,17.102,847080000.0,126874000.0,-265592000.0,0.0,15.658,97952000.0
51,SSP,MRT,2008-09-30,2008-09-30,2008-09-30,2021-08-25,-41232000.0,1061588000.0,3046626250.0,274692000.0,786896000.0,0.334,13.134,-73345000.0,15617000.0,15617000.0,402163000.0,-590123000.0,1.543,0.483,60300000.0,0.0,60300000.0,60300000.0,41135000.0,46037000.0,0.0,0.034,0.24,-982664000.0,-936627000.0,-0.919,-936627000.0,-982664000.0,-999765000.0,-13.25,-13.22,-13.25,715766000.0,1912949750.0,715766000.0,722217064.0,-1.0,-0.771,433929000.0,7.963,1.0,616852000.0,0.605,271675000.0,17101000.0,656606000.0,2016911750.0,0.0,56831000.0,31015000.0,25816000.0,345822000.0,177990000.0,167832000.0,385290064.0,4255000.0,-101000.0,1198000.0,-569138000.0,-76774000.0,-383455000.0,-91201000.0,44710000.0,507274000.0,-885000.0,-719905000.0,-719905000.0,-719905000.0,30955000.0,129782000.0,-0.706,507301000.0,109551000.0,53994000.0,-0.018,0.538,-0.535,-0.534,407942000.0,0.0,7.07,0.378,0.378,156852000.0,232951000.0,1019015000.0,1019015000.0,0.0,-0.236,-0.376,-0.487,-0.964,31650000.0,475672000.0,1.0,54496473.0,54496473.0,,18.699,789913000.0,80183000.0,-279860000.0,297000.0,14.495,96702000.0
52,SSP,MRT,2008-06-30,2008-06-30,2008-06-30,2021-08-25,-1308000.0,3114034000.0,3864050500.0,961799000.0,2152235000.0,0.27,36.321,-32878000.0,49309000.0,49309000.0,405324000.0,-485024000.0,3.185,0.576,386236000.0,0.0,386236000.0,386236000.0,49807000.0,591000.0,0.0,0.001,0.12,-854145000.0,-853554000.0,-0.819,-853554000.0,-854145000.0,-880102000.0,-11.31,-11.29,-11.31,1975879000.0,2418650750.0,1975879000.0,7195595797.0,-8.0,-8.43,625329000.0,11.495,1.0,636548000.0,0.611,1056298000.0,25957000.0,2092725000.0,2421498250.0,0.0,144144000.0,49935000.0,94209000.0,1138155000.0,301938000.0,836217000.0,6779339797.0,13692000.0,725000.0,-19235000.0,-587642000.0,-91348000.0,-460155000.0,-166781000.0,9603000.0,658207000.0,-740000.0,-614739000.0,-614739000.0,-614739000.0,-54495000.0,129715000.0,-0.59,504118000.0,132430000.0,65693000.0,-0.011,3.431,-11.028,-11.019,584534000.0,0.0,124.62,6.507,6.507,557785000.0,1468466000.0,1041872000.0,1041872000.0,0.0,-0.159,-0.254,-0.353,-0.82,8199000.0,494252000.0,1.0,54400095.0,54400095.0,,19.152,2057736000.0,19297000.0,-265363000.0,107746000.0,37.826,659861000.0
53,SSP,MRT,2008-03-31,2008-03-31,2008-03-31,2021-08-25,-882000.0,4005591000.0,4161300500.0,943019000.0,3062572000.0,0.344,46.253,-46126000.0,57424000.0,57424000.0,445513000.0,119237000.0,2.724,0.596,473680000.0,0.0,473680000.0,473680000.0,54376000.0,21279000.0,0.0,0.001,0.12,121034000.0,142313000.0,0.099,142313000.0,121034000.0,88741000.0,0.26,0.27,0.26,2509793000.0,2596774500.0,2509793000.0,7311718877.0,60.0,51.378,593941000.0,10.946,1.0,985539000.0,0.689,1841455000.0,32293000.0,2234156000.0,2470519500.0,0.0,254718000.0,34459000.0,220259000.0,1495798000.0,346236000.0,1149562000.0,6838687877.0,9962000.0,-1407000.0,-40706000.0,-272327000.0,-91348000.0,-479867000.0,-124643000.0,-23570000.0,640067000.0,-383000.0,13963000.0,13963000.0,13963000.0,45453000.0,105274000.0,0.01,665814000.0,319725000.0,85430000.0,0.462,2.725,489.772,484.731,570636000.0,0.0,126.03,4.779,4.779,550110000.0,2022592000.0,1431052000.0,1431052000.0,0.0,0.003,0.005,0.049,0.085,24548000.0,664498000.0,1.0,54262381.0,54262381.0,,26.373,2164136000.0,19024000.0,74778000.0,394358000.0,39.883,596783000.0
54,SSP,MRT,2007-12-31,2007-12-31,2007-12-31,2021-08-25,1828000.0,4005292000.0,4233467000.0,926793000.0,3078499000.0,0.255,45.095,-47666000.0,19100000.0,19100000.0,404559000.0,81360000.0,2.672,0.635,504663000.0,0.0,504663000.0,504663000.0,42156000.0,44631000.0,0.0,0.001,0.12,69994000.0,114625000.0,0.106,114625000.0,69994000.0,34264000.0,-0.03,-0.03,-0.03,2450361000.0,2620056000.0,2450361000.0,7917942037.0,113.0,69.077,547745000.0,10.08,1.0,674861000.0,0.625,1059893000.0,35730000.0,3084160000.0,2518281750.0,8446000.0,233047000.0,44831000.0,188216000.0,1554931000.0,346802000.0,1208129000.0,7331734037.0,7611000.0,-2096000.0,-41612000.0,-261406000.0,-88205000.0,-469240000.0,-124467000.0,-32715000.0,595411000.0,-522000.0,-1621000.0,-1621000.0,-1621000.0,-9427000.0,82981000.0,-0.002,510728000.0,164133000.0,68847000.0,-4.0,2.992,-4522.97,-4501.0,386418000.0,0.0,135.03,6.792,6.797,197105000.0,1971848000.0,1079420000.0,1079420000.0,0.0,0.0,-0.001,0.028,0.065,22225000.0,510471000.0,1.0,54297075.0,54338000.0,54756000.0,19.865,2945399000.0,19141000.0,35885000.0,279301000.0,54.205,579991000.0
55,SSP,MRT,2007-09-30,2007-09-30,2007-09-30,2021-08-25,19860000.0,4331285000.0,4318227500.0,819767000.0,3511518000.0,0.199,50.347,-44030000.0,19684000.0,19684000.0,363481000.0,388260000.0,2.293,0.582,605892000.0,0.0,605892000.0,605892000.0,57790000.0,-8366000.0,0.0,0.001,0.12,442129000.0,433763000.0,0.505,433763000.0,442129000.0,400753000.0,7.15,7.1,7.15,2738570000.0,2652824500.0,2738570000.0,7458672324.0,17.0,17.195,522768000.0,9.611,1.0,495551000.0,0.577,2285096000.0,41376000.0,2274952000.0,2349917500.0,0.0,255525000.0,39262000.0,216263000.0,1592715000.0,357445000.0,1235270000.0,6853569324.0,-13511000.0,371140000.0,-41752000.0,-359600000.0,-84994000.0,-553672000.0,-25235000.0,-27323000.0,566798000.0,989000.0,388260000.0,388260000.0,388260000.0,-388974000.0,0.0,0.452,436557000.0,58994000.0,77164000.0,0.017,2.503,17.652,17.622,544068000.0,0.0,126.0,7.978,7.978,500065000.0,2250613000.0,859032000.0,859032000.0,0.0,0.09,0.146,0.188,0.515,28493000.0,436300000.0,1.0,54393407.0,54393407.0,,15.793,2046189000.0,19127000.0,12493000.0,382523000.0,37.618,462322000.0
56,SSP,MRT,2007-06-30,2007-06-30,2007-06-30,2021-08-25,14873000.0,4303034000.0,4332545000.0,815547000.0,3487487000.0,0.275,49.345,-83761000.0,18778000.0,18778000.0,402488000.0,372956000.0,2.3,0.601,623881000.0,0.0,623881000.0,623881000.0,64497000.0,52108000.0,0.0,0.001,0.12,467399000.0,519507000.0,0.437,519507000.0,467399000.0,419598000.0,6.87,6.8,6.87,2688374000.0,2584818750.0,2688374000.0,8191979055.0,18.0,15.769,447555000.0,8.215,1.0,786891000.0,0.662,2264726000.0,47801000.0,2288810000.0,2452960500.0,0.0,222703000.0,2064000.0,220639000.0,1614660000.0,354601000.0,1260059000.0,7467803055.0,-27985000.0,368127000.0,-30019000.0,-420253000.0,-81782000.0,-589033000.0,41792000.0,1050000.0,531316000.0,970000.0,372956000.0,372956000.0,372956000.0,-311828000.0,0.0,0.314,590196000.0,196695000.0,73917000.0,0.017,2.778,20.023,19.952,528324000.0,0.0,137.07,6.279,6.279,538211000.0,2210303000.0,1189379000.0,1189379000.0,0.0,0.086,0.144,0.191,0.393,26190000.0,590196000.0,1.0,54481674.0,54481674.0,,21.831,2038308000.0,19117000.0,46642000.0,371921000.0,37.413,460946000.0
57,SSP,MRT,2007-03-31,2007-03-31,2007-03-31,2021-08-25,3041000.0,4294257000.0,4361948500.0,830964000.0,3463293000.0,0.273,47.712,-70990000.0,22250000.0,22250000.0,405281000.0,346639000.0,2.522,0.65,746426000.0,0.0,746426000.0,746426000.0,57422000.0,53334000.0,0.0,0.001,0.12,456358000.0,509692000.0,0.428,509692000.0,456358000.0,403749000.0,6.4,6.31,6.4,2602919000.0,2516676250.0,2602919000.0,8048532303.0,18.0,15.791,444926000.0,8.155,1.0,785938000.0,0.66,2263752000.0,52609000.0,2425205000.0,2575505750.0,0.0,216756000.0,1609000.0,215147000.0,1691338000.0,329476000.0,1361862000.0,7312601303.0,-23551000.0,348756000.0,-30707000.0,-344319000.0,-78493000.0,-542212000.0,14175000.0,23758000.0,515916000.0,1600000.0,346639000.0,346639000.0,346639000.0,-276405000.0,0.0,0.291,566446000.0,219492000.0,78568000.0,0.019,2.809,21.096,20.944,517405000.0,0.0,134.04,6.139,6.139,486794000.0,2146896000.0,1191219000.0,1191219000.0,0.0,0.079,0.138,0.177,0.383,23787000.0,566446000.0,1.0,54555366.0,54555366.0,,21.835,2030505000.0,20244000.0,57110000.0,351313000.0,37.219,501488000.0
58,SSP,MRT,2006-12-31,2006-12-31,2006-12-31,2021-08-25,2492000.0,4344334000.0,4397282500.0,875319000.0,3469015000.0,0.268,47.446,-60631000.0,30450000.0,30450000.0,403348000.0,353220000.0,2.192,0.683,766381000.0,0.0,766381000.0,766381000.0,50524000.0,44244000.0,0.0,0.001,0.12,483904000.0,528148000.0,0.448,528148000.0,483904000.0,429343000.0,6.49,6.43,6.49,2581435000.0,2451614000.0,2581435000.0,9094612339.0,19.0,17.22,494309000.0,9.085,1.0,776176000.0,0.658,2270294000.0,54561000.0,2410703000.0,2662025000.0,0.0,228221000.0,2872000.0,225349000.0,1762899000.0,399268000.0,1363631000.0,8159248339.0,-1823000.0,-5061000.0,-33175000.0,-60793000.0,-76806000.0,-203848000.0,-341501000.0,13015000.0,554940000.0,1616000.0,353220000.0,353220000.0,353220000.0,-264753000.0,0.0,0.299,542215000.0,233961000.0,77945000.0,0.018,3.161,23.1,23.085,511738000.0,0.0,149.82,6.917,6.911,535901000.0,2145875000.0,1179524000.0,1179524000.0,0.0,0.08,0.144,0.182,0.41,27323000.0,542215000.0,1.0,54460341.0,54408000.0,54950000.0,21.679,2074040000.0,21744000.0,76123000.0,371021000.0,38.12,476051000.0
59,SSP,MRT,2006-09-30,2006-09-30,2006-09-30,2021-08-25,15546000.0,4388555000.0,4319356000.0,931262000.0,3457293000.0,0.563,45.285,-76444000.0,30804000.0,30804000.0,542066000.0,218669000.0,2.474,0.779,966168000.0,0.0,966168000.0,966168000.0,61589000.0,111505000.0,0.0,0.001,0.12,499140000.0,610645000.0,0.251,610645000.0,499140000.0,444445000.0,4.05,3.96,4.05,2466547000.0,2378025000.0,2466547000.0,8840481693.0,18.0,14.477,427568000.0,7.85,1.0,1888954000.0,0.777,2260421000.0,54695000.0,2687124000.0,2701810500.0,0.0,228014000.0,2398000.0,225616000.0,1922008000.0,376374000.0,1545634000.0,7831780693.0,6925000.0,-376544000.0,-41991000.0,106879000.0,-75189000.0,-60454000.0,-437548000.0,3775000.0,504012000.0,915000.0,218669000.0,218669000.0,218669000.0,144912000.0,0.0,0.09,1127682000.0,761272000.0,79105000.0,0.03,3.175,35.816,35.504,478227000.0,0.0,143.79,3.222,3.222,478641000.0,2044808000.0,2431020000.0,2431020000.0,0.0,0.051,0.092,0.185,0.205,26854000.0,1127682000.0,1.0,54466797.0,54466797.0,,44.633,2128134000.0,32845000.0,225776000.0,363496000.0,39.072,554888000.0
60,SSP,MRT,2006-06-30,2006-06-30,2006-06-30,2021-08-25,10121000.0,4420648000.0,4236458250.0,994810000.0,3425838000.0,0.558,44.317,-75248000.0,33733000.0,33733000.0,545535000.0,227762000.0,2.578,0.83,1042434000.0,0.0,1042434000.0,1042434000.0,49254000.0,109684000.0,0.0,0.001,0.12,498851000.0,608535000.0,0.258,608535000.0,498851000.0,447301000.0,4.2,4.14,4.2,2415804000.0,2338387750.0,2415804000.0,8111081838.0,16.0,13.329,392780000.0,7.205,1.0,1817368000.0,0.769,2264415000.0,51550000.0,2778991000.0,2672964000.0,0.0,232509000.0,1110000.0,231399000.0,2004844000.0,385943000.0,1618901000.0,7054907838.0,7299000.0,-386310000.0,-41028000.0,143323000.0,-73622000.0,-26107000.0,-435411000.0,19186000.0,468028000.0,789000.0,227762000.0,227762000.0,227762000.0,121219000.0,0.0,0.096,1084191000.0,733177000.0,85375000.0,0.029,2.92,30.975,30.814,475633000.0,0.0,129.42,2.986,2.986,524164000.0,2008434000.0,2362903000.0,2362903000.0,0.0,0.054,0.097,0.187,0.211,32472000.0,1084191000.0,1.0,54511728.0,54511728.0,,43.347,2156233000.0,32666000.0,219539000.0,366135000.0,39.555,608867000.0
61,SSP,MRT,2006-03-31,2006-03-31,2006-03-31,2021-08-25,-14659000.0,4435593000.0,4145303000.0,1020128000.0,3415465000.0,0.546,42.934,-64991000.0,32771000.0,32771000.0,534281000.0,254207000.0,2.172,0.893,1088945000.0,40462000.0,1048483000.0,1088945000.0,51007000.0,92423000.0,0.0,0.001,0.12,518226000.0,610649000.0,0.27,610649000.0,518226000.0,474654000.0,4.68,4.62,4.68,2342670000.0,2296836750.0,2342670000.0,8125316672.0,16.0,13.306,416613000.0,7.635,1.0,1727179000.0,0.764,2250839000.0,43572000.0,2771282000.0,2626287000.0,0.0,258312000.0,23318000.0,234994000.0,2092923000.0,469646000.0,1623277000.0,7318784672.0,9601000.0,-900948000.0,-22763000.0,635972000.0,-72036000.0,507326000.0,-979329000.0,-1266000.0,481604000.0,0.0,254207000.0,254207000.0,254207000.0,92859000.0,0.0,0.112,1027992000.0,699187000.0,68715000.0,0.026,3.124,28.791,28.66,475506000.0,0.0,134.13,3.236,3.236,454459000.0,1968890000.0,2261460000.0,2261460000.0,0.0,0.061,0.111,0.197,0.229,33167000.0,1027992000.0,1.0,54564860.0,54564860.0,,41.445,2184754000.0,31804000.0,220447000.0,389633000.0,40.04,550482000.0
62,SSP,MRT,2005-12-31,2005-12-31,2005-12-31,2021-08-25,-12162000.0,4032628000.0,3886627750.0,995526000.0,3037102000.0,0.554,42.022,-61828000.0,19243000.0,19243000.0,516954000.0,249153000.0,2.527,0.763,825775000.0,0.0,825775000.0,825775000.0,53521000.0,82378000.0,0.0,0.001,0.12,504759000.0,587137000.0,0.272,587137000.0,504759000.0,465968000.0,4.59,4.53,4.59,2287079000.0,2250684500.0,2287079000.0,8689667650.0,17.0,14.8,385052000.0,7.075,1.0,1637680000.0,0.76,1875379000.0,38791000.0,2569845000.0,2452663750.0,11725000.0,222821000.0,12800000.0,210021000.0,1745549000.0,393936000.0,1351613000.0,7855653650.0,6964000.0,-547007000.0,-4477000.0,293859000.0,-70352000.0,166358000.0,-606274000.0,14553000.0,446880000.0,0.0,249153000.0,249153000.0,249153000.0,89363000.0,0.0,0.116,970776000.0,666904000.0,92084000.0,0.026,3.435,31.529,31.386,490891000.0,0.0,144.06,3.646,3.639,493075000.0,1930994000.0,2154634000.0,2154634000.0,0.0,0.064,0.111,0.206,0.234,25684000.0,970776000.0,1.0,54530429.0,54426333.0,55145000.0,39.588,2157249000.0,32269000.0,216815000.0,317666000.0,39.636,601590000.0
63,SSP,MRT,2005-09-30,2005-09-30,2005-09-30,2021-08-25,-10761000.0,4056964000.0,3734683000.0,997306000.0,3059658000.0,0.496,42.308,-49217000.0,23879000.0,23879000.0,342979000.0,341030000.0,2.346,0.758,857893000.0,0.0,857893000.0,857893000.0,54798000.0,65908000.0,0.0,0.001,0.12,595279000.0,661187000.0,0.357,661187000.0,595279000.0,560151000.0,6.27,6.18,6.27,2307998000.0,2202945000.0,2307998000.0,9051433940.0,15.0,13.69,425357000.0,7.797,1.0,1509326000.0,0.815,1894063000.0,35128000.0,2571738000.0,2299029750.0,11402000.0,223352000.0,1029000.0,222323000.0,1748966000.0,425177000.0,1323789000.0,8178022940.0,9141000.0,-507649000.0,3609000.0,366590000.0,-68679000.0,266865000.0,-732298000.0,17372000.0,474574000.0,0.0,341030000.0,341030000.0,341030000.0,9456000.0,0.0,0.184,865794000.0,643532000.0,101600000.0,0.019,3.543,23.98,23.909,480622000.0,0.0,149.91,4.415,4.415,408423000.0,1958040000.0,1852305000.0,1852305000.0,0.0,0.091,0.155,0.259,0.321,23134000.0,865794000.0,1.0,54552885.0,54552885.0,,33.954,2162901000.0,30131000.0,219121000.0,296242000.0,39.648,572129000.0
64,SSP,MRT,2005-06-30,2005-06-30,2005-06-30,2021-08-25,-13270000.0,4056027000.0,3528750250.0,1032307000.0,3023720000.0,0.521,41.229,-43991000.0,26434000.0,26434000.0,388442000.0,314468000.0,2.331,0.803,899845000.0,0.0,899845000.0,899845000.0,53593000.0,57858000.0,0.0,0.001,0.12,563066000.0,620924000.0,0.338,620924000.0,563066000.0,532925000.0,5.79,5.7,5.79,2249600000.0,2130025750.0,2249600000.0,8418052713.0,15.0,13.557,415806000.0,7.621,1.0,1448319000.0,0.789,1894289000.0,30141000.0,2592283000.0,2128371750.0,11270000.0,240392000.0,13796000.0,226596000.0,1806427000.0,442866000.0,1363561000.0,7988085713.0,936000.0,-495723000.0,19797000.0,324110000.0,-66954000.0,266764000.0,-725625000.0,3037000.0,459797000.0,0.0,314468000.0,314468000.0,314468000.0,27154000.0,0.0,0.171,833813000.0,614506000.0,108089000.0,0.021,3.551,25.402,25.285,475471000.0,0.0,146.4,4.349,4.349,450152000.0,1920486000.0,1836761000.0,1836761000.0,0.0,0.089,0.148,0.265,0.307,13905000.0,833813000.0,1.0,54563427.0,54563427.0,,33.663,2161738000.0,30507000.0,218457000.0,308963000.0,39.619,589441000.0
65,SSP,MRT,2005-03-31,2005-03-31,2005-03-31,2021-08-25,-11784000.0,3400892000.0,3322567000.0,949116000.0,2451776000.0,0.555,39.656,-54734000.0,23170000.0,23170000.0,466674000.0,303303000.0,2.316,0.576,453137000.0,0.0,453137000.0,453137000.0,44703000.0,57891000.0,0.0,0.001,0.12,540946000.0,598837000.0,0.325,598837000.0,540946000.0,510092000.0,5.58,5.49,5.58,2158061000.0,2061108250.0,2158061000.0,8479264920.0,16.0,14.16,330122000.0,6.066,1.0,1376932000.0,0.747,1344329000.0,30854000.0,2076789000.0,1973219500.0,10256000.0,234765000.0,4269000.0,230496000.0,1242831000.0,409741000.0,833090000.0,7958857920.0,1781000.0,-140512000.0,22446000.0,-3013000.0,-65238000.0,-48423000.0,-334652000.0,47630000.0,384856000.0,0.0,303303000.0,303303000.0,303303000.0,21786000.0,0.0,0.165,803724000.0,573208000.0,70308000.0,0.022,3.688,26.241,26.21,456364000.0,0.0,146.25,4.317,4.317,362658000.0,1840906000.0,1843606000.0,1843606000.0,0.0,0.091,0.147,0.274,0.293,15100000.0,803724000.0,1.0,54419541.0,54419541.0,,33.878,2056563000.0,17874000.0,206789000.0,247470000.0,37.791,539375000.0
66,SSP,MRT,2004-12-31,2004-12-31,2004-12-31,2021-08-25,-9001000.0,3424849000.0,3230253000.0,643591000.0,2781258000.0,0.58,38.75,-67400000.0,12279000.0,12279000.0,506023000.0,303811000.0,1.715,0.634,532686000.0,0.0,532686000.0,532686000.0,52689000.0,58187000.0,0.0,0.001,0.105,539503000.0,597690000.0,0.319,597690000.0,539503000.0,508626000.0,5.61,5.52,5.61,2096121000.0,1992702250.0,2096121000.0,8350372713.0,15.0,13.971,318764000.0,5.893,1.0,1368328000.0,0.73,1614589000.0,30877000.0,1955309000.0,1923003250.0,40773000.0,242667000.0,8637000.0,234030000.0,1328728000.0,375358000.0,953370000.0,7872975713.0,-5948000.0,-139947000.0,28108000.0,23901000.0,-63112000.0,-6517000.0,-385595000.0,7577000.0,386164000.0,0.0,303811000.0,303811000.0,303811000.0,18948000.0,0.0,0.162,815041000.0,553287000.0,106475000.0,0.019,3.756,25.914,25.818,496194000.0,0.0,144.84,4.2,4.18,402807000.0,1787221000.0,1874351000.0,1874351000.0,0.0,0.094,0.152,0.281,0.288,16371000.0,815041000.0,1.0,54356364.0,54093000.0,54972333.0,34.651,1810260000.0,17242000.0,204815000.0,264407000.0,33.466,268233000.0
67,SSP,MRT,2004-09-30,2004-09-30,2004-09-30,2021-08-25,-10125000.0,3233233000.0,3125991250.0,586856000.0,2646377000.0,0.664,37.167,-83435000.0,14738000.0,14738000.0,743663000.0,314071000.0,1.685,0.604,492135000.0,0.0,492135000.0,492135000.0,49584000.0,65198000.0,0.0,0.001,0.09,504454000.0,569652000.0,0.275,569652000.0,504454000.0,473824000.0,5.82,5.73,5.82,2016321000.0,1924304750.0,2016321000.0,8326205161.0,17.0,14.616,241865000.0,4.458,1.0,1331354000.0,0.642,1473190000.0,30630000.0,1889106000.0,1916379250.0,32193000.0,236307000.0,0.0,236307000.0,1216912000.0,348334000.0,868578000.0,7776271161.0,-5484000.0,-180997000.0,58906000.0,-57857000.0,-58933000.0,-84649000.0,-246135000.0,21766000.0,325300000.0,0.0,314071000.0,314071000.0,314071000.0,-3341000.0,0.0,0.151,827748000.0,503606000.0,100346000.0,0.015,3.857,24.76,24.629,496173000.0,0.0,143.34,3.748,3.748,333103000.0,1712263000.0,2075017000.0,2075017000.0,0.0,0.1,0.163,0.263,0.243,23989000.0,827748000.0,1.0,54250531.0,54250531.0,,38.249,1760043000.0,21218000.0,159753000.0,231222000.0,32.443,238522000.0
68,SSP,MRT,2004-06-30,2004-06-30,2004-06-30,2021-08-25,-7794000.0,3231294000.0,3038133750.0,601081000.0,2630213000.0,0.663,36.385,-88991000.0,25498000.0,25498000.0,738058000.0,310336000.0,1.793,0.637,575432000.0,0.0,575432000.0,575432000.0,43646000.0,65097000.0,0.0,0.0,0.075,498124000.0,563221000.0,0.279,563221000.0,498124000.0,466699000.0,5.76,5.67,5.76,1973930000.0,1846659000.0,1973930000.0,8981168685.0,18.0,15.946,238282000.0,4.392,1.0,1277652000.0,0.634,1474342000.0,31425000.0,1971674000.0,1908296000.0,31450000.0,239416000.0,0.0,239416000.0,1257364000.0,335212000.0,922152000.0,8544458685.0,1523000.0,-181580000.0,56559000.0,-51454000.0,-54736000.0,-76852000.0,-248898000.0,21562000.0,327273000.0,0.0,310336000.0,310336000.0,310336000.0,-2719000.0,0.0,0.154,790346000.0,487306000.0,92850000.0,0.013,4.329,27.533,27.344,498932000.0,0.0,157.5,4.239,4.239,358357000.0,1672972000.0,2015710000.0,2015710000.0,0.0,0.102,0.168,0.261,0.247,24965000.0,790346000.0,1.0,54250531.0,54250531.0,,37.156,1756952000.0,24178000.0,156363000.0,204760000.0,32.386,265869000.0
69,SSP,MRT,2004-03-31,2004-03-31,2004-03-31,2021-08-25,-8340000.0,3031636000.0,2955401250.0,604830000.0,2426806000.0,0.658,34.89,-87352000.0,21389000.0,21389000.0,712195000.0,288645000.0,1.702,0.609,458099000.0,0.0,458099000.0,458099000.0,52510000.0,66008000.0,0.0,0.0,0.06,466176000.0,532184000.0,0.274,532184000.0,466176000.0,435191000.0,5.385,5.31,5.385,1884437000.0,1766068250.0,1884437000.0,8682382473.0,19.0,16.315,285191000.0,5.28,1.0,1231045000.0,0.634,1237125000.0,30985000.0,1875924000.0,1899948750.0,30308000.0,332261000.0,47500000.0,284761000.0,1147199000.0,355297000.0,791902000.0,8191492473.0,-1068000.0,-713000.0,45622000.0,-241317000.0,-50500000.0,-258582000.0,-115029000.0,-26071000.0,372543000.0,0.0,288645000.0,288645000.0,288645000.0,-2719000.0,0.0,0.149,772077000.0,458968000.0,90420000.0,0.011,4.347,28.379,28.164,483386000.0,0.0,151.665,4.215,4.215,328096000.0,1602841000.0,1943240000.0,1943240000.0,0.0,0.098,0.163,0.245,0.24,25018000.0,772077000.0,1.0,54010434.0,54010434.0,,35.979,1794511000.0,22023000.0,146546000.0,187256000.0,33.225,249533000.0
70,SSP,MRT,2003-12-31,2003-12-31,2003-12-31,2021-08-25,1715000.0,3007802000.0,2917881000.0,547588000.0,2460214000.0,0.643,34.059,-89251000.0,18227000.0,18227000.0,685107000.0,270815000.0,1.649,0.65,509117000.0,0.0,509117000.0,509117000.0,53596000.0,66385000.0,0.0,0.0,0.06,438592000.0,504977000.0,0.269,504977000.0,438592000.0,406999000.0,5.07,4.98,5.07,1822531000.0,1685268250.0,1822531000.0,8146390540.0,19.0,16.132,233295000.0,4.36,1.0,1189671000.0,0.635,1237720000.0,31593000.0,1928813000.0,1912369000.0,29946000.0,306405000.0,0.0,306405000.0,1185271000.0,332159000.0,853112000.0,7615920540.0,2719000.0,-4768000.0,33180000.0,-216395000.0,-48320000.0,-233134000.0,-86693000.0,7543000.0,322546000.0,0.0,270815000.0,270815000.0,270815000.0,-2719000.0,0.0,0.144,751871000.0,437800000.0,73730000.0,0.012,4.179,28.122,27.852,478462000.0,0.0,141.21,4.062,4.03,336681000.0,1546522000.0,1874778000.0,1874778000.0,0.0,0.093,0.161,0.229,0.234,24052000.0,751871000.0,1.0,53933295.0,53510667.0,54312333.0,35.036,1770082000.0,25264000.0,136184000.0,192418000.0,33.079,215429000.0
71,SSP,MRT,2003-09-30,2003-09-30,2003-09-30,2021-08-25,-8349000.0,2881803000.0,2883514750.0,477429000.0,2404374000.0,0.63,31.705,-86743000.0,20222000.0,20222000.0,709488000.0,245066000.0,1.511,0.689,550692000.0,0.0,550692000.0,550692000.0,47771000.0,68679000.0,0.0,0.0,0.06,436815000.0,505494000.0,0.278,505494000.0,436815000.0,405799000.0,4.575,4.545,4.575,1705738000.0,1608501750.0,1705738000.0,7472599617.0,17.0,14.783,204674000.0,3.804,1.0,1107310000.0,0.609,1239439000.0,31016000.0,1856773000.0,1908871750.0,29589000.0,302062000.0,0.0,302062000.0,1176065000.0,316061000.0,860004000.0,6867567617.0,-14139000.0,-103408000.0,28166000.0,-95920000.0,-48180000.0,-122409000.0,-183147000.0,507000.0,291417000.0,0.0,245066000.0,245066000.0,245066000.0,0.0,0.0,0.135,651620000.0,455690000.0,70667000.0,0.013,4.026,28.023,27.902,470316000.0,0.0,127.65,3.78,3.78,271930000.0,1457125000.0,1816798000.0,1816798000.0,0.0,0.085,0.152,0.229,0.24,22484000.0,679981000.0,1.0,53799981.0,53799981.0,,33.769,1642364000.0,20700000.0,160733000.0,177693000.0,30.527,161368000.0
72,SSP,MRT,2003-06-30,2003-06-30,2003-06-30,2021-08-25,-17581000.0,2900364000.0,2828075250.0,511780000.0,2388584000.0,0.612,30.894,-83408000.0,23975000.0,23975000.0,642197000.0,238883000.0,1.567,0.756,629007000.0,0.0,629007000.0,629007000.0,46626000.0,66549000.0,0.0,0.0,0.06,427312000.0,493861000.0,0.285,493861000.0,427312000.0,396397000.0,4.47,4.44,4.47,1651567000.0,1549137500.0,1651567000.0,7790764671.0,18.0,15.775,183231000.0,3.427,1.0,1088387000.0,0.629,1240508000.0,30915000.0,1938285000.0,1861203500.0,31243000.0,292598000.0,0.0,292598000.0,1248797000.0,326603000.0,922194000.0,7114454671.0,5971000.0,-110984000.0,28166000.0,-41780000.0,-48060000.0,-68864000.0,-191804000.0,507000.0,266639000.0,0.0,238883000.0,238883000.0,238883000.0,0.0,0.0,0.138,648914000.0,439473000.0,104102000.0,0.013,4.308,29.782,29.772,467261000.0,0.0,133.08,4.111,4.111,292102000.0,1417372000.0,1730584000.0,1730584000.0,0.0,0.084,0.154,0.23,0.247,17385000.0,662249000.0,1.0,53459984.0,53459984.0,,32.372,1659856000.0,27568000.0,157514000.0,160157000.0,31.049,185177000.0
73,SSP,MRT,2003-03-31,2003-03-31,2003-03-31,2021-08-25,-26050000.0,2881555000.0,2756407500.0,497797000.0,2383758000.0,0.594,29.225,-80920000.0,22457000.0,22457000.0,576005000.0,201106000.0,1.271,0.846,698767000.0,48272000.0,650495000.0,698767000.0,39182000.0,64861000.0,0.0,0.001,0.06,352745000.0,417606000.0,0.255,417606000.0,352745000.0,323033000.0,3.765,3.735,3.765,1561237000.0,1494602500.0,1561237000.0,6778561400.0,19.0,16.232,151670000.0,2.839,1.0,1060168000.0,0.648,1240644000.0,29712000.0,1925605000.0,1693878250.0,24757000.0,291665000.0,0.0,291665000.0,1320318000.0,391616000.0,928702000.0,6069097400.0,9127000.0,-112963000.0,28166000.0,-7662000.0,-47981000.0,-36823000.0,-186640000.0,507000.0,232590000.0,0.0,201106000.0,201106000.0,201106000.0,0.0,0.0,0.123,648600000.0,411568000.0,115035000.0,0.016,3.887,30.179,30.175,464664000.0,0.0,113.61,3.709,3.709,282201000.0,1364696000.0,1636173000.0,1636173000.0,0.0,0.073,0.135,0.208,0.216,22103000.0,607543000.0,1.0,53420451.0,53420451.0,,30.628,1640911000.0,30749000.0,121927000.0,153486000.0,30.717,106181000.0
74,SSP,MRT,2002-12-31,2002-12-31,2002-12-31,2021-08-25,-23396000.0,2870337000.0,2690410750.0,500011000.0,2370326000.0,0.571,28.599,-80623000.0,15508000.0,15508000.0,503418000.0,188297000.0,1.174,0.894,724972000.0,75171000.0,649801000.0,724972000.0,40582000.0,62768000.0,0.0,0.001,0.06,330885000.0,393653000.0,0.256,393653000.0,330885000.0,302584000.0,3.54,3.51,3.54,1515465000.0,1451027250.0,1515465000.0,6767199812.0,20.0,17.191,130044000.0,2.454,1.0,1032246000.0,0.672,1238904000.0,28301000.0,1914824000.0,1528011000.0,24234000.0,297601000.0,0.0,297601000.0,1354872000.0,426073000.0,928799000.0,6156122812.0,-1911000.0,-118261000.0,28166000.0,1026000.0,-47865000.0,-21333000.0,-191245000.0,507000.0,210667000.0,0.0,188297000.0,188297000.0,188297000.0,0.0,0.0,0.123,630870000.0,401376000.0,113579000.0,0.017,4.062,32.694,32.606,456789000.0,0.0,115.425,4.009,3.983,280352000.0,1324027000.0,1535664000.0,1535664000.0,0.0,0.07,0.13,0.217,0.215,24927000.0,630870000.0,1.0,53334397.0,52990000.0,53746000.0,28.98,1631433000.0,30364000.0,114287000.0,142630000.0,30.788,73938000.0
75,SSP,MRT,2002-09-30,2002-09-30,2002-09-30,2021-08-25,-2773000.0,2660045000.0,2633229250.0,489782000.0,2170263000.0,0.533,27.552,-75469000.0,34361000.0,34361000.0,644439000.0,122054000.0,1.221,0.812,645438000.0,132471000.0,512967000.0,645438000.0,29584000.0,70000000.0,0.0,0.001,0.06,229526000.0,299526000.0,0.213,299526000.0,229526000.0,201002000.0,2.295,2.28,2.295,1468281000.0,1410136000.0,1468281000.0,6190502459.0,27.0,20.668,91255000.0,1.712,1.0,760364000.0,0.541,1203802000.0,28524000.0,1666100000.0,1359675750.0,7393000.0,245694000.0,0.0,245694000.0,1191764000.0,401220000.0,790544000.0,5539608459.0,19029000.0,-11618000.0,-1778000.0,-25071000.0,-47733000.0,-50235000.0,-97460000.0,-14694000.0,166724000.0,0.0,122054000.0,122054000.0,122054000.0,0.0,0.0,0.087,499162000.0,261202000.0,90729000.0,0.026,3.773,45.387,45.294,406312000.0,0.0,103.95,3.943,3.943,218241000.0,1260239000.0,1404803000.0,1404803000.0,0.0,0.046,0.087,0.169,0.163,28726000.0,755126000.0,1.0,53291087.0,53291087.0,,26.361,1456243000.0,36204000.0,78948000.0,140322000.0,27.326,88562000.0
76,SSP,MRT,2002-06-30,2002-06-30,2002-06-30,2021-08-25,1720000.0,2613693000.0,2618955000.0,454066000.0,2159627000.0,0.529,26.927,-75891000.0,18004000.0,18004000.0,555387000.0,99011000.0,0.574,0.823,668898000.0,554902000.0,113996000.0,668898000.0,28618000.0,78956000.0,0.0,0.001,0.06,194458000.0,273414000.0,0.197,273414000.0,194458000.0,165360000.0,1.875,1.845,1.875,1433427000.0,1376550000.0,1433427000.0,6840848186.0,35.0,25.02,107537000.0,2.02,1.0,831201000.0,0.599,1204610000.0,29098000.0,1268984000.0,1261725250.0,6955000.0,257248000.0,0.0,257248000.0,1180266000.0,790993000.0,389273000.0,6148559186.0,1485000.0,-12701000.0,-20461000.0,-42449000.0,-47653000.0,-84269000.0,-97674000.0,-14048000.0,183428000.0,0.0,99011000.0,99011000.0,99011000.0,0.0,0.0,0.071,584440000.0,246761000.0,59291000.0,0.032,4.289,62.1,61.6,403735000.0,0.0,115.5,4.434,4.434,233965000.0,1226549000.0,1386588000.0,1386588000.0,0.0,0.038,0.072,0.154,0.14,30540000.0,714756000.0,1.0,53234279.0,53234279.0,,26.047,1409083000.0,34795000.0,66349000.0,139367000.0,26.469,-336927000.0
77,SSP,MRT,2002-03-31,2002-03-31,2002-03-31,2021-08-25,-7828000.0,2617568000.0,2625677750.0,439902000.0,2177666000.0,0.524,26.199,-74885000.0,13330000.0,13330000.0,457604000.0,111405000.0,0.522,0.887,705619000.0,591810000.0,113809000.0,705619000.0,29214000.0,87771000.0,0.0,0.0,0.06,230581000.0,318352000.0,0.232,318352000.0,230581000.0,197253000.0,2.115,2.085,2.115,1386936000.0,1359535500.0,1386936000.0,7227494461.0,31.0,22.703,101327000.0,1.914,1.0,916957000.0,0.667,1205329000.0,33328000.0,1262136000.0,1354629250.0,6845000.0,305944000.0,0.0,305944000.0,1230632000.0,842392000.0,388240000.0,6521069461.0,-510000.0,-14234000.0,-20461000.0,-40567000.0,-47557000.0,-89762000.0,-86960000.0,0.0,176212000.0,0.0,111405000.0,111405000.0,111405000.0,0.0,0.0,0.081,683299000.0,233658000.0,70488000.0,0.028,4.702,58.535,58.241,402624000.0,0.0,123.18,4.744,4.744,218515000.0,1211571000.0,1374561000.0,1374561000.0,0.0,0.042,0.082,0.17,0.168,20136000.0,716400000.0,1.0,52939353.0,52939353.0,,25.965,1412239000.0,32380000.0,85848000.0,140260000.0,26.677,-402490000.0
78,SSP,MRT,2001-12-31,2001-12-31,2001-12-31,2021-08-25,4513000.0,2641611000.0,2628297750.0,450658000.0,2190953000.0,0.53,25.726,-68223000.0,17419000.0,17419000.0,483845000.0,137963000.0,0.498,0.954,723844000.0,613878000.0,109966000.0,723844000.0,29381000.0,98653000.0,0.0,0.001,0.06,276782000.0,375435000.0,0.27,375435000.0,276782000.0,237585000.0,2.625,2.595,2.625,1351900000.0,1339847250.0,1351900000.0,5877269006.0,21.0,15.655,137844000.0,2.623,1.0,908111000.0,0.652,1201042000.0,39197000.0,1241483000.0,1438731750.0,7345000.0,331542000.0,0.0,331542000.0,1289711000.0,905511000.0,384200000.0,5222157006.0,3307000.0,-87749000.0,-22449000.0,9202000.0,-47506000.0,-48363000.0,-154397000.0,0.0,206067000.0,0.0,137963000.0,137963000.0,137963000.0,0.0,0.0,0.099,679864000.0,228247000.0,81690000.0,0.023,3.863,37.852,37.714,394677000.0,0.0,99.0,3.752,3.738,236311000.0,1183595000.0,1391956000.0,1391956000.0,0.0,0.052,0.103,0.192,0.199,19062000.0,571013000.0,1.0,52749061.0,52550000.0,53313333.0,26.488,1440569000.0,30850000.0,99622000.0,144840000.0,27.413,-454853000.0
79,SSP,MRT,2001-09-30,2001-09-30,2001-09-30,2021-08-25,-12749000.0,2602948000.0,2615405000.0,463983000.0,2138965000.0,0.559,25.221,-76096000.0,15332000.0,15332000.0,-45407000.0,176721000.0,0.598,0.951,670444000.0,460630000.0,209814000.0,670444000.0,32686000.0,100803000.0,0.0,0.001,0.06,331955000.0,432758000.0,0.296,432758000.0,331955000.0,287794000.0,3.375,3.3,3.375,1333937000.0,1321324750.0,1333937000.0,5527058456.0,17.0,12.772,203218000.0,3.842,1.0,1506118000.0,1.031,1208459000.0,44161000.0,1274298000.0,1511174750.0,7521000.0,355261000.0,0.0,355261000.0,1269011000.0,775303000.0,493708000.0,4832264456.0,-3267000.0,-122635000.0,-25242000.0,-40615000.0,-46652000.0,-100146000.0,-182435000.0,14694000.0,279314000.0,0.0,176721000.0,176721000.0,176721000.0,0.0,0.0,0.121,1255923000.0,250195000.0,84762000.0,0.018,3.623,27.344,27.071,387438000.0,0.0,91.365,3.308,3.308,228734000.0,1185918000.0,1460711000.0,1460711000.0,0.0,0.068,0.134,0.22,0.227,26619000.0,1205440000.0,1.0,52889667.0,52889667.0,,27.618,1394489000.0,30747000.0,111073000.0,155941000.0,26.366,-311320000.0
80,SSP,MRT,2001-06-30,2001-06-30,2001-06-30,2021-08-25,17892000.0,2640584000.0,2605623250.0,451277000.0,2189307000.0,0.589,25.86,-77527000.0,16519000.0,16519000.0,-27214000.0,189516000.0,0.95,0.934,711313000.0,202758000.0,508555000.0,711313000.0,35158000.0,104109000.0,0.0,0.001,0.06,358022000.0,462131000.0,0.301,462131000.0,358022000.0,308885000.0,3.615,3.555,3.615,1365369000.0,1303449500.0,1365369000.0,6197024404.0,17.0,13.41,185983000.0,3.522,1.0,1561731000.0,1.018,1219575000.0,49137000.0,1640600000.0,1575824250.0,9350000.0,403088000.0,0.0,403088000.0,1275215000.0,475203000.0,800012000.0,5464711404.0,1193000.0,-114411000.0,-6559000.0,-49836000.0,-45738000.0,-92167000.0,-170150000.0,14048000.0,263510000.0,0.0,189516000.0,189516000.0,189516000.0,0.0,0.0,0.124,1297940000.0,263791000.0,62902000.0,0.017,4.002,28.835,28.631,383480000.0,0.0,103.5,3.561,3.561,250845000.0,1175191000.0,1534517000.0,1534517000.0,0.0,0.073,0.145,0.227,0.233,25938000.0,1220524000.0,1.0,52799144.0,52799144.0,,29.063,1421009000.0,29967000.0,119369000.0,161987000.0,26.913,-23926000.0
81,SSP,MRT,2001-03-31,2001-03-31,2001-03-31,2021-08-25,-1000000.0,2628048000.0,2586816500.0,433077000.0,2194971000.0,0.621,24.815,-74279000.0,13840000.0,13840000.0,-10951000.0,196287000.0,0.813,1.009,746153000.0,237742000.0,508411000.0,746153000.0,32976000.0,107122000.0,0.0,0.001,0.06,371664000.0,478786000.0,0.298,478786000.0,371664000.0,319905000.0,3.75,3.69,3.75,1308183000.0,1270823750.0,1308183000.0,5284553531.0,14.0,11.037,199739000.0,3.789,1.0,1616518000.0,1.007,1229356000.0,51759000.0,1598546000.0,1554383750.0,10106000.0,395011000.0,0.0,395011000.0,1319865000.0,532459000.0,787406000.0,4584056531.0,-5830000.0,-143551000.0,-6559000.0,-28929000.0,-44826000.0,-73792000.0,-206056000.0,0.0,274018000.0,0.0,196287000.0,196287000.0,196287000.0,0.0,0.0,0.122,1334156000.0,282362000.0,110234000.0,0.016,3.504,23.354,23.188,383254000.0,0.0,86.955,2.855,2.855,233845000.0,1147723000.0,1605567000.0,1605567000.0,0.0,0.076,0.154,0.239,0.231,23502000.0,1231751000.0,1.0,52717573.0,52717573.0,,30.456,1398692000.0,30251000.0,123618000.0,155291000.0,26.532,-99382000.0
82,SSP,MRT,2000-12-31,2000-12-31,2000-12-31,2021-08-25,32238000.0,2590040000.0,2583212500.0,502880000.0,2087160000.0,0.64,24.52,-74577000.0,14112000.0,14112000.0,0.0,163453000.0,0.944,1.027,714609000.0,212828000.0,501781000.0,714609000.0,37214000.0,109165000.0,0.0,0.001,0.06,323477000.0,432642000.0,0.262,432642000.0,323477000.0,271543000.0,3.135,3.09,3.135,1277810000.0,1252329250.0,1277810000.0,5643237275.0,17.0,13.044,181166000.0,3.476,1.0,1654346000.0,1.0,1226306000.0,51934000.0,1531255000.0,1548953250.0,17802000.0,177922000.0,0.0,177922000.0,1312230000.0,532976000.0,779254000.0,4950811275.0,3656000.0,-88116000.0,-4571000.0,-53958000.0,-43924000.0,-100183000.0,-151904000.0,0.0,255743000.0,0.0,163453000.0,163453000.0,163453000.0,0.0,0.0,0.099,1358976000.0,295370000.0,114275000.0,0.019,3.874,30.289,30.086,502041000.0,0.0,94.32,2.993,2.971,289583000.0,1093138000.0,1654346000.0,1654346000.0,0.0,0.063,0.131,0.209,0.196,16075000.0,1240288000.0,1.0,52489517.0,52113333.0,52774000.0,31.745,1363734000.0,30421000.0,108090000.0,147106000.0,26.169,-30096000.0
83,SSP,MRT,2000-09-30,2000-09-30,2000-09-30,2021-08-25,58493000.0,2563821000.0,2565797750.0,491107000.0,2072714000.0,0.653,24.105,-65748000.0,18599000.0,18599000.0,151408000.0,161087000.0,0.941,1.031,711025000.0,209237000.0,501788000.0,711025000.0,32988000.0,108764000.0,0.0,0.001,0.06,328418000.0,437182000.0,0.261,437182000.0,328418000.0,277067000.0,3.09,3.06,3.09,1262436000.0,1223989750.0,1262436000.0,4988867126.0,15.0,11.411,177770000.0,3.394,1.0,1523589000.0,0.91,1201281000.0,51351000.0,1532896000.0,1544797000.0,18905000.0,230756000.0,0.0,230756000.0,1301385000.0,522070000.0,779315000.0,4242168126.0,3873000.0,-77929000.0,-5850000.0,-47097000.0,-43848000.0,-97554000.0,-142091000.0,66000.0,243518000.0,0.0,161087000.0,161087000.0,161087000.0,0.0,0.0,0.096,1190672000.0,332917000.0,103604000.0,0.019,3.36,26.335,26.214,484149000.0,0.0,81.0,2.533,2.533,255822000.0,1055849000.0,1674997000.0,1674997000.0,0.0,0.063,0.132,0.213,0.196,13919000.0,513782000.0,1.0,52372446.0,52372446.0,,31.982,1362540000.0,28404000.0,115980000.0,148345000.0,26.016,-30963000.0
84,SSP,MRT,2000-06-30,2000-06-30,2000-06-30,2021-08-25,60017000.0,2565357000.0,2545172750.0,476415000.0,2088942000.0,0.644,23.666,-69670000.0,15326000.0,15326000.0,146007000.0,150521000.0,0.868,1.077,762025000.0,260170000.0,501855000.0,762025000.0,41078000.0,108159000.0,0.0,0.001,0.06,307352000.0,415511000.0,0.254,415511000.0,307352000.0,258115000.0,2.895,2.865,2.895,1234866000.0,1194010750.0,1234866000.0,4612633013.0,15.0,11.101,156564000.0,3.0,1.0,1492064000.0,0.911,1208648000.0,49237000.0,1554838000.0,1532590250.0,16852000.0,241007000.0,0.0,241007000.0,1330491000.0,548570000.0,781921000.0,3856335013.0,2940000.0,-89468000.0,-6734000.0,-12665000.0,-43803000.0,-63894000.0,-159400000.0,385000.0,226234000.0,0.0,150521000.0,150521000.0,150521000.0,0.0,0.0,0.092,1178133000.0,313931000.0,91918000.0,0.021,3.123,25.62,25.528,482497000.0,0.0,73.905,2.354,2.354,286011000.0,1031413000.0,1638071000.0,1638071000.0,0.0,0.059,0.126,0.201,0.188,13919000.0,507757000.0,1.0,52179623.0,52179623.0,,31.393,1356709000.0,27035000.0,107594000.0,147275000.0,26.001,-72155000.0
85,SSP,MRT,2000-03-31,2000-03-31,2000-03-31,2021-08-25,102519000.0,2613632000.0,2501679750.0,477467000.0,2136165000.0,0.636,23.668,-80642000.0,19670000.0,19670000.0,141643000.0,148631000.0,0.837,1.118,775968000.0,274126000.0,501842000.0,775968000.0,35964000.0,104670000.0,0.0,0.001,0.06,301730000.0,406400000.0,0.256,406400000.0,301730000.0,254948000.0,2.865,2.835,2.865,1234205000.0,1162359250.0,1234205000.0,4552713914.0,15.0,11.203,109916000.0,2.108,1.0,1448255000.0,0.911,1222746000.0,46782000.0,1576824000.0,1502515000.0,17745000.0,275530000.0,0.0,275530000.0,1379427000.0,570360000.0,809067000.0,3793722914.0,6096000.0,-78769000.0,-18242000.0,41318000.0,-43797000.0,-22789000.0,-161673000.0,26000.0,190558000.0,0.0,148631000.0,148631000.0,148631000.0,0.0,0.0,0.093,1142952000.0,305303000.0,91206000.0,0.021,3.074,25.524,25.393,484509000.0,0.0,72.75,2.386,2.386,274812000.0,996262000.0,1589898000.0,1589898000.0,0.0,0.059,0.128,0.201,0.19,13919000.0,501474000.0,1.0,52147394.0,52147394.0,,30.489,1390886000.0,27583000.0,106317000.0,167084000.0,26.672,-92893000.0
86,SSP,MRT,1999-12-31,1999-12-31,1999-12-31,2021-08-25,58271000.0,2520381000.0,2434517500.0,477461000.0,2042920000.0,0.639,22.362,-79826000.0,10456000.0,10456000.0,143183000.0,146122000.0,0.827,1.164,769447000.0,267600000.0,501847000.0,769447000.0,40583000.0,103851000.0,0.0,0.001,0.06,294953000.0,398804000.0,0.256,398804000.0,294953000.0,249734000.0,2.805,2.775,2.805,1164452000.0,1124597500.0,1164452000.0,4244374655.0,14.0,10.643,113689000.0,2.183,1.0,1412116000.0,0.908,1187274000.0,45219000.0,1514630000.0,1447149000.0,16538000.0,210308000.0,0.0,210308000.0,1355929000.0,577468000.0,778461000.0,3500073655.0,-4963000.0,-60171000.0,-34951000.0,-1256000.0,-43816000.0,-81634000.0,-116844000.0,20551000.0,193515000.0,0.0,146122000.0,146122000.0,146122000.0,0.0,0.0,0.094,1116762000.0,295354000.0,116201000.0,0.021,3.006,23.953,23.963,485596000.0,0.0,67.215,2.25,2.25,280829000.0,973609000.0,1555299000.0,1555299000.0,0.0,0.06,0.13,0.204,0.19,13919000.0,492162000.0,1.0,52072806.0,52072806.0,,29.868,1333107000.0,27643000.0,103612000.0,143912000.0,25.601,-100007000.0
87,SSP,MRT,1999-09-30,1999-09-30,1999-09-30,2021-08-25,66679000.0,2481321000.0,2394331250.0,443729000.0,2037592000.0,0.647,21.92,-82709000.0,14726000.0,14726000.0,68298000.0,144826000.0,0.792,1.172,759027000.0,257158000.0,501869000.0,759027000.0,44971000.0,103791000.0,0.0,0.001,0.06,292201000.0,395992000.0,0.256,395992000.0,292201000.0,247186000.0,2.79,2.73,2.79,1142520000.0,1100667500.0,1142520000.0,4603368845.0,16.0,11.625,119944000.0,2.301,1.0,1479657000.0,0.956,1181638000.0,45015000.0,1484069000.0,1408285500.0,15481000.0,216258000.0,0.0,216258000.0,1338801000.0,559915000.0,778886000.0,3841076845.0,-240000.0,-25206000.0,-75361000.0,24877000.0,-43877000.0,-93762000.0,-109131000.0,2463000.0,202653000.0,0.0,144826000.0,144826000.0,144826000.0,0.0,0.0,0.094,1186202000.0,293455000.0,115428000.0,0.022,3.362,26.522,26.414,482436000.0,0.0,73.695,2.481,2.481,235014000.0,938610000.0,1547955000.0,1547955000.0,0.0,0.06,0.132,0.207,0.189,0.0,479190000.0,1.0,52121268.0,52121268.0,,29.699,1299683000.0,27682000.0,102360000.0,140830000.0,24.936,-116186000.0
88,SSP,MRT,1999-06-30,1999-06-30,1999-06-30,2021-08-25,48706000.0,2391385000.0,2344245500.0,423120000.0,1968265000.0,0.648,21.219,-77463000.0,12386000.0,12386000.0,97666000.0,146042000.0,0.8,1.158,774678000.0,271383000.0,503295000.0,774678000.0,39520000.0,102419000.0,0.0,0.001,0.06,294769000.0,397188000.0,0.262,397188000.0,294769000.0,249321000.0,2.805,2.73,2.805,1108260000.0,1080803250.0,1108260000.0,4445267243.0,15.0,11.192,119974000.0,2.297,1.0,1420780000.0,0.936,1189988000.0,45448000.0,1434537000.0,1359892000.0,14086000.0,171056000.0,0.0,171056000.0,1283125000.0,529152000.0,753973000.0,3726092243.0,-5496000.0,-13828000.0,-122749000.0,48738000.0,-44156000.0,-117241000.0,-85692000.0,2779000.0,197437000.0,0.0,146042000.0,146042000.0,146042000.0,0.0,0.0,0.096,1125234000.0,295546000.0,72357000.0,0.021,3.362,25.514,25.433,478506000.0,0.0,71.34,2.454,2.454,239719000.0,924613000.0,1518446000.0,1518446000.0,0.0,0.062,0.135,0.217,0.194,0.0,467931000.0,1.0,52230057.0,52230057.0,,29.072,1201397000.0,25136000.0,103279000.0,127726000.0,23.002,-106032000.0
89,SSP,MRT,1999-03-31,1999-03-31,1999-03-31,2021-08-25,47064000.0,2344983000.0,2314645250.0,374438000.0,1970545000.0,0.645,20.747,-69077000.0,13574000.0,13574000.0,125442000.0,138235000.0,0.733,1.165,734598000.0,230785000.0,503813000.0,734598000.0,38084000.0,104079000.0,0.0,0.001,0.06,282507000.0,386586000.0,0.259,386586000.0,282507000.0,236338000.0,2.625,2.565,2.625,1083158000.0,1076868750.0,1083158000.0,4220303786.0,15.0,10.917,140290000.0,2.687,1.0,1368637000.0,0.916,1199615000.0,46169000.0,1355360000.0,1349820000.0,16566000.0,146625000.0,0.0,146625000.0,1261825000.0,511032000.0,750793000.0,3465268786.0,-4022000.0,-935000.0,-125130000.0,23123000.0,-43700000.0,-144704000.0,-68685000.0,3079000.0,209367000.0,0.0,138235000.0,138235000.0,138235000.0,0.0,0.0,0.093,1084158000.0,284479000.0,96312000.0,0.023,3.199,25.068,25.286,470420000.0,0.0,66.375,2.319,2.319,217844000.0,891346000.0,1494079000.0,1494079000.0,0.0,0.06,0.128,0.209,0.189,0.0,458272000.0,1.0,52207439.0,52207439.0,,28.618,1145368000.0,24310000.0,98103000.0,123732000.0,21.939,-136594000.0
90,SSP,MRT,1998-12-31,1998-12-31,1998-12-31,2021-08-25,39485000.0,2359636000.0,2292859250.0,419589000.0,1940047000.0,0.639,20.424,-66969000.0,15419000.0,15419000.0,147916000.0,131312000.0,0.761,1.208,770657000.0,268780000.0,501877000.0,770657000.0,42094000.0,103845000.0,0.0,0.001,0.06,271550000.0,375395000.0,0.256,375395000.0,271550000.0,224442000.0,2.475,2.43,2.475,1068732000.0,1074044500.0,1068732000.0,4622932742.0,17.0,12.315,172204000.0,3.291,1.0,1316712000.0,0.899,1204469000.0,47108000.0,1359176000.0,1347329750.0,15009000.0,151781000.0,20551000.0,131230000.0,1290904000.0,551229000.0,739675000.0,3904948742.0,1003000.0,3615000.0,-108421000.0,-3800000.0,-43228000.0,-152612000.0,-85558000.0,-17446000.0,239173000.0,0.0,131312000.0,131312000.0,131312000.0,0.0,0.0,0.09,1040515000.0,276197000.0,102132000.0,0.024,3.654,29.738,30.152,479286000.0,0.0,74.625,2.666,2.666,226945000.0,870315000.0,1464628000.0,1464628000.0,0.0,0.057,0.122,0.202,0.185,0.0,454486000.0,1.0,52327621.0,52327621.0,,27.99,1155167000.0,24140000.0,93130000.0,115577000.0,22.076,-131640000.0
91,SSP,MRT,1998-09-30,1998-09-30,1998-09-30,2021-08-25,22591000.0,2280978000.0,2274571000.0,378929000.0,1902049000.0,0.627,19.843,-62157000.0,14966000.0,14966000.0,158396000.0,138102000.0,0.773,1.146,732861000.0,231019000.0,501842000.0,732861000.0,41849000.0,100514000.0,0.0,0.001,0.06,284594000.0,385108000.0,0.27,385108000.0,284594000.0,237930000.0,2.58,2.55,2.58,1063063000.0,1069102000.0,1063063000.0,4202619800.0,15.0,10.913,145853000.0,2.722,1.0,1267670000.0,0.889,1217887000.0,46664000.0,1290495000.0,1348912250.0,15896000.0,107076000.0,2529000.0,104547000.0,1217915000.0,490491000.0,727424000.0,3495694800.0,357000.0,-705931000.0,-82684000.0,680035000.0,-42709000.0,552255000.0,-759908000.0,576000.0,208010000.0,0.0,138102000.0,138102000.0,138102000.0,0.0,0.0,0.097,1002515000.0,265155000.0,101686000.0,0.023,3.288,25.312,25.291,473985000.0,0.0,65.25,2.451,2.451,194777000.0,837677000.0,1426066000.0,1426066000.0,0.0,0.061,0.129,0.211,0.2,0.0,450023000.0,1.0,53573867.0,53573867.0,,26.619,1063091000.0,24180000.0,99828000.0,101358000.0,19.843,-111562000.0
92,SSP,MRT,1998-06-30,1998-06-30,1998-06-30,2021-08-25,21659000.0,2272984000.0,2085054000.0,363404000.0,1909580000.0,0.656,20.282,-60273000.0,17882000.0,17882000.0,144761000.0,150602000.0,1.016,1.08,724628000.0,122777000.0,601851000.0,724628000.0,42256000.0,93226000.0,0.0,0.001,0.06,298498000.0,391724000.0,0.286,391724000.0,298498000.0,261246000.0,2.805,2.775,2.805,1092522000.0,1061714500.0,1092522000.0,5121315979.0,17.0,13.074,162317000.0,3.013,1.0,1224063000.0,0.894,1227649000.0,37252000.0,1394249000.0,1208536000.0,17267000.0,112163000.0,3237000.0,108926000.0,1180462000.0,357832000.0,822630000.0,4428669979.0,4076000.0,-729383000.0,-39296000.0,602629000.0,-42023000.0,519778000.0,-738292000.0,53833000.0,222590000.0,0.0,150602000.0,150602000.0,150602000.0,0.0,0.0,0.11,966789000.0,257274000.0,81455000.0,0.021,4.054,29.406,29.31,472399000.0,0.0,82.215,3.235,3.235,207695000.0,822825000.0,1368824000.0,1368824000.0,0.0,0.072,0.142,0.247,0.218,0.0,435126000.0,1.0,53866934.0,53866934.0,,25.411,1045335000.0,22698000.0,110644000.0,100383000.0,19.406,5572000.0
93,SSP,MRT,1998-03-31,1998-03-31,1998-03-31,2021-08-25,15263000.0,2257839000.0,1892398000.0,348058000.0,1909781000.0,0.691,19.91,-59814000.0,17496000.0,17496000.0,130107000.0,152757000.0,0.94,1.106,710147000.0,108298000.0,601849000.0,710147000.0,39654000.0,85093000.0,0.0,0.001,0.06,293738000.0,378831000.0,0.29,378831000.0,293738000.0,265749000.0,2.85,2.805,2.85,1071861000.0,1039137500.0,1071861000.0,5225307711.0,18.0,13.793,168275000.0,3.126,1.0,1177311000.0,0.9,1234917000.0,27989000.0,1345399000.0,1043231500.0,19295000.0,96000000.0,3135000.0,92865000.0,1185978000.0,370174000.0,815804000.0,4466522711.0,-1562000.0,-720260000.0,-25694000.0,588190000.0,-42042000.0,519743000.0,-749394000.0,31450000.0,228089000.0,0.0,152757000.0,152757000.0,152757000.0,0.0,0.0,0.117,924883000.0,252428000.0,86269000.0,0.021,4.167,29.239,29.111,474283000.0,0.0,82.965,3.416,3.416,188228000.0,796909000.0,1307418000.0,1307418000.0,0.0,0.081,0.147,0.282,0.225,0.0,418135000.0,1.0,53836229.0,53836229.0,,24.285,1022922000.0,22356000.0,112992000.0,92949000.0,19.001,-22116000.0
94,SSP,MRT,1997-12-31,1997-12-31,1997-12-31,2021-08-25,11690000.0,2286483000.0,1697589750.0,373738000.0,1912745000.0,0.737,19.484,-56620000.0,14316000.0,14316000.0,123508000.0,157702000.0,0.859,1.18,773106000.0,171254000.0,601852000.0,773106000.0,38830000.0,77606000.0,0.0,0.003,0.24,293755000.0,371361000.0,0.297,371361000.0,293755000.0,275212000.0,2.94,2.895,2.94,1048962000.0,1013773000.0,1048962000.0,,,,136507000.0,2.536,1.0,1127811000.0,0.901,1244442000.0,18543000.0,1365506000.0,880858500.0,13685000.0,87750000.0,3105000.0,84645000.0,1237521000.0,435325000.0,802196000.0,3911740375.0,4259000.0,-715975000.0,-25694000.0,651170000.0,-42064000.0,582526000.0,-771394000.0,2700000.0,193127000.0,0.0,157702000.0,157702000.0,157702000.0,0.0,0.0,0.126,876987000.0,250824000.0,88789000.0,0.082,3.729,24.805,24.714,480000000.0,0.0,72.66,3.126,3.126,218990000.0,782329000.0,1251319000.0,1251319000.0,0.0,0.093,0.156,0.333,0.235,0.0,398746000.0,1.0,53836229.0,53836229.0,,23.243,1042041000.0,21630000.0,117510000.0,88051000.0,19.356,-61587000.0
95,SSP,MRT,1997-09-30,1997-09-30,1997-09-30,2021-08-25,7736000.0,1522910000.0,1493136250.0,317953000.0,1204957000.0,,,,14597000.0,14597000.0,,,1.353,0.474,52671000.0,0.0,52671000.0,52671000.0,32591000.0,,0.0,0.44,28.968,,,,,,,,,,1033513000.0,987680250.0,1033513000.0,,,,,,1.0,,,597028000.0,,728990000.0,706107750.0,12683000.0,71000000.0,0.0,71000000.0,489397000.0,234966000.0,254431000.0,,,,,,,,,,,,,,,,,,,,86909000.0,,,,,430331000.0,,65.91,,,169311000.0,752064000.0,,,,,,,,,,1.0,,,,,925882000.0,23161000.0,,82109000.0,,82987000.0
96,SSP,MRT,1997-06-30,1997-06-30,1997-06-30,2021-08-25,5010000.0,1502360000.0,,334519000.0,1167841000.0,,,,13794000.0,13794000.0,,,1.129,0.499,121859000.0,90040000.0,31819000.0,121859000.0,33905000.0,,0.0,0.468,29.248,,,,,,,,,,1002214000.0,,1002214000.0,,,,,,1.0,,,581170000.0,,733031000.0,,12705000.0,99456000.0,33389000.0,66067000.0,500146000.0,296224000.0,203922000.0,,,,,,,,,,,,,,,,,,,,53860000.0,,,,,426267000.0,,62.445,,,176484000.0,724026000.0,,,,,,,,,,1.0,,,,,921190000.0,25134000.0,,69998000.0,,38295000.0
97,SSP,MRT,1997-03-31,1997-03-31,1997-03-31,2021-08-25,2119000.0,1478606000.0,,315330000.0,1163276000.0,,,,19146000.0,19146000.0,,,1.052,0.524,121846000.0,90040000.0,31806000.0,121846000.0,32256000.0,,0.0,0.603,29.529,,,,,,,,,,970403000.0,,970403000.0,,,,,,1.0,,,585546000.0,,695907000.0,,12647000.0,75350000.0,20500000.0,54850000.0,508203000.0,299853000.0,208350000.0,,,,,,,,,,,,,,,,,,,,66197000.0,,,,,426174000.0,,48.945,,,177298000.0,695974000.0,,,,,,,,,,1.0,,,,,893060000.0,24392000.0,,65912000.0,,15477000.0
98,SSP,MRT,1996-12-31,1996-12-31,1996-12-31,2021-08-25,-150000.0,1468669000.0,,314080000.0,1154589000.0,,,-53300000.0,10145000.0,10145000.0,212380000.0,157403000.0,0.971,0.555,121833000.0,90040000.0,31793000.0,121833000.0,30208000.0,69377000.0,0.0,0.564,29.629,253043000.0,322420000.0,0.287,322420000.0,253043000.0,243414000.0,2.94,2.925,2.94,944591000.0,,944591000.0,,,,188017000.0,,1.0,909478000.0,0.811,590452000.0,9629000.0,666503000.0,,11753000.0,42905000.0,2700000.0,40205000.0,524078000.0,323402000.0,200676000.0,,-19876000.0,-235674000.0,0.0,40958000.0,-41840000.0,4411000.0,-265604000.0,22313000.0,241317000.0,0.0,157403000.0,157403000.0,157403000.0,-39514000.0,0.0,0.14,703627000.0,205851000.0,88574000.0,10.078,,,17.857,430703000.0,0.0,52.5,,,182687000.0,676471000.0,1121858000.0,1121858000.0,0.0,,,,0.226,0.0,360697000.0,1.0,,,,,878217000.0,24897000.0,86011000.0,63953000.0,,-9322000.0
99,SSP,MRT,1995-12-31,1995-12-31,1995-12-31,2021-08-25,,,,,,,,-57300000.0,,,189575000.0,133378000.0,,,,,,,,66590000.0,,0.019,1.137,219133000.0,285723000.0,0.277,285723000.0,219133000.0,207910000.0,2.505,2.49,2.505,,,,,,,158550000.0,,1.0,840803000.0,0.816,,11223000.0,,,,,,,,,,,13412000.0,-54376000.0,0.0,-29703000.0,-39980000.0,-69347000.0,-133091000.0,-25013000.0,215850000.0,0.0,133378000.0,133378000.0,133378000.0,-39789000.0,0.0,0.129,659647000.0,181156000.0,,0.454,,,23.581,,0.0,59.07,,,,,1030378000.0,1030378000.0,0.0,,,,0.213,0.0,338521000.0,1.0,,,,,,,74532000.0,,,
