None,ticker,dimension,calendardate,datekey,reportperiod,lastupdated,accoci,assets,assetsavg,assetsc,assetsnc,assetturnover,bvps,capex,cashneq,cashnequsd,cor,consolinc,currentratio,de,debt,debtc,debtnc,debtusd,deferredrev,depamor,deposits,divyield,dps,ebit,ebitda,ebitdamargin,ebitdausd,ebitusd,ebt,eps,epsdil,epsusd,equity,equityavg,equityusd,ev,evebit,evebitda,fcf,fcfps,fxusd,gp,grossmargin,intangibles,intexp,invcap,invcapavg,inventory,investments,investmentsc,investmentsnc,liabilities,liabilitiesc,liabilitiesnc,marketcap,ncf,ncfbus,ncfcommon,ncfdebt,ncfdiv,ncff,ncfi,ncfinv,ncfo,ncfx,netinc,netinccmn,netinccmnusd,netincdis,netincnci,netmargin,opex,opinc,payables,payoutratio,pb,pe,pe1,ppnenet,prefdivis,price,ps,ps1,receivables,retearn,revenue,revenueusd,rnd,roa,roe,roic,ros,sbcomp,sgna,sharefactor,sharesbas,shareswa,shareswadil,sps,tangibles,taxassets,taxexp,taxliabilities,tbvps,workingcapital
0,PBI,MRY,2020-12-31,2020-12-31,2020-12-31,2021-09-08,-839131000.0,5220137000.0,5068444000.0,2106923000.0,3113214000.0,0.701,0.384,-104987000.0,921450000.0,921450000.0,2406223000.0,-181544000.0,1.126,77.622,2783867000.0,255214000.0,2528653000.0,2783867000.0,114550000.0,160625000.0,617200000.0,0.032,0.2,-69064000.0,91561000.0,0.026,91561000.0,-69064000.0,-174817000.0,-1.06,-1.06,-1.06,66395000.0,54882500.0,66395000.0,3093189463.0,-45.0,33.783,196985000.0,1.138,1.0,1147852000.0,0.323,1312124000.0,105753000.0,3899970000.0,4149551500.0,65845000.0,1192316000.0,587024000.0,605292000.0,5153742000.0,1870460000.0,3283282000.0,1066349463.0,-2992000.0,-6608000.0,0.0,-221751000.0,-34291000.0,-235371000.0,-75692000.0,33769000.0,301972000.0,6099000.0,-181544000.0,-181544000.0,-181544000.0,-10115000.0,0.0,-0.051,1227031000.0,-79179000.0,880616000.0,-0.189,16.061,-5.874,-5.811,631631000.0,0.0,6.16,0.3,0.3,389240000.0,5201195000.0,3554075000.0,3554075000.0,38384000.0,-0.036,-3.308,-0.017,-0.019,17476000.0,963323000.0,1.0,173108679.0,173108679.0,,20.531,3908013000.0,95872000.0,6727000.0,320494000.0,22.575,236463000.0
1,PBI,MRY,2019-12-31,2019-12-31,2019-12-31,2021-09-08,-840143000.0,5466900000.0,5657094000.0,2236081000.0,3230819000.0,0.567,1.675,-137253000.0,924442000.0,924442000.0,1922139000.0,194609000.0,1.425,18.109,2953493000.0,56168000.0,2897325000.0,2953493000.0,101920000.0,159142000.0,591118000.0,0.05,0.2,292512000.0,451654000.0,0.141,451654000.0,292512000.0,181602000.0,1.1,1.1,1.1,286096000.0,112709000.0,286096000.0,3424974383.0,12.0,7.583,130630000.0,0.765,1.0,1282986000.0,0.4,1514819000.0,110910000.0,4411440000.0,4600994750.0,68251000.0,1371009000.0,745522000.0,625487000.0,5180804000.0,1569692000.0,3611112000.0,688518383.0,57180000.0,-22100000.0,-105000000.0,-544907000.0,-35361000.0,-670299000.0,457550000.0,-44322000.0,267883000.0,2046000.0,194609000.0,194609000.0,194609000.0,-154460000.0,0.0,0.061,1144934000.0,138052000.0,793690000.0,0.182,2.407,3.538,3.664,618154000.0,0.0,4.03,0.215,0.215,373471000.0,5438930000.0,3205125000.0,3205125000.0,51258000.0,0.034,1.727,0.064,0.091,23149000.0,1003989000.0,1.0,170848234.0,170848234.0,,18.76,3952081000.0,77468000.0,-13007000.0,330352000.0,23.132,666389000.0
2,PBI,MRY,2018-12-31,2018-12-31,2018-12-31,2021-09-08,-948961000.0,5938419000.0,6104680750.0,2697517000.0,3240902000.0,0.526,0.543,-137810000.0,867262000.0,867262000.0,1790274000.0,241811000.0,1.427,57.31,3426110000.0,234743000.0,3191367000.0,3426110000.0,116862000.0,148464000.0,0.0,0.127,0.75,363608000.0,512072000.0,0.159,512072000.0,363608000.0,248227000.0,1.29,1.28,1.29,101842000.0,191079500.0,101842000.0,3619226908.0,10.0,7.068,206842000.0,1.102,1.0,1421248000.0,0.443,1545551000.0,115381000.0,5061902000.0,4929684750.0,62279000.0,1348535000.0,712627000.0,635908000.0,5836577000.0,1889814000.0,3946763000.0,1108840908.0,-139794000.0,-10484000.0,0.0,-576755000.0,-140498000.0,-745411000.0,286346000.0,91940000.0,344652000.0,-25381000.0,241811000.0,241811000.0,241811000.0,-60106000.0,0.0,0.075,1117746000.0,303502000.0,1348127000.0,0.581,10.888,4.586,4.581,597283000.0,0.0,5.91,0.345,0.345,371797000.0,5279682000.0,3211522000.0,3211522000.0,58523000.0,0.04,1.265,0.074,0.113,21042000.0,1002935000.0,1.0,187621135.0,187621135.0,,17.117,4392868000.0,70948000.0,6416000.0,308392000.0,23.414,807703000.0
3,PBI,MRY,2017-12-31,2017-12-31,2017-12-31,2021-09-08,-792173000.0,6687420000.0,6313336500.0,2830383000.0,3857037000.0,0.441,1.01,-118247000.0,1009021000.0,1009021000.0,1327856000.0,243528000.0,1.368,34.466,3830335000.0,271057000.0,3559278000.0,3830335000.0,257766000.0,126790000.0,0.0,0.067,0.752,375171000.0,501961000.0,0.18,501961000.0,375171000.0,257187000.0,1.31,1.3,1.31,188561000.0,68107250.0,188561000.0,4573645460.0,12.0,9.112,335911000.0,1.799,1.0,1456151000.0,0.523,2046831000.0,117984000.0,5392595000.0,4767511500.0,40769000.0,1529078000.0,876991000.0,652087000.0,6498859000.0,2069308000.0,4429551000.0,2087620460.0,244499000.0,-482853000.0,0.0,472110000.0,-139490000.0,367747000.0,-621365000.0,-19839000.0,454158000.0,43959000.0,243528000.0,243528000.0,243528000.0,-63489000.0,0.0,0.087,1144469000.0,311682000.0,1458854000.0,0.574,11.071,8.572,8.534,557459000.0,0.0,11.18,0.75,0.75,427022000.0,5229584000.0,2784007000.0,2784007000.0,60857000.0,0.039,3.576,0.079,0.135,24389000.0,1029494000.0,1.0,186728127.0,186728127.0,,14.909,4640589000.0,118348000.0,13659000.0,360017000.0,24.852,761075000.0
4,PBI,MRY,2016-12-31,2016-12-31,2016-12-31,2021-09-08,-940133000.0,5837133000.0,6016351500.0,2325183000.0,3511950000.0,0.496,-0.558,-141561000.0,764522000.0,764522000.0,1229334000.0,111850000.0,0.999,-57.31,3364890000.0,614485000.0,2750405000.0,3364890000.0,299878000.0,174065000.0,0.0,0.049,0.75,288750000.0,462815000.0,0.155,462815000.0,288750000.0,199780000.0,0.49,0.49,0.49,-103660000.0,57218250.0,-103660000.0,5196641243.0,18.0,11.228,354561000.0,1.909,1.0,1751989000.0,0.588,1736507000.0,88970000.0,4373375000.0,4437260250.0,92726000.0,1605605000.0,932398000.0,673207000.0,5940793000.0,2327619000.0,3613174000.0,2821674243.0,124332000.0,-37842000.0,-197267000.0,433737000.0,-140608000.0,-229529000.0,-115553000.0,74540000.0,496122000.0,-26708000.0,92805000.0,73760000.0,73760000.0,0.0,19045000.0,0.025,1461230000.0,290759000.0,1378822000.0,1.531,-27.22,38.255,31.0,502657000.0,19045000.0,15.19,0.946,0.946,455527000.0,5107734000.0,2981323000.0,2981323000.0,107378000.0,0.012,1.289,0.065,0.097,14882000.0,1140100000.0,1.0,185758673.0,185758673.0,,16.049,4100626000.0,86179000.0,106975000.0,299999000.0,22.075,-2436000.0
5,PBI,MRY,2015-12-31,2015-12-31,2015-12-31,2021-09-08,-888635000.0,6123132000.0,6157128250.0,2325352000.0,3797780000.0,0.581,0.907,-114636000.0,640190000.0,640190000.0,1558591000.0,426318000.0,1.02,31.603,2950668000.0,461085000.0,2489583000.0,2950668000.0,353025000.0,173312000.0,0.0,0.036,0.751,685304000.0,858616000.0,0.24,858616000.0,685304000.0,597721000.0,2.04,2.03,2.04,178721000.0,141761750.0,178721000.0,6345257188.0,9.0,7.39,408353000.0,2.072,1.0,2019469000.0,0.564,1933335000.0,87583000.0,4221224000.0,4173361250.0,88824000.0,1806428000.0,1045771000.0,760657000.0,5648041000.0,2279051000.0,3368990000.0,4069087188.0,-403249000.0,-104484000.0,-131719000.0,-275120000.0,-150114000.0,-578658000.0,-303193000.0,-67210000.0,522989000.0,-44387000.0,407943000.0,389568000.0,389568000.0,0.0,18375000.0,0.109,1321061000.0,698408000.0,1448321000.0,0.368,22.768,10.445,10.123,507603000.0,18375000.0,20.65,1.137,1.137,476583000.0,5155537000.0,3578060000.0,3578060000.0,110156000.0,0.063,2.748,0.164,0.192,21049000.0,1279961000.0,1.0,197050227.0,197050227.0,,18.158,4189797000.0,76878000.0,189778000.0,290717000.0,21.263,46301000.0
6,PBI,MRY,2014-12-31,2014-12-31,2014-12-31,2021-09-08,-846156000.0,6499702000.0,6537789500.0,2763687000.0,3736015000.0,0.585,0.384,-183318000.0,1054118000.0,1054118000.0,1680791000.0,352130000.0,1.194,79.293,3252006000.0,324879000.0,2927127000.0,3252006000.0,386846000.0,198088000.0,0.0,0.031,0.75,537458000.0,735546000.0,0.192,735546000.0,537458000.0,446570000.0,1.66,1.64,1.66,77259000.0,206784750.0,77259000.0,7212326081.0,13.0,9.805,474970000.0,2.363,1.0,2140713000.0,0.56,1754894000.0,90888000.0,4627473000.0,4688288500.0,84827000.0,1869160000.0,1049439000.0,819721000.0,6126073000.0,2315223000.0,3810850000.0,4898126081.0,162701000.0,102392000.0,-50003000.0,-91325000.0,-151611000.0,-311844000.0,-154661000.0,-73158000.0,658288000.0,-29082000.0,333755000.0,315380000.0,315380000.0,0.0,18375000.0,0.083,1618629000.0,522084000.0,1572971000.0,0.452,63.399,15.531,14.681,485471000.0,18375000.0,24.37,1.282,1.282,437275000.0,4897708000.0,3821504000.0,3821504000.0,109931000.0,0.048,1.525,0.115,0.141,17446000.0,1378400000.0,1.0,200989991.0,200989991.0,,19.013,4744808000.0,127390000.0,112815000.0,231604000.0,23.607,448464000.0
7,PBI,MRY,2013-12-31,2013-12-31,2013-12-31,2021-09-08,-574556000.0,6772708000.0,7167987000.0,2838212000.0,3934496000.0,0.529,1.016,-137512000.0,907806000.0,907806000.0,1650622000.0,161210000.0,1.274,30.565,3346295000.0,0.0,3346295000.0,3346295000.0,425833000.0,211243000.0,0.0,0.04,0.938,330070000.0,541313000.0,0.143,541313000.0,330070000.0,220802000.0,0.71,0.71,0.71,205176000.0,77985250.0,205176000.0,7597382116.0,23.0,14.035,487312000.0,2.413,1.0,2140713000.0,0.565,1855258000.0,109268000.0,5128184000.0,5563101000.0,103580000.0,2096412000.0,1134049000.0,962363000.0,6271162000.0,2227755000.0,4043407000.0,4706428116.0,-15055000.0,389680000.0,0.0,-667594000.0,-188846000.0,-868062000.0,241156000.0,-23703000.0,624824000.0,-12973000.0,142835000.0,124460000.0,124460000.0,0.0,18375000.0,0.033,1647491000.0,493222000.0,1644582000.0,1.321,22.938,37.815,32.817,471317000.0,18375000.0,23.3,1.241,1.241,469800000.0,4715564000.0,3791335000.0,3791335000.0,110412000.0,0.017,1.596,0.059,0.087,14921000.0,1420096000.0,1.0,201992623.0,201992623.0,,18.77,4917450000.0,102685000.0,77967000.0,387686000.0,24.345,610457000.0
8,PBI,MRY,2012-12-31,2012-12-31,2012-12-31,2021-09-08,-681213000.0,7859891000.0,7635328000.0,3212127000.0,4647764000.0,0.501,0.551,-176586000.0,913276000.0,913276000.0,1582398000.0,463539000.0,1.116,67.367,4017375000.0,375000000.0,3642375000.0,4017375000.0,452130000.0,255556000.0,0.0,0.141,1.5,674678000.0,930234000.0,0.243,930234000.0,674678000.0,559450000.0,2.22,2.21,2.22,110631000.0,101893250.0,110631000.0,5391712790.0,8.0,5.796,483602000.0,2.409,1.0,2241315000.0,0.586,2302352000.0,115228000.0,5784601000.0,5688822500.0,179678000.0,2285938000.0,1224903000.0,1061035000.0,7452890000.0,2877037000.0,4575853000.0,2135997790.0,57038000.0,0.0,9314000.0,-210000000.0,-300578000.0,-519640000.0,-86732000.0,96785000.0,660188000.0,3222000.0,445163000.0,426787000.0,426787000.0,0.0,18376000.0,0.112,1622299000.0,619016000.0,1809226000.0,0.676,19.307,5.005,4.793,626569000.0,18376000.0,10.64,0.559,0.559,728250000.0,4744802000.0,3823713000.0,3823713000.0,114250000.0,0.056,4.189,0.119,0.176,18227000.0,1489735000.0,1.0,200751672.0,200751672.0,,19.047,5557539000.0,146270000.0,114287000.0,455784000.0,27.684,335090000.0
9,PBI,MRY,2011-12-31,2011-12-31,2011-12-31,2021-09-08,-661645000.0,8147104000.0,8293994750.0,3259858000.0,4887246000.0,0.497,-0.195,-155297000.0,856238000.0,856238000.0,1708983000.0,635855000.0,1.054,-202.373,4233909000.0,550000000.0,3683909000.0,4233909000.0,458425000.0,272142000.0,0.0,0.08,1.48,768361000.0,1040503000.0,0.252,1040503000.0,768361000.0,652998000.0,3.06,3.05,3.06,-38986000.0,-27632000.0,-38986000.0,7231574659.0,9.0,6.95,793690000.0,3.976,1.0,2416358000.0,0.586,2359691000.0,115363000.0,6073222000.0,6691438750.0,178599000.0,2508123000.0,1264061000.0,1244062000.0,7889720000.0,3091862000.0,4797858000.0,3701280659.0,371875000.0,0.0,-87063000.0,-50000000.0,-299579000.0,-455017000.0,-117416000.0,2527000.0,948987000.0,-4679000.0,617480000.0,599105000.0,599105000.0,0.0,18375000.0,0.145,1815304000.0,601054000.0,1840465000.0,0.484,-94.939,6.178,6.059,662857000.0,18375000.0,18.54,0.897,0.897,723630000.0,4600217000.0,4125341000.0,4125341000.0,129155000.0,0.072,-21.682,0.115,0.186,18692000.0,1587437000.0,1.0,199637576.0,199637576.0,,20.664,5787413000.0,192548000.0,35518000.0,613756000.0,28.99,167996000.0
10,PBI,MRY,2010-12-31,2010-12-31,2010-12-31,2021-09-08,-473806000.0,8444023000.0,8351336500.0,3008241000.0,5435782000.0,0.63,-0.475,-107173000.0,484363000.0,484363000.0,2528520000.0,310703000.0,1.178,-85.361,4289248000.0,50000000.0,4239248000.0,4289248000.0,481900000.0,303653000.0,0.0,0.06,1.46,621596000.0,925249000.0,0.176,925249000.0,621596000.0,505977000.0,1.42,1.42,1.42,-96581000.0,-73215250.0,-96581000.0,8909567110.0,14.0,9.629,844938000.0,4.155,1.0,2731836000.0,0.519,2604236000.0,115619000.0,7091093000.0,7227861000.0,168967000.0,2847710000.0,1352205000.0,1495505000.0,8244234000.0,2553579000.0,5690655000.0,4917094110.0,71626000.0,-77537000.0,-88577000.0,-170794000.0,-301456000.0,-579968000.0,-301493000.0,-127182000.0,952111000.0,976000.0,292379000.0,274055000.0,274055000.0,0.0,18324000.0,0.052,2062615000.0,669221000.0,1828755000.0,1.028,-50.912,17.942,17.028,726671000.0,18324000.0,24.18,0.935,0.935,3358230000.0,4282316000.0,5260356000.0,5260356000.0,156371000.0,0.033,-3.743,0.086,0.118,20111000.0,1724283000.0,1.0,203353768.0,203353768.0,,25.868,5839787000.0,234143000.0,213598000.0,990573000.0,28.717,454662000.0
11,PBI,MRY,2009-12-31,2009-12-31,2009-12-31,2021-09-08,-459792000.0,8571039000.0,8542090250.0,2971236000.0,5599803000.0,0.652,-0.015,-166728000.0,412737000.0,412737000.0,2738024000.0,444913000.0,1.158,-2626.212,4439662000.0,226022000.0,4213640000.0,4439662000.0,447786000.0,338895000.0,0.0,0.063,1.44,774868000.0,1113763000.0,0.2,1113763000.0,774868000.0,663599000.0,2.05,2.04,2.05,-3152000.0,-39571500.0,-3152000.0,8662781499.0,11.0,7.778,657340000.0,3.173,1.0,2831147000.0,0.508,2603321000.0,111269000.0,7428196000.0,7424022500.0,156502000.0,2974401000.0,1385600000.0,1588801000.0,8277821000.0,2566447000.0,5711374000.0,4714480499.0,36066000.0,0.0,11962000.0,-242153000.0,-297555000.0,-625861000.0,-171970000.0,-6906000.0,824068000.0,9829000.0,423445000.0,401977000.0,401977000.0,0.0,21468000.0,0.072,2031651000.0,799496000.0,1748254000.0,0.702,-1495.711,11.728,11.102,875111000.0,21468000.0,22.76,0.847,0.847,3543212000.0,4291393000.0,5569171000.0,5569171000.0,182191000.0,0.047,-10.158,0.104,0.139,22523000.0,1800714000.0,1.0,207138862.0,207138862.0,,26.886,5967718000.0,246636000.0,240154000.0,1017040000.0,28.81,404789000.0
12,PBI,MRY,2008-12-31,2008-12-31,2008-12-31,2021-09-08,-596341000.0,8810236000.0,9366950750.0,3043082000.0,5767154000.0,0.669,-1.391,-237308000.0,376671000.0,376671000.0,3066072000.0,440548000.0,0.943,-30.417,4705366000.0,770501000.0,3934865000.0,4705366000.0,441556000.0,379117000.0,0.0,0.055,1.4,804684000.0,1183801000.0,0.189,1183801000.0,804684000.0,685477000.0,2.01,2.0,2.01,-286779000.0,296571500.0,-286779000.0,9651144053.0,12.0,8.153,772107000.0,3.746,1.0,3196233000.0,0.51,2627652000.0,119207000.0,7285007000.0,7602301500.0,161321000.0,3099182000.0,1477297000.0,1621885000.0,8722850000.0,3226272000.0,5496578000.0,5252154053.0,-505000.0,-67689000.0,-313077000.0,-125393000.0,-291611000.0,-760836000.0,-234118000.0,37520000.0,1009415000.0,-14966000.0,440548000.0,419793000.0,419793000.0,0.0,0.0,0.067,2376742000.0,819491000.0,1922399000.0,0.697,-18.314,12.511,12.677,972209000.0,20755000.0,25.48,0.839,0.839,3755332000.0,4179904000.0,6262305000.0,6262305000.0,205620000.0,0.045,1.415,0.106,0.128,26402000.0,1970868000.0,1.0,206128495.0,206128495.0,,30.381,6182584000.0,197786000.0,244929000.0,830207000.0,29.994,-183190000.0
13,PBI,MRY,2007-12-31,2007-12-31,2007-12-31,2021-09-08,88656000.0,9465731000.0,9161997000.0,3235401000.0,6230330000.0,0.669,3.044,-235048000.0,377176000.0,377176000.0,2974239000.0,386023000.0,0.932,12.756,4755842000.0,953767000.0,3802075000.0,4755842000.0,456042000.0,383141000.0,0.0,0.035,1.32,770895000.0,1154036000.0,0.188,1154036000.0,770895000.0,647003000.0,1.68,1.66,1.68,660169000.0,732979250.0,660169000.0,12807669407.0,17.0,11.098,844659000.0,3.894,1.0,3155556000.0,0.515,2757046000.0,123892000.0,7615124000.0,7701445750.0,197962000.0,3344729000.0,1561765000.0,1782964000.0,8421397000.0,3472227000.0,4949170000.0,8250405407.0,138074000.0,-594110000.0,-292479000.0,376901000.0,-288790000.0,-223610000.0,-726339000.0,40153000.0,1079707000.0,8316000.0,366781000.0,347539000.0,347539000.0,0.0,19242000.0,0.057,2379622000.0,775934000.0,1965567000.0,0.786,12.497,23.74,22.643,1063845000.0,19242000.0,38.04,1.346,1.346,3873331000.0,4150622000.0,6129795000.0,6129795000.0,185665000.0,0.038,0.474,0.1,0.126,24131000.0,1930324000.0,1.0,216887629.0,216887629.0,,28.263,6708685000.0,111325000.0,280222000.0,837730000.0,30.932,-236826000.0
14,PBI,MRY,2006-12-31,2006-12-31,2006-12-31,2021-09-08,-131744000.0,8608944000.0,9582741500.0,2973455000.0,5635489000.0,0.598,3.151,-327877000.0,239102000.0,239102000.0,2640327000.0,105347000.0,1.071,10.763,4338157000.0,490540000.0,3847617000.0,4338157000.0,465862000.0,363258000.0,0.0,0.028,1.28,668769000.0,1032027000.0,0.18,1032027000.0,668769000.0,440351000.0,0.47,0.47,0.47,699189000.0,974947250.0,699189000.0,14402458634.0,22.0,13.956,-614451000.0,-2.769,1.0,3089691000.0,0.539,2156349000.0,228418000.0,7774912000.0,8095858750.0,237817000.0,3212106000.0,1466582000.0,1745524000.0,7525590000.0,2776738000.0,4748852000.0,10248621634.0,-4407000.0,772434000.0,-298551000.0,69740000.0,-285051000.0,-439697000.0,719473000.0,107755000.0,-286574000.0,2391000.0,105347000.0,105347000.0,105347000.0,460312000.0,0.0,0.018,1962605000.0,1127086000.0,1677501000.0,2.723,14.658,97.284,98.277,1116551000.0,0.0,46.19,1.789,1.789,744073000.0,4140128000.0,5730018000.0,5730018000.0,165368000.0,0.011,0.108,0.083,0.117,27375000.0,1764260000.0,1.0,221879663.0,221879663.0,,25.825,6452595000.0,128524000.0,335004000.0,597764000.0,29.082,196717000.0
15,PBI,MRY,2005-12-31,2005-12-31,2005-12-31,2021-09-08,76917000.0,10621382000.0,10189459250.0,2742315000.0,7879067000.0,0.527,5.98,-261312000.0,243509000.0,243509000.0,2482781000.0,508611000.0,0.942,6.558,4707365000.0,857742000.0,3849623000.0,4707365000.0,458392000.0,331963000.0,0.0,0.029,1.24,1030382000.0,1362345000.0,0.254,1362345000.0,1030382000.0,837208000.0,2.22,2.19,2.22,1364249000.0,1348095000.0,1364249000.0,13626808322.0,13.0,10.002,269129000.0,1.18,1.0,2884155000.0,0.537,1959200000.0,193174000.0,10215141000.0,9206097000.0,220918000.0,4710337000.0,1398639000.0,3311698000.0,8947133000.0,2910897000.0,6036236000.0,9637918322.0,-72708000.0,-294176000.0,-166639000.0,323126000.0,-284348000.0,-127861000.0,-472192000.0,73496000.0,530441000.0,-3096000.0,508611000.0,508611000.0,508611000.0,-35368000.0,0.0,0.095,1884611000.0,999544000.0,1538860000.0,0.559,7.065,18.949,19.032,1646596000.0,0.0,42.25,1.796,1.796,658198000.0,4324451000.0,5366936000.0,5366936000.0,165751000.0,0.05,0.377,0.112,0.192,27223000.0,1655210000.0,1.0,228116410.0,228116410.0,,23.527,8662182000.0,0.0,328597000.0,1915853000.0,37.973,-168582000.0
16,PBI,MRY,2004-12-31,2004-12-31,2004-12-31,2021-09-08,135526000.0,10211626000.0,9505233750.0,2688762000.0,7522864000.0,0.508,5.594,-316982000.0,316217000.0,316217000.0,2232182000.0,461996000.0,0.805,6.675,4375163000.0,1210475000.0,3164688000.0,4375163000.0,421819000.0,306750000.0,0.0,0.026,1.22,820963000.0,1127713000.0,0.233,1127713000.0,820963000.0,659313000.0,2.0,1.97,2.0,1290081000.0,1197083000.0,1290081000.0,14247397447.0,17.0,12.634,618505000.0,2.682,1.0,2600122000.0,0.538,1735118000.0,161650000.0,9197316000.0,8563942500.0,206697000.0,4657762000.0,1400202000.0,3257560000.0,8611545000.0,3338138000.0,5273407000.0,10673082447.0,-14215000.0,-462092000.0,-117530000.0,215353000.0,-282265000.0,-184442000.0,-772187000.0,15725000.0,935487000.0,6927000.0,461996000.0,461996000.0,461996000.0,-56557000.0,0.0,0.096,1833739000.0,766383000.0,1487239000.0,0.61,8.273,23.102,23.14,1693912000.0,0.0,46.28,2.209,2.209,567772000.0,4243404000.0,4832304000.0,4832304000.0,160873000.0,0.049,0.386,0.096,0.17,29888000.0,1495566000.0,1.0,230619759.0,230619759.0,,20.954,8476508000.0,0.0,197317000.0,1983718000.0,36.755,-649376000.0
17,PBI,MRY,2003-12-31,2003-12-31,2003-12-31,2021-09-08,18063000.0,8891388000.0,8816089000.0,2513175000.0,6378213000.0,0.519,4.655,-285681000.0,293812000.0,293812000.0,2026483000.0,498117000.0,0.949,6.892,3569601000.0,728658000.0,2840943000.0,3569601000.0,370915000.0,288808000.0,0.0,0.03,1.2,895642000.0,1184450000.0,0.259,1184450000.0,895642000.0,724361000.0,2.13,2.11,2.13,1087362000.0,977561750.0,1087362000.0,12772807794.0,14.0,10.784,565580000.0,2.421,1.0,2550370000.0,0.557,1159890000.0,171281000.0,8360318000.0,8524915000.0,209527000.0,4548002000.0,1358719000.0,3189283000.0,7494026000.0,2646969000.0,4847057000.0,9488650794.0,-21344000.0,197657000.0,-147659000.0,-422125000.0,-280870000.0,-850654000.0,-34004000.0,3631000.0,851261000.0,12053000.0,498117000.0,498117000.0,498117000.0,0.0,0.0,0.109,1660706000.0,889664000.0,1392597000.0,0.563,8.726,19.049,19.07,1070232000.0,0.0,40.62,2.073,2.073,459106000.0,4057654000.0,4576853000.0,4576853000.0,147262000.0,0.057,0.51,0.105,0.196,0.0,1396848000.0,1.0,233595539.0,233595539.0,,19.593,7731498000.0,0.0,226244000.0,1814025000.0,33.098,-133794000.0
18,PBI,MRY,2002-12-31,2002-12-31,2002-12-31,2021-09-08,-121615000.0,8732314000.0,8511421750.0,2552625000.0,6179689000.0,0.518,3.608,-224834000.0,315156000.0,315156000.0,1878420000.0,475750000.0,0.762,8.87,3964182000.0,1647338000.0,2316844000.0,3964182000.0,355737000.0,264250000.0,0.0,0.036,1.18,842841000.0,1107091000.0,0.251,1107091000.0,842841000.0,657489000.0,1.99,1.97,1.99,853327000.0,892374250.0,853327000.0,11404972699.0,14.0,10.302,277725000.0,1.174,1.0,2531338000.0,0.574,995307000.0,185352000.0,8035724000.0,7863429000.0,210888000.0,4696034000.0,1449951000.0,3246083000.0,7568987000.0,3350309000.0,4218678000.0,7725323699.0,83568000.0,-65883000.0,-265318000.0,424789000.0,-282225000.0,-122754000.0,-300909000.0,1063000.0,502559000.0,4672000.0,475750000.0,475750000.0,475750000.0,0.0,0.0,0.108,1519557000.0,1011781000.0,1248337000.0,0.593,9.053,16.238,16.412,1046935000.0,0.0,32.66,1.752,1.752,404366000.0,3848562000.0,4409758000.0,4409758000.0,141269000.0,0.056,0.533,0.107,0.191,0.0,1378288000.0,1.0,236537774.0,236537774.0,,18.643,7737007000.0,0.0,181739000.0,1634515000.0,32.709,-797684000.0
19,PBI,MRY,2001-12-31,2001-12-31,2001-12-31,2021-09-08,-155380000.0,8318471000.0,8131443500.0,2556608000.0,5761863000.0,0.507,3.655,-256204000.0,231588000.0,231588000.0,2155267000.0,488343000.0,0.829,7.985,3491207000.0,1072057000.0,2419150000.0,3491207000.0,334281000.0,317449000.0,0.0,0.057,2.132,933483000.0,1250932000.0,0.303,1250932000.0,933483000.0,740407000.0,1.99,1.97,1.99,891355000.0,1175480750.0,891355000.0,12071768514.0,13.0,9.65,779683000.0,3.197,1.0,1967207000.0,0.477,635873000.0,193076000.0,7859175000.0,7742076750.0,163012000.0,4839237000.0,1602979000.0,3236258000.0,7117116000.0,3083042000.0,4034074000.0,9171143514.0,33333000.0,-551584000.0,-269160000.0,280381000.0,-285164000.0,-162855000.0,-839522000.0,-176622000.0,1035887000.0,-177000.0,488343000.0,488343000.0,488343000.0,0.0,0.0,0.118,1016650000.0,950557000.0,1425809000.0,1.071,10.289,18.78,18.899,1008270000.0,0.0,37.61,2.225,2.225,408414000.0,3658481000.0,4122474000.0,4122474000.0,133105000.0,0.06,0.415,0.121,0.226,0.0,1105500000.0,1.0,243848538.0,243848538.0,,16.906,7682598000.0,0.0,252064000.0,1524488000.0,31.506,-526434000.0
20,PBI,MRY,2000-12-31,2000-12-31,2000-12-31,2021-09-08,-139434000.0,7901266000.0,7812004000.0,2626708000.0,5274558000.0,0.497,5.096,-268577000.0,198255000.0,198255000.0,1447409000.0,622546000.0,0.912,4.908,3159888000.0,1277941000.0,1881947000.0,3159888000.0,346228000.0,321157000.0,0.0,0.034,1.14,1063226000.0,1384383000.0,0.357,1384383000.0,1063226000.0,862269000.0,2.43,2.41,2.43,1284975000.0,1372292000.0,1284975000.0,11113675718.0,10.0,8.028,603667000.0,2.394,1.0,2433459000.0,0.627,203447000.0,200957000.0,7777875000.0,7853232000.0,167969000.0,4739702000.0,1608170000.0,3131532000.0,6306291000.0,2881577000.0,3424714000.0,8353313719.0,-56015000.0,490603000.0,-624026000.0,-149021000.0,-292736000.0,-1065783000.0,144320000.0,-78861000.0,872244000.0,-6796000.0,622546000.0,622546000.0,622546000.0,-64104000.0,0.0,0.16,1438234000.0,995225000.0,995283000.0,0.469,6.501,13.418,13.634,1114456000.0,0.0,33.13,2.152,2.152,313510000.0,3766995000.0,3880868000.0,3880868000.0,120486000.0,0.08,0.454,0.135,0.274,0.0,1299081000.0,1.0,252137450.0,252137450.0,,15.392,7697819000.0,0.0,239723000.0,1488722000.0,30.53,-254869000.0
21,PBI,MRY,1999-12-31,1999-12-31,1999-12-31,2021-09-08,-93015000.0,8222672000.0,7929882000.0,3342574000.0,4880098000.0,0.481,6.128,-304898000.0,254270000.0,254270000.0,1467449000.0,636212000.0,1.164,3.868,3318188000.0,1320332000.0,1997856000.0,3318188000.0,381405000.0,412104000.0,0.0,0.021,1.02,1072863000.0,1484967000.0,0.39,1484967000.0,1072863000.0,897164000.0,2.38,2.34,2.38,1625610000.0,1583234000.0,1625610000.0,15825591703.0,15.0,10.657,676188000.0,2.549,1.0,2344127000.0,0.615,226764000.0,175699000.0,8187062000.0,7953689500.0,257452000.0,4659130000.0,1782110000.0,2877020000.0,6287062000.0,2872764000.0,3414298000.0,12814524703.0,128586000.0,0.0,-381861000.0,340775000.0,-272866000.0,-313952000.0,-537502000.0,-380875000.0,981086000.0,-1046000.0,636212000.0,636212000.0,636212000.0,-97140000.0,0.0,0.167,1349506000.0,994621000.0,915826000.0,0.429,7.883,20.142,20.298,1306109000.0,0.0,48.31,3.362,3.362,432224000.0,3437185000.0,3811576000.0,3811576000.0,108900000.0,0.08,0.402,0.135,0.281,0.0,1290180000.0,1.0,265256152.0,265256152.0,,14.369,7995908000.0,0.0,260952000.0,1337220000.0,30.144,469810000.0
22,PBI,MRY,1998-12-31,1998-12-31,1998-12-31,2021-09-08,-88217000.0,7661039000.0,8069987500.0,2508963000.0,5152076000.0,0.434,6.045,-298415000.0,125684000.0,125684000.0,1356733000.0,576394000.0,0.922,3.461,2972130000.0,1259193000.0,1712937000.0,2972130000.0,369628000.0,361333000.0,0.0,0.014,0.9,948191000.0,1309524000.0,0.374,1309524000.0,948191000.0,791907000.0,2.1,2.06,2.1,1648002000.0,1741182500.0,1648002000.0,21420280642.0,23.0,16.357,473613000.0,1.737,1.0,2142750000.0,0.612,222980000.0,156284000.0,7562693000.0,7981044500.0,266734000.0,4231006000.0,1404088000.0,2826918000.0,5702940000.0,2721812000.0,2981128000.0,18010644642.0,-11389000.0,789936000.0,-528943000.0,-92492000.0,-247484000.0,-858822000.0,77284000.0,-199394000.0,772028000.0,-1879000.0,576394000.0,576394000.0,576394000.0,-133245000.0,0.0,0.165,1332970000.0,809780000.0,898548000.0,0.429,10.929,31.247,31.457,1287804000.0,0.0,66.06,5.147,5.147,382406000.0,3073839000.0,3499483000.0,3499483000.0,100806000.0,0.071,0.331,0.119,0.271,0.0,1232164000.0,1.0,272640700.0,272640700.0,,12.836,7438059000.0,0.0,215513000.0,1114964000.0,27.282,-212849000.0
23,PBI,MRY,1997-12-31,1997-12-31,1997-12-31,2021-09-08,-63348000.0,7893389000.0,8152243500.0,2505442000.0,5387947000.0,0.472,6.602,-244065000.0,137073000.0,137073000.0,1482882000.0,526027000.0,0.743,3.055,3051383000.0,1982988000.0,1068395000.0,3051383000.0,363565000.0,300086000.0,0.0,0.018,0.8,943967000.0,1244053000.0,0.323,1244053000.0,943967000.0,782100000.0,1.82,1.8,1.82,1872577000.0,2021679000.0,1872577000.0,15978224032.0,17.0,12.844,466508000.0,1.645,1.0,2363885000.0,0.615,203419000.0,161867000.0,7231047000.0,7632025750.0,249207000.0,4857396000.0,1548264000.0,3309132000.0,5720812000.0,3373233000.0,2347579000.0,12756037032.0,1802000.0,0.0,-629362000.0,-166790000.0,-231392000.0,-927544000.0,219412000.0,-103644000.0,710573000.0,-639000.0,526027000.0,526027000.0,526027000.0,-33675000.0,0.0,0.137,1457325000.0,906560000.0,878759000.0,0.44,6.812,24.25,24.709,1289692000.0,0.0,44.97,3.316,3.316,348792000.0,2744929000.0,3846767000.0,3846767000.0,89463000.0,0.065,0.26,0.124,0.245,0.0,1367862000.0,1.0,283656594.0,283656594.0,,13.561,7689970000.0,0.0,256073000.0,1053689000.0,27.11,-867791000.0
24,PBI,MRY,1996-12-31,1996-12-31,1996-12-31,2021-09-08,-31297000.0,8155722000.0,8000185000.0,2222066000.0,5933656000.0,0.462,7.613,-271972000.0,135271000.0,135271000.0,1459875000.0,469413000.0,0.672,2.553,3211915000.0,1911481000.0,1300434000.0,3211915000.0,331864000.0,278168000.0,0.0,0.025,0.69,837150000.0,1115318000.0,0.302,1115318000.0,837150000.0,673974000.0,1.57,1.56,1.57,2239046000.0,2155073000.0,2239046000.0,,,,419508000.0,1.426,1.0,2235675000.0,0.605,205802000.0,163176000.0,7721275000.0,7478438500.0,281942000.0,5424699000.0,1340786000.0,4083913000.0,5716676000.0,3305289000.0,2411387000.0,8051020788.0,49919000.0,0.0,-113274000.0,19981000.0,-206115000.0,-299408000.0,-344150000.0,-12278000.0,691480000.0,1997000.0,469413000.0,469413000.0,469413000.0,-16804000.0,0.0,0.127,1422002000.0,813673000.0,849789000.0,0.439,3.596,17.151,17.436,1307183000.0,0.0,27.375,2.179,2.179,340730000.0,2450294000.0,3695550000.0,3695550000.0,81726000.0,0.059,0.218,0.112,0.227,0.0,1340276000.0,1.0,294101216.0,294101216.0,,12.566,7949920000.0,0.0,204561000.0,932995000.0,27.031,-1083223000.0
25,PBI,MRY,1995-12-31,1995-12-31,1995-12-31,2021-09-08,-46991000.0,7844648000.0,,2101097000.0,5743551000.0,,,-337718000.0,85352000.0,85352000.0,1404725000.0,583140000.0,0.6,2.691,3186580000.0,2138065000.0,1048515000.0,3186580000.0,312595000.0,271648000.0,0.0,0.026,0.6,1020472000.0,1292120000.0,0.363,1292120000.0,1020472000.0,794362000.0,1.93,1.91,1.93,2071100000.0,,2071100000.0,,,,238762000.0,,1.0,2150029000.0,0.605,208698000.0,226110000.0,7235602000.0,,311271000.0,5172338000.0,1211733000.0,3960605000.0,5573548000.0,3501576000.0,2071972000.0,,10246000.0,577000000.0,-71039000.0,-224152000.0,-181657000.0,-276848000.0,-289460000.0,-460794000.0,576480000.0,74000.0,583140000.0,583140000.0,583140000.0,-21483000.0,0.0,0.164,1312471000.0,837558000.0,818122000.0,0.311,,,12.176,1276214000.0,0.0,23.5,,,386727000.0,2186996000.0,3554754000.0,3554754000.0,81800000.0,,,,0.287,0.0,1230671000.0,1.0,,,,,7635950000.0,0.0,211222000.0,845605000.0,,-1400479000.0
26,PBI,MRY,1994-12-31,1994-12-31,1994-12-31,2021-09-08,,,,,,,,-345593000.0,,,1294291000.0,274059000.0,,,,,,,,268293000.0,,0.033,0.52,686251000.0,954544000.0,0.292,954544000.0,686251000.0,492136000.0,,,,,,,,,,143946000.0,,1.0,1976322000.0,0.604,,194115000.0,,,,,,,,,,,20453000.0,0.0,-245717000.0,480124000.0,-162714000.0,71693000.0,-542938000.0,-197345000.0,489539000.0,2159000.0,274059000.0,274059000.0,274059000.0,-45161000.0,0.0,0.084,1220674000.0,755648000.0,,,,,,,0.0,15.94,,,,,3270613000.0,3270613000.0,78618000.0,,,,0.21,0.0,1167422000.0,1.0,,,,,,,218077000.0,,,
0,PBI,MRQ,2021-06-30,2021-06-30,2021-06-30,2021-09-08,-831303000.0,5013295000.0,,1898756000.0,3114539000.0,,0.304,-38535000.0,799470000.0,799470000.0,610307000.0,19856000.0,1.106,92.935,2652294000.0,138850000.0,2513444000.0,2652294000.0,119645000.0,39822000.0,632833000.0,0.023,0.05,49117000.0,88939000.0,0.099,88939000.0,49117000.0,24771000.0,0.11,0.11,0.11,53370000.0,,53370000.0,3511588610.0,31.0,12.985,40270000.0,0.229,1.0,288896000.0,0.321,1274856000.0,24346000.0,3874026000.0,,67538000.0,1156364000.0,567762000.0,588602000.0,4959925000.0,1717237000.0,3242688000.0,1539073610.0,118743000.0,27573000.0,0.0,-14772000.0,-8700000.0,19276000.0,19075000.0,31544000.0,78805000.0,1587000.0,19856000.0,19856000.0,19856000.0,1020000.0,0.0,0.022,238759000.0,50137000.0,820065000.0,0.455,28.838,82.822,79.727,674183000.0,0.0,8.77,0.412,0.412,309177000.0,5172185000.0,899203000.0,899203000.0,11059000.0,,,,,7057000.0,236190000.0,1.0,175493000.0,175493000.0,,5.124,3738439000.0,106534000.0,4915000.0,329337000.0,21.302,181519000.0
1,PBI,MRQ,2021-03-31,2021-03-31,2021-03-31,2021-09-08,-847538000.0,4941181000.0,,1808105000.0,3133076000.0,,0.111,-43328000.0,680727000.0,680727000.0,627635000.0,-31541000.0,1.134,256.85,2653242000.0,59559000.0,2593683000.0,2653242000.0,118166000.0,39594000.0,589406000.0,0.024,0.05,-20375000.0,19219000.0,0.021,19219000.0,-20375000.0,-45533000.0,-0.18,-0.18,-0.18,19163000.0,,19163000.0,3290198575.0,32.0,12.525,22596000.0,0.13,1.0,287562000.0,0.314,1296329000.0,25158000.0,4023111000.0,,63680000.0,1164273000.0,567261000.0,597012000.0,4922018000.0,1594256000.0,3327762000.0,1427781575.0,-240723000.0,0.0,0.0,-176233000.0,-8625000.0,-218300000.0,-87109000.0,-43781000.0,65924000.0,-1238000.0,-31541000.0,-31541000.0,-31541000.0,3886000.0,0.0,-0.034,304051000.0,-16489000.0,820286000.0,-0.278,74.507,-310.252,-412.0,639777000.0,0.0,8.24,0.389,0.389,327755000.0,5161029000.0,915197000.0,915197000.0,11316000.0,,,,,5221000.0,238102000.0,1.0,173274463.0,173274463.0,,5.282,3644852000.0,113020000.0,-13992000.0,326967000.0,21.035,213849000.0
2,PBI,MRQ,2020-12-31,2020-12-31,2020-12-31,2021-09-08,-839131000.0,5220137000.0,,2106923000.0,3113214000.0,,0.384,-24200000.0,921450000.0,921450000.0,729845000.0,18879000.0,1.126,77.622,2783867000.0,255214000.0,2528653000.0,2783867000.0,114550000.0,40222000.0,617200000.0,0.032,0.05,44315000.0,84537000.0,0.082,84537000.0,44315000.0,18066000.0,0.11,0.11,0.11,66395000.0,,66395000.0,3093189463.0,-45.0,33.783,87148000.0,0.503,1.0,298572000.0,0.29,1312124000.0,26249000.0,3899970000.0,,65845000.0,1192316000.0,587024000.0,605292000.0,5153742000.0,1870460000.0,3283282000.0,1066349463.0,122273000.0,-19464000.0,0.0,-33390000.0,-8598000.0,-17999000.0,20043000.0,57560000.0,111348000.0,8881000.0,18879000.0,18879000.0,18879000.0,-2467000.0,0.0,0.018,256724000.0,41848000.0,880616000.0,0.455,16.061,-5.874,-5.811,631631000.0,0.0,6.16,0.3,0.3,389240000.0,5201195000.0,1028417000.0,1028417000.0,9546000.0,,,,,2240000.0,242441000.0,1.0,173108679.0,173108679.0,,5.941,3908013000.0,95872000.0,-813000.0,320494000.0,22.575,236463000.0
3,PBI,MRQ,2020-09-30,2020-09-30,2020-09-30,2021-09-08,-813572000.0,5044031000.0,,1922507000.0,3121524000.0,,0.457,-20833000.0,799177000.0,799177000.0,608191000.0,11389000.0,1.218,62.748,2826017000.0,101516000.0,2724501000.0,2826017000.0,102919000.0,38616000.0,610582000.0,0.038,0.05,39118000.0,77734000.0,0.087,77734000.0,39118000.0,11943000.0,0.07,0.07,0.07,79125000.0,,79125000.0,2986249063.0,33.0,11.884,82982000.0,0.479,1.0,283707000.0,0.318,1309637000.0,27175000.0,4183327000.0,,66974000.0,1167881000.0,580333000.0,587548000.0,4964906000.0,1577907000.0,3386999000.0,919066063.0,-63720000.0,-2867000.0,0.0,-124036000.0,-8594000.0,-132774000.0,-41190000.0,-16864000.0,103815000.0,6429000.0,11389000.0,11389000.0,11389000.0,-616000.0,0.0,0.013,245205000.0,38502000.0,760363000.0,0.714,11.615,-38.735,-31.235,621308000.0,0.0,5.31,0.274,0.274,348565000.0,5190914000.0,891898000.0,891898000.0,9255000.0,,,,,8286000.0,238618000.0,1.0,173082121.0,173082121.0,,5.153,3734394000.0,80782000.0,554000.0,322695000.0,21.576,344600000.0
4,PBI,MRQ,2020-06-30,2020-06-30,2020-06-30,2021-09-08,-836262000.0,5116178000.0,,2160532000.0,2955646000.0,,0.258,-34176000.0,862897000.0,862897000.0,565296000.0,-3329000.0,1.287,113.764,2930080000.0,198689000.0,2731391000.0,2930080000.0,122606000.0,41068000.0,613449000.0,0.077,0.05,40133000.0,81201000.0,0.097,81201000.0,40133000.0,13687000.0,-0.02,-0.02,-0.02,44580000.0,,44580000.0,2622883935.0,51.0,12.213,119601000.0,0.693,1.0,272196000.0,0.325,1308245000.0,26446000.0,4196601000.0,,73653000.0,1292256000.0,708417000.0,583839000.0,5071598000.0,1678515000.0,3393083000.0,448829935.0,199825000.0,-5327000.0,0.0,84376000.0,-8576000.0,98217000.0,-52990000.0,-6945000.0,153777000.0,821000.0,-3329000.0,-3329000.0,-3329000.0,3032000.0,0.0,-0.004,229031000.0,43165000.0,732048000.0,-2.5,10.068,-11.737,-10.0,615502000.0,0.0,2.6,0.138,0.138,391748000.0,5188119000.0,837492000.0,837492000.0,7467000.0,,,,,5429000.0,233631000.0,1.0,172626898.0,172626898.0,,4.851,3807933000.0,70342000.0,17016000.0,318027000.0,22.059,482017000.0
5,PBI,MRQ,2020-03-31,2020-03-31,2020-03-31,2021-09-08,-857874000.0,4893430000.0,,1870188000.0,3023242000.0,,0.172,-25778000.0,663072000.0,663072000.0,502891000.0,-208483000.0,1.296,165.274,2837126000.0,99037000.0,2738089000.0,2837126000.0,96641000.0,40719000.0,590230000.0,0.098,0.05,-192630000.0,-151911000.0,-0.191,-151911000.0,-192630000.0,-218513000.0,-1.22,-1.22,-1.22,29430000.0,,29430000.0,2378192798.0,35.0,10.336,-93133000.0,-0.544,1.0,293377000.0,0.368,1306659000.0,25883000.0,4318308000.0,,71848000.0,1266532000.0,664985000.0,601547000.0,4864000000.0,1442517000.0,3421483000.0,349141798.0,-261370000.0,-1281000.0,0.0,-148701000.0,-8523000.0,-160484000.0,-23499000.0,-2019000.0,-67355000.0,-10032000.0,-208483000.0,-208483000.0,-208483000.0,-10064000.0,0.0,-0.262,496071000.0,-202694000.0,653539000.0,-0.041,11.863,-31.132,-18.545,605363000.0,0.0,2.04,0.109,0.109,342823000.0,5200024000.0,796268000.0,796268000.0,12116000.0,,,,,1521000.0,248633000.0,1.0,171147940.0,171147940.0,,4.653,3586771000.0,89542000.0,-10030000.0,314981000.0,20.957,427671000.0
6,PBI,MRQ,2019-12-31,2019-12-31,2019-12-31,2021-09-08,-840143000.0,5466900000.0,,2236081000.0,3230819000.0,,1.675,-42032000.0,924442000.0,924442000.0,518920000.0,176696000.0,1.425,18.109,2953493000.0,56168000.0,2897325000.0,2953493000.0,101920000.0,40628000.0,591118000.0,0.05,0.05,203625000.0,244253000.0,0.294,244253000.0,203625000.0,177040000.0,1.0,1.0,1.0,286096000.0,,286096000.0,3424974383.0,12.0,7.583,43567000.0,0.255,1.0,312423000.0,0.376,1514819000.0,26585000.0,4411440000.0,,68251000.0,1371009000.0,745522000.0,625487000.0,5180804000.0,1569692000.0,3611112000.0,688518383.0,409591000.0,-3125000.0,0.0,-342267000.0,-8507000.0,-343107000.0,659231000.0,15250000.0,85599000.0,7868000.0,176696000.0,176696000.0,176696000.0,-168659000.0,0.0,0.213,277457000.0,34966000.0,793690000.0,0.05,2.407,3.538,3.664,618154000.0,0.0,4.03,0.215,0.215,373471000.0,5438930000.0,831343000.0,831343000.0,12837000.0,,,,,7282000.0,246761000.0,1.0,170848234.0,170848234.0,,4.866,3952081000.0,77468000.0,344000.0,330352000.0,23.132,666389000.0
7,PBI,MRQ,2019-09-30,2019-09-30,2019-09-30,2021-09-08,-926452000.0,5597224000.0,,2406762000.0,3190462000.0,,0.149,-36034000.0,514851000.0,514851000.0,467805000.0,-3125000.0,1.122,219.259,3251307000.0,535819000.0,2715488000.0,3251307000.0,106968000.0,40537000.0,0.0,0.074,0.05,684000.0,41221000.0,0.052,41221000.0,684000.0,-28020000.0,-0.02,-0.02,-0.02,25412000.0,,25412000.0,3443404142.0,22.0,11.149,59468000.0,0.348,1.0,322320000.0,0.408,1516752000.0,28704000.0,4671368000.0,,76339000.0,1370956000.0,754210000.0,616746000.0,5571812000.0,2145560000.0,3426252000.0,781013142.0,-256191000.0,-5777000.0,-5000000.0,-177553000.0,-8508000.0,-180422000.0,-165530000.0,-106537000.0,95502000.0,-5741000.0,-3125000.0,-3125000.0,-3125000.0,8470000.0,0.0,-0.004,313166000.0,9154000.0,1337214000.0,-2.5,30.734,11.505,12.351,583683000.0,0.0,4.57,0.242,0.242,365522000.0,5270741000.0,790125000.0,790125000.0,12272000.0,,,,,6702000.0,254092000.0,1.0,170900031.0,170900031.0,,4.623,4080472000.0,106159000.0,-24895000.0,306855000.0,23.876,261202000.0
8,PBI,MRQ,2019-06-30,2019-06-30,2019-06-30,2021-09-08,-907678000.0,5757987000.0,,2161861000.0,3596126000.0,,0.293,-31493000.0,771042000.0,771042000.0,468227000.0,23697000.0,1.227,107.699,3433433000.0,249539000.0,3183894000.0,3433433000.0,211061000.0,41092000.0,0.0,0.111,0.05,55440000.0,96532000.0,0.122,96532000.0,55440000.0,27421000.0,0.13,0.13,0.13,52972000.0,,52972000.0,3349585129.0,13.0,8.294,-14439000.0,-0.08,1.0,320346000.0,0.406,1967206000.0,28019000.0,4690849000.0,,73347000.0,1296419000.0,742344000.0,554075000.0,5705015000.0,1762323000.0,3942692000.0,773506129.0,-67863000.0,14720000.0,-60858000.0,-12546000.0,-8938000.0,-82778000.0,-1264000.0,17339000.0,17054000.0,-875000.0,23697000.0,23697000.0,23697000.0,5613000.0,0.0,0.03,259293000.0,61053000.0,1295712000.0,0.385,14.602,5.113,5.22,634412000.0,0.0,4.28,0.242,0.242,419776000.0,5282374000.0,788573000.0,788573000.0,13572000.0,,,,,2381000.0,241467000.0,1.0,180725731.0,180725731.0,,4.363,3790781000.0,85487000.0,3724000.0,315788000.0,20.975,399538000.0
9,PBI,MRQ,2019-03-31,2019-03-31,2019-03-31,2021-09-08,-918072000.0,5806265000.0,,2227109000.0,3579156000.0,,0.459,-27694000.0,838905000.0,838905000.0,467187000.0,-2659000.0,1.255,66.236,3414984000.0,242450000.0,3172534000.0,3414984000.0,213171000.0,36885000.0,0.0,0.089,0.05,32763000.0,69648000.0,0.088,69648000.0,32763000.0,5161000.0,-0.01,-0.01,-0.01,86356000.0,,86356000.0,3691578378.0,13.0,8.425,42034000.0,0.223,1.0,327897000.0,0.412,1977264000.0,27602000.0,4630322000.0,,68876000.0,1295201000.0,749841000.0,545360000.0,5719909000.0,1774758000.0,3945151000.0,1293232378.0,-28357000.0,-27918000.0,-39142000.0,-12541000.0,-9408000.0,-63992000.0,-34887000.0,29626000.0,69728000.0,794000.0,-2659000.0,-2659000.0,-2659000.0,116000.0,0.0,-0.003,295018000.0,32879000.0,1313440000.0,-5.0,14.976,7.217,7.082,606728000.0,0.0,6.87,0.395,0.395,412661000.0,5267615000.0,795084000.0,795084000.0,12577000.0,,,,,6784000.0,261669000.0,1.0,188243432.0,188243432.0,,4.224,3829001000.0,83597000.0,7820000.0,315286000.0,20.341,452351000.0
10,PBI,MRQ,2018-12-31,2018-12-31,2018-12-31,2021-09-08,-948961000.0,5938419000.0,,2697517000.0,3240902000.0,,0.543,-32515000.0,867262000.0,867262000.0,500116000.0,49969000.0,1.427,57.31,3426110000.0,234743000.0,3191367000.0,3426110000.0,116862000.0,36309000.0,0.0,0.127,0.188,65154000.0,101463000.0,0.118,101463000.0,65154000.0,39150000.0,0.27,0.26,0.27,101842000.0,,101842000.0,3619226908.0,10.0,7.068,53567000.0,0.286,1.0,357298000.0,0.417,1545551000.0,26004000.0,5061902000.0,,62279000.0,1348535000.0,712627000.0,635908000.0,5836577000.0,1889814000.0,3946763000.0,1108840908.0,108970000.0,-8077000.0,0.0,-11614000.0,-35202000.0,-19489000.0,52105000.0,83513000.0,86082000.0,-9728000.0,49969000.0,49969000.0,49969000.0,-817000.0,0.0,0.058,292961000.0,64337000.0,1348127000.0,0.696,10.888,4.586,4.581,597283000.0,0.0,5.91,0.345,0.345,371797000.0,5279682000.0,857414000.0,857414000.0,13872000.0,,,,,5271000.0,243466000.0,1.0,187621135.0,187621135.0,,4.57,4392868000.0,70948000.0,-10819000.0,308392000.0,23.414,807703000.0
11,PBI,MRQ,2018-09-30,2018-09-30,2018-09-30,2021-09-08,-804609000.0,5913935000.0,,2151100000.0,3762835000.0,,1.338,-25814000.0,759231000.0,759231000.0,419308000.0,80277000.0,1.189,22.499,3269617000.0,192649000.0,3076968000.0,3269617000.0,224141000.0,31820000.0,0.0,0.106,0.188,104397000.0,136217000.0,0.179,136217000.0,104397000.0,77809000.0,0.43,0.43,0.43,251666000.0,,251666000.0,4214132509.0,11.0,8.467,78263000.0,0.416,1.0,340973000.0,0.448,2003250000.0,26588000.0,4611720000.0,,48199000.0,1443179000.0,843050000.0,600129000.0,5662269000.0,1809351000.0,3852918000.0,1331193509.0,70387000.0,0.0,0.0,-305042000.0,-35183000.0,-346104000.0,315026000.0,3655000.0,104077000.0,-2612000.0,80277000.0,80277000.0,80277000.0,-32621000.0,0.0,0.106,269197000.0,71776000.0,1342097000.0,0.437,5.29,5.043,4.986,578405000.0,0.0,7.08,0.43,0.43,378036000.0,5290761000.0,760281000.0,760281000.0,15636000.0,,,,,6618000.0,241350000.0,1.0,188021682.0,188021682.0,,4.044,3910685000.0,65509000.0,-2468000.0,372043000.0,20.799,341749000.0
12,PBI,MRQ,2018-06-30,2018-06-30,2018-06-30,2021-09-08,-810251000.0,6246751000.0,,2469938000.0,3776813000.0,,1.045,-50464000.0,689870000.0,689870000.0,454174000.0,51595000.0,1.228,30.885,3572809000.0,334999000.0,3237810000.0,3572809000.0,237709000.0,40597000.0,0.0,0.088,0.188,90269000.0,130866000.0,0.151,130866000.0,90269000.0,59494000.0,0.28,0.27,0.28,195917000.0,,195917000.0,4463572137.0,12.0,8.901,34400000.0,0.183,1.0,411066000.0,0.475,2016973000.0,30775000.0,5100760000.0,,49051000.0,1465056000.0,867754000.0,597302000.0,6050834000.0,2011957000.0,4038877000.0,1607305137.0,-30005000.0,0.0,0.0,-5054000.0,-35097000.0,-39501000.0,-55586000.0,-3566000.0,84864000.0,-19782000.0,51595000.0,51595000.0,51595000.0,-1208000.0,0.0,0.06,322005000.0,89061000.0,1349344000.0,0.671,8.204,6.668,6.592,579494000.0,0.0,8.57,0.523,0.523,408703000.0,5248991000.0,865240000.0,865240000.0,23574000.0,,,,,5880000.0,289427000.0,1.0,187550191.0,187550191.0,,4.613,4229778000.0,93199000.0,7899000.0,345679000.0,22.553,457981000.0
13,PBI,MRQ,2018-03-31,2018-03-31,2018-03-31,2021-09-08,-771995000.0,6319618000.0,,2289033000.0,4030585000.0,,1.151,-29017000.0,719875000.0,719875000.0,467801000.0,59970000.0,1.142,28.408,3576142000.0,327429000.0,3248713000.0,3576142000.0,292174000.0,39738000.0,0.0,0.069,0.188,110779000.0,150517000.0,0.168,150517000.0,110779000.0,78765000.0,0.32,0.32,0.32,214893000.0,,214893000.0,4855345597.0,13.0,9.903,40612000.0,0.217,1.0,428782000.0,0.478,2227302000.0,32014000.0,4944357000.0,,96224000.0,1489392000.0,848405000.0,640987000.0,6104725000.0,2004226000.0,4100499000.0,2034031597.0,-289146000.0,-2407000.0,0.0,-255045000.0,-35016000.0,-340317000.0,-25199000.0,8338000.0,69629000.0,6741000.0,59970000.0,59970000.0,59970000.0,0.0,0.0,0.067,326490000.0,102292000.0,1375166000.0,0.588,9.465,8.533,8.508,569704000.0,0.0,10.89,0.692,0.692,488028000.0,5235874000.0,896583000.0,896583000.0,24495000.0,,,,,3273000.0,302810000.0,1.0,186779761.0,186779761.0,,4.8,4092316000.0,103641000.0,18795000.0,361449000.0,21.91,284807000.0
14,PBI,MRQ,2017-12-31,2017-12-31,2017-12-31,2021-09-08,-792173000.0,6687420000.0,,2830383000.0,3857037000.0,,1.01,-5354000.0,1009021000.0,1009021000.0,369413000.0,72136000.0,1.368,34.466,3830335000.0,271057000.0,3559278000.0,3830335000.0,257766000.0,-3098000.0,0.0,0.067,0.188,83202000.0,80104000.0,0.139,80104000.0,83202000.0,47095000.0,0.39,0.38,0.39,188561000.0,,188561000.0,4573645460.0,12.0,9.112,118227000.0,0.633,1.0,207728000.0,0.36,2046831000.0,36107000.0,5392595000.0,,40769000.0,1529078000.0,876991000.0,652087000.0,6498859000.0,2069308000.0,4429551000.0,2087620460.0,-687882000.0,-474964000.0,0.0,-351100000.0,-34966000.0,-347315000.0,-465650000.0,9382000.0,123581000.0,1502000.0,72136000.0,72136000.0,72136000.0,-36419000.0,0.0,0.125,160945000.0,46783000.0,1458854000.0,0.482,11.071,8.572,8.534,557459000.0,0.0,11.18,0.75,0.75,427022000.0,5229584000.0,577141000.0,577141000.0,-27741000.0,,,,,6077000.0,167756000.0,1.0,186728127.0,186728127.0,,3.091,4640589000.0,118348000.0,-25041000.0,360017000.0,24.852,761075000.0
15,PBI,MRQ,2017-09-30,2017-09-30,2017-09-30,2021-09-08,-818484000.0,6781407000.0,,3220557000.0,3560850000.0,,0.54,-37049000.0,1696903000.0,1696903000.0,328172000.0,57358000.0,1.422,66.254,4182928000.0,620256000.0,3562672000.0,4182928000.0,282537000.0,43178000.0,0.0,0.054,0.188,96787000.0,139965000.0,0.191,139965000.0,96787000.0,68186000.0,0.31,0.31,0.31,100833000.0,,100833000.0,5303617498.0,22.0,13.198,108881000.0,0.583,1.0,405101000.0,0.552,1762344000.0,28601000.0,5240358000.0,,118282000.0,1522423000.0,871630000.0,650793000.0,6680574000.0,2264730000.0,4415844000.0,2615414498.0,856339000.0,0.0,0.0,656761000.0,-34997000.0,623691000.0,69076000.0,108060000.0,145930000.0,17642000.0,57358000.0,57358000.0,57358000.0,-11921000.0,0.0,0.078,320235000.0,84866000.0,1348395000.0,0.606,25.938,38.46,29.809,524206000.0,0.0,14.01,0.947,0.947,408886000.0,5174602000.0,733273000.0,733273000.0,29316000.0,,,,,5781000.0,288093000.0,1.0,186681977.0,186681977.0,,3.928,5019063000.0,119793000.0,10828000.0,311200000.0,26.886,955827000.0
16,PBI,MRQ,2017-06-30,2017-06-30,2017-06-30,2021-09-08,-859315000.0,6037348000.0,,2491577000.0,3545771000.0,,0.157,-39924000.0,840564000.0,840564000.0,319904000.0,48901000.0,0.946,204.541,3528767000.0,985291000.0,2543476000.0,3528767000.0,291180000.0,42415000.0,0.0,0.05,0.188,77291000.0,119706000.0,0.164,119706000.0,77291000.0,49691000.0,0.26,0.26,0.26,29373000.0,,29373000.0,5360924070.0,21.0,12.521,-9283000.0,-0.05,1.0,410509000.0,0.562,1756339000.0,27600000.0,4336105000.0,,121478000.0,1684864000.0,1022480000.0,662384000.0,6007975000.0,2633107000.0,3374868000.0,2816165070.0,101011000.0,0.0,0.0,245727000.0,-34960000.0,210874000.0,-155921000.0,-113720000.0,30641000.0,15417000.0,48901000.0,48901000.0,48901000.0,-7440000.0,0.0,0.067,340658000.0,69851000.0,1339287000.0,0.723,95.876,36.978,29.608,510137000.0,0.0,15.1,0.982,0.982,389262000.0,5152241000.0,730413000.0,730413000.0,30328000.0,,,,,6893000.0,283073000.0,1.0,186500998.0,186500998.0,,3.916,4281009000.0,103837000.0,790000.0,282748000.0,22.954,-141530000.0
17,PBI,MRQ,2017-03-31,2017-03-31,2017-03-31,2021-09-08,-913831000.0,5747171000.0,,2233134000.0,3514037000.0,,-0.249,-35920000.0,739553000.0,739553000.0,374174000.0,65133000.0,0.912,-125.027,3284312000.0,785287000.0,2499025000.0,3284312000.0,295688000.0,44295000.0,0.0,0.057,0.188,122225000.0,166520000.0,0.199,166520000.0,122225000.0,96549000.0,0.35,0.35,0.35,-46338000.0,,-46338000.0,5044063243.0,17.0,10.823,118086000.0,0.634,1.0,462466000.0,0.553,1742502000.0,25676000.0,4100988000.0,,115638000.0,1561915000.0,897285000.0,664630000.0,5793509000.0,2448440000.0,3345069000.0,2443695243.0,-24969000.0,-7889000.0,0.0,-79278000.0,-34567000.0,-119503000.0,-68870000.0,-23561000.0,154006000.0,9398000.0,65133000.0,65133000.0,65133000.0,0.0,0.0,0.078,340241000.0,122225000.0,1317532000.0,0.537,-52.736,30.226,24.278,498180000.0,0.0,13.11,0.822,0.822,389990000.0,5138300000.0,836640000.0,836640000.0,31856000.0,,,,,5638000.0,304847000.0,1.0,186399332.0,186399332.0,,4.488,4004669000.0,90865000.0,31416000.0,321732000.0,21.484,-215306000.0
18,PBI,MRQ,2016-12-31,2016-12-31,2016-12-31,2021-09-08,-940133000.0,5837133000.0,,2325183000.0,3511950000.0,,-0.558,-43700000.0,764522000.0,764522000.0,114962000.0,-79079000.0,0.999,-57.31,3364890000.0,614485000.0,2750405000.0,3364890000.0,299878000.0,33840000.0,0.0,0.049,0.188,-58188000.0,-24348000.0,-0.053,-24348000.0,-58188000.0,-84764000.0,-0.45,-0.44,-0.45,-103660000.0,,-103660000.0,5196641243.0,18.0,11.228,156063000.0,0.84,1.0,346855000.0,0.751,1736507000.0,26576000.0,4373375000.0,,92726000.0,1605605000.0,932398000.0,673207000.0,5940793000.0,2327619000.0,3613174000.0,2821674243.0,-220226000.0,100000.0,0.0,0.0,-34817000.0,-345590000.0,-43758000.0,3112000.0,199763000.0,-30641000.0,-98124000.0,-103388000.0,-103388000.0,-1951000.0,19045000.0,-0.224,404985000.0,-58130000.0,1378822000.0,-0.418,-27.22,38.255,31.0,502657000.0,5264000.0,15.19,0.946,0.946,455527000.0,5107734000.0,461817000.0,461817000.0,17617000.0,,,,,-1132000.0,223119000.0,1.0,185758673.0,185758673.0,,2.486,4100626000.0,86179000.0,13360000.0,299999000.0,22.075,-2436000.0
19,PBI,MRQ,2016-09-30,2016-09-30,2016-09-30,2021-09-08,-825962000.0,6258874000.0,,2501608000.0,3757266000.0,,0.703,-44173000.0,992089000.0,992089000.0,376987000.0,70105000.0,1.155,44.706,3367056000.0,535289000.0,2831767000.0,3367056000.0,303153000.0,50687000.0,0.0,0.041,0.188,115596000.0,166283000.0,0.198,166283000.0,115596000.0,93302000.0,0.35,0.35,0.35,130452000.0,,130452000.0,5788161567.0,12.0,8.612,93602000.0,0.504,1.0,462044000.0,0.551,1940639000.0,22294000.0,4527782000.0,,108766000.0,1598809000.0,894515000.0,704294000.0,5832052000.0,2165420000.0,3666632000.0,3370311567.0,321032000.0,-21486000.0,-2491000.0,274814000.0,-34812000.0,237078000.0,-53399000.0,15200000.0,137775000.0,-422000.0,70105000.0,65512000.0,65512000.0,291000.0,0.0,0.078,346157000.0,115887000.0,1307808000.0,0.537,25.836,13.753,13.159,492151000.0,4593000.0,18.16,0.975,0.975,427556000.0,5226894000.0,839031000.0,839031000.0,28680000.0,,,,,6503000.0,300983000.0,1.0,185589844.0,185589844.0,,4.521,4318235000.0,79607000.0,23197000.0,306591000.0,23.268,336188000.0
20,PBI,MRQ,2016-06-30,2016-06-30,2016-06-30,2021-09-08,-840427000.0,5963577000.0,,2285520000.0,3678057000.0,,0.418,-13018000.0,675972000.0,675972000.0,372144000.0,58184000.0,1.072,70.907,3093822000.0,470058000.0,2623764000.0,3093822000.0,308728000.0,45238000.0,0.0,0.042,0.188,112377000.0,157615000.0,0.189,157615000.0,112377000.0,91578000.0,0.29,0.28,0.29,78813000.0,,78813000.0,5789400550.0,11.0,8.214,82073000.0,0.435,1.0,463742000.0,0.555,1925499000.0,20799000.0,4324254000.0,,110960000.0,1687372000.0,993783000.0,693589000.0,5588394000.0,2131674000.0,3456720000.0,3357442550.0,61484000.0,-3085000.0,-66325000.0,50325000.0,-34969000.0,-60192000.0,42136000.0,57933000.0,95091000.0,-15551000.0,58184000.0,53590000.0,53590000.0,1660000.0,0.0,0.064,349705000.0,114037000.0,1345653000.0,0.648,42.6,12.489,12.027,481760000.0,4594000.0,17.8,0.963,0.963,431580000.0,5196194000.0,835886000.0,835886000.0,34513000.0,,,,,3208000.0,289116000.0,1.0,188620368.0,188620368.0,,4.432,4038078000.0,79128000.0,33394000.0,289645000.0,21.408,153846000.0
21,PBI,MRQ,2016-03-31,2016-03-31,2016-03-31,2021-09-08,-839842000.0,6005822000.0,,2214184000.0,3791638000.0,,0.643,-40670000.0,612987000.0,612987000.0,365241000.0,62640000.0,1.127,45.317,3044945000.0,269732000.0,2775213000.0,3044945000.0,356412000.0,44300000.0,0.0,0.035,0.188,118965000.0,163265000.0,0.193,163265000.0,118965000.0,99664000.0,0.3,0.3,0.3,123268000.0,,123268000.0,6444656961.0,10.0,7.863,22823000.0,0.119,1.0,479348000.0,0.568,1949049000.0,19301000.0,4523630000.0,,100353000.0,1776040000.0,1034902000.0,741138000.0,5586184000.0,1965101000.0,3621083000.0,4126216961.0,-37958000.0,-13371000.0,-128451000.0,108598000.0,-36010000.0,-60825000.0,-60532000.0,-1705000.0,63493000.0,19906000.0,62640000.0,58046000.0,58046000.0,0.0,0.0,0.069,360383000.0,118965000.0,1311486000.0,0.627,33.474,11.243,11.103,514637000.0,4594000.0,21.54,1.168,1.168,383839000.0,5177573000.0,844589000.0,844589000.0,26568000.0,,,,,6303000.0,326882000.0,1.0,191560676.0,191560676.0,,4.409,4056773000.0,79931000.0,37024000.0,311621000.0,21.177,249083000.0
22,PBI,MRQ,2015-12-31,2015-12-31,2015-12-31,2021-09-08,-888635000.0,6123132000.0,,2325352000.0,3797780000.0,,0.907,-22948000.0,640190000.0,640190000.0,406679000.0,90873000.0,1.02,31.603,2950668000.0,461085000.0,2489583000.0,2950668000.0,353025000.0,45826000.0,0.0,0.036,0.188,139085000.0,184911000.0,0.197,184911000.0,139085000.0,116702000.0,0.44,0.44,0.44,178721000.0,,178721000.0,6345257188.0,9.0,7.39,148641000.0,0.754,1.0,530268000.0,0.566,1933335000.0,22383000.0,4221224000.0,,88824000.0,1806428000.0,1045771000.0,760657000.0,5648041000.0,2279051000.0,3368990000.0,4069087188.0,-39153000.0,-7636000.0,-31719000.0,-21118000.0,-36956000.0,-106841000.0,-97884000.0,-47426000.0,171589000.0,-6017000.0,72498000.0,67904000.0,67904000.0,0.0,18375000.0,0.072,378661000.0,151607000.0,1448321000.0,0.427,22.768,10.445,10.123,507603000.0,4594000.0,20.65,1.137,1.137,476583000.0,5155537000.0,936947000.0,936947000.0,26463000.0,,,,,6128000.0,340643000.0,1.0,197050227.0,197050227.0,,4.755,4189797000.0,76878000.0,44204000.0,290717000.0,21.263,46301000.0
23,PBI,MRQ,2015-09-30,2015-09-30,2015-09-30,2021-09-08,-900852000.0,6141781000.0,,2297748000.0,3844033000.0,,0.703,-40716000.0,715976000.0,715976000.0,376205000.0,93876000.0,0.985,40.157,2992146000.0,521091000.0,2471055000.0,2992146000.0,353467000.0,42333000.0,0.0,0.038,0.188,156717000.0,199050000.0,0.229,199050000.0,156717000.0,136552000.0,0.45,0.44,0.45,142027000.0,,142027000.0,6248110634.0,10.0,7.496,109676000.0,0.543,1.0,493336000.0,0.567,1946206000.0,20165000.0,4138161000.0,,103195000.0,1743081000.0,974942000.0,768139000.0,5703384000.0,2333584000.0,3369800000.0,4008091634.0,-38201000.0,5044000.0,-100000000.0,-43000.0,-37521000.0,-134618000.0,-44508000.0,-11104000.0,150392000.0,-9467000.0,93876000.0,89282000.0,89282000.0,0.0,0.0,0.103,336619000.0,156717000.0,1379337000.0,0.418,28.221,10.957,10.339,505490000.0,4594000.0,19.85,1.106,1.106,399124000.0,5106214000.0,869541000.0,869541000.0,29153000.0,,,,,3854000.0,309211000.0,1.0,201918974.0,201918974.0,,4.306,4195575000.0,103788000.0,42676000.0,305927000.0,20.779,-35836000.0
24,PBI,MRQ,2015-06-30,2015-06-30,2015-06-30,2021-09-08,-892506000.0,6254157000.0,,2363547000.0,3890610000.0,,0.949,-7064000.0,754171000.0,754171000.0,385182000.0,156363000.0,0.982,30.133,2994190000.0,521103000.0,2473087000.0,2994190000.0,372783000.0,42657000.0,0.0,0.036,0.188,229685000.0,272342000.0,0.309,272342000.0,229685000.0,208714000.0,0.75,0.75,0.75,191364000.0,,191364000.0,6400573556.0,9.0,7.37,90057000.0,0.447,1.0,495709000.0,0.563,1971270000.0,20971000.0,4115934000.0,,101072000.0,1780114000.0,999146000.0,780968000.0,5766423000.0,2406972000.0,3359451000.0,4197029556.0,-117509000.0,-101892000.0,0.0,-79080000.0,-37833000.0,-125229000.0,-95433000.0,12187000.0,97121000.0,6032000.0,156363000.0,151770000.0,151770000.0,0.0,0.0,0.172,265285000.0,230424000.0,1420283000.0,0.251,21.932,10.266,9.816,498929000.0,4593000.0,20.81,1.135,1.135,400044000.0,5054442000.0,880891000.0,880891000.0,28492000.0,,,,,6031000.0,315578000.0,1.0,201683304.0,201683304.0,,4.368,4282887000.0,115801000.0,52351000.0,297628000.0,21.236,-43425000.0
25,PBI,MRQ,2015-03-31,2015-03-31,2015-03-31,2021-09-08,-908647000.0,6109443000.0,,2498482000.0,3610961000.0,,0.272,-43908000.0,871687000.0,871687000.0,390525000.0,85206000.0,1.046,104.817,3075231000.0,520914000.0,2554317000.0,3075231000.0,409381000.0,42496000.0,0.0,0.032,0.188,159817000.0,202313000.0,0.227,202313000.0,159817000.0,135753000.0,0.4,0.4,0.4,54935000.0,,54935000.0,6874686063.0,11.0,8.467,59979000.0,0.297,1.0,500156000.0,0.562,1707343000.0,24064000.0,4218126000.0,,95029000.0,1779037000.0,1003814000.0,775223000.0,5758138000.0,2387518000.0,3370620000.0,4701825063.0,-208386000.0,0.0,0.0,-174879000.0,-37804000.0,-211970000.0,-65368000.0,-20867000.0,103887000.0,-34935000.0,85206000.0,80612000.0,80612000.0,0.0,0.0,0.091,340496000.0,159660000.0,1354876000.0,0.47,85.589,13.383,12.674,482049000.0,4594000.0,23.32,1.246,1.246,379578000.0,4940505000.0,890681000.0,890681000.0,26048000.0,,,,,5036000.0,314529000.0,1.0,201622001.0,201622001.0,,4.418,4402100000.0,122002000.0,50547000.0,257503000.0,21.833,110964000.0
26,PBI,MRQ,2014-12-31,2014-12-31,2014-12-31,2021-09-08,-846156000.0,6499702000.0,,2763687000.0,3736015000.0,,0.384,-62048000.0,1054118000.0,1054118000.0,426222000.0,67122000.0,1.194,79.293,3252006000.0,324879000.0,2927127000.0,3252006000.0,386846000.0,54728000.0,0.0,0.031,0.188,105065000.0,159793000.0,0.162,159793000.0,105065000.0,81881000.0,0.32,0.31,0.32,77259000.0,,77259000.0,7212326081.0,13.0,9.805,198808000.0,0.989,1.0,557691000.0,0.567,1754894000.0,23184000.0,4627473000.0,,84827000.0,1869160000.0,1049439000.0,819721000.0,6126073000.0,2315223000.0,3810850000.0,4898126081.0,146831000.0,1213000.0,-5869000.0,16000000.0,-37648000.0,-29516000.0,-73012000.0,-14139000.0,260856000.0,-11497000.0,48747000.0,44153000.0,44153000.0,0.0,18375000.0,0.045,437827000.0,119864000.0,1572971000.0,0.588,63.399,15.531,14.681,485471000.0,4594000.0,24.37,1.282,1.282,437275000.0,4897708000.0,983913000.0,983913000.0,29030000.0,,,,,4788000.0,346903000.0,1.0,200989991.0,200989991.0,,4.895,4744808000.0,127390000.0,33134000.0,231604000.0,23.607,448464000.0
27,PBI,MRQ,2014-09-30,2014-09-30,2014-09-30,2021-09-08,-614741000.0,6424037000.0,,2692102000.0,3731935000.0,,1.372,-48920000.0,923676000.0,923676000.0,421544000.0,136882000.0,1.193,21.015,3237876000.0,274879000.0,2962997000.0,3237876000.0,399016000.0,49643000.0,0.0,0.03,0.188,184350000.0,233993000.0,0.248,233993000.0,184350000.0,162192000.0,0.65,0.65,0.65,278346000.0,,278346000.0,7302082284.0,13.0,9.788,68065000.0,0.336,1.0,520100000.0,0.552,1786784000.0,22158000.0,4695059000.0,,94879000.0,1916644000.0,1053590000.0,863054000.0,5849321000.0,2256394000.0,3592927000.0,5068261284.0,-82225000.0,-275000.0,-48161000.0,0.0,-37963000.0,-86124000.0,-93656000.0,-35033000.0,116985000.0,-19430000.0,136882000.0,132289000.0,132289000.0,0.0,0.0,0.14,356405000.0,163695000.0,1428690000.0,0.289,18.208,14.779,13.961,472914000.0,4593000.0,24.99,1.317,1.317,399051000.0,4872875000.0,941644000.0,941644000.0,26060000.0,,,,,4682000.0,341738000.0,1.0,202811576.0,202811576.0,,4.643,4637253000.0,94907000.0,25310000.0,359758000.0,22.865,435708000.0
28,PBI,MRQ,2014-06-30,2014-06-30,2014-06-30,2021-09-08,-559351000.0,6596083000.0,,2793302000.0,3802781000.0,,1.39,-42207000.0,1005901000.0,1005901000.0,423159000.0,98859000.0,1.159,21.359,3239722000.0,274879000.0,2964843000.0,3239722000.0,439038000.0,49122000.0,0.0,0.027,0.188,166676000.0,215798000.0,0.225,215798000.0,166676000.0,145194000.0,0.47,0.46,0.47,281756000.0,,281756000.0,8035148578.0,20.0,13.373,132624000.0,0.654,1.0,535291000.0,0.558,1831145000.0,21482000.0,4588268000.0,,101252000.0,1980969000.0,1072539000.0,908430000.0,6017957000.0,2410491000.0,3607466000.0,5596921578.0,102559000.0,101993000.0,928000.0,-100000000.0,-38025000.0,-146285000.0,71095000.0,11110000.0,174831000.0,2918000.0,98859000.0,94265000.0,94265000.0,0.0,0.0,0.098,375332000.0,159959000.0,1504887000.0,0.4,19.864,27.285,24.883,458535000.0,4594000.0,27.62,1.462,1.462,409514000.0,4778506000.0,958450000.0,958450000.0,28649000.0,,,,,4090000.0,338384000.0,1.0,202640173.0,202640173.0,,4.73,4764938000.0,98178000.0,46335000.0,398116000.0,23.514,382811000.0
29,PBI,MRQ,2014-03-31,2014-03-31,2014-03-31,2021-09-08,-573333000.0,6631336000.0,,2815292000.0,3816044000.0,,0.937,-30143000.0,903342000.0,903342000.0,409866000.0,49267000.0,1.178,32.381,3341569000.0,274879000.0,3066690000.0,3341569000.0,466410000.0,44595000.0,0.0,0.029,0.188,81367000.0,125962000.0,0.134,125962000.0,81367000.0,57303000.0,0.22,0.22,0.22,189778000.0,,189778000.0,7702386125.0,26.0,15.682,75473000.0,0.373,1.0,527631000.0,0.563,1837474000.0,24064000.0,4842354000.0,,100956000.0,2007165000.0,1098636000.0,908529000.0,6145188000.0,2389735000.0,3755453000.0,5263897125.0,-4464000.0,-539000.0,3099000.0,-7325000.0,-37975000.0,-49919000.0,-59088000.0,-35096000.0,105616000.0,-1073000.0,49267000.0,44673000.0,44673000.0,0.0,0.0,0.048,449065000.0,78566000.0,1484250000.0,0.855,27.737,51.796,44.051,457413000.0,4594000.0,25.99,1.378,1.378,430249000.0,4705475000.0,937497000.0,937497000.0,26192000.0,,,,,3886000.0,351375000.0,1.0,202535480.0,202535480.0,,4.629,4793862000.0,99014000.0,8036000.0,409478000.0,23.669,425557000.0
30,PBI,MRQ,2013-12-31,2013-12-31,2013-12-31,2021-09-08,-574556000.0,6772708000.0,,2838212000.0,3934496000.0,,1.016,-34120000.0,907806000.0,907806000.0,451781000.0,94682000.0,1.274,30.565,3346295000.0,0.0,3346295000.0,3346295000.0,425833000.0,43866000.0,0.0,0.04,0.188,126410000.0,170276000.0,0.168,170276000.0,126410000.0,102229000.0,0.45,0.45,0.45,205176000.0,,205176000.0,7597382116.0,23.0,14.035,97144000.0,0.481,1.0,559040000.0,0.553,1855258000.0,24181000.0,5128184000.0,,103580000.0,2096412000.0,1134049000.0,962363000.0,6271162000.0,2227755000.0,4043407000.0,4706428116.0,138585000.0,387053000.0,-6499000.0,-299570000.0,-37891000.0,-346394000.0,358330000.0,-2051000.0,131264000.0,-4615000.0,76307000.0,71714000.0,71714000.0,0.0,18375000.0,0.071,429203000.0,129837000.0,1644582000.0,0.418,22.938,37.815,32.817,471317000.0,4593000.0,23.3,1.241,1.241,469800000.0,4715564000.0,1010821000.0,1010821000.0,29061000.0,,,,,2860000.0,362220000.0,1.0,201992623.0,201992623.0,,5.004,4917450000.0,102685000.0,25922000.0,387686000.0,24.345,610457000.0
31,PBI,MRQ,2013-09-30,2013-09-30,2013-09-30,2021-09-08,-696593000.0,7149932000.0,,3204604000.0,3945328000.0,,0.056,-29951000.0,759636000.0,759636000.0,394861000.0,-933000.0,1.219,608.91,3650590000.0,299570000.0,3351020000.0,3650590000.0,418231000.0,53675000.0,0.0,0.062,0.188,35150000.0,88825000.0,0.096,88825000.0,35150000.0,9099000.0,-0.03,-0.03,-0.03,11237000.0,,11237000.0,6716433793.0,18.0,11.146,184574000.0,0.915,1.0,525628000.0,0.571,1857766000.0,26051000.0,5554023000.0,,134266000.0,2122425000.0,1140539000.0,981886000.0,6842325000.0,2629097000.0,4213228000.0,3670969793.0,151068000.0,2627000.0,2878000.0,0.0,-37849000.0,-34971000.0,-31156000.0,-35264000.0,214525000.0,2670000.0,-933000.0,-5527000.0,-5527000.0,0.0,0.0,-0.006,411977000.0,113651000.0,1501189000.0,-6.267,326.686,23.162,22.738,470707000.0,4594000.0,18.19,0.991,0.991,418035000.0,4646593000.0,920489000.0,920489000.0,24769000.0,,,,,4820000.0,352299000.0,1.0,201812523.0,201812523.0,,4.561,5292166000.0,125133000.0,10032000.0,468224000.0,26.223,575507000.0
32,PBI,MRQ,2013-06-30,2013-06-30,2013-06-30,2021-09-08,-723523000.0,7133202000.0,,2754027000.0,4379175000.0,,0.111,-34602000.0,608568000.0,608568000.0,411499000.0,-4639000.0,1.204,305.022,3654032000.0,0.0,3654032000.0,3654032000.0,448129000.0,56475000.0,0.0,0.089,0.188,49624000.0,106099000.0,0.112,106099000.0,49624000.0,19579000.0,-0.05,-0.05,-0.05,22341000.0,,22341000.0,6080605634.0,13.0,8.585,112273000.0,0.557,1.0,539163000.0,0.567,2156203000.0,30045000.0,5735726000.0,,141061000.0,2139678000.0,1155416000.0,984262000.0,6814491000.0,2286737000.0,4527754000.0,2957635634.0,-301096000.0,0.0,1745000.0,-375000000.0,-37759000.0,-420202000.0,-21489000.0,11975000.0,146875000.0,-6280000.0,-4639000.0,-9233000.0,-9233000.0,0.0,0.0,-0.01,400285000.0,138878000.0,1563069000.0,-3.76,132.386,12.535,12.132,582365000.0,4594000.0,14.68,0.792,0.792,588540000.0,4689969000.0,950662000.0,950662000.0,27331000.0,,,,,3537000.0,353923000.0,1.0,201473817.0,201473817.0,,4.719,4976999000.0,123896000.0,24218000.0,396783000.0,24.703,467290000.0
33,PBI,MRQ,2013-03-31,2013-03-31,2013-03-31,2021-09-08,-711974000.0,7616106000.0,,3061778000.0,4554328000.0,,0.363,-38839000.0,909664000.0,909664000.0,392481000.0,72100000.0,1.162,99.014,4032634000.0,375000000.0,3657634000.0,4032634000.0,466677000.0,57227000.0,0.0,0.101,0.375,118886000.0,176113000.0,0.194,176113000.0,118886000.0,89895000.0,0.34,0.33,0.34,73187000.0,,73187000.0,6096105048.0,10.0,7.151,93321000.0,0.463,1.0,516882000.0,0.568,2268890000.0,28991000.0,5834471000.0,,167469000.0,2189075000.0,1174803000.0,1014272000.0,7246549000.0,2635715000.0,4610834000.0,2992006048.0,-3612000.0,0.0,1876000.0,6976000.0,-75347000.0,-66495000.0,-64529000.0,1637000.0,132160000.0,-4748000.0,72100000.0,67506000.0,67506000.0,0.0,0.0,0.074,406026000.0,110856000.0,1586957000.0,1.103,40.882,8.794,8.443,613272000.0,4594000.0,14.86,0.758,0.758,2764745000.0,4736961000.0,909363000.0,909363000.0,29251000.0,,,,,3704000.0,351654000.0,1.0,201346302.0,201346302.0,,4.516,5347216000.0,142473000.0,17795000.0,446703000.0,26.557,426063000.0
34,PBI,MRQ,2012-12-31,2012-12-31,2012-12-31,2021-09-08,-681213000.0,7859891000.0,,3212127000.0,4647764000.0,,0.551,-48770000.0,913276000.0,913276000.0,371889000.0,114931000.0,1.116,67.367,4017375000.0,375000000.0,3642375000.0,4017375000.0,452130000.0,64049000.0,0.0,0.141,0.375,167483000.0,231532000.0,0.251,231532000.0,167483000.0,139516000.0,0.54,0.54,0.54,110631000.0,,110631000.0,5391712790.0,8.0,5.796,206790000.0,1.03,1.0,552276000.0,0.598,2302352000.0,27967000.0,5784601000.0,,179678000.0,2285938000.0,1224903000.0,1061035000.0,7452890000.0,2877037000.0,4575853000.0,2135997790.0,488487000.0,0.0,2325000.0,340000000.0,-75296000.0,257841000.0,-25665000.0,14663000.0,255560000.0,751000.0,110337000.0,105743000.0,105743000.0,0.0,4594000.0,0.114,423187000.0,129089000.0,1809226000.0,0.694,19.307,5.005,4.793,626569000.0,4594000.0,10.64,0.559,0.559,728250000.0,4744802000.0,924165000.0,924165000.0,26440000.0,,,,,4722000.0,378591000.0,1.0,200751672.0,200751672.0,,4.604,5557539000.0,146270000.0,29179000.0,455784000.0,27.684,335090000.0
35,PBI,MRQ,2012-09-30,2012-09-30,2012-09-30,2021-09-08,-625868000.0,7274166000.0,,2674072000.0,4600094000.0,,0.621,-39065000.0,424789000.0,424789000.0,400014000.0,81127000.0,0.995,54.987,3680504000.0,375000000.0,3305504000.0,3680504000.0,449051000.0,59900000.0,0.0,0.108,0.375,134664000.0,194564000.0,0.205,194564000.0,134664000.0,107123000.0,0.38,0.38,0.38,124633000.0,,124633000.0,5954525208.0,8.0,5.81,25731000.0,0.128,1.0,549775000.0,0.579,2303109000.0,27541000.0,5539090000.0,,187082000.0,2291499000.0,1227950000.0,1063549000.0,6853163000.0,2687682000.0,4165481000.0,2772824208.0,-74983000.0,0.0,2715000.0,0.0,-75257000.0,-72542000.0,-76061000.0,-19289000.0,64796000.0,8824000.0,76533000.0,71939000.0,71939000.0,0.0,4594000.0,0.076,401161000.0,148614000.0,1643395000.0,0.987,22.248,4.831,4.685,632160000.0,4594000.0,13.82,0.787,0.787,2888108000.0,4709761000.0,949789000.0,949789000.0,30226000.0,,,,,4653000.0,370935000.0,1.0,200638510.0,200638510.0,,4.734,4971057000.0,67659000.0,30590000.0,439120000.0,24.776,-13610000.0
36,PBI,MRQ,2012-06-30,2012-06-30,2012-06-30,2021-09-08,-657658000.0,7344997000.0,,2721316000.0,4623681000.0,,0.406,-38722000.0,499772000.0,499772000.0,558611000.0,104217000.0,0.981,85.735,3681473000.0,375000000.0,3306473000.0,3681473000.0,466926000.0,67237000.0,0.0,0.1,0.375,183089000.0,250326000.0,0.215,250326000.0,183089000.0,152736000.0,0.5,0.49,0.5,81266000.0,,81266000.0,6342289703.0,8.0,5.86,229730000.0,1.147,1.0,607746000.0,0.521,2322216000.0,30353000.0,5431179000.0,,187562000.0,2313260000.0,1227854000.0,1085406000.0,6967361000.0,2773303000.0,4194058000.0,2997214703.0,-415781000.0,0.0,2215000.0,-577830000.0,-75087000.0,-659890000.0,-5650000.0,5064000.0,268452000.0,-18693000.0,99623000.0,95029000.0,95029000.0,0.0,4594000.0,0.081,418254000.0,189492000.0,1701135000.0,0.75,36.882,4.472,4.364,643146000.0,4594000.0,14.97,0.774,0.774,2903085000.0,4708485000.0,1166357000.0,1166357000.0,33811000.0,,,,,4475000.0,380656000.0,1.0,200214743.0,200214743.0,,5.826,5022781000.0,64406000.0,53113000.0,484317000.0,25.087,-51987000.0
37,PBI,MRQ,2012-03-31,2012-03-31,2012-03-31,2021-09-08,-617106000.0,8062258000.0,,3294259000.0,4767999000.0,,0.456,-50029000.0,915553000.0,915553000.0,595148000.0,163264000.0,1.083,84.299,4260628000.0,577830000.0,3682798000.0,4260628000.0,494068000.0,64370000.0,0.0,0.084,0.375,203530000.0,267900000.0,0.22,267900000.0,203530000.0,174163000.0,0.79,0.79,0.79,91043000.0,,91043000.0,6889938907.0,8.0,6.363,21351000.0,0.107,1.0,624988000.0,0.512,2364580000.0,29367000.0,6000420000.0,,179321000.0,2375357000.0,1260565000.0,1114792000.0,7674845000.0,3042333000.0,4632512000.0,3512267907.0,59315000.0,0.0,2059000.0,27830000.0,-74938000.0,-45049000.0,20644000.0,96347000.0,71380000.0,12340000.0,158670000.0,154076000.0,154076000.0,0.0,4594000.0,0.126,436325000.0,188663000.0,1675152000.0,0.475,38.578,5.231,5.125,665045000.0,4594000.0,17.58,0.873,0.873,3000846000.0,4683949000.0,1220136000.0,1220136000.0,34073000.0,,,,,4377000.0,405486000.0,1.0,199787708.0,199787708.0,,6.107,5697678000.0,201657000.0,15493000.0,601311000.0,28.519,251926000.0
38,PBI,MRQ,2011-12-31,2011-12-31,2011-12-31,2021-09-08,-661645000.0,8147104000.0,,3259858000.0,4887246000.0,,-0.195,-32268000.0,856238000.0,856238000.0,-260368000.0,262068000.0,1.054,-202.373,4233909000.0,550000000.0,3683909000.0,4233909000.0,458425000.0,67141000.0,0.0,0.08,0.37,245030000.0,312171000.0,1.66,312171000.0,245030000.0,215673000.0,1.28,1.29,1.28,-38986000.0,,-38986000.0,7231574659.0,9.0,6.95,166263000.0,0.833,1.0,448442000.0,2.384,2359691000.0,29357000.0,6073222000.0,,178599000.0,2508123000.0,1264061000.0,1244062000.0,7889720000.0,3091862000.0,4797858000.0,3701280659.0,141044000.0,0.0,2498000.0,0.0,-73903000.0,-80592000.0,23083000.0,5469000.0,198531000.0,22000.0,257474000.0,252880000.0,252880000.0,0.0,4594000.0,1.345,321887000.0,126555000.0,1840465000.0,0.289,-94.939,6.178,6.059,662857000.0,4594000.0,18.54,0.897,0.897,723630000.0,4600217000.0,188074000.0,188074000.0,21383000.0,,,,,5299000.0,300698000.0,1.0,199637576.0,199637576.0,,0.942,5787413000.0,192548000.0,-41801000.0,613756000.0,28.99,167996000.0
39,PBI,MRQ,2011-09-30,2011-09-30,2011-09-30,2021-09-08,-477431000.0,8163067000.0,,3069675000.0,5093392000.0,,-0.224,-35012000.0,715194000.0,715194000.0,641339000.0,177360000.0,1.249,-174.723,4245488000.0,1941000.0,4243547000.0,4245488000.0,450874000.0,67366000.0,0.0,0.078,0.37,184612000.0,251978000.0,0.194,251978000.0,184612000.0,155680000.0,0.86,0.86,0.86,-45283000.0,,-45283000.0,7464290728.0,11.0,7.848,266043000.0,1.316,1.0,658385000.0,0.507,2492291000.0,28932000.0,6742689000.0,,178553000.0,2565808000.0,1315477000.0,1250331000.0,7911980000.0,2458381000.0,5453599000.0,3800296728.0,136746000.0,0.0,-46733000.0,0.0,-74813000.0,-121546000.0,-31202000.0,36426000.0,301055000.0,-11561000.0,172767000.0,168174000.0,168174000.0,0.0,4593000.0,0.129,530873000.0,127512000.0,1664217000.0,0.43,-83.923,9.391,8.995,681531000.0,4593000.0,18.8,0.73,0.73,3052944000.0,4416646000.0,1299724000.0,1299724000.0,35573000.0,,,,,4737000.0,427412000.0,1.0,202143443.0,202143443.0,,6.43,5670776000.0,195249000.0,-17087000.0,1057869000.0,28.053,611294000.0
40,PBI,MRQ,2011-06-30,2011-06-30,2011-06-30,2021-09-08,-379162000.0,8368954000.0,,2990969000.0,5377985000.0,,-0.006,-53341000.0,578448000.0,578448000.0,653813000.0,105529000.0,1.214,-6906.547,4242442000.0,2477000.0,4239965000.0,4242442000.0,481239000.0,68317000.0,0.0,0.064,0.37,182497000.0,250814000.0,0.191,250814000.0,182497000.0,153947000.0,0.5,0.5,0.5,-1169000.0,,-1169000.0,8316408425.0,13.0,8.856,99299000.0,0.487,1.0,660661000.0,0.503,2610626000.0,28550000.0,6957996000.0,,177504000.0,2762155000.0,1326244000.0,1435911000.0,8073753000.0,2464326000.0,5609427000.0,4686590425.0,-73621000.0,0.0,-46328000.0,-42300000.0,-75440000.0,-173256000.0,-55922000.0,-26664000.0,152640000.0,2917000.0,100935000.0,96341000.0,96341000.0,0.0,4594000.0,0.073,475150000.0,185511000.0,1748628000.0,0.74,-4009.059,14.608,13.849,712713000.0,4594000.0,22.99,0.892,0.892,3179267000.0,4318692000.0,1314474000.0,1314474000.0,37441000.0,,,,,4738000.0,432715000.0,1.0,203853433.0,203853433.0,,6.448,5758328000.0,205459000.0,53012000.0,1083719000.0,28.247,526643000.0
41,PBI,MRQ,2011-03-31,2011-03-31,2011-03-31,2021-09-08,-414496000.0,8496854000.0,,3082013000.0,5414841000.0,,-0.123,-34676000.0,652069000.0,652069000.0,674200000.0,90898000.0,1.224,-327.843,4281887000.0,45450000.0,4236437000.0,4281887000.0,508160000.0,69318000.0,0.0,0.057,0.37,156222000.0,225540000.0,0.17,225540000.0,156222000.0,127698000.0,0.42,0.42,0.42,-25090000.0,,-25090000.0,9043622021.0,15.0,10.148,262085000.0,1.286,1.0,648869000.0,0.49,2617708000.0,28524000.0,6991848000.0,,180292000.0,2783258000.0,1317298000.0,1465960000.0,8225574000.0,2517116000.0,5708458000.0,5235243021.0,167706000.0,0.0,3500000.0,-7700000.0,-75423000.0,-79623000.0,-53375000.0,-12704000.0,296761000.0,3943000.0,86304000.0,81710000.0,81710000.0,0.0,4594000.0,0.062,487393000.0,161476000.0,1757372000.0,0.881,-208.659,18.61,17.596,710398000.0,4594000.0,25.69,1.0,1.0,3245948000.0,4293198000.0,1323069000.0,1323069000.0,34758000.0,,,,,3918000.0,426611000.0,1.0,203785248.0,203785248.0,,6.492,5879146000.0,201242000.0,41394000.0,1026394000.0,28.85,564897000.0
42,PBI,MRQ,2010-12-31,2010-12-31,2010-12-31,2021-09-08,-473806000.0,8444023000.0,,3008241000.0,5435782000.0,,-0.475,-16996000.0,484363000.0,484363000.0,553815000.0,67618000.0,1.178,-85.361,4289248000.0,50000000.0,4239248000.0,4289248000.0,481900000.0,72048000.0,0.0,0.06,0.365,150767000.0,222815000.0,0.176,222815000.0,150767000.0,121320000.0,0.31,0.31,0.31,-96581000.0,,-96581000.0,8909567110.0,14.0,9.629,269044000.0,1.323,1.0,715329000.0,0.564,2604236000.0,29447000.0,7091093000.0,,168967000.0,2847710000.0,1352205000.0,1495505000.0,8244234000.0,2553579000.0,5690655000.0,4917094110.0,98317000.0,-2037000.0,2736000.0,-81562000.0,-74257000.0,-163087000.0,-25202000.0,-11163000.0,286040000.0,566000.0,63024000.0,58430000.0,58430000.0,0.0,4594000.0,0.046,537148000.0,178181000.0,1828755000.0,1.177,-50.912,17.942,17.028,726671000.0,4594000.0,24.18,0.935,0.935,3358230000.0,4282316000.0,1269144000.0,1269144000.0,38884000.0,,,,,4245000.0,419342000.0,1.0,203353768.0,203353768.0,,6.241,5839787000.0,234143000.0,58296000.0,990573000.0,28.717,454662000.0
43,PBI,MRQ,2010-09-30,2010-09-30,2010-09-30,2021-09-08,-451880000.0,8315907000.0,,2845317000.0,5470590000.0,,-0.338,-31538000.0,386046000.0,386046000.0,666330000.0,93528000.0,1.175,-115.663,4378519000.0,135674000.0,4242845000.0,4378519000.0,461573000.0,74774000.0,0.0,0.068,0.365,165125000.0,239899000.0,0.178,239899000.0,165125000.0,135815000.0,0.43,0.43,0.43,-69940000.0,,-69940000.0,8342198799.0,13.0,8.723,210731000.0,1.02,1.0,679412000.0,0.505,2616490000.0,29310000.0,7269784000.0,,187875000.0,2817095000.0,1330172000.0,1486923000.0,8089477000.0,2422106000.0,5667371000.0,4419098799.0,-73405000.0,-65150000.0,-96768000.0,-11897000.0,-75793000.0,-184458000.0,-140224000.0,-29474000.0,242269000.0,9008000.0,88935000.0,84342000.0,84342000.0,0.0,4593000.0,0.063,507551000.0,171861000.0,1694745000.0,0.849,-63.184,14.208,13.447,774255000.0,4593000.0,21.38,0.812,0.812,3280286000.0,4293549000.0,1345742000.0,1345742000.0,38454000.0,,,,,5081000.0,435292000.0,1.0,206693115.0,206693115.0,,6.511,5699417000.0,221265000.0,46880000.0,981193000.0,27.574,423211000.0
44,PBI,MRQ,2010-06-30,2010-06-30,2010-06-30,2021-09-08,-583181000.0,8277067000.0,,2949998000.0,5327069000.0,,-0.582,-30272000.0,459451000.0,459451000.0,651930000.0,65924000.0,1.221,-67.131,4382551000.0,149082000.0,4233469000.0,4382551000.0,465972000.0,77130000.0,0.0,0.066,0.365,125762000.0,202892000.0,0.156,202892000.0,125762000.0,96558000.0,0.3,0.3,0.3,-120681000.0,,-120681000.0,8399643259.0,13.0,8.467,91976000.0,0.443,1.0,645307000.0,0.497,2492373000.0,29204000.0,7291746000.0,,182974000.0,2810065000.0,1350839000.0,1459226000.0,8101378000.0,2416048000.0,5685330000.0,4557322259.0,-17489000.0,-10350000.0,2463000.0,44659000.0,-75757000.0,-37772000.0,-95321000.0,-85387000.0,122248000.0,-6644000.0,61381000.0,56838000.0,56838000.0,0.0,4543000.0,0.044,513032000.0,132275000.0,1661401000.0,1.217,-37.763,14.01,13.229,786103000.0,4543000.0,21.96,0.835,0.835,3265425000.0,4280409000.0,1297237000.0,1297237000.0,38168000.0,,,,,5730000.0,426352000.0,1.0,207528336.0,207528336.0,,6.251,5784694000.0,254822000.0,35177000.0,1001025000.0,27.874,533950000.0
45,PBI,MRQ,2010-03-31,2010-03-31,2010-03-31,2021-09-08,-483232000.0,8368349000.0,,2942796000.0,5425553000.0,,-0.027,-28367000.0,476940000.0,476940000.0,656445000.0,83633000.0,1.224,-1427.397,4319261000.0,103533000.0,4215728000.0,4319261000.0,482849000.0,79701000.0,0.0,0.059,0.365,184536000.0,264237000.0,0.196,264237000.0,184536000.0,156878000.0,0.38,0.38,0.38,-5659000.0,,-5659000.0,9099099970.0,12.0,8.376,273187000.0,1.317,1.0,691788000.0,0.513,2548129000.0,27658000.0,7258821000.0,,162070000.0,2905575000.0,1355239000.0,1550336000.0,8077638000.0,2403720000.0,5673918000.0,5072174970.0,64203000.0,0.0,2992000.0,-121994000.0,-75649000.0,-194651000.0,-40746000.0,-1158000.0,301554000.0,-1954000.0,83633000.0,79039000.0,79039000.0,0.0,0.0,0.059,504884000.0,186904000.0,1661467000.0,0.961,-896.302,13.308,12.668,832608000.0,4594000.0,24.45,0.916,0.916,3409136000.0,4309185000.0,1348233000.0,1348233000.0,40865000.0,,,,,5055000.0,443297000.0,1.0,207450919.0,207450919.0,,6.499,5820220000.0,190118000.0,73245000.0,1003637000.0,28.056,539076000.0
46,PBI,MRQ,2009-12-31,2009-12-31,2009-12-31,2021-09-08,-459792000.0,8571039000.0,,2971236000.0,5599803000.0,,-0.015,-40219000.0,412737000.0,412737000.0,699115000.0,106308000.0,1.158,-2626.212,4439662000.0,226022000.0,4213640000.0,4439662000.0,447786000.0,76212000.0,0.0,0.063,0.36,173054000.0,249266000.0,0.171,249266000.0,173054000.0,146333000.0,0.48,0.47,0.48,-3152000.0,,-3152000.0,8662781499.0,11.0,7.778,51425000.0,0.248,1.0,755190000.0,0.519,2603321000.0,26721000.0,7428196000.0,,156502000.0,2974401000.0,1385600000.0,1588801000.0,8277821000.0,2566447000.0,5711374000.0,4714480499.0,-28391000.0,0.0,2978000.0,55794000.0,-74373000.0,-100002000.0,-18393000.0,13926000.0,91644000.0,-1640000.0,98554000.0,90800000.0,90800000.0,0.0,7754000.0,0.062,562773000.0,192417000.0,1748254000.0,0.75,-1495.711,11.728,11.102,875111000.0,7754000.0,22.76,0.847,0.847,3543212000.0,4291393000.0,1454305000.0,1454305000.0,43568000.0,,,,,5559000.0,483304000.0,1.0,207138862.0,207138862.0,,7.021,5967718000.0,246636000.0,47779000.0,1017040000.0,28.81,404789000.0
47,PBI,MRQ,2009-09-30,2009-09-30,2009-09-30,2021-09-08,-461550000.0,8544021000.0,,2945244000.0,5598777000.0,,0.374,-36319000.0,441128000.0,441128000.0,668447000.0,107849000.0,1.212,104.424,4389429000.0,170783000.0,4218646000.0,4389429000.0,452380000.0,87443000.0,0.0,0.058,0.36,188162000.0,275605000.0,0.203,275605000.0,188162000.0,160918000.0,0.5,0.5,0.5,77495000.0,,77495000.0,9202013065.0,12.0,8.313,212718000.0,1.027,1.0,688373000.0,0.507,2613634000.0,27244000.0,7448920000.0,,176626000.0,2984839000.0,1383291000.0,1601548000.0,8092361000.0,2429768000.0,5662593000.0,5145277065.0,-4134000.0,0.0,3884000.0,-119375000.0,-74559000.0,-194672000.0,-64057000.0,-19970000.0,249037000.0,5558000.0,103227000.0,98605000.0,98605000.0,0.0,4622000.0,0.073,493828000.0,194545000.0,1693697000.0,0.72,66.395,12.823,12.809,903100000.0,4622000.0,24.85,0.908,0.908,3508168000.0,4380513000.0,1356820000.0,1356820000.0,45052000.0,,,,,5332000.0,435931000.0,1.0,207053403.0,207053403.0,,6.553,5930387000.0,139666000.0,57691000.0,773105000.0,28.642,515476000.0
48,PBI,MRQ,2009-06-30,2009-06-30,2009-06-30,2021-09-08,-533571000.0,8568179000.0,,2995611000.0,5572568000.0,,-0.147,-42414000.0,445262000.0,445262000.0,692866000.0,121833000.0,1.148,-271.43,4501998000.0,292869000.0,4209129000.0,4501998000.0,491073000.0,87854000.0,0.0,0.065,0.36,209350000.0,297204000.0,0.216,297204000.0,209350000.0,179797000.0,0.57,0.57,0.57,-30300000.0,,-30300000.0,8714965906.0,11.0,7.756,164502000.0,0.797,1.0,685596000.0,0.497,2617763000.0,29553000.0,7397764000.0,,171267000.0,2983503000.0,1388587000.0,1594916000.0,8224314000.0,2609388000.0,5614926000.0,4526103906.0,22045000.0,0.0,2821000.0,-91435000.0,-74326000.0,-167511000.0,-27230000.0,-8023000.0,206916000.0,9870000.0,117262000.0,112691000.0,112691000.0,0.0,4571000.0,0.082,477710000.0,207886000.0,1722404000.0,0.632,-149.376,11.477,11.482,912657000.0,4571000.0,21.93,0.773,0.773,3543988000.0,4351845000.0,1378462000.0,1378462000.0,46622000.0,,,,,6362000.0,431088000.0,1.0,206388687.0,206388687.0,,6.679,5950416000.0,149509000.0,62535000.0,720595000.0,28.831,386223000.0
49,PBI,MRQ,2009-03-31,2009-03-31,2009-03-31,2021-09-08,-644905000.0,8485122000.0,,2925567000.0,5559555000.0,,-0.981,-47776000.0,423217000.0,423217000.0,677596000.0,108923000.0,1.088,-41.088,4612079000.0,384382000.0,4227697000.0,4612079000.0,482215000.0,87386000.0,0.0,0.06,0.36,204302000.0,291688000.0,0.211,291688000.0,204302000.0,176551000.0,0.51,0.5,0.51,-202329000.0,,-202329000.0,9146287361.0,12.0,7.94,228695000.0,1.108,1.0,701988000.0,0.509,2563202000.0,27751000.0,7421210000.0,,170228000.0,2971032000.0,1404374000.0,1566658000.0,8313286000.0,2689572000.0,5623714000.0,4817592361.0,46546000.0,0.0,2279000.0,-87137000.0,-74297000.0,-163676000.0,-62290000.0,7161000.0,276471000.0,-3959000.0,104402000.0,99881000.0,99881000.0,0.0,4521000.0,0.072,497340000.0,204648000.0,1684080000.0,0.706,-23.811,11.884,11.913,941643000.0,4521000.0,23.35,0.794,0.794,3551247000.0,4308909000.0,1379584000.0,1379584000.0,46949000.0,,,,,5270000.0,450391000.0,1.0,206320872.0,206320872.0,,6.687,5921920000.0,115301000.0,72149000.0,714602000.0,28.702,235995000.0
50,PBI,MRQ,2008-12-31,2008-12-31,2008-12-31,2021-09-08,-596341000.0,8810236000.0,,3043082000.0,5767154000.0,,-1.391,-67330000.0,376671000.0,376671000.0,756747000.0,78573000.0,0.943,-30.417,4705366000.0,770501000.0,3934865000.0,4705366000.0,441556000.0,90528000.0,0.0,0.055,0.35,151889000.0,242417000.0,0.156,242417000.0,151889000.0,124247000.0,0.36,0.36,0.36,-286779000.0,,-286779000.0,9651144053.0,12.0,8.153,186026000.0,0.902,1.0,795842000.0,0.513,2627652000.0,27642000.0,7285007000.0,,161321000.0,3099182000.0,1477297000.0,1621885000.0,8722850000.0,3226272000.0,5496578000.0,5252154053.0,-82115000.0,1287000.0,3593000.0,-220289000.0,-72164000.0,-293481000.0,-32632000.0,16669000.0,253356000.0,-9358000.0,94707000.0,90086000.0,90086000.0,0.0,-16134000.0,0.058,644275000.0,151567000.0,1922399000.0,0.972,-18.314,12.511,12.677,972209000.0,4621000.0,25.48,0.839,0.839,3755332000.0,4179904000.0,1552589000.0,1552589000.0,49444000.0,,,,,6839000.0,479714000.0,1.0,206128495.0,206128495.0,,7.532,6182584000.0,197786000.0,29540000.0,830207000.0,29.994,-183190000.0
51,PBI,MRQ,2008-09-30,2008-09-30,2008-09-30,2021-09-08,-7112000.0,9374378000.0,,3299912000.0,6074466000.0,,1.808,-54632000.0,458786000.0,458786000.0,757640000.0,104769000.0,0.925,22.955,4857776000.0,985196000.0,3872580000.0,4857776000.0,547401000.0,94607000.0,0.0,0.041,0.35,197722000.0,292329000.0,0.189,292329000.0,197722000.0,167685000.0,0.47,0.47,0.47,375713000.0,,375713000.0,11361236255.0,18.0,11.344,230979000.0,1.112,1.0,790033000.0,0.51,2722674000.0,30037000.0,7481984000.0,,204606000.0,3170952000.0,1473578000.0,1697374000.0,8624500000.0,3568710000.0,5055790000.0,6909876255.0,29374000.0,-473000.0,-55704000.0,-35926000.0,-72745000.0,-180915000.0,-66883000.0,-9943000.0,285611000.0,-8439000.0,98229000.0,91689000.0,91689000.0,0.0,6540000.0,0.059,586887000.0,203146000.0,1876174000.0,0.745,18.391,27.362,23.928,999160000.0,6540000.0,33.26,1.084,1.084,829963000.0,4260150000.0,1547673000.0,1547673000.0,53008000.0,,,,,6809000.0,484650000.0,1.0,207753345.0,207753345.0,,7.45,6651704000.0,120213000.0,69456000.0,934326000.0,32.017,-268798000.0
52,PBI,MRQ,2008-06-30,2008-06-30,2008-06-30,2021-09-08,134629000.0,9653639000.0,,3388638000.0,6265001000.0,,2.619,-58413000.0,429412000.0,429412000.0,785317000.0,133305000.0,0.971,16.048,4880772000.0,866862000.0,4013910000.0,4880772000.0,593666000.0,96455000.0,0.0,0.04,0.35,229032000.0,325487000.0,0.205,325487000.0,229032000.0,198895000.0,0.62,0.61,0.62,543718000.0,,543718000.0,11546069656.0,17.0,10.821,158900000.0,0.766,1.0,802769000.0,0.505,2832634000.0,30137000.0,7783302000.0,,214110000.0,3257489000.0,1508000000.0,1749489000.0,8725756000.0,3489063000.0,5236693000.0,7078339656.0,31626000.0,-63403000.0,-87077000.0,42268000.0,-72568000.0,-122173000.0,-63244000.0,32887000.0,217313000.0,-270000.0,128509000.0,123713000.0,123713000.0,0.0,4796000.0,0.078,569672000.0,233097000.0,1915896000.0,0.565,13.018,24.533,22.733,1040335000.0,4796000.0,34.1,1.117,1.117,880918000.0,4234666000.0,1588086000.0,1588086000.0,53168000.0,,,,,6795000.0,497689000.0,1.0,207575943.0,207575943.0,,7.651,6821005000.0,124051000.0,70386000.0,907429000.0,32.86,-100425000.0
53,PBI,MRQ,2008-03-31,2008-03-31,2008-03-31,2021-09-08,130163000.0,9629550000.0,,3379322000.0,6250228000.0,,2.623,-56933000.0,397786000.0,397786000.0,748312000.0,123901000.0,0.979,15.699,4865516000.0,818503000.0,4047013000.0,4865516000.0,597935000.0,97527000.0,0.0,0.038,0.35,256417000.0,353944000.0,0.225,353944000.0,256417000.0,194650000.0,0.56,0.56,0.56,553634000.0,,553634000.0,11770977846.0,16.0,10.367,196202000.0,0.929,1.0,825645000.0,0.525,2787169000.0,61767000.0,7858913000.0,,218036000.0,3314388000.0,1552454000.0,1761934000.0,8691751000.0,3451198000.0,5240553000.0,7392311846.0,20610000.0,-5100000.0,-173889000.0,88554000.0,-74134000.0,-164267000.0,-71359000.0,-2093000.0,253135000.0,3101000.0,119103000.0,114305000.0,114305000.0,0.0,4798000.0,0.073,563588000.0,262057000.0,1893884000.0,0.625,13.352,23.316,22.306,1048214000.0,4798000.0,35.02,1.175,1.175,853236000.0,4178725000.0,1573957000.0,1573957000.0,50000000.0,,,,,5959000.0,496495000.0,1.0,211088288.0,211088288.0,,7.456,6842381000.0,120423000.0,75547000.0,906077000.0,32.415,-71876000.0
54,PBI,MRQ,2007-12-31,2007-12-31,2007-12-31,2021-09-08,88656000.0,9465731000.0,,3235401000.0,6230330000.0,,3.044,-33035000.0,377176000.0,377176000.0,902293000.0,-38687000.0,0.932,12.756,4755842000.0,953767000.0,3802075000.0,4755842000.0,456042000.0,97819000.0,0.0,0.035,0.33,-68035000.0,29784000.0,0.018,29784000.0,-68035000.0,-12273000.0,-0.26,-0.25,-0.26,660169000.0,,660169000.0,12807669407.0,17.0,11.098,349904000.0,1.613,1.0,761954000.0,0.458,2757046000.0,-55762000.0,7615124000.0,,197962000.0,3344729000.0,1561765000.0,1782964000.0,8421397000.0,3472227000.0,4949170000.0,8250405407.0,38413000.0,-34203000.0,-111503000.0,-158716000.0,-71591000.0,-361052000.0,13359000.0,44437000.0,382939000.0,3167000.0,-57929000.0,-77171000.0,-77171000.0,-4695000.0,19242000.0,-0.046,844049000.0,-82095000.0,1965567000.0,-1.269,12.497,23.74,22.643,1063845000.0,19242000.0,38.04,1.346,1.346,3873331000.0,4150622000.0,1664247000.0,1664247000.0,47301000.0,,,,,5649000.0,537035000.0,1.0,216887629.0,216887629.0,,7.673,6708685000.0,111325000.0,45656000.0,837730000.0,30.932,-236826000.0
55,PBI,MRQ,2007-09-30,2007-09-30,2007-09-30,2021-09-08,43416000.0,9516879000.0,,3270686000.0,6246193000.0,,3.824,-73592000.0,338763000.0,338763000.0,709134000.0,127675000.0,0.928,9.909,4896027000.0,1102053000.0,3793974000.0,4896027000.0,541988000.0,96439000.0,0.0,0.029,0.33,261333000.0,357772000.0,0.237,357772000.0,261333000.0,200947000.0,0.58,0.58,0.58,837205000.0,,837205000.0,14509421317.0,13.0,9.481,216200000.0,0.988,1.0,799143000.0,0.53,2676782000.0,60386000.0,7874773000.0,,257086000.0,3413172000.0,1590250000.0,1822922000.0,8295509000.0,3522588000.0,4772921000.0,9943575317.0,86796000.0,-37363000.0,-85878000.0,56660000.0,-71971000.0,-101189000.0,-104023000.0,-10070000.0,289792000.0,2216000.0,127675000.0,127675000.0,127675000.0,1565000.0,0.0,0.085,531383000.0,267760000.0,1748183000.0,0.569,11.877,17.027,17.205,1170654000.0,0.0,45.42,1.654,1.654,826917000.0,4263276000.0,1508277000.0,1508277000.0,47691000.0,,,,,6144000.0,479772000.0,1.0,218925040.0,218925040.0,,6.889,6840097000.0,0.0,73272000.0,654340000.0,31.244,-251902000.0
56,PBI,MRQ,2007-06-30,2007-06-30,2007-06-30,2021-09-08,-53770000.0,9190875000.0,,3094311000.0,6096564000.0,,3.497,-60850000.0,251967000.0,251967000.0,705309000.0,152239000.0,0.895,10.466,4817813000.0,1180815000.0,3636998000.0,4817813000.0,556004000.0,97558000.0,0.0,0.028,0.33,296368000.0,393926000.0,0.255,393926000.0,296368000.0,233827000.0,0.69,0.68,0.69,768043000.0,,768043000.0,14366909907.0,12.0,9.306,125901000.0,0.573,1.0,837725000.0,0.543,2633605000.0,62541000.0,7665208000.0,,248588000.0,3335062000.0,1551233000.0,1783829000.0,8038667000.0,3457908000.0,4580759000.0,10283719907.0,19722000.0,-506552000.0,-59032000.0,501417000.0,-72501000.0,369884000.0,-539165000.0,7781000.0,186751000.0,2252000.0,152239000.0,152239000.0,152239000.0,1342000.0,0.0,0.099,535219000.0,302506000.0,1613887000.0,0.478,13.39,17.0,17.15,1130789000.0,0.0,46.82,1.732,1.732,795873000.0,4207572000.0,1543034000.0,1543034000.0,47104000.0,,,,,5338000.0,488115000.0,1.0,219643740.0,219643740.0,,7.025,6557270000.0,0.0,81588000.0,614873000.0,29.854,-363597000.0
57,PBI,MRQ,2007-03-31,2007-03-31,2007-03-31,2021-09-08,-117773000.0,8474503000.0,,2913902000.0,5560601000.0,,3.025,-67571000.0,232245000.0,232245000.0,657503000.0,144796000.0,1.067,11.139,4315435000.0,577361000.0,3738074000.0,4315435000.0,527881000.0,91325000.0,0.0,0.028,0.33,281229000.0,372554000.0,0.263,372554000.0,281229000.0,224502000.0,0.66,0.65,0.66,666500000.0,,666500000.0,14098304965.0,21.0,13.628,152654000.0,0.693,1.0,756734000.0,0.535,2175533000.0,56727000.0,7650678000.0,,248617000.0,3185928000.0,1456762000.0,1729166000.0,7423838000.0,2731482000.0,4692356000.0,9999249965.0,-6857000.0,-15992000.0,-36066000.0,-22460000.0,-72727000.0,-131253000.0,-96510000.0,-1995000.0,220225000.0,681000.0,144796000.0,144796000.0,144796000.0,1788000.0,0.0,0.102,468971000.0,287763000.0,1534864000.0,0.5,15.003,103.496,105.558,1108057000.0,0.0,45.39,1.729,1.729,747533000.0,4127834000.0,1414237000.0,1414237000.0,43569000.0,,,,,7000000.0,425402000.0,1.0,220296320.0,220296320.0,,6.42,6298970000.0,0.0,79706000.0,608678000.0,28.593,182420000.0
58,PBI,MRQ,2006-12-31,2006-12-31,2006-12-31,2021-09-08,-131744000.0,8608944000.0,,2973455000.0,5635489000.0,,3.151,-84019000.0,239102000.0,239102000.0,711552000.0,159273000.0,1.071,10.763,4338157000.0,490540000.0,3847617000.0,4338157000.0,465862000.0,91210000.0,0.0,0.028,0.32,314873000.0,406083000.0,0.263,406083000.0,314873000.0,247055000.0,0.71,0.71,0.71,699189000.0,,699189000.0,14402458634.0,22.0,13.956,-706383000.0,-3.184,1.0,834280000.0,0.54,2156349000.0,67818000.0,7774912000.0,,237817000.0,3212106000.0,1466582000.0,1745524000.0,7525590000.0,2776738000.0,4748852000.0,10248621634.0,10749000.0,250732000.0,-52203000.0,-25842000.0,-70804000.0,-74684000.0,707752000.0,522649000.0,-622364000.0,45000.0,159273000.0,159273000.0,159273000.0,4048000.0,0.0,0.103,527168000.0,307112000.0,1677501000.0,0.451,14.658,97.284,98.277,1116551000.0,0.0,46.19,1.789,1.789,744073000.0,4140128000.0,1545832000.0,1545832000.0,40959000.0,,,,,6853000.0,470641000.0,1.0,221879663.0,221879663.0,,6.967,6452595000.0,128524000.0,87782000.0,597764000.0,29.082,196717000.0
59,PBI,MRQ,2006-09-30,2006-09-30,2006-09-30,2021-09-08,163406000.0,9420939000.0,,3518070000.0,5902869000.0,,4.32,-81430000.0,202865000.0,202865000.0,663834000.0,148620000.0,0.869,8.519,4356702000.0,1007712000.0,3348990000.0,4356702000.0,466511000.0,93076000.0,0.0,0.029,0.32,278147000.0,371223000.0,0.259,371223000.0,278147000.0,226185000.0,0.67,0.66,0.67,957128000.0,,957128000.0,13703882038.0,22.0,13.941,-141985000.0,-0.641,1.0,769497000.0,0.537,2166360000.0,51962000.0,7357883000.0,,244523000.0,3934630000.0,2156475000.0,1778155000.0,8153811000.0,4050533000.0,4103278000.0,9829482038.0,6684000.0,679686000.0,2223000.0,268968000.0,-70956000.0,200235000.0,-132794000.0,-741440000.0,-60555000.0,-202000.0,148620000.0,148620000.0,148620000.0,-4393000.0,0.0,0.104,492090000.0,277407000.0,1568610000.0,0.478,10.27,283.728,341.308,1109021000.0,0.0,44.37,1.752,1.752,674267000.0,4056278000.0,1433331000.0,1433331000.0,41893000.0,,,,,6729000.0,443426000.0,1.0,221534416.0,221534416.0,,6.47,7254579000.0,0.0,77565000.0,1495357000.0,32.747,-532463000.0
60,PBI,MRQ,2006-06-30,2006-06-30,2006-06-30,2021-09-08,181521000.0,9712621000.0,,3911066000.0,5801555000.0,,4.031,-79413000.0,196315000.0,196315000.0,635015000.0,-356074000.0,0.9,9.507,4070715000.0,707050000.0,3363665000.0,4070715000.0,491856000.0,89613000.0,0.0,0.031,0.32,-204927000.0,-115314000.0,-0.083,-115314000.0,-204927000.0,-259997000.0,-1.61,-1.59,-1.61,894873000.0,,894873000.0,13644744227.0,22.0,14.319,30698000.0,0.138,1.0,754195000.0,0.543,2129638000.0,55070000.0,7111739000.0,,243225000.0,3134857000.0,1367411000.0,1767446000.0,8507748000.0,4345644000.0,4162104000.0,9167645227.0,26328000.0,-119974000.0,-126143000.0,-151967000.0,-70717000.0,-348827000.0,262976000.0,300682000.0,110111000.0,2068000.0,-356074000.0,-356074000.0,-356074000.0,477326000.0,0.0,-0.256,478552000.0,275643000.0,1478114000.0,-0.199,10.245,354.895,590.0,1104965000.0,0.0,41.3,1.665,1.665,660092000.0,3978614000.0,1389210000.0,1389210000.0,40980000.0,,,,,7103000.0,432531000.0,1.0,221976882.0,221976882.0,,6.258,7582983000.0,0.0,96077000.0,748041000.0,34.161,-434578000.0
61,PBI,MRQ,2006-03-31,2006-03-31,2006-03-31,2021-09-08,97125000.0,10588462000.0,,2793454000.0,7795008000.0,,5.941,-83015000.0,195341000.0,195341000.0,629926000.0,153528000.0,0.953,6.622,4672440000.0,894232000.0,3778208000.0,4672440000.0,496534000.0,89359000.0,0.0,0.029,0.32,280677000.0,370036000.0,0.272,370036000.0,280677000.0,227108000.0,0.68,0.67,0.68,1348599000.0,,1348599000.0,14208224470.0,13.0,10.207,203219000.0,0.895,1.0,731720000.0,0.537,1996447000.0,53569000.0,10138901000.0,,225870000.0,4741907000.0,1496748000.0,3245159000.0,8929863000.0,2930213000.0,5999650000.0,9744368470.0,-48168000.0,-38010000.0,-122428000.0,-21419000.0,-72574000.0,-216421000.0,-118461000.0,25864000.0,286234000.0,480000.0,153528000.0,153528000.0,153528000.0,-16669000.0,0.0,0.113,464795000.0,266925000.0,1453641000.0,0.471,7.226,18.853,18.912,1624683000.0,0.0,42.93,1.791,1.791,660270000.0,4405405000.0,1361646000.0,1361646000.0,41535000.0,,,,,6690000.0,417663000.0,1.0,226982727.0,226982727.0,,5.999,8592015000.0,0.0,73580000.0,1993575000.0,37.853,-136759000.0
62,PBI,MRQ,2005-12-31,2005-12-31,2005-12-31,2021-09-08,76917000.0,10621382000.0,,2742315000.0,7879067000.0,,5.98,-76104000.0,243509000.0,243509000.0,653441000.0,88570000.0,0.942,6.558,4707365000.0,857742000.0,3849623000.0,4707365000.0,458392000.0,83419000.0,0.0,0.029,0.31,273612000.0,357031000.0,0.25,357031000.0,273612000.0,216924000.0,0.39,0.39,0.39,1364249000.0,,1364249000.0,13626808322.0,13.0,10.002,28602000.0,0.125,1.0,773930000.0,0.542,1959200000.0,56688000.0,10215141000.0,,220918000.0,4710337000.0,1398639000.0,3311698000.0,8947133000.0,2910897000.0,6036236000.0,9637918322.0,-51018000.0,-115790000.0,-48153000.0,29346000.0,-70587000.0,-89394000.0,-65070000.0,107924000.0,104706000.0,-1260000.0,88570000.0,88570000.0,88570000.0,-4948000.0,0.0,0.062,507650000.0,266280000.0,1538860000.0,0.795,7.065,18.949,19.032,1646596000.0,0.0,42.25,1.796,1.796,658198000.0,4324451000.0,1427371000.0,1427371000.0,43200000.0,,,,,7688000.0,434280000.0,1.0,228116410.0,228116410.0,,6.257,8662182000.0,0.0,128354000.0,1915853000.0,37.973,-168582000.0
63,PBI,MRQ,2005-09-30,2005-09-30,2005-09-30,2021-09-08,118121000.0,10155268000.0,,2786460000.0,7368808000.0,,5.989,-67766000.0,294527000.0,294527000.0,610924000.0,139808000.0,0.931,6.184,4283417000.0,931685000.0,3351732000.0,4283417000.0,467522000.0,83923000.0,0.0,0.03,0.31,257252000.0,341175000.0,0.257,341175000.0,257252000.0,207831000.0,0.61,0.6,0.61,1370529000.0,,1370529000.0,13616304774.0,16.0,11.295,148436000.0,0.649,1.0,718105000.0,0.54,1984090000.0,49421000.0,9166655000.0,,228708000.0,4781752000.0,1412084000.0,3369668000.0,8474739000.0,2993413000.0,5481326000.0,9552473774.0,17643000.0,7860000.0,-27467000.0,-61277000.0,-70926000.0,-159670000.0,-37702000.0,22104000.0,216202000.0,-1187000.0,139808000.0,139808000.0,139808000.0,-6789000.0,0.0,0.105,465232000.0,252873000.0,1458522000.0,0.508,6.97,19.728,19.782,1115004000.0,0.0,41.74,1.835,1.835,637054000.0,4452852000.0,1329029000.0,1329029000.0,40265000.0,,,,,6805000.0,412049000.0,1.0,228856583.0,228856583.0,,5.807,8171178000.0,0.0,68023000.0,1923240000.0,35.704,-206953000.0
64,PBI,MRQ,2005-06-30,2005-06-30,2005-06-30,2021-09-08,123156000.0,10162467000.0,,2756781000.0,7405686000.0,,5.804,-68141000.0,276884000.0,276884000.0,618402000.0,134958000.0,0.779,6.38,4340715000.0,1459078000.0,2881637000.0,4340715000.0,483344000.0,82083000.0,0.0,0.028,0.31,241747000.0,323830000.0,0.245,323830000.0,241747000.0,196592000.0,0.59,0.58,0.59,1335030000.0,,1335030000.0,13618416488.0,16.0,11.488,-48679000.0,-0.212,1.0,704204000.0,0.532,2018961000.0,45155000.0,8669672000.0,,237146000.0,4776376000.0,1414894000.0,3361482000.0,8517437000.0,3537665000.0,4979772000.0,10017667488.0,-45660000.0,-241012000.0,-61703000.0,415171000.0,-71312000.0,282156000.0,-346406000.0,-46753000.0,19462000.0,-872000.0,134958000.0,134958000.0,134958000.0,-13718000.0,0.0,0.102,473654000.0,230550000.0,1478953000.0,0.525,7.504,20.83,20.837,1118415000.0,0.0,43.55,1.966,1.966,617066000.0,4381273000.0,1322606000.0,1322606000.0,40508000.0,,,,,6171000.0,406744000.0,1.0,230026808.0,230026808.0,,5.75,8143506000.0,0.0,61634000.0,1867192000.0,35.402,-780884000.0
65,PBI,MRQ,2005-03-31,2005-03-31,2005-03-31,2021-09-08,121540000.0,9818720000.0,,2716434000.0,7102286000.0,,5.729,-49301000.0,322544000.0,322544000.0,600014000.0,145275000.0,0.939,6.19,3923293000.0,747268000.0,3176025000.0,3923293000.0,466329000.0,82538000.0,0.0,0.027,0.31,268026000.0,350564000.0,0.266,350564000.0,268026000.0,221210000.0,0.63,0.62,0.63,1322572000.0,,1322572000.0,14077043938.0,16.0,11.956,140770000.0,0.61,1.0,717774000.0,0.545,1753272000.0,46816000.0,8772920000.0,,224095000.0,4718291000.0,1371612000.0,3346679000.0,8186148000.0,2893277000.0,5292871000.0,10415420938.0,6327000.0,54766000.0,-29316000.0,-60114000.0,-71523000.0,-160953000.0,-23014000.0,-9779000.0,190071000.0,223000.0,145275000.0,145275000.0,145275000.0,0.0,0.0,0.11,449748000.0,268026000.0,1419783000.0,0.492,7.875,21.668,21.692,1129411000.0,0.0,45.12,2.092,2.092,596435000.0,4316613000.0,1317788000.0,1317788000.0,41778000.0,,,,,6559000.0,413810000.0,1.0,230838230.0,230838230.0,,5.709,8065448000.0,0.0,75935000.0,2016086000.0,34.94,-176843000.0
66,PBI,MRQ,2004-12-31,2004-12-31,2004-12-31,2021-09-08,135526000.0,10211626000.0,,2688762000.0,7522864000.0,,5.594,-90757000.0,316217000.0,316217000.0,609562000.0,64168000.0,0.805,6.675,4375163000.0,1210475000.0,3164688000.0,4375163000.0,421819000.0,81013000.0,0.0,0.026,0.305,108970000.0,189983000.0,0.154,189983000.0,108970000.0,74706000.0,0.28,0.27,0.28,1290081000.0,,1290081000.0,14247397447.0,17.0,12.634,116912000.0,0.507,1.0,627397000.0,0.507,1735118000.0,34264000.0,9197316000.0,,206697000.0,4657762000.0,1400202000.0,3257560000.0,8611545000.0,3338138000.0,5273407000.0,10673082447.0,-30305000.0,-164014000.0,5883000.0,55835000.0,-70362000.0,-8644000.0,-232668000.0,17436000.0,207669000.0,3338000.0,64168000.0,64168000.0,64168000.0,-56557000.0,0.0,0.052,573007000.0,54390000.0,1487239000.0,1.089,8.273,23.102,23.14,1693912000.0,0.0,46.28,2.209,2.209,567772000.0,4243404000.0,1236959000.0,1236959000.0,43310000.0,,,,,29888000.0,399251000.0,1.0,230619759.0,230619759.0,,5.364,8476508000.0,0.0,10538000.0,1983718000.0,36.755,-649376000.0
67,PBI,MRQ,2004-09-30,2004-09-30,2004-09-30,2021-09-08,72674000.0,9545011000.0,,2615729000.0,6929282000.0,,5.27,-79378000.0,346522000.0,346522000.0,544214000.0,136516000.0,0.864,6.581,3920837000.0,1097551000.0,2823286000.0,3920837000.0,404012000.0,76993000.0,0.0,0.028,0.305,244041000.0,321034000.0,0.264,321034000.0,244041000.0,200638000.0,0.59,0.58,0.59,1218162000.0,,1218162000.0,13479809732.0,14.0,10.583,134478000.0,0.582,1.0,673308000.0,0.553,1588720000.0,43403000.0,8502881000.0,,214396000.0,4708885000.0,1359485000.0,3349400000.0,8016849000.0,3027725000.0,4989124000.0,10192804732.0,18240000.0,-308801000.0,-31431000.0,280842000.0,-70421000.0,178990000.0,-375531000.0,287000.0,213856000.0,925000.0,136516000.0,136516000.0,136516000.0,0.0,0.0,0.112,429267000.0,244041000.0,1320799000.0,0.517,8.367,18.713,18.766,1140895000.0,0.0,44.1,2.119,2.119,495414000.0,4223052000.0,1217522000.0,1217522000.0,42629000.0,,,,,0.0,371056000.0,1.0,231129359.0,231129359.0,,5.268,7956291000.0,0.0,64122000.0,1965417000.0,34.424,-411996000.0
68,PBI,MRQ,2004-06-30,2004-06-30,2004-06-30,2021-09-08,38588000.0,9082366000.0,,2555770000.0,6526596000.0,,4.914,-72378000.0,328282000.0,328282000.0,545816000.0,134718000.0,0.842,6.724,3615287000.0,1151359000.0,2463928000.0,3615287000.0,383856000.0,75351000.0,0.0,0.027,0.305,240486000.0,315837000.0,0.262,315837000.0,240486000.0,197948000.0,0.58,0.58,0.58,1135735000.0,,1135735000.0,13614944416.0,14.0,10.98,166606000.0,0.721,1.0,660085000.0,0.547,1211613000.0,42538000.0,8122236000.0,,207950000.0,4681472000.0,1341213000.0,3340259000.0,7636631000.0,3035522000.0,4601109000.0,10227405416.0,29571000.0,-27931000.0,-16657000.0,-39449000.0,-70536000.0,-126642000.0,-79356000.0,178000.0,238984000.0,-3415000.0,134718000.0,134718000.0,134718000.0,0.0,0.0,0.112,419599000.0,240486000.0,1312469000.0,0.526,9.005,19.42,19.493,1118042000.0,0.0,44.25,2.162,2.162,480314000.0,4161616000.0,1205901000.0,1205901000.0,38930000.0,,,,,0.0,364440000.0,1.0,231127806.0,231127806.0,,5.217,7870753000.0,0.0,63230000.0,1903250000.0,34.054,-479752000.0
69,PBI,MRQ,2004-03-31,2004-03-31,2004-03-31,2021-09-08,94732000.0,9181932000.0,,2574103000.0,6607829000.0,,4.921,-74469000.0,298711000.0,298711000.0,532590000.0,126594000.0,0.877,6.753,3686250000.0,995156000.0,2691094000.0,3686250000.0,398129000.0,73393000.0,0.0,0.028,0.305,227466000.0,300859000.0,0.257,300859000.0,227466000.0,186021000.0,0.55,0.54,0.55,1144354000.0,,1144354000.0,13184152818.0,14.0,10.912,200509000.0,0.862,1.0,639332000.0,0.546,1201174000.0,41445000.0,8433337000.0,,215036000.0,4731501000.0,1376964000.0,3354537000.0,7727578000.0,2934960000.0,4792618000.0,9908363818.0,-31721000.0,38654000.0,-75325000.0,-81875000.0,-70946000.0,-228146000.0,-84632000.0,-2176000.0,274978000.0,6079000.0,126594000.0,126594000.0,126594000.0,0.0,0.0,0.108,411866000.0,227466000.0,1350379000.0,0.555,8.658,19.397,19.368,1150578000.0,0.0,42.61,2.127,2.127,478905000.0,4103860000.0,1171922000.0,1171922000.0,36004000.0,,,,,0.0,360819000.0,1.0,232536114.0,232536114.0,,5.04,7980758000.0,0.0,59427000.0,1877519000.0,34.321,-360857000.0
70,PBI,MRQ,2003-12-31,2003-12-31,2003-12-31,2021-09-08,18063000.0,8891388000.0,,2513175000.0,6378213000.0,,4.655,-71543000.0,293812000.0,293812000.0,545642000.0,146864000.0,0.949,6.892,3569601000.0,728658000.0,2840943000.0,3569601000.0,370915000.0,75925000.0,0.0,0.03,0.3,260045000.0,335970000.0,0.277,335970000.0,260045000.0,213324000.0,0.63,0.62,0.63,1087362000.0,,1087362000.0,12772807794.0,14.0,10.784,103875000.0,0.445,1.0,669375000.0,0.551,1159890000.0,46721000.0,8360318000.0,,209527000.0,4548002000.0,1358719000.0,3189283000.0,7494026000.0,2646969000.0,4847057000.0,9488650794.0,8558000.0,-10798000.0,-47479000.0,10557000.0,-69896000.0,-106818000.0,-66766000.0,-73388000.0,175418000.0,6724000.0,146864000.0,146864000.0,146864000.0,0.0,0.0,0.121,415308000.0,254067000.0,1392597000.0,0.476,8.726,19.049,19.07,1070232000.0,0.0,40.62,2.073,2.073,459106000.0,4057654000.0,1215017000.0,1215017000.0,37499000.0,,,,,0.0,357678000.0,1.0,233595539.0,233595539.0,,5.201,7731498000.0,0.0,66460000.0,1814025000.0,33.098,-133794000.0
71,PBI,MRQ,2003-09-30,2003-09-30,2003-09-30,2021-09-08,-57737000.0,8651709000.0,,2490628000.0,6161081000.0,,4.091,-75783000.0,285254000.0,285254000.0,496773000.0,118454000.0,1.009,7.714,3569411000.0,565124000.0,3004287000.0,3569411000.0,369504000.0,74377000.0,0.0,0.031,0.3,212895000.0,287272000.0,0.253,287272000.0,212895000.0,171794000.0,0.51,0.5,0.51,957304000.0,,957304000.0,12430840646.0,17.0,12.221,174224000.0,0.745,1.0,640376000.0,0.563,899023000.0,41101000.0,8568550000.0,,228513000.0,4470593000.0,1362718000.0,3107875000.0,7384405000.0,2468293000.0,4916112000.0,8966694646.0,-72913000.0,52549000.0,-43663000.0,-239941000.0,-70196000.0,-353800000.0,34743000.0,43746000.0,250007000.0,-3863000.0,118454000.0,118454000.0,118454000.0,0.0,0.0,0.104,427481000.0,212895000.0,1338237000.0,0.588,9.367,22.004,22.023,1052519000.0,0.0,38.32,1.981,1.981,420100000.0,3977074000.0,1137149000.0,1137149000.0,35004000.0,,,,,0.0,349368000.0,1.0,233995163.0,233995163.0,,4.86,7752686000.0,0.0,53340000.0,1765172000.0,33.132,22335000.0
72,PBI,MRQ,2003-06-30,2003-06-30,2003-06-30,2021-09-08,-40474000.0,8872320000.0,,2595140000.0,6277180000.0,,4.141,-70013000.0,358167000.0,358167000.0,501584000.0,118896000.0,1.061,7.827,3822313000.0,582203000.0,3240110000.0,3822313000.0,373697000.0,71024000.0,0.0,0.031,0.3,213146000.0,284170000.0,0.251,284170000.0,213146000.0,172968000.0,0.51,0.5,0.51,969972000.0,,969972000.0,12576355544.0,16.0,11.958,138975000.0,0.593,1.0,632294000.0,0.558,911347000.0,40178000.0,8978637000.0,,231425000.0,4576026000.0,1395712000.0,3180314000.0,7592348000.0,2446482000.0,5145866000.0,8996506544.0,-17486000.0,103192000.0,-15484000.0,-159098000.0,-70311000.0,-244893000.0,13244000.0,3575000.0,208988000.0,5175000.0,118896000.0,118896000.0,118896000.0,0.0,0.0,0.105,419148000.0,213146000.0,1319719000.0,0.588,9.275,20.638,20.762,1076923000.0,0.0,38.41,1.998,1.998,417157000.0,3930970000.0,1133878000.0,1133878000.0,39008000.0,,,,,0.0,348049000.0,1.0,234223029.0,234223029.0,,4.841,7960973000.0,0.0,54072000.0,1727132000.0,33.989,148658000.0
73,PBI,MRQ,2003-03-31,2003-03-31,2003-03-31,2021-09-08,-81736000.0,8848939000.0,,2655608000.0,6193331000.0,,3.819,-68342000.0,375653000.0,375653000.0,482484000.0,113903000.0,0.794,8.534,3955502000.0,1533078000.0,2422424000.0,3955502000.0,375799000.0,67482000.0,0.0,0.037,0.3,209556000.0,277038000.0,0.254,277038000.0,209556000.0,166275000.0,0.48,0.48,0.48,895609000.0,,895609000.0,11134985062.0,14.0,10.266,148506000.0,0.633,1.0,608325000.0,0.558,892096000.0,43281000.0,8192155000.0,,230009000.0,4624488000.0,1442259000.0,3182229000.0,7643330000.0,3344537000.0,4298793000.0,7485959062.0,60497000.0,52714000.0,-41033000.0,-33643000.0,-70467000.0,-145143000.0,-15225000.0,29698000.0,216848000.0,4017000.0,113903000.0,113903000.0,113903000.0,0.0,0.0,0.104,398769000.0,209556000.0,1280359000.0,0.625,8.359,16.269,16.454,1062050000.0,0.0,31.92,1.682,1.682,428340000.0,3889447000.0,1090809000.0,1090809000.0,35751000.0,,,,,0.0,341753000.0,1.0,234522527.0,234522527.0,,4.651,7956843000.0,0.0,52372000.0,1678297000.0,33.928,-688929000.0
74,PBI,MRQ,2002-12-31,2002-12-31,2002-12-31,2021-09-08,-121615000.0,8732314000.0,,2552625000.0,6179689000.0,,3.608,-70063000.0,315156000.0,315156000.0,353997000.0,56244000.0,0.762,8.87,3964182000.0,1647338000.0,2316844000.0,3964182000.0,355737000.0,68313000.0,0.0,0.036,0.295,100391000.0,168704000.0,0.145,168704000.0,100391000.0,46854000.0,0.24,0.24,0.24,853327000.0,,853327000.0,11404972699.0,14.0,10.302,-69334000.0,-0.293,1.0,810857000.0,0.696,995307000.0,53537000.0,8035724000.0,,210888000.0,4696034000.0,1449951000.0,3246083000.0,7568987000.0,3350309000.0,4218678000.0,7725323699.0,46669000.0,46698000.0,-48754000.0,102917000.0,-69801000.0,-15638000.0,60046000.0,114697000.0,729000.0,1532000.0,56244000.0,56244000.0,56244000.0,0.0,0.0,0.048,541526000.0,269331000.0,1248337000.0,1.229,9.053,16.238,16.412,1046935000.0,0.0,32.66,1.752,1.752,404366000.0,3848562000.0,1164854000.0,1164854000.0,37180000.0,,,,,0.0,504346000.0,1.0,236537774.0,236537774.0,,4.925,7737007000.0,0.0,-9390000.0,1634515000.0,32.709,-797684000.0
75,PBI,MRQ,2002-09-30,2002-09-30,2002-09-30,2021-09-08,-119403000.0,8756451000.0,,2759075000.0,5997376000.0,,3.85,-57832000.0,268487000.0,268487000.0,524998000.0,146886000.0,0.8,8.202,3948136000.0,1568571000.0,2379565000.0,3948136000.0,336598000.0,66842000.0,0.0,0.07,0.295,254975000.0,321817000.0,0.289,321817000.0,254975000.0,213785000.0,0.62,0.61,0.62,917850000.0,,917850000.0,10615829870.0,11.0,8.864,116735000.0,0.49,1.0,589073000.0,0.529,809690000.0,41190000.0,8176523000.0,,206498000.0,4925898000.0,1688362000.0,3237536000.0,7528601000.0,3449887000.0,4078714000.0,7268280870.0,27844000.0,-153284000.0,-85098000.0,248262000.0,-70239000.0,92925000.0,-241010000.0,-53623000.0,174567000.0,1362000.0,146886000.0,146886000.0,146886000.0,0.0,0.0,0.132,334098000.0,254975000.0,1313603000.0,0.476,7.919,14.261,14.248,1026528000.0,0.0,30.49,1.676,1.676,423160000.0,3864245000.0,1114071000.0,1114071000.0,33925000.0,,,,,0.0,300173000.0,1.0,238382449.0,238382449.0,,4.673,7946761000.0,0.0,66899000.0,1571924000.0,33.336,-690812000.0
76,PBI,MRQ,2002-06-30,2002-06-30,2002-06-30,2021-09-08,-132796000.0,8306558000.0,,2644396000.0,5662162000.0,,3.794,-56398000.0,240643000.0,240643000.0,502885000.0,143103000.0,0.797,7.759,3588192000.0,1459165000.0,2129027000.0,3588192000.0,339587000.0,63479000.0,0.0,0.054,0.295,253641000.0,317120000.0,0.293,317120000.0,253641000.0,208314000.0,0.6,0.59,0.6,912908000.0,,912908000.0,12761910063.0,14.0,10.855,62088000.0,0.258,1.0,578440000.0,0.535,668552000.0,45327000.0,7668871000.0,,193533000.0,4804052000.0,1634781000.0,3169271000.0,7083650000.0,3316684000.0,3766966000.0,9557616063.0,-23680000.0,-22880000.0,-66315000.0,90799000.0,-70800000.0,-46316000.0,-98266000.0,-15751000.0,118486000.0,2416000.0,143103000.0,143103000.0,143103000.0,0.0,0.0,0.132,324799000.0,253641000.0,1280707000.0,0.492,10.469,19.912,19.86,1006003000.0,0.0,39.72,2.24,2.24,414322000.0,3788916000.0,1081325000.0,1081325000.0,36095000.0,,,,,0.0,288704000.0,1.0,240624775.0,240624775.0,,4.494,7638006000.0,0.0,65211000.0,1521526000.0,31.742,-672288000.0
77,PBI,MRQ,2002-03-31,2002-03-31,2002-03-31,2021-09-08,-154304000.0,8250364000.0,,2588890000.0,5661474000.0,,3.66,-40541000.0,264323000.0,264323000.0,496540000.0,129517000.0,0.806,7.968,3468617000.0,1234773000.0,2233844000.0,3468617000.0,321264000.0,65616000.0,0.0,0.05,0.295,233834000.0,299450000.0,0.285,299450000.0,233834000.0,188536000.0,0.54,0.53,0.54,885412000.0,,885412000.0,13613974760.0,14.0,10.714,168236000.0,0.695,1.0,552968000.0,0.527,668908000.0,45298000.0,7572598000.0,,172804000.0,4793947000.0,1609008000.0,3184939000.0,7054952000.0,3213152000.0,3841800000.0,10354355760.0,32735000.0,63583000.0,-65151000.0,-17189000.0,-71385000.0,-153725000.0,-21679000.0,-44260000.0,208777000.0,-638000.0,129517000.0,129517000.0,129517000.0,0.0,0.0,0.123,319134000.0,233834000.0,1367091000.0,0.546,11.694,20.148,20.189,989625000.0,0.0,42.8,2.462,2.462,394692000.0,3716613000.0,1049508000.0,1049508000.0,34069000.0,,,,,0.0,285065000.0,1.0,241924200.0,241924200.0,,4.338,7581456000.0,0.0,59019000.0,1550844000.0,31.338,-624262000.0
78,PBI,MRQ,2001-12-31,2001-12-31,2001-12-31,2021-09-08,-155380000.0,8318471000.0,,2556608000.0,5761863000.0,,3.655,-68178000.0,231588000.0,231588000.0,746518000.0,90163000.0,0.829,7.985,3491207000.0,1072057000.0,2419150000.0,3491207000.0,334281000.0,73832000.0,0.0,0.057,1.262,185354000.0,259186000.0,0.238,259186000.0,185354000.0,132479000.0,0.38,0.37,0.38,891355000.0,,891355000.0,12071768514.0,13.0,9.65,-16988000.0,-0.07,1.0,344289000.0,0.316,635873000.0,52875000.0,7859175000.0,,163012000.0,4839237000.0,1602979000.0,3236258000.0,7117116000.0,3083042000.0,4034074000.0,9171143514.0,-99636000.0,-297013000.0,-75562000.0,309480000.0,-70424000.0,274582000.0,-424768000.0,-94122000.0,51190000.0,-640000.0,90163000.0,90163000.0,90163000.0,0.0,0.0,0.083,-204600000.0,548889000.0,1425809000.0,3.321,10.289,18.78,18.899,1008270000.0,0.0,37.61,2.225,2.225,408414000.0,3658481000.0,1090807000.0,1090807000.0,35084000.0,,,,,0.0,101610000.0,1.0,243848538.0,243848538.0,,4.473,7682598000.0,0.0,42316000.0,1524488000.0,31.506,-526434000.0
79,PBI,MRQ,2001-09-30,2001-09-30,2001-09-30,2021-09-08,-148132000.0,8229906000.0,,2721031000.0,5508875000.0,,5.154,-71890000.0,292312000.0,292312000.0,418078000.0,117214000.0,1.023,5.255,3192937000.0,756579000.0,2436358000.0,3192937000.0,333532000.0,82932000.0,0.0,0.03,0.29,216935000.0,299867000.0,0.287,299867000.0,216935000.0,171620000.0,0.48,0.47,0.48,1266119000.0,,1266119000.0,12300560304.0,12.0,9.143,183400000.0,0.747,1.0,626402000.0,0.6,566075000.0,45315000.0,7903984000.0,,164630000.0,4546619000.0,1495017000.0,3051602000.0,6653787000.0,2660472000.0,3993315000.0,9383746304.0,131615000.0,43653000.0,-70568000.0,49350000.0,-71216000.0,-92434000.0,-31510000.0,-46767000.0,255290000.0,269000.0,117214000.0,117214000.0,117214000.0,0.0,0.0,0.112,404583000.0,221819000.0,1191435000.0,0.604,7.411,17.172,17.285,980928000.0,0.0,38.2,2.34,2.34,386885000.0,3950435000.0,1044480000.0,1044480000.0,31554000.0,,,,,0.0,344850000.0,1.0,245647809.0,245647809.0,,4.252,7663831000.0,0.0,54406000.0,1597807000.0,31.198,60559000.0
80,PBI,MRQ,2001-06-30,2001-06-30,2001-06-30,2021-09-08,-146917000.0,8103744000.0,,2599522000.0,5504222000.0,,5.235,-59465000.0,199609000.0,199609000.0,621488000.0,177029000.0,0.864,5.033,3116423000.0,1109459000.0,2006964000.0,3116423000.0,343218000.0,80466000.0,0.0,0.027,0.29,331710000.0,412176000.0,0.404,412176000.0,331710000.0,287409000.0,0.72,0.71,0.72,1291904000.0,,1291904000.0,13341282154.0,13.0,9.676,508290000.0,2.06,1.0,399376000.0,0.391,568258000.0,44301000.0,7442249000.0,,166917000.0,4537209000.0,1466533000.0,3070676000.0,6501840000.0,3010051000.0,3491789000.0,10394843154.0,5223000.0,-356965000.0,-55052000.0,-24793000.0,-71516000.0,-151361000.0,-409508000.0,-53525000.0,567755000.0,-1663000.0,177029000.0,177029000.0,177029000.0,0.0,0.0,0.173,419011000.0,-19635000.0,1171173000.0,0.403,8.046,17.598,17.847,996294000.0,0.0,42.12,2.648,2.648,385799000.0,3904437000.0,1020864000.0,1020864000.0,34865000.0,,,,,0.0,336137000.0,1.0,246791148.0,246791148.0,,4.137,7535486000.0,0.0,110380000.0,1546011000.0,30.534,-410529000.0
81,PBI,MRQ,2001-03-31,2001-03-31,2001-03-31,2021-09-08,-135815000.0,7873653000.0,,2627012000.0,5246641000.0,,5.06,-56671000.0,194386000.0,194386000.0,369183000.0,103937000.0,0.926,5.039,3140825000.0,1229189000.0,1911636000.0,3140825000.0,339297000.0,80219000.0,0.0,0.033,0.29,199484000.0,279703000.0,0.289,279703000.0,199484000.0,148899000.0,0.42,0.42,0.42,1252545000.0,,1252545000.0,11564436651.0,11.0,8.677,104981000.0,0.424,1.0,597140000.0,0.618,219859000.0,50585000.0,7762899000.0,,184734000.0,4627041000.0,1540986000.0,3086055000.0,6311108000.0,2837334000.0,3473774000.0,8602803651.0,-3869000.0,58741000.0,-67978000.0,-53656000.0,-72008000.0,-193642000.0,26264000.0,17792000.0,161652000.0,1857000.0,103937000.0,103937000.0,103937000.0,0.0,0.0,0.108,397656000.0,199484000.0,1004469000.0,0.69,6.868,14.842,15.241,1081187000.0,0.0,34.75,2.204,2.204,323135000.0,3798924000.0,966323000.0,966323000.0,31602000.0,,,,,0.0,322903000.0,1.0,247562695.0,247562695.0,,3.903,7653794000.0,0.0,44962000.0,1504604000.0,30.917,-210322000.0
82,PBI,MRQ,2000-12-31,2000-12-31,2000-12-31,2021-09-08,-139434000.0,7901266000.0,,2626708000.0,5274558000.0,,5.096,-79421000.0,198255000.0,198255000.0,362616000.0,148286000.0,0.912,4.908,3159888000.0,1277941000.0,1881947000.0,3159888000.0,346228000.0,84773000.0,0.0,0.034,0.285,268902000.0,353675000.0,0.361,353675000.0,268902000.0,212061000.0,0.59,0.59,0.59,1284975000.0,,1284975000.0,11113675718.0,10.0,8.028,119990000.0,0.476,1.0,615868000.0,0.629,203447000.0,56841000.0,7777875000.0,,167969000.0,4739702000.0,1608170000.0,3131532000.0,6306291000.0,2881577000.0,3424714000.0,8353313719.0,-67148000.0,-22177000.0,-111114000.0,141918000.0,-71548000.0,-40744000.0,-222972000.0,-87560000.0,199411000.0,-2843000.0,148286000.0,148286000.0,148286000.0,-10632000.0,0.0,0.152,366178000.0,249690000.0,995283000.0,0.483,6.501,13.418,13.634,1114456000.0,0.0,33.13,2.152,2.152,313510000.0,3766995000.0,978484000.0,978484000.0,32807000.0,,,,,0.0,333371000.0,1.0,252137450.0,252137450.0,,3.881,7697819000.0,0.0,63775000.0,1488722000.0,30.53,-254869000.0
83,PBI,MRQ,2000-09-30,2000-09-30,2000-09-30,2021-09-08,-113687000.0,7768900000.0,,2540629000.0,5228271000.0,,5.287,-63087000.0,265403000.0,265403000.0,350928000.0,161433000.0,1.0,4.526,3025765000.0,955707000.0,2070058000.0,3025765000.0,380899000.0,75294000.0,0.0,0.028,0.285,257992000.0,333286000.0,0.347,333286000.0,257992000.0,208971000.0,0.63,0.63,0.63,1349781000.0,,1349781000.0,12930044993.0,12.0,9.358,159923000.0,0.626,1.0,609066000.0,0.634,227557000.0,49021000.0,7760217000.0,,287451000.0,4524293000.0,1410378000.0,3113915000.0,6109119000.0,2541488000.0,3567631000.0,10068223993.0,-31292000.0,0.0,-102131000.0,-102110000.0,-72923000.0,-277164000.0,22278000.0,2901000.0,223010000.0,584000.0,161433000.0,161433000.0,161433000.0,-15748000.0,0.0,0.168,366822000.0,242244000.0,937159000.0,0.452,7.459,15.433,15.776,1271519000.0,0.0,39.44,2.902,2.902,438657000.0,3694940000.0,959994000.0,959994000.0,27640000.0,,,,,0.0,320515000.0,1.0,255279513.0,255279513.0,,3.761,7541343000.0,0.0,47538000.0,1439298000.0,29.542,-859000.0
84,PBI,MRQ,2000-06-30,2000-06-30,2000-06-30,2021-09-08,-114798000.0,7759189000.0,,2600524000.0,5158665000.0,,5.286,-73579000.0,296695000.0,296695000.0,375855000.0,165957000.0,1.095,4.468,3158516000.0,956925000.0,2201591000.0,3158516000.0,376022000.0,82502000.0,0.0,0.027,0.285,283540000.0,366042000.0,0.367,366042000.0,283540000.0,233129000.0,0.64,0.64,0.64,1362291000.0,,1362291000.0,13102723400.0,12.0,8.947,160165000.0,0.621,1.0,621770000.0,0.623,229039000.0,50411000.0,8016018000.0,,260668000.0,4461046000.0,1434399000.0,3026647000.0,6086898000.0,2375953000.0,3710945000.0,10309556400.0,77632000.0,0.0,-199574000.0,115619000.0,-73220000.0,-157175000.0,4318000.0,205913000.0,233744000.0,-3255000.0,165957000.0,165957000.0,165957000.0,-19624000.0,0.0,0.166,357854000.0,263916000.0,825341000.0,0.445,7.568,15.228,15.564,1278149000.0,0.0,40.0,2.864,2.864,435749000.0,3606430000.0,997625000.0,997625000.0,30528000.0,,,,,0.0,327326000.0,1.0,257738910.0,257738910.0,,3.871,7530150000.0,0.0,67172000.0,1400431000.0,29.216,224571000.0
85,PBI,MRQ,2000-03-31,2000-03-31,2000-03-31,2021-09-08,-91805000.0,7818661000.0,,2694704000.0,5123957000.0,,5.691,-52490000.0,219063000.0,219063000.0,358010000.0,146870000.0,1.068,4.032,3012230000.0,974370000.0,2037860000.0,3012230000.0,380620000.0,78588000.0,0.0,0.023,0.285,252792000.0,331380000.0,0.351,331380000.0,252792000.0,208108000.0,0.56,0.55,0.56,1492121000.0,,1492121000.0,14781287195.0,14.0,10.135,163589000.0,0.624,1.0,586755000.0,0.621,229180000.0,44684000.0,7858818000.0,,262595000.0,4634843000.0,1636984000.0,2997859000.0,6016540000.0,2523830000.0,3492710000.0,11717369195.0,-35207000.0,512780000.0,-211207000.0,-304448000.0,-75045000.0,-590700000.0,340696000.0,-200115000.0,216079000.0,-1282000.0,146870000.0,146870000.0,146870000.0,-18100000.0,0.0,0.155,347380000.0,239375000.0,903565000.0,0.509,7.853,18.285,18.544,1284913000.0,0.0,44.69,3.161,3.161,423192000.0,3513693000.0,944765000.0,944765000.0,29511000.0,,,,,0.0,317869000.0,1.0,262192195.0,262192195.0,,3.603,7589481000.0,0.0,61238000.0,1388140000.0,28.946,170874000.0
86,PBI,MRQ,1999-12-31,1999-12-31,1999-12-31,2021-09-08,-93015000.0,8222672000.0,,3342574000.0,4880098000.0,,6.128,-70593000.0,254270000.0,254270000.0,217464000.0,178123000.0,1.164,3.868,3318188000.0,1320332000.0,1997856000.0,3318188000.0,381405000.0,110020000.0,0.0,0.021,0.255,240989000.0,351009000.0,0.619,351009000.0,240989000.0,198984000.0,0.67,0.66,0.67,1625610000.0,,1625610000.0,15825591703.0,15.0,10.657,146766000.0,0.553,1.0,349531000.0,0.616,226764000.0,42005000.0,8187062000.0,,257452000.0,4659130000.0,1782110000.0,2877020000.0,6287062000.0,2872764000.0,3414298000.0,12814524703.0,102213000.0,0.0,-53220000.0,153833000.0,-67577000.0,33036000.0,-148808000.0,-60708000.0,217359000.0,626000.0,178123000.0,178123000.0,178123000.0,-96169000.0,0.0,0.314,161177000.0,188354000.0,915826000.0,0.381,7.883,20.142,20.298,1306109000.0,0.0,48.31,3.362,3.362,432224000.0,3437185000.0,566995000.0,566995000.0,30193000.0,,,,,0.0,180558000.0,1.0,265256152.0,265256152.0,,2.138,7995908000.0,0.0,20861000.0,1337220000.0,30.144,469810000.0
87,PBI,MRQ,1999-09-30,1999-09-30,1999-09-30,2021-09-08,-93456000.0,7881426000.0,,2630271000.0,5251155000.0,,5.859,-60987000.0,152057000.0,152057000.0,418539000.0,186077000.0,0.958,3.829,3163124000.0,1315316000.0,1847808000.0,3163124000.0,374512000.0,95780000.0,0.0,0.016,0.255,320293000.0,416073000.0,0.382,416073000.0,320293000.0,279037000.0,0.7,0.69,0.7,1567843000.0,,1567843000.0,19345487281.0,18.0,13.361,261118000.0,0.976,1.0,671286000.0,0.616,227507000.0,41256000.0,7919189000.0,,242678000.0,4467315000.0,1561514000.0,2905801000.0,6003583000.0,2745797000.0,3257786000.0,16306041281.0,19364000.0,0.0,-97246000.0,-9727000.0,-67490000.0,-174463000.0,-129077000.0,-104552000.0,322105000.0,799000.0,186077000.0,186077000.0,186077000.0,0.0,0.0,0.171,400567000.0,270719000.0,825622000.0,0.364,10.4,26.25,26.381,1302601000.0,0.0,60.94,4.334,4.334,404720000.0,3326639000.0,1089825000.0,1089825000.0,25105000.0,,,,,0.0,375462000.0,1.0,267575341.0,267575341.0,,4.073,7653919000.0,0.0,92960000.0,1292033000.0,28.605,-115526000.0
88,PBI,MRQ,1999-06-30,1999-06-30,1999-06-30,2021-09-08,-85851000.0,7773127000.0,,2548013000.0,5225114000.0,,5.786,-81521000.0,132693000.0,132693000.0,423794000.0,129741000.0,0.97,3.802,3172139000.0,1273197000.0,1898942000.0,3172139000.0,391103000.0,106886000.0,0.0,0.015,0.255,253141000.0,360027000.0,0.326,360027000.0,253141000.0,206203000.0,0.48,0.48,0.48,1554107000.0,,1554107000.0,20322621707.0,21.0,14.721,149571000.0,0.557,1.0,681638000.0,0.617,227874000.0,46938000.0,7957455000.0,,259858000.0,4417001000.0,1499480000.0,2917521000.0,5909020000.0,2627244000.0,3281776000.0,17258282707.0,3006000.0,0.0,-96063000.0,-23967000.0,-68635000.0,-188665000.0,-38178000.0,-153530000.0,231092000.0,-1243000.0,129741000.0,129741000.0,129741000.0,2729000.0,0.0,0.117,400830000.0,280808000.0,776665000.0,0.531,11.105,29.926,30.164,1312458000.0,0.0,64.25,4.682,4.682,416302000.0,3208052000.0,1105432000.0,1105432000.0,27698000.0,,,,,0.0,373132000.0,1.0,268611404.0,268611404.0,,4.115,7545253000.0,0.0,76462000.0,1216202000.0,28.09,-79231000.0
89,PBI,MRQ,1999-03-31,1999-03-31,1999-03-31,2021-09-08,-88665000.0,7842303000.0,,2705057000.0,5137246000.0,,5.881,-91797000.0,129687000.0,129687000.0,407652000.0,142271000.0,0.922,3.751,3194026000.0,1483599000.0,1710427000.0,3194026000.0,393829000.0,99418000.0,0.0,0.015,0.255,258440000.0,357858000.0,0.341,357858000.0,258440000.0,212940000.0,0.53,0.52,0.53,1585376000.0,,1585376000.0,20030983082.0,20.0,14.744,118733000.0,0.44,1.0,641672000.0,0.612,223213000.0,45500000.0,7751052000.0,,260727000.0,4328117000.0,1544982000.0,2783135000.0,5946927000.0,2932377000.0,3014550000.0,17184537082.0,4003000.0,0.0,-135332000.0,220636000.0,-69164000.0,16140000.0,-221439000.0,-62085000.0,210530000.0,-1228000.0,142271000.0,142271000.0,142271000.0,-3700000.0,0.0,0.136,386932000.0,254740000.0,830084000.0,0.481,10.839,29.177,29.378,1307873000.0,0.0,63.75,4.78,4.78,419002000.0,3146946000.0,1049324000.0,1049324000.0,25904000.0,,,,,0.0,361028000.0,1.0,269561366.0,269561366.0,,3.893,7619090000.0,0.0,70669000.0,1174187000.0,28.265,-227320000.0
90,PBI,MRQ,1998-12-31,1998-12-31,1998-12-31,2021-09-08,-88217000.0,7661039000.0,,2508963000.0,5152076000.0,,6.045,-78519000.0,125684000.0,125684000.0,199504000.0,163104000.0,0.922,3.461,2972130000.0,1259193000.0,1712937000.0,2972130000.0,369628000.0,95206000.0,0.0,0.014,0.225,218721000.0,313927000.0,0.606,313927000.0,218721000.0,177646000.0,0.6,0.59,0.6,1648002000.0,,1648002000.0,21420280642.0,23.0,16.357,44442000.0,0.163,1.0,318429000.0,0.615,222980000.0,41075000.0,7562693000.0,,266734000.0,4231006000.0,1404088000.0,2826918000.0,5702940000.0,2721812000.0,2981128000.0,18010644642.0,-19290000.0,789936000.0,-166651000.0,-587278000.0,-61148000.0,-804980000.0,661680000.0,-31445000.0,122961000.0,1049000.0,163104000.0,163104000.0,163104000.0,-107882000.0,0.0,0.315,212756000.0,105673000.0,898548000.0,0.375,10.929,31.247,31.457,1287804000.0,0.0,66.06,5.147,5.147,382406000.0,3073839000.0,517933000.0,517933000.0,27411000.0,,,,,0.0,185345000.0,1.0,272640700.0,272640700.0,,1.9,7438059000.0,0.0,14542000.0,1114964000.0,27.282,-212849000.0
91,PBI,MRQ,1998-09-30,1998-09-30,1998-09-30,2021-09-08,-90548000.0,8232345000.0,,3115141000.0,5117204000.0,,6.234,-50392000.0,144974000.0,144974000.0,385270000.0,141586000.0,0.969,3.636,3554610000.0,1844077000.0,1710533000.0,3554610000.0,362801000.0,99681000.0,0.0,0.017,0.225,249048000.0,348729000.0,0.344,348729000.0,249048000.0,209787000.0,0.52,0.51,0.52,1711011000.0,,1711011000.0,17697838774.0,18.0,13.316,185501000.0,0.676,1.0,627905000.0,0.62,213778000.0,39261000.0,8213400000.0,,235568000.0,4193450000.0,1437725000.0,2755725000.0,6221334000.0,3214803000.0,3006531000.0,14424871774.0,29652000.0,0.0,-81581000.0,164354000.0,-61783000.0,20990000.0,-225651000.0,-150383000.0,235893000.0,-1580000.0,141586000.0,141586000.0,141586000.0,-8763000.0,0.0,0.14,387620000.0,240285000.0,842511000.0,0.433,8.431,25.736,26.02,1277757000.0,0.0,52.56,3.623,3.623,346475000.0,2971883000.0,1013175000.0,1013175000.0,24699000.0,,,,,0.0,362921000.0,1.0,274445810.0,274445810.0,,3.692,8018567000.0,0.0,68201000.0,1094613000.0,29.217,-99662000.0
92,PBI,MRQ,1998-06-30,1998-06-30,1998-06-30,2021-09-08,-74630000.0,8072968000.0,,2571615000.0,5501353000.0,,6.318,-90430000.0,115322000.0,115322000.0,394338000.0,142017000.0,0.823,3.497,3388289000.0,1761162000.0,1627127000.0,3388289000.0,376871000.0,86530000.0,0.0,0.018,0.225,251519000.0,338049000.0,0.333,338049000.0,251519000.0,211068000.0,0.52,0.51,0.52,1728503000.0,,1728503000.0,16394974515.0,17.0,12.724,71617000.0,0.262,1.0,620252000.0,0.611,208946000.0,40451000.0,8013527000.0,,240045000.0,4787850000.0,1683005000.0,3104845000.0,6044465000.0,3123462000.0,2921003000.0,13166855515.0,-1878000.0,0.0,-229805000.0,38612000.0,-61612000.0,-252805000.0,88534000.0,264406000.0,162047000.0,346000.0,142017000.0,142017000.0,142017000.0,-9248000.0,0.0,0.14,377981000.0,242271000.0,845562000.0,0.433,7.617,24.084,24.809,1319162000.0,0.0,48.13,3.339,3.339,367409000.0,2892080000.0,1014590000.0,1014590000.0,25065000.0,,,,,0.0,352916000.0,1.0,273568575.0,273568575.0,,3.709,7864022000.0,0.0,69051000.0,1065704000.0,28.746,-551847000.0
93,PBI,MRQ,1998-03-31,1998-03-31,1998-03-31,2021-09-08,-73387000.0,8313598000.0,,2676559000.0,5637039000.0,,6.72,-79074000.0,117200000.0,117200000.0,393889000.0,129687000.0,0.836,3.269,3345319000.0,1718449000.0,1626870000.0,3345319000.0,377343000.0,79916000.0,0.0,0.016,0.225,231348000.0,311264000.0,0.319,311264000.0,231348000.0,196292000.0,0.46,0.46,0.46,1877214000.0,,1877214000.0,16934095305.0,17.0,13.292,172053000.0,0.616,1.0,583208000.0,0.597,204058000.0,35056000.0,8134558000.0,,241553000.0,4993046000.0,1760925000.0,3232121000.0,6136384000.0,3203101000.0,2933283000.0,14019785305.0,-19873000.0,0.0,-50906000.0,291820000.0,-62941000.0,177973000.0,-447279000.0,-281972000.0,251127000.0,-1694000.0,129687000.0,129687000.0,129687000.0,-2753000.0,0.0,0.133,354613000.0,228595000.0,937532000.0,0.489,7.468,26.168,26.84,1298785000.0,0.0,50.19,3.563,3.563,347263000.0,2811675000.0,977097000.0,977097000.0,23631000.0,,,,,0.0,330982000.0,1.0,279334236.0,279334236.0,,3.498,8109540000.0,0.0,66605000.0,1107284000.0,29.032,-526542000.0
94,PBI,MRQ,1997-12-31,1997-12-31,1997-12-31,2021-09-08,-63348000.0,7893389000.0,,2505442000.0,5387947000.0,,6.602,-41486000.0,137073000.0,137073000.0,359139000.0,147206000.0,0.743,3.055,3051383000.0,1982988000.0,1068395000.0,3051383000.0,363565000.0,77387000.0,0.0,0.018,0.2,253647000.0,331034000.0,0.339,331034000.0,253647000.0,209300000.0,0.52,0.51,0.52,1872577000.0,,1872577000.0,15978224032.0,17.0,12.844,87932000.0,0.31,1.0,617868000.0,0.632,203419000.0,44347000.0,7231047000.0,,249207000.0,4857396000.0,1548264000.0,3309132000.0,5720812000.0,3373233000.0,2347579000.0,12756037032.0,11933000.0,0.0,-209567000.0,-301933000.0,-56399000.0,-567899000.0,449149000.0,-151100000.0,129418000.0,1265000.0,147206000.0,147206000.0,147206000.0,-23803000.0,0.0,0.151,391756000.0,226112000.0,878759000.0,0.385,6.812,24.25,24.709,1289692000.0,0.0,44.97,3.316,3.316,348792000.0,2744929000.0,977007000.0,977007000.0,25402000.0,,,,,0.0,366354000.0,1.0,283656594.0,283656594.0,,3.444,7689970000.0,0.0,62094000.0,1053689000.0,27.11,-867791000.0
95,PBI,MRQ,1997-09-30,1997-09-30,1997-09-30,2021-09-08,-65890000.0,8242294000.0,,2419017000.0,5823277000.0,,6.83,-69206000.0,125140000.0,125140000.0,385091000.0,127805000.0,0.688,2.994,3347327000.0,2176026000.0,1171301000.0,3347327000.0,342281000.0,76273000.0,0.0,0.019,0.2,231861000.0,308134000.0,0.316,308134000.0,231861000.0,192926000.0,0.44,0.44,0.44,1988795000.0,,1988795000.0,15226153666.0,17.0,12.911,129845000.0,0.446,1.0,589533000.0,0.605,200681000.0,38935000.0,7750051000.0,,251287000.0,5451224000.0,1571069000.0,3880155000.0,5953499000.0,3513749000.0,2439750000.0,12011393666.0,-5603000.0,0.0,-156790000.0,2563000.0,-57619000.0,-211846000.0,9477000.0,102064000.0,199051000.0,-2285000.0,127805000.0,127805000.0,127805000.0,-3623000.0,0.0,0.131,361295000.0,228238000.0,866995000.0,0.455,6.04,23.715,23.991,1311685000.0,0.0,41.625,3.13,3.158,328194000.0,2654122000.0,974624000.0,974624000.0,21578000.0,,,,,0.0,339717000.0,1.0,288562010.0,291167128.0,291167128.0,3.347,8041613000.0,0.0,65121000.0,1018989000.0,27.619,-1094732000.0
96,PBI,MRQ,1997-06-30,1997-06-30,1997-06-30,2021-09-08,-52477000.0,8288497000.0,,2266322000.0,6022175000.0,,7.108,-73122000.0,130743000.0,130743000.0,397531000.0,131071000.0,0.645,2.824,3345503000.0,2173450000.0,1172053000.0,3345503000.0,351059000.0,72521000.0,0.0,0.021,0.2,251063000.0,323584000.0,0.322,323584000.0,251063000.0,200110000.0,0.45,0.45,0.45,2088831000.0,,2088831000.0,13272528691.0,15.0,11.354,69516000.0,0.237,1.0,608580000.0,0.605,202092000.0,50953000.0,7786884000.0,,255791000.0,5528781000.0,1425333000.0,4103448000.0,5899666000.0,3514281000.0,2385385000.0,10129898691.0,-11975000.0,0.0,-122502000.0,56986000.0,-58190000.0,-23706000.0,-132778000.0,-40953000.0,142638000.0,1871000.0,131071000.0,131071000.0,131071000.0,0.0,0.0,0.13,357517000.0,251063000.0,827394000.0,0.444,4.85,20.448,20.623,1311484000.0,0.0,34.75,2.656,2.678,322679000.0,2583936000.0,1006111000.0,1006111000.0,21835000.0,,,,,0.0,335682000.0,1.0,291507876.0,293870172.0,293870172.0,3.424,8086405000.0,0.0,69039000.0,993858000.0,27.517,-1247959000.0
97,PBI,MRQ,1997-03-31,1997-03-31,1997-03-31,2021-09-08,-54088000.0,8184794000.0,,2283824000.0,5900970000.0,,7.171,-60251000.0,142718000.0,142718000.0,381482000.0,119945000.0,0.679,2.737,3285348000.0,1986193000.0,1299155000.0,3285348000.0,343369000.0,73905000.0,0.0,0.024,0.2,233131000.0,307036000.0,0.319,307036000.0,233131000.0,183635000.0,0.41,0.4,0.41,2136513000.0,,2136513000.0,11715867220.0,14.0,10.234,179215000.0,0.601,1.0,579888000.0,0.603,204188000.0,49496000.0,7760121000.0,,263947000.0,5452153000.0,1415206000.0,4036947000.0,5848281000.0,3363115000.0,2485166000.0,8639223220.0,7447000.0,0.0,-140503000.0,75594000.0,-59184000.0,-124093000.0,-106436000.0,-13655000.0,239466000.0,-1490000.0,119945000.0,119945000.0,119945000.0,0.0,0.0,0.125,346757000.0,233131000.0,850954000.0,0.488,4.044,17.892,18.021,1297492000.0,0.0,29.375,2.303,2.334,326709000.0,2511055000.0,961370000.0,961370000.0,20648000.0,,,,,0.0,326109000.0,1.0,294101216.0,297951034.0,297951034.0,3.227,7980606000.0,0.0,63690000.0,983252000.0,26.785,-1079291000.0
98,PBI,MRQ,1996-12-31,1996-12-31,1996-12-31,2021-09-08,-31297000.0,8155722000.0,,2222066000.0,5933656000.0,,7.613,-56842000.0,135271000.0,135271000.0,340874000.0,127666000.0,0.672,2.553,3211915000.0,1911481000.0,1300434000.0,3211915000.0,331864000.0,71218000.0,0.0,0.025,0.172,169383000.0,240601000.0,0.269,240601000.0,169383000.0,151889000.0,0.435,0.425,0.435,2239046000.0,,2239046000.0,,,,155946000.0,0.53,1.0,554760000.0,0.619,205802000.0,17494000.0,7721275000.0,,281942000.0,5424699000.0,1340786000.0,4083913000.0,5716676000.0,3305289000.0,2411387000.0,8051020788.0,1239000.0,0.0,-24216000.0,-43925000.0,-51203000.0,-119344000.0,-93685000.0,-21485000.0,212788000.0,1480000.0,127666000.0,127666000.0,127666000.0,-16804000.0,0.0,0.143,408854000.0,145906000.0,849789000.0,0.395,3.596,17.151,17.436,1307183000.0,0.0,27.375,2.179,2.179,340730000.0,2450294000.0,895634000.0,895634000.0,23239000.0,,,,,0.0,385615000.0,1.0,294101216.0,294101216.0,,3.045,7949920000.0,0.0,24223000.0,932995000.0,27.031,-1083223000.0
99,PBI,MRQ,1996-09-30,1996-09-30,1996-09-30,2021-09-08,,,,,,,,-80381000.0,,,381871000.0,116705000.0,,,,,,,,71613000.0,,0.025,0.172,226149000.0,297762000.0,0.313,297762000.0,226149000.0,176450000.0,0.39,0.39,0.39,,,,,,,59060000.0,0.197,1.0,568843000.0,0.598,,49699000.0,,,,,,,,,,,41245000.0,0.0,-34970000.0,59903000.0,-51402000.0,-26469000.0,-72742000.0,42600000.0,139441000.0,1015000.0,116705000.0,116705000.0,116705000.0,0.0,0.0,0.123,342694000.0,226149000.0,,0.441,,,,,0.0,26.375,,,,,950714000.0,950714000.0,19140000.0,,,,,0.0,323554000.0,1.0,,300477438.0,300477438.0,3.164,,,59745000.0,,,
100,PBI,MRQ,1996-06-30,1996-06-30,1996-06-30,2021-09-08,,,,,,,,-64986000.0,,,372614000.0,118533000.0,,,,,,,,69813000.0,,0.027,0.172,229595000.0,299408000.0,0.318,299408000.0,229595000.0,182196000.0,0.395,0.395,0.395,,,,,,,159946000.0,0.53,1.0,570323000.0,0.605,,47399000.0,,,,,,,,,,,4276000.0,0.0,-35886000.0,15080000.0,-51655000.0,-72461000.0,-147911000.0,-73344000.0,224932000.0,-284000.0,118533000.0,118533000.0,118533000.0,0.0,0.0,0.126,340728000.0,229595000.0,,0.435,,,,,0.0,23.562,,,,,942937000.0,942937000.0,20637000.0,,,,,0.0,320091000.0,1.0,,301890228.0,301890228.0,3.123,,,63663000.0,,,
101,PBI,MRQ,1996-03-31,1996-03-31,1996-03-31,2021-09-08,,,,,,,,-69763000.0,,,364516000.0,106509000.0,,,,,,,,65524000.0,,0.025,0.172,212023000.0,277547000.0,0.306,277547000.0,212023000.0,163439000.0,0.35,0.35,0.35,,,,,,,44556000.0,0.147,1.0,541749000.0,0.598,,48584000.0,,,,,,,,,,,3159000.0,0.0,-18202000.0,-11077000.0,-51855000.0,-81134000.0,-29812000.0,39951000.0,114319000.0,-214000.0,106509000.0,106509000.0,106509000.0,0.0,0.0,0.118,329726000.0,212023000.0,,0.491,,,,,0.0,24.688,,,,,906265000.0,906265000.0,18710000.0,,,,,0.0,311016000.0,1.0,,302832162.0,302832162.0,2.993,,,56930000.0,,,
102,PBI,MRQ,1995-12-31,1995-12-31,1995-12-31,2021-09-08,-46991000.0,7844648000.0,,2101097000.0,5743551000.0,,,,85352000.0,85352000.0,,,0.6,2.691,3186580000.0,2138065000.0,1048515000.0,3186580000.0,312595000.0,,0.0,0.026,0.15,,,,,,,,,,2071100000.0,,2071100000.0,,,,,,1.0,,,208698000.0,,7235602000.0,,311271000.0,5172338000.0,1211733000.0,3960605000.0,5573548000.0,3501576000.0,2071972000.0,,,,,,,,,,,,,,,,,,,,818122000.0,,,,12.176,1276214000.0,,23.5,,,386727000.0,2186996000.0,,,,,,,,,,1.0,,,,,7635950000.0,0.0,,845605000.0,,-1400479000.0
0,PBI,MRT,2021-06-30,2021-06-30,2021-06-30,2021-09-08,-831303000.0,5013295000.0,5054661000.0,1898756000.0,3114539000.0,0.739,0.304,-126896000.0,799470000.0,799470000.0,2575978000.0,18583000.0,1.106,92.935,2652294000.0,138850000.0,2513444000.0,2652294000.0,119645000.0,158254000.0,632833000.0,0.023,0.2,112175000.0,270429000.0,0.072,270429000.0,112175000.0,9247000.0,0.11,0.11,0.11,53370000.0,54513250.0,53370000.0,3511588610.0,31.0,12.985,232996000.0,1.328,1.0,1158737000.0,0.31,1274856000.0,102928000.0,3874026000.0,3995108500.0,67538000.0,1156364000.0,567762000.0,588602000.0,4959925000.0,1717237000.0,3242688000.0,1539073610.0,-63427000.0,5242000.0,0.0,-348431000.0,-34517000.0,-349797000.0,-89181000.0,28459000.0,359892000.0,15659000.0,18583000.0,18583000.0,18583000.0,1823000.0,0.0,0.005,1044739000.0,113998000.0,820065000.0,1.818,28.838,82.822,79.727,674183000.0,0.0,8.77,0.412,0.412,309177000.0,5172185000.0,3734715000.0,3734715000.0,41176000.0,0.004,0.341,0.028,0.03,22804000.0,955351000.0,1.0,175493000.0,175493000.0,,21.281,3738439000.0,106534000.0,-9336000.0,329337000.0,21.302,181519000.0
1,PBI,MRT,2021-03-31,2021-03-31,2021-03-31,2021-09-08,-847538000.0,4941181000.0,5080381750.0,1808105000.0,3133076000.0,0.723,0.111,-122537000.0,680727000.0,680727000.0,2530967000.0,-4602000.0,1.134,256.85,2653242000.0,59559000.0,2593683000.0,2653242000.0,118166000.0,159500000.0,589406000.0,0.024,0.2,103191000.0,262691000.0,0.072,262691000.0,103191000.0,-1837000.0,-0.02,-0.02,-0.02,19163000.0,52315750.0,19163000.0,3290198575.0,32.0,12.525,312327000.0,1.802,1.0,1142037000.0,0.311,1296329000.0,105028000.0,4023111000.0,4075752250.0,63680000.0,1164273000.0,567261000.0,597012000.0,4922018000.0,1594256000.0,3327762000.0,1427781575.0,17655000.0,-27658000.0,0.0,-249283000.0,-34393000.0,-270856000.0,-161246000.0,-10030000.0,434864000.0,14893000.0,-4602000.0,-4602000.0,-4602000.0,3835000.0,0.0,-0.001,1035011000.0,107026000.0,820286000.0,-10.0,74.507,-310.252,-412.0,639777000.0,0.0,8.24,0.389,0.389,327755000.0,5161029000.0,3673004000.0,3673004000.0,37584000.0,-0.001,-0.088,0.025,0.028,21176000.0,952792000.0,1.0,173274463.0,173274463.0,,21.198,3644852000.0,113020000.0,2765000.0,326967000.0,21.035,213849000.0
2,PBI,MRT,2020-12-31,2020-12-31,2020-12-31,2021-09-08,-839131000.0,5220137000.0,5068444000.0,2106923000.0,3113214000.0,0.701,0.384,-104987000.0,921450000.0,921450000.0,2406223000.0,-181544000.0,1.126,77.622,2783867000.0,255214000.0,2528653000.0,2783867000.0,114550000.0,160625000.0,617200000.0,0.032,0.2,-69064000.0,91561000.0,0.026,91561000.0,-69064000.0,-174817000.0,-1.06,-1.06,-1.06,66395000.0,54882500.0,66395000.0,3093189463.0,-45.0,33.783,196985000.0,1.138,1.0,1147852000.0,0.323,1312124000.0,105753000.0,3899970000.0,4149551500.0,65845000.0,1192316000.0,587024000.0,605292000.0,5153742000.0,1870460000.0,3283282000.0,1066349463.0,-2992000.0,-6608000.0,0.0,-221751000.0,-34291000.0,-235371000.0,-75692000.0,33769000.0,301972000.0,6099000.0,-181544000.0,-181544000.0,-181544000.0,-10115000.0,0.0,-0.051,1227031000.0,-79179000.0,880616000.0,-0.189,16.061,-5.874,-5.811,631631000.0,0.0,6.16,0.3,0.3,389240000.0,5201195000.0,3554075000.0,3554075000.0,38384000.0,-0.036,-3.308,-0.017,-0.019,17476000.0,963323000.0,1.0,173108679.0,173108679.0,,20.531,3908013000.0,95872000.0,6727000.0,320494000.0,22.575,236463000.0
3,PBI,MRT,2020-09-30,2020-09-30,2020-09-30,2021-09-08,-813572000.0,5044031000.0,5130134750.0,1922507000.0,3121524000.0,0.654,0.457,-122819000.0,799177000.0,799177000.0,2195298000.0,-23727000.0,1.218,62.748,2826017000.0,101516000.0,2724501000.0,2826017000.0,102919000.0,161031000.0,610582000.0,0.038,0.2,90246000.0,251277000.0,0.075,251277000.0,90246000.0,-15843000.0,-0.17,-0.17,-0.17,79125000.0,109807750.0,79125000.0,2986249063.0,33.0,11.884,153017000.0,0.884,1.0,1161703000.0,0.346,1309637000.0,106089000.0,4183327000.0,4277419000.0,66974000.0,1167881000.0,580333000.0,587548000.0,4964906000.0,1577907000.0,3386999000.0,919066063.0,284326000.0,-12600000.0,0.0,-530628000.0,-34200000.0,-538148000.0,541552000.0,-10578000.0,275836000.0,5086000.0,-23727000.0,-23727000.0,-23727000.0,-176307000.0,0.0,-0.007,1247764000.0,-86061000.0,760363000.0,-1.176,11.615,-38.735,-31.235,621308000.0,0.0,5.31,0.274,0.274,348565000.0,5190914000.0,3357001000.0,3357001000.0,41675000.0,-0.005,-0.216,0.021,0.027,22518000.0,967643000.0,1.0,173082121.0,173082121.0,,19.395,3734394000.0,80782000.0,7884000.0,322695000.0,21.576,344600000.0
4,PBI,MRT,2020-06-30,2020-06-30,2020-06-30,2021-09-08,-836262000.0,5116178000.0,5268433000.0,2160532000.0,2955646000.0,0.618,0.258,-138020000.0,862897000.0,862897000.0,2054912000.0,-38241000.0,1.287,113.764,2930080000.0,198689000.0,2731391000.0,2930080000.0,122606000.0,162952000.0,613449000.0,0.077,0.2,51812000.0,214764000.0,0.066,214764000.0,51812000.0,-55806000.0,-0.26,-0.26,-0.26,44580000.0,96379500.0,44580000.0,2622883935.0,51.0,12.213,129503000.0,0.75,1.0,1200316000.0,0.369,1308245000.0,107618000.0,4196601000.0,4399429250.0,73653000.0,1292256000.0,708417000.0,583839000.0,5071598000.0,1678515000.0,3393083000.0,448829935.0,91855000.0,-15510000.0,-5000000.0,-584145000.0,-34114000.0,-585796000.0,417212000.0,-100251000.0,267523000.0,-7084000.0,-38241000.0,-38241000.0,-38241000.0,-167221000.0,0.0,-0.012,1315725000.0,-115409000.0,732048000.0,-0.769,10.068,-11.737,-10.0,615502000.0,0.0,2.6,0.138,0.138,391748000.0,5188119000.0,3255228000.0,3255228000.0,44692000.0,-0.007,-0.397,0.012,0.016,20934000.0,983117000.0,1.0,172626898.0,172626898.0,,18.857,3807933000.0,70342000.0,-17565000.0,318027000.0,22.059,482017000.0
5,PBI,MRT,2020-03-31,2020-03-31,2020-03-31,2021-09-08,-857874000.0,4893430000.0,5428885250.0,1870188000.0,3023242000.0,0.591,0.172,-135337000.0,663072000.0,663072000.0,1957843000.0,-11215000.0,1.296,165.274,2837126000.0,99037000.0,2738089000.0,2837126000.0,96641000.0,162976000.0,590230000.0,0.098,0.2,67119000.0,230095000.0,0.072,230095000.0,67119000.0,-42072000.0,-0.11,-0.11,-0.11,29430000.0,98477500.0,29430000.0,2378192798.0,35.0,10.336,-4537000.0,-0.027,1.0,1248466000.0,0.389,1306659000.0,109191000.0,4318308000.0,4522991250.0,71848000.0,1266532000.0,664985000.0,601547000.0,4864000000.0,1442517000.0,3421483000.0,349141798.0,-175833000.0,4537000.0,-65858000.0,-681067000.0,-34476000.0,-766791000.0,468938000.0,-75967000.0,130800000.0,-8780000.0,-11215000.0,-11215000.0,-11215000.0,-164640000.0,0.0,-0.003,1345987000.0,-97521000.0,653539000.0,-1.818,11.863,-31.132,-18.545,605363000.0,0.0,2.04,0.109,0.109,342823000.0,5200024000.0,3206309000.0,3206309000.0,50797000.0,-0.002,-0.114,0.015,0.021,17886000.0,990953000.0,1.0,171147940.0,171147940.0,,18.734,3586771000.0,89542000.0,-30857000.0,314981000.0,20.957,427671000.0
6,PBI,MRT,2019-12-31,2019-12-31,2019-12-31,2021-09-08,-840143000.0,5466900000.0,5657094000.0,2236081000.0,3230819000.0,0.567,1.675,-137253000.0,924442000.0,924442000.0,1922139000.0,194609000.0,1.425,18.109,2953493000.0,56168000.0,2897325000.0,2953493000.0,101920000.0,159142000.0,591118000.0,0.05,0.2,292512000.0,451654000.0,0.141,451654000.0,292512000.0,181602000.0,1.1,1.1,1.1,286096000.0,112709000.0,286096000.0,3424974383.0,12.0,7.583,130630000.0,0.765,1.0,1282986000.0,0.4,1514819000.0,110910000.0,4411440000.0,4600994750.0,68251000.0,1371009000.0,745522000.0,625487000.0,5180804000.0,1569692000.0,3611112000.0,688518383.0,57180000.0,-22100000.0,-105000000.0,-544907000.0,-35361000.0,-670299000.0,457550000.0,-44322000.0,267883000.0,2046000.0,194609000.0,194609000.0,194609000.0,-154460000.0,0.0,0.061,1144934000.0,138052000.0,793690000.0,0.182,2.407,3.538,3.664,618154000.0,0.0,4.03,0.215,0.215,373471000.0,5438930000.0,3205125000.0,3205125000.0,51258000.0,0.034,1.727,0.064,0.091,23149000.0,1003989000.0,1.0,170848234.0,170848234.0,,18.76,3952081000.0,77468000.0,-13007000.0,330352000.0,23.132,666389000.0
7,PBI,MRT,2019-09-30,2019-09-30,2019-09-30,2021-09-08,-926452000.0,5597224000.0,5774973750.0,2406762000.0,3190462000.0,0.56,0.149,-127736000.0,514851000.0,514851000.0,1903335000.0,67882000.0,1.122,219.259,3251307000.0,535819000.0,2715488000.0,3251307000.0,106968000.0,154823000.0,0.0,0.074,0.338,154041000.0,308864000.0,0.096,308864000.0,154041000.0,43712000.0,0.37,0.36,0.37,25412000.0,66645500.0,25412000.0,3443404142.0,22.0,11.149,140630000.0,0.823,1.0,1327861000.0,0.411,1516752000.0,110329000.0,4671368000.0,4763610250.0,76339000.0,1370956000.0,754210000.0,616746000.0,5571812000.0,2145560000.0,3426252000.0,781013142.0,-243441000.0,-27052000.0,-105000000.0,-214254000.0,-62056000.0,-346681000.0,-149576000.0,23941000.0,268366000.0,-15550000.0,67882000.0,67882000.0,67882000.0,13382000.0,0.0,0.021,1160438000.0,167423000.0,1337214000.0,0.914,30.734,11.505,12.351,583683000.0,0.0,4.57,0.242,0.242,365522000.0,5270741000.0,3231196000.0,3231196000.0,52293000.0,0.012,1.019,0.032,0.048,21138000.0,1000694000.0,1.0,170900031.0,170900031.0,,18.907,4080472000.0,106159000.0,-24170000.0,306855000.0,23.876,261202000.0
8,PBI,MRT,2019-06-30,2019-06-30,2019-06-30,2021-09-08,-907678000.0,5757987000.0,5854151500.0,2161861000.0,3596126000.0,0.547,0.293,-117516000.0,771042000.0,771042000.0,1854838000.0,151284000.0,1.227,107.699,3433433000.0,249539000.0,3183894000.0,3433433000.0,211061000.0,146106000.0,0.0,0.111,0.475,257754000.0,403860000.0,0.126,403860000.0,257754000.0,149541000.0,0.82,0.81,0.82,52972000.0,123209000.0,52972000.0,3349585129.0,13.0,8.294,159425000.0,0.882,1.0,1346514000.0,0.421,1967206000.0,108213000.0,4690849000.0,4748698250.0,73347000.0,1296419000.0,742344000.0,554075000.0,5705015000.0,1762323000.0,3942692000.0,773506129.0,83137000.0,-21275000.0,-100000000.0,-341743000.0,-88731000.0,-512363000.0,330980000.0,134133000.0,276941000.0,-12421000.0,151284000.0,151284000.0,151284000.0,-27709000.0,0.0,0.047,1116469000.0,230045000.0,1295712000.0,0.579,14.602,5.113,5.22,634412000.0,0.0,4.28,0.242,0.242,419776000.0,5282374000.0,3201352000.0,3201352000.0,55657000.0,0.026,1.228,0.054,0.081,21054000.0,987952000.0,1.0,180725731.0,180725731.0,,17.714,3790781000.0,85487000.0,-1743000.0,315788000.0,20.975,399538000.0
9,PBI,MRT,2019-03-31,2019-03-31,2019-03-31,2021-09-08,-918072000.0,5806265000.0,5976342500.0,2227109000.0,3579156000.0,0.548,0.459,-136487000.0,838905000.0,838905000.0,1840785000.0,179182000.0,1.255,66.236,3414984000.0,242450000.0,3172534000.0,3414984000.0,213171000.0,145611000.0,0.0,0.089,0.613,292583000.0,438194000.0,0.134,438194000.0,292583000.0,181614000.0,0.97,0.95,0.97,86356000.0,158945250.0,86356000.0,3691578378.0,13.0,8.425,208264000.0,1.106,1.0,1437234000.0,0.438,1977264000.0,110969000.0,4630322000.0,4851176000.0,68876000.0,1295201000.0,749841000.0,545360000.0,5719909000.0,1774758000.0,3945151000.0,1293232378.0,120995000.0,-35995000.0,-39142000.0,-334251000.0,-114890000.0,-469086000.0,276658000.0,113228000.0,344751000.0,-31328000.0,179182000.0,179182000.0,179182000.0,-34530000.0,0.0,0.055,1179181000.0,258053000.0,1313440000.0,0.632,14.976,7.217,7.082,606728000.0,0.0,6.87,0.395,0.395,412661000.0,5267615000.0,3278019000.0,3278019000.0,65659000.0,0.03,1.127,0.06,0.089,24553000.0,1035912000.0,1.0,188243432.0,188243432.0,,17.414,3829001000.0,83597000.0,2432000.0,315286000.0,20.341,452351000.0
10,PBI,MRT,2018-12-31,2018-12-31,2018-12-31,2021-09-08,-948961000.0,5938419000.0,6104680750.0,2697517000.0,3240902000.0,0.526,0.543,-137810000.0,867262000.0,867262000.0,1790274000.0,241811000.0,1.427,57.31,3426110000.0,234743000.0,3191367000.0,3426110000.0,116862000.0,148464000.0,0.0,0.127,0.75,363608000.0,512072000.0,0.159,512072000.0,363608000.0,248227000.0,1.29,1.28,1.29,101842000.0,191079500.0,101842000.0,3619226908.0,10.0,7.068,206842000.0,1.102,1.0,1421248000.0,0.443,1545551000.0,115381000.0,5061902000.0,4929684750.0,62279000.0,1348535000.0,712627000.0,635908000.0,5836577000.0,1889814000.0,3946763000.0,1108840908.0,-139794000.0,-10484000.0,0.0,-576755000.0,-140498000.0,-745411000.0,286346000.0,91940000.0,344652000.0,-25381000.0,241811000.0,241811000.0,241811000.0,-60106000.0,0.0,0.075,1117746000.0,303502000.0,1348127000.0,0.581,10.888,4.586,4.581,597283000.0,0.0,5.91,0.345,0.345,371797000.0,5279682000.0,3211522000.0,3211522000.0,58523000.0,0.04,1.265,0.074,0.113,21042000.0,1002935000.0,1.0,187621135.0,187621135.0,,17.117,4392868000.0,70948000.0,6416000.0,308392000.0,23.414,807703000.0
11,PBI,MRT,2018-09-30,2018-09-30,2018-09-30,2021-09-08,-804609000.0,5913935000.0,6291931000.0,2151100000.0,3762835000.0,0.493,1.338,-110649000.0,759231000.0,759231000.0,1710696000.0,263978000.0,1.189,22.499,3269617000.0,192649000.0,3076968000.0,3269617000.0,224141000.0,109057000.0,0.0,0.106,0.75,388647000.0,497704000.0,0.161,497704000.0,388647000.0,263163000.0,1.42,1.4,1.42,251666000.0,212759250.0,251666000.0,4214132509.0,11.0,8.467,271502000.0,1.444,1.0,1388549000.0,0.448,2003250000.0,125484000.0,4611720000.0,5012358000.0,48199000.0,1443179000.0,843050000.0,600129000.0,5662269000.0,1809351000.0,3852918000.0,1331193509.0,-936646000.0,-477371000.0,0.0,-916241000.0,-140262000.0,-1073237000.0,-231409000.0,17809000.0,382151000.0,-14151000.0,263978000.0,263978000.0,263978000.0,-70248000.0,0.0,0.085,1078637000.0,309912000.0,1342097000.0,0.528,5.29,5.043,4.986,578405000.0,0.0,7.08,0.43,0.43,378036000.0,5290761000.0,3099245000.0,3099245000.0,35964000.0,0.042,1.241,0.078,0.125,21848000.0,1001343000.0,1.0,188021682.0,188021682.0,,16.483,3910685000.0,65509000.0,-815000.0,372043000.0,20.799,341749000.0
12,PBI,MRT,2018-06-30,2018-06-30,2018-06-30,2021-09-08,-810251000.0,6246751000.0,6508799000.0,2469938000.0,3776813000.0,0.472,1.045,-121884000.0,689870000.0,689870000.0,1619560000.0,241059000.0,1.228,30.885,3572809000.0,334999000.0,3237810000.0,3572809000.0,237709000.0,120415000.0,0.0,0.088,0.751,381037000.0,501452000.0,0.163,501452000.0,381037000.0,253540000.0,1.3,1.28,1.3,195917000.0,175051000.0,195917000.0,4463572137.0,12.0,8.901,302120000.0,1.611,1.0,1452677000.0,0.473,2016973000.0,127497000.0,5100760000.0,5169517500.0,49051000.0,1465056000.0,867754000.0,597302000.0,6050834000.0,2011957000.0,4038877000.0,1607305137.0,-150694000.0,-477371000.0,0.0,45562000.0,-140076000.0,-103442000.0,-477359000.0,122214000.0,424004000.0,6103000.0,241059000.0,241059000.0,241059000.0,-49548000.0,0.0,0.078,1129675000.0,323002000.0,1349344000.0,0.578,8.204,6.668,6.592,579494000.0,0.0,8.57,0.523,0.523,408703000.0,5248991000.0,3072237000.0,3072237000.0,49644000.0,0.037,1.377,0.074,0.124,21011000.0,1048086000.0,1.0,187550191.0,187550191.0,,16.381,4229778000.0,93199000.0,12481000.0,345679000.0,22.553,457981000.0
13,PBI,MRT,2018-03-31,2018-03-31,2018-03-31,2021-09-08,-771995000.0,6319618000.0,6456448250.0,2289033000.0,4030585000.0,0.455,1.151,-111344000.0,719875000.0,719875000.0,1485290000.0,238365000.0,1.142,28.408,3576142000.0,327429000.0,3248713000.0,3576142000.0,292174000.0,122233000.0,0.0,0.069,0.752,368059000.0,490292000.0,0.167,490292000.0,368059000.0,243737000.0,1.28,1.27,1.28,214893000.0,133415000.0,214893000.0,4855345597.0,13.0,9.903,258437000.0,1.384,1.0,1452120000.0,0.494,2227302000.0,124322000.0,4944357000.0,4978353750.0,96224000.0,1489392000.0,848405000.0,640987000.0,6104725000.0,2004226000.0,4100499000.0,2034031597.0,-19678000.0,-477371000.0,0.0,296343000.0,-139939000.0,146933000.0,-577694000.0,12060000.0,369781000.0,41302000.0,238365000.0,238365000.0,238365000.0,-55780000.0,0.0,0.081,1148328000.0,303792000.0,1375166000.0,0.588,9.465,8.533,8.508,569704000.0,0.0,10.89,0.692,0.692,488028000.0,5235874000.0,2937410000.0,2937410000.0,56398000.0,0.037,1.787,0.074,0.125,22024000.0,1041732000.0,1.0,186779761.0,186779761.0,,15.727,4092316000.0,103641000.0,5372000.0,361449000.0,21.91,284807000.0
14,PBI,MRT,2017-12-31,2017-12-31,2017-12-31,2021-09-08,-792173000.0,6687420000.0,6313336500.0,2830383000.0,3857037000.0,0.441,1.01,-118247000.0,1009021000.0,1009021000.0,1327856000.0,243528000.0,1.368,34.466,3830335000.0,271057000.0,3559278000.0,3830335000.0,257766000.0,126790000.0,0.0,0.067,0.752,375171000.0,501961000.0,0.18,501961000.0,375171000.0,257187000.0,1.31,1.3,1.31,188561000.0,68107250.0,188561000.0,4573645460.0,12.0,9.112,335911000.0,1.799,1.0,1456151000.0,0.523,2046831000.0,117984000.0,5392595000.0,4767511500.0,40769000.0,1529078000.0,876991000.0,652087000.0,6498859000.0,2069308000.0,4429551000.0,2087620460.0,244499000.0,-482853000.0,0.0,472110000.0,-139490000.0,367747000.0,-621365000.0,-19839000.0,454158000.0,43959000.0,243528000.0,243528000.0,243528000.0,-63489000.0,0.0,0.087,1144469000.0,311682000.0,1458854000.0,0.574,11.071,8.572,8.534,557459000.0,0.0,11.18,0.75,0.75,427022000.0,5229584000.0,2784007000.0,2784007000.0,60857000.0,0.039,3.576,0.079,0.135,24389000.0,1029494000.0,1.0,186728127.0,186728127.0,,14.909,4640589000.0,118348000.0,13659000.0,360017000.0,24.852,761075000.0
15,PBI,MRT,2017-09-30,2017-09-30,2017-09-30,2021-09-08,-818484000.0,6781407000.0,6100764750.0,3220557000.0,3560850000.0,0.453,0.54,-156593000.0,1696903000.0,1696903000.0,1137212000.0,92313000.0,1.422,66.254,4182928000.0,620256000.0,3562672000.0,4182928000.0,282537000.0,163728000.0,0.0,0.054,0.752,238115000.0,401843000.0,0.145,401843000.0,238115000.0,129662000.0,0.47,0.48,0.47,100833000.0,-4948000.0,100833000.0,5303617498.0,22.0,13.198,373747000.0,2.002,1.0,1624931000.0,0.588,1762344000.0,108453000.0,5240358000.0,4512706500.0,118282000.0,1522423000.0,871630000.0,650793000.0,6680574000.0,2264730000.0,4415844000.0,2615414498.0,712155000.0,-7789000.0,0.0,823210000.0,-139341000.0,369472000.0,-199473000.0,-26109000.0,530340000.0,11816000.0,73268000.0,68004000.0,68004000.0,-21312000.0,19045000.0,0.025,1406119000.0,218812000.0,1348395000.0,1.6,25.938,38.46,29.809,524206000.0,5264000.0,14.01,0.947,0.947,408886000.0,5174602000.0,2762143000.0,2762143000.0,109117000.0,0.011,-13.744,0.053,0.086,17180000.0,1099132000.0,1.0,186681977.0,186681977.0,,14.796,5019063000.0,119793000.0,56394000.0,311200000.0,26.886,955827000.0
16,PBI,MRT,2017-06-30,2017-06-30,2017-06-30,2021-09-08,-859315000.0,6037348000.0,5970131500.0,2491577000.0,3545771000.0,0.48,0.157,-163717000.0,840564000.0,840564000.0,1186027000.0,105060000.0,0.946,204.541,3528767000.0,985291000.0,2543476000.0,3528767000.0,291180000.0,171237000.0,0.0,0.05,0.751,256924000.0,428161000.0,0.149,428161000.0,256924000.0,154778000.0,0.51,0.52,0.51,29373000.0,2456750.0,29373000.0,5360924070.0,21.0,12.521,358468000.0,1.922,1.0,1681874000.0,0.586,1756339000.0,102146000.0,4336105000.0,4334562500.0,121478000.0,1684864000.0,1022480000.0,662384000.0,6007975000.0,2633107000.0,3374868000.0,2816165070.0,176848000.0,-29275000.0,-2491000.0,441263000.0,-139156000.0,-17141000.0,-321948000.0,-118969000.0,522185000.0,-6248000.0,86015000.0,76158000.0,76158000.0,-9100000.0,19045000.0,0.027,1432041000.0,249833000.0,1339287000.0,1.473,95.876,36.978,29.608,510137000.0,9857000.0,15.1,0.982,0.982,389262000.0,5152241000.0,2867901000.0,2867901000.0,108481000.0,0.013,30.999,0.059,0.09,17902000.0,1112022000.0,1.0,186500998.0,186500998.0,,15.377,4281009000.0,103837000.0,68763000.0,282748000.0,22.954,-141530000.0
17,PBI,MRT,2017-03-31,2017-03-31,2017-03-31,2021-09-08,-913831000.0,5747171000.0,5951688750.0,2233134000.0,3514037000.0,0.5,-0.249,-136811000.0,739553000.0,739553000.0,1238267000.0,114343000.0,0.912,-125.027,3284312000.0,785287000.0,2499025000.0,3284312000.0,295688000.0,174060000.0,0.0,0.057,0.75,292010000.0,466070000.0,0.157,466070000.0,292010000.0,196665000.0,0.54,0.54,0.54,-46338000.0,14816750.0,-46338000.0,5044063243.0,17.0,10.823,449824000.0,2.413,1.0,1735107000.0,0.584,1742502000.0,95345000.0,4100988000.0,4331599750.0,115638000.0,1561915000.0,897285000.0,664630000.0,5793509000.0,2448440000.0,3345069000.0,2443695243.0,137321000.0,-32360000.0,-68816000.0,245861000.0,-139165000.0,-288207000.0,-123891000.0,52684000.0,586635000.0,-37216000.0,95298000.0,80847000.0,80847000.0,0.0,19045000.0,0.027,1441088000.0,294019000.0,1317532000.0,1.389,-52.736,30.226,24.278,498180000.0,14451000.0,13.11,0.822,0.822,389990000.0,5138300000.0,2973374000.0,2973374000.0,112666000.0,0.014,5.456,0.067,0.098,14217000.0,1118065000.0,1.0,186399332.0,186399332.0,,15.952,4004669000.0,90865000.0,101367000.0,321732000.0,21.484,-215306000.0
18,PBI,MRT,2016-12-31,2016-12-31,2016-12-31,2021-09-08,-940133000.0,5837133000.0,6016351500.0,2325183000.0,3511950000.0,0.496,-0.558,-141561000.0,764522000.0,764522000.0,1229334000.0,111850000.0,0.999,-57.31,3364890000.0,614485000.0,2750405000.0,3364890000.0,299878000.0,174065000.0,0.0,0.049,0.75,288750000.0,462815000.0,0.155,462815000.0,288750000.0,199780000.0,0.49,0.49,0.49,-103660000.0,57218250.0,-103660000.0,5196641243.0,18.0,11.228,354561000.0,1.909,1.0,1751989000.0,0.588,1736507000.0,88970000.0,4373375000.0,4437260250.0,92726000.0,1605605000.0,932398000.0,673207000.0,5940793000.0,2327619000.0,3613174000.0,2821674243.0,124332000.0,-37842000.0,-197267000.0,433737000.0,-140608000.0,-229529000.0,-115553000.0,74540000.0,496122000.0,-26708000.0,92805000.0,73760000.0,73760000.0,0.0,19045000.0,0.025,1461230000.0,290759000.0,1378822000.0,1.531,-27.22,38.255,31.0,502657000.0,19045000.0,15.19,0.946,0.946,455527000.0,5107734000.0,2981323000.0,2981323000.0,107378000.0,0.012,1.289,0.065,0.097,14882000.0,1140100000.0,1.0,185758673.0,185758673.0,,16.049,4100626000.0,86179000.0,106975000.0,299999000.0,22.075,-2436000.0
19,PBI,MRT,2016-09-30,2016-09-30,2016-09-30,2021-09-08,-825962000.0,6258874000.0,6087851250.0,2501608000.0,3757266000.0,0.568,0.703,-120809000.0,992089000.0,992089000.0,1521051000.0,281802000.0,1.155,44.706,3367056000.0,535289000.0,2831767000.0,3367056000.0,303153000.0,186051000.0,0.0,0.041,0.75,486023000.0,672074000.0,0.194,672074000.0,486023000.0,401246000.0,1.38,1.37,1.38,130452000.0,127813500.0,130452000.0,5788161567.0,12.0,8.612,347139000.0,1.87,1.0,1935402000.0,0.56,1940639000.0,84777000.0,4527782000.0,4399222500.0,108766000.0,1598809000.0,894515000.0,704294000.0,5832052000.0,2165420000.0,3666632000.0,3370311567.0,305405000.0,-45578000.0,-228986000.0,412619000.0,-142747000.0,9220000.0,-169679000.0,24002000.0,467948000.0,-2084000.0,263427000.0,245052000.0,245052000.0,1951000.0,18375000.0,0.071,1434906000.0,500496000.0,1307808000.0,0.543,25.836,13.753,13.159,492151000.0,18375000.0,18.16,0.975,0.975,427556000.0,5226894000.0,3456453000.0,3456453000.0,116224000.0,0.04,1.917,0.11,0.141,22142000.0,1257624000.0,1.0,185589844.0,185589844.0,,18.624,4318235000.0,79607000.0,137819000.0,306591000.0,23.268,336188000.0
20,PBI,MRT,2016-06-30,2016-06-30,2016-06-30,2021-09-08,-840427000.0,5963577000.0,6058578000.0,2285520000.0,3678057000.0,0.576,0.418,-117352000.0,675972000.0,675972000.0,1520269000.0,305573000.0,1.072,70.907,3093822000.0,470058000.0,2623764000.0,3093822000.0,308728000.0,177697000.0,0.0,0.042,0.75,527144000.0,704841000.0,0.202,704841000.0,527144000.0,444496000.0,1.48,1.46,1.48,78813000.0,130707250.0,78813000.0,5789400550.0,11.0,8.214,363213000.0,1.926,1.0,1966694000.0,0.564,1925499000.0,82648000.0,4324254000.0,4301817250.0,110960000.0,1687372000.0,993783000.0,693589000.0,5588394000.0,2131674000.0,3456720000.0,3357442550.0,-53828000.0,-19048000.0,-326495000.0,137762000.0,-145456000.0,-362476000.0,-160788000.0,-2302000.0,480565000.0,-11129000.0,287198000.0,268822000.0,268822000.0,1660000.0,18375000.0,0.077,1425368000.0,541326000.0,1345653000.0,0.507,42.6,12.489,12.027,481760000.0,18376000.0,17.8,0.963,0.963,431580000.0,5196194000.0,3486963000.0,3486963000.0,116697000.0,0.044,2.057,0.123,0.151,19493000.0,1265852000.0,1.0,188620368.0,188620368.0,,18.487,4038078000.0,79128000.0,157298000.0,289645000.0,21.408,153846000.0
21,PBI,MRT,2016-03-31,2016-03-31,2016-03-31,2021-09-08,-839842000.0,6005822000.0,6131223000.0,2214184000.0,3791638000.0,0.576,0.643,-111398000.0,612987000.0,612987000.0,1533307000.0,403752000.0,1.127,45.317,3044945000.0,269732000.0,2775213000.0,3044945000.0,356412000.0,175116000.0,0.0,0.035,0.75,644452000.0,819568000.0,0.232,819568000.0,644452000.0,561632000.0,1.94,1.93,1.94,123268000.0,158845000.0,123268000.0,6444656961.0,10.0,7.863,371197000.0,1.938,1.0,1998661000.0,0.566,1949049000.0,82820000.0,4523630000.0,4249737250.0,100353000.0,1776040000.0,1034902000.0,741138000.0,5586184000.0,1965101000.0,3621083000.0,4126216961.0,-232821000.0,-117855000.0,-260170000.0,8357000.0,-148320000.0,-427513000.0,-298357000.0,-48048000.0,482595000.0,10454000.0,385377000.0,367002000.0,367002000.0,0.0,18375000.0,0.104,1340948000.0,657713000.0,1311486000.0,0.387,33.474,11.243,11.103,514637000.0,18375000.0,21.54,1.168,1.168,383839000.0,5177573000.0,3531968000.0,3531968000.0,110676000.0,0.06,2.31,0.152,0.182,22316000.0,1292314000.0,1.0,191560676.0,191560676.0,,18.438,4056773000.0,79931000.0,176255000.0,311621000.0,21.177,249083000.0
22,PBI,MRT,2015-12-31,2015-12-31,2015-12-31,2021-09-08,-888635000.0,6123132000.0,6157128250.0,2325352000.0,3797780000.0,0.581,0.907,-114636000.0,640190000.0,640190000.0,1558591000.0,426318000.0,1.02,31.603,2950668000.0,461085000.0,2489583000.0,2950668000.0,353025000.0,173312000.0,0.0,0.036,0.751,685304000.0,858616000.0,0.24,858616000.0,685304000.0,597721000.0,2.04,2.03,2.04,178721000.0,141761750.0,178721000.0,6345257188.0,9.0,7.39,408353000.0,2.072,1.0,2019469000.0,0.564,1933335000.0,87583000.0,4221224000.0,4173361250.0,88824000.0,1806428000.0,1045771000.0,760657000.0,5648041000.0,2279051000.0,3368990000.0,4069087188.0,-403249000.0,-104484000.0,-131719000.0,-275120000.0,-150114000.0,-578658000.0,-303193000.0,-67210000.0,522989000.0,-44387000.0,407943000.0,389568000.0,389568000.0,0.0,18375000.0,0.109,1321061000.0,698408000.0,1448321000.0,0.368,22.768,10.445,10.123,507603000.0,18375000.0,20.65,1.137,1.137,476583000.0,5155537000.0,3578060000.0,3578060000.0,110156000.0,0.063,2.748,0.164,0.192,21049000.0,1279961000.0,1.0,197050227.0,197050227.0,,18.158,4189797000.0,76878000.0,189778000.0,290717000.0,21.263,46301000.0
23,PBI,MRT,2015-09-30,2015-09-30,2015-09-30,2021-09-08,-900852000.0,6141781000.0,6251270750.0,2297748000.0,3844033000.0,0.58,0.703,-153736000.0,715976000.0,715976000.0,1578134000.0,402567000.0,0.985,40.157,2992146000.0,521091000.0,2471055000.0,2992146000.0,353467000.0,182214000.0,0.0,0.038,0.752,651284000.0,833498000.0,0.23,833498000.0,651284000.0,562900000.0,1.92,1.9,1.92,142027000.0,116396250.0,142027000.0,6248110634.0,10.0,7.496,458520000.0,2.271,1.0,2046892000.0,0.565,1946206000.0,88384000.0,4138161000.0,4274923500.0,103195000.0,1743081000.0,974942000.0,768139000.0,5703384000.0,2333584000.0,3369800000.0,4008091634.0,-217265000.0,-95635000.0,-105869000.0,-238002000.0,-150806000.0,-501333000.0,-278321000.0,-33923000.0,612256000.0,-49867000.0,384192000.0,365817000.0,365817000.0,0.0,18375000.0,0.101,1380227000.0,666665000.0,1379337000.0,0.392,28.221,10.957,10.339,505490000.0,18375000.0,19.85,1.106,1.106,399124000.0,5106214000.0,3625026000.0,3625026000.0,112723000.0,0.059,3.143,0.152,0.18,19709000.0,1286221000.0,1.0,201918974.0,201918974.0,,17.953,4195575000.0,103788000.0,178708000.0,305927000.0,20.779,-35836000.0
24,PBI,MRT,2015-06-30,2015-06-30,2015-06-30,2021-09-08,-892506000.0,6254157000.0,6321834750.0,2363547000.0,3890610000.0,0.585,0.949,-161940000.0,754171000.0,754171000.0,1623473000.0,445573000.0,0.982,30.133,2994190000.0,521103000.0,2473087000.0,2994190000.0,372783000.0,189524000.0,0.0,0.036,0.751,678917000.0,868441000.0,0.235,868441000.0,678917000.0,588540000.0,2.12,2.11,2.12,191364000.0,150476000.0,191364000.0,6400573556.0,9.0,7.37,416909000.0,2.067,1.0,2073656000.0,0.561,1971270000.0,90377000.0,4115934000.0,4414148000.0,101072000.0,1780114000.0,999146000.0,780968000.0,5766423000.0,2406972000.0,3359451000.0,4197029556.0,-261289000.0,-100954000.0,-54030000.0,-237959000.0,-151248000.0,-452839000.0,-327469000.0,-57852000.0,578849000.0,-59830000.0,427198000.0,408824000.0,408824000.0,0.0,18375000.0,0.111,1400013000.0,673643000.0,1420283000.0,0.354,21.932,10.266,9.816,498929000.0,18374000.0,20.81,1.135,1.135,400044000.0,5054442000.0,3697129000.0,3697129000.0,109630000.0,0.065,2.717,0.154,0.184,20537000.0,1318748000.0,1.0,201683304.0,201683304.0,,18.331,4282887000.0,115801000.0,161342000.0,297628000.0,21.236,-43425000.0
25,PBI,MRT,2015-03-31,2015-03-31,2015-03-31,2021-09-08,-908647000.0,6109443000.0,6407316250.0,2498482000.0,3610961000.0,0.589,0.272,-197083000.0,871687000.0,871687000.0,1661450000.0,388069000.0,1.046,104.817,3075231000.0,520914000.0,2554317000.0,3075231000.0,409381000.0,195989000.0,0.0,0.032,0.751,615908000.0,811897000.0,0.215,811897000.0,615908000.0,525020000.0,1.84,1.82,1.84,54935000.0,173074000.0,54935000.0,6874686063.0,11.0,8.467,459476000.0,2.279,1.0,2113238000.0,0.56,1707343000.0,90888000.0,4218126000.0,4532231500.0,95029000.0,1779037000.0,1003814000.0,775223000.0,5758138000.0,2387518000.0,3370620000.0,4701825063.0,-41221000.0,102931000.0,-53102000.0,-258879000.0,-151440000.0,-473895000.0,-160941000.0,-58929000.0,656559000.0,-62944000.0,369694000.0,351319000.0,351319000.0,0.0,18375000.0,0.093,1510060000.0,603178000.0,1354876000.0,0.408,85.589,13.383,12.674,482049000.0,18375000.0,23.32,1.246,1.246,379578000.0,4940505000.0,3774688000.0,3774688000.0,109787000.0,0.055,2.03,0.136,0.163,18596000.0,1341554000.0,1.0,201622001.0,201622001.0,,18.722,4402100000.0,122002000.0,155326000.0,257503000.0,21.833,110964000.0
26,PBI,MRT,2014-12-31,2014-12-31,2014-12-31,2021-09-08,-846156000.0,6499702000.0,6537789500.0,2763687000.0,3736015000.0,0.585,0.384,-183318000.0,1054118000.0,1054118000.0,1680791000.0,352130000.0,1.194,79.293,3252006000.0,324879000.0,2927127000.0,3252006000.0,386846000.0,198088000.0,0.0,0.031,0.75,537458000.0,735546000.0,0.192,735546000.0,537458000.0,446570000.0,1.66,1.64,1.66,77259000.0,206784750.0,77259000.0,7212326081.0,13.0,9.805,474970000.0,2.363,1.0,2140713000.0,0.56,1754894000.0,90888000.0,4627473000.0,4688288500.0,84827000.0,1869160000.0,1049439000.0,819721000.0,6126073000.0,2315223000.0,3810850000.0,4898126081.0,162701000.0,102392000.0,-50003000.0,-91325000.0,-151611000.0,-311844000.0,-154661000.0,-73158000.0,658288000.0,-29082000.0,333755000.0,315380000.0,315380000.0,0.0,18375000.0,0.083,1618629000.0,522084000.0,1572971000.0,0.452,63.399,15.531,14.681,485471000.0,18375000.0,24.37,1.282,1.282,437275000.0,4897708000.0,3821504000.0,3821504000.0,109931000.0,0.048,1.525,0.115,0.141,17446000.0,1378400000.0,1.0,200989991.0,200989991.0,,19.013,4744808000.0,127390000.0,112815000.0,231604000.0,23.607,448464000.0
27,PBI,MRT,2014-09-30,2014-09-30,2014-09-30,2021-09-08,-614741000.0,6424037000.0,6606041000.0,2692102000.0,3731935000.0,0.583,1.372,-155390000.0,923676000.0,923676000.0,1706350000.0,379690000.0,1.193,21.015,3237876000.0,274879000.0,2962997000.0,3237876000.0,399016000.0,187226000.0,0.0,0.03,0.75,558803000.0,746029000.0,0.194,746029000.0,558803000.0,466918000.0,1.79,1.78,1.79,278346000.0,238764000.0,278346000.0,7302082284.0,13.0,9.788,373306000.0,1.841,1.0,2142062000.0,0.557,1786784000.0,91885000.0,4695059000.0,4813466250.0,94879000.0,1916644000.0,1053590000.0,863054000.0,5849321000.0,2256394000.0,3592927000.0,5068261284.0,154455000.0,488232000.0,-50633000.0,-406895000.0,-151854000.0,-628722000.0,276681000.0,-61070000.0,528696000.0,-22200000.0,361315000.0,342941000.0,342941000.0,0.0,18375000.0,0.089,1610005000.0,532057000.0,1428690000.0,0.419,18.208,14.779,13.961,472914000.0,18374000.0,24.99,1.317,1.317,399051000.0,4872875000.0,3848412000.0,3848412000.0,109962000.0,0.052,1.436,0.116,0.145,15518000.0,1393717000.0,1.0,202811576.0,202811576.0,,18.975,4637253000.0,94907000.0,105603000.0,359758000.0,22.865,435708000.0
28,PBI,MRT,2014-06-30,2014-06-30,2014-06-30,2021-09-08,-559351000.0,6596083000.0,6787514750.0,2793302000.0,3802781000.0,0.564,1.39,-136421000.0,1005901000.0,1005901000.0,1679667000.0,241875000.0,1.159,21.359,3239722000.0,274879000.0,2964843000.0,3239722000.0,439038000.0,191258000.0,0.0,0.027,0.75,409603000.0,600861000.0,0.157,600861000.0,409603000.0,313825000.0,1.11,1.1,1.11,281756000.0,171986750.0,281756000.0,8035148578.0,20.0,13.373,489815000.0,2.417,1.0,2147590000.0,0.561,1831145000.0,95778000.0,4588268000.0,5028207250.0,101252000.0,1980969000.0,1072539000.0,908430000.0,6017957000.0,2410491000.0,3607466000.0,5596921578.0,387748000.0,491134000.0,406000.0,-406895000.0,-151740000.0,-577569000.0,339181000.0,-61301000.0,626236000.0,-100000.0,223500000.0,205125000.0,205125000.0,0.0,18375000.0,0.054,1665577000.0,482013000.0,1504887000.0,0.676,19.864,27.285,24.883,458535000.0,18375000.0,27.62,1.462,1.462,409514000.0,4778506000.0,3827257000.0,3827257000.0,108671000.0,0.03,1.193,0.081,0.107,15656000.0,1404278000.0,1.0,202640173.0,202640173.0,,18.887,4764938000.0,98178000.0,90325000.0,398116000.0,23.514,382811000.0
29,PBI,MRT,2014-03-31,2014-03-31,2014-03-31,2021-09-08,-573333000.0,6631336000.0,6921794500.0,2815292000.0,3816044000.0,0.552,0.937,-128816000.0,903342000.0,903342000.0,1668007000.0,138377000.0,1.178,32.381,3341569000.0,274879000.0,3066690000.0,3341569000.0,466410000.0,198611000.0,0.0,0.029,0.75,292551000.0,491162000.0,0.129,491162000.0,292551000.0,188210000.0,0.59,0.59,0.59,189778000.0,107133000.0,189778000.0,7702386125.0,26.0,15.682,469464000.0,2.318,1.0,2151462000.0,0.563,1837474000.0,104341000.0,4842354000.0,5315071750.0,100956000.0,2007165000.0,1098636000.0,908529000.0,6145188000.0,2389735000.0,3755453000.0,5263897125.0,-15907000.0,389141000.0,1223000.0,-681895000.0,-151474000.0,-851486000.0,246597000.0,-60436000.0,598280000.0,-9298000.0,120002000.0,101627000.0,101627000.0,0.0,18375000.0,0.027,1690530000.0,460932000.0,1484250000.0,1.271,27.737,51.796,44.051,457413000.0,18375000.0,25.99,1.378,1.378,430249000.0,4705475000.0,3819469000.0,3819469000.0,107353000.0,0.015,0.949,0.055,0.077,15103000.0,1419817000.0,1.0,202535480.0,202535480.0,,18.858,4793862000.0,99014000.0,68208000.0,409478000.0,23.669,425557000.0
30,PBI,MRT,2013-12-31,2013-12-31,2013-12-31,2021-09-08,-574556000.0,6772708000.0,7167987000.0,2838212000.0,3934496000.0,0.529,1.016,-137512000.0,907806000.0,907806000.0,1650622000.0,161210000.0,1.274,30.565,3346295000.0,0.0,3346295000.0,3346295000.0,425833000.0,211243000.0,0.0,0.04,0.938,330070000.0,541313000.0,0.143,541313000.0,330070000.0,220802000.0,0.71,0.71,0.71,205176000.0,77985250.0,205176000.0,7597382116.0,23.0,14.035,487312000.0,2.413,1.0,2140713000.0,0.565,1855258000.0,109268000.0,5128184000.0,5563101000.0,103580000.0,2096412000.0,1134049000.0,962363000.0,6271162000.0,2227755000.0,4043407000.0,4706428116.0,-15055000.0,389680000.0,0.0,-667594000.0,-188846000.0,-868062000.0,241156000.0,-23703000.0,624824000.0,-12973000.0,142835000.0,124460000.0,124460000.0,0.0,18375000.0,0.033,1647491000.0,493222000.0,1644582000.0,1.321,22.938,37.815,32.817,471317000.0,18375000.0,23.3,1.241,1.241,469800000.0,4715564000.0,3791335000.0,3791335000.0,110412000.0,0.017,1.596,0.059,0.087,14921000.0,1420096000.0,1.0,201992623.0,201992623.0,,18.77,4917450000.0,102685000.0,77967000.0,387686000.0,24.345,610457000.0
31,PBI,MRT,2013-09-30,2013-09-30,2013-09-30,2021-09-08,-696593000.0,7149932000.0,7439782750.0,3204604000.0,3945328000.0,0.498,0.056,-152162000.0,759636000.0,759636000.0,1570730000.0,181459000.0,1.219,608.91,3650590000.0,299570000.0,3351020000.0,3650590000.0,418231000.0,231426000.0,0.0,0.062,1.125,371143000.0,602569000.0,0.163,602569000.0,371143000.0,258089000.0,0.8,0.79,0.8,11237000.0,54349000.0,11237000.0,6716433793.0,18.0,11.146,596958000.0,2.958,1.0,2133949000.0,0.576,1857766000.0,113054000.0,5554023000.0,5727205250.0,134266000.0,2122425000.0,1140539000.0,981886000.0,6842325000.0,2629097000.0,4213228000.0,3670969793.0,334847000.0,2627000.0,8824000.0,-28024000.0,-226251000.0,-263827000.0,-142839000.0,-6989000.0,749120000.0,-7607000.0,176865000.0,158489000.0,158489000.0,0.0,4594000.0,0.043,1641475000.0,492474000.0,1501189000.0,1.406,326.686,23.162,22.738,470707000.0,18376000.0,18.19,0.991,0.991,418035000.0,4646593000.0,3704679000.0,3704679000.0,107791000.0,0.021,2.916,0.065,0.1,16783000.0,1436467000.0,1.0,201812523.0,201812523.0,,18.357,5292166000.0,125133000.0,81224000.0,468224000.0,26.223,575507000.0
32,PBI,MRT,2013-06-30,2013-06-30,2013-06-30,2021-09-08,-723523000.0,7133202000.0,7470841250.0,2754027000.0,4379175000.0,0.5,0.111,-161276000.0,608568000.0,608568000.0,1575883000.0,263519000.0,1.204,305.022,3654032000.0,0.0,3654032000.0,3654032000.0,448129000.0,237651000.0,0.0,0.089,1.312,470657000.0,708308000.0,0.19,708308000.0,470657000.0,356113000.0,1.21,1.2,1.21,22341000.0,82698000.0,22341000.0,6080605634.0,13.0,8.585,438115000.0,2.175,1.0,2158096000.0,0.578,2156203000.0,114544000.0,5735726000.0,5723472000.0,141061000.0,2139678000.0,1155416000.0,984262000.0,6814491000.0,2286737000.0,4527754000.0,2957635634.0,108796000.0,0.0,8661000.0,-28024000.0,-263659000.0,-301398000.0,-187744000.0,8986000.0,599391000.0,-1453000.0,254331000.0,235955000.0,235955000.0,0.0,9188000.0,0.063,1630659000.0,527437000.0,1563069000.0,1.084,132.386,12.535,12.132,582365000.0,18376000.0,14.68,0.792,0.792,588540000.0,4689969000.0,3733979000.0,3733979000.0,113248000.0,0.032,2.853,0.082,0.126,16616000.0,1455103000.0,1.0,201473817.0,201473817.0,,18.533,4976999000.0,123896000.0,101782000.0,396783000.0,24.703,467290000.0
33,PBI,MRT,2013-03-31,2013-03-31,2013-03-31,2021-09-08,-711974000.0,7616106000.0,7523790000.0,3061778000.0,4554328000.0,0.525,0.363,-165396000.0,909664000.0,909664000.0,1722995000.0,372375000.0,1.162,99.014,4032634000.0,375000000.0,3657634000.0,4032634000.0,466677000.0,248413000.0,0.0,0.101,1.5,604122000.0,852535000.0,0.216,852535000.0,604122000.0,489270000.0,1.76,1.74,1.76,73187000.0,97429250.0,73187000.0,6096105048.0,10.0,7.151,555572000.0,2.759,1.0,2226679000.0,0.564,2268890000.0,114852000.0,5834471000.0,5647335250.0,167469000.0,2189075000.0,1174803000.0,1014272000.0,7246549000.0,2635715000.0,4610834000.0,2992006048.0,-5889000.0,0.0,9131000.0,-230854000.0,-300987000.0,-541086000.0,-171905000.0,2075000.0,720968000.0,-13866000.0,358593000.0,340217000.0,340217000.0,0.0,13782000.0,0.086,1648628000.0,578051000.0,1586957000.0,0.852,40.882,8.794,8.443,613272000.0,18376000.0,14.86,0.758,0.758,2764745000.0,4736961000.0,3949674000.0,3949674000.0,119728000.0,0.045,3.492,0.107,0.153,17554000.0,1481836000.0,1.0,201346302.0,201346302.0,,19.616,5347216000.0,142473000.0,130677000.0,446703000.0,26.557,426063000.0
34,PBI,MRT,2012-12-31,2012-12-31,2012-12-31,2021-09-08,-681213000.0,7859891000.0,7635328000.0,3212127000.0,4647764000.0,0.501,0.551,-176586000.0,913276000.0,913276000.0,1582398000.0,463539000.0,1.116,67.367,4017375000.0,375000000.0,3642375000.0,4017375000.0,452130000.0,255556000.0,0.0,0.141,1.5,674678000.0,930234000.0,0.243,930234000.0,674678000.0,559450000.0,2.22,2.21,2.22,110631000.0,101893250.0,110631000.0,5391712790.0,8.0,5.796,483602000.0,2.409,1.0,2241315000.0,0.586,2302352000.0,115228000.0,5784601000.0,5688822500.0,179678000.0,2285938000.0,1224903000.0,1061035000.0,7452890000.0,2877037000.0,4575853000.0,2135997790.0,57038000.0,0.0,9314000.0,-210000000.0,-300578000.0,-519640000.0,-86732000.0,96785000.0,660188000.0,3222000.0,445163000.0,426787000.0,426787000.0,0.0,18376000.0,0.112,1622299000.0,619016000.0,1809226000.0,0.676,19.307,5.005,4.793,626569000.0,18376000.0,10.64,0.559,0.559,728250000.0,4744802000.0,3823713000.0,3823713000.0,114250000.0,0.056,4.189,0.119,0.176,18227000.0,1489735000.0,1.0,200751672.0,200751672.0,,19.047,5557539000.0,146270000.0,114287000.0,455784000.0,27.684,335090000.0
35,PBI,MRT,2012-09-30,2012-09-30,2012-09-30,2021-09-08,-625868000.0,7274166000.0,7707131250.0,2674072000.0,4600094000.0,0.457,0.621,-160084000.0,424789000.0,424789000.0,1293405000.0,610676000.0,0.995,54.987,3680504000.0,375000000.0,3305504000.0,3680504000.0,449051000.0,258648000.0,0.0,0.108,1.495,766313000.0,1024961000.0,0.291,1024961000.0,766313000.0,649695000.0,2.95,2.95,2.95,124633000.0,64489000.0,124633000.0,5954525208.0,8.0,5.81,443075000.0,2.208,1.0,2230951000.0,0.633,2303109000.0,116618000.0,5539090000.0,5760977750.0,187082000.0,2291499000.0,1227950000.0,1063549000.0,6853163000.0,2687682000.0,4165481000.0,2772824208.0,-290405000.0,0.0,9487000.0,-550000000.0,-299185000.0,-858073000.0,-37984000.0,87591000.0,603159000.0,2493000.0,592300000.0,573924000.0,573924000.0,0.0,18376000.0,0.163,1577627000.0,653324000.0,1643395000.0,0.507,22.248,4.831,4.685,632160000.0,18376000.0,13.82,0.787,0.787,2888108000.0,4709761000.0,3524356000.0,3524356000.0,119493000.0,0.074,8.9,0.133,0.217,18804000.0,1457775000.0,1.0,200638510.0,200638510.0,,17.566,4971057000.0,67659000.0,57395000.0,439120000.0,24.776,-13610000.0
36,PBI,MRT,2012-06-30,2012-06-30,2012-06-30,2021-09-08,-657658000.0,7344997000.0,7929356500.0,2721316000.0,4623681000.0,0.489,0.406,-156031000.0,499772000.0,499772000.0,1534730000.0,706909000.0,0.981,85.735,3681473000.0,375000000.0,3306473000.0,3681473000.0,466926000.0,266114000.0,0.0,0.1,1.49,816261000.0,1082375000.0,0.279,1082375000.0,816261000.0,698252000.0,3.43,3.43,3.43,81266000.0,22010000.0,81266000.0,6342289703.0,8.0,5.86,683387000.0,3.413,1.0,2339561000.0,0.604,2322216000.0,118009000.0,5431179000.0,6061877500.0,187562000.0,2313260000.0,1227854000.0,1085406000.0,6967361000.0,2773303000.0,4194058000.0,2997214703.0,-78676000.0,0.0,-39961000.0,-550000000.0,-298741000.0,-907077000.0,6875000.0,143306000.0,839418000.0,-17892000.0,688534000.0,670159000.0,670159000.0,0.0,18375000.0,0.173,1707339000.0,632222000.0,1701135000.0,0.434,36.882,4.472,4.364,643146000.0,18375000.0,14.97,0.774,0.774,2903085000.0,4708485000.0,3874291000.0,3874291000.0,124840000.0,0.085,30.448,0.135,0.211,18888000.0,1514252000.0,1.0,200214743.0,200214743.0,,19.351,5022781000.0,64406000.0,9718000.0,484317000.0,25.087,-51987000.0
37,PBI,MRT,2012-03-31,2012-03-31,2012-03-31,2021-09-08,-617106000.0,8062258000.0,8185345750.0,3294259000.0,4767999000.0,0.491,0.456,-170650000.0,915553000.0,915553000.0,1629932000.0,708221000.0,1.083,84.299,4260628000.0,577830000.0,3682798000.0,4260628000.0,494068000.0,267194000.0,0.0,0.084,1.485,815669000.0,1082863000.0,0.269,1082863000.0,815669000.0,699463000.0,3.43,3.44,3.43,91043000.0,1401250.0,91043000.0,6889938907.0,8.0,6.363,552956000.0,2.768,1.0,2392476000.0,0.595,2364580000.0,116206000.0,6000420000.0,6443581750.0,179321000.0,2375357000.0,1260565000.0,1114792000.0,7674845000.0,3042333000.0,4632512000.0,3512267907.0,263484000.0,0.0,-88504000.0,-14470000.0,-299094000.0,-420443000.0,-43397000.0,111578000.0,723606000.0,3718000.0,689846000.0,671471000.0,671471000.0,0.0,18375000.0,0.167,1764235000.0,628241000.0,1675152000.0,0.433,38.578,5.231,5.125,665045000.0,18375000.0,17.58,0.873,0.873,3000846000.0,4683949000.0,4022408000.0,4022408000.0,128470000.0,0.082,479.194,0.127,0.203,19151000.0,1566311000.0,1.0,199787708.0,199787708.0,,20.133,5697678000.0,201657000.0,9617000.0,601311000.0,28.519,251926000.0
38,PBI,MRT,2011-12-31,2011-12-31,2011-12-31,2021-09-08,-661645000.0,8147104000.0,8293994750.0,3259858000.0,4887246000.0,0.497,-0.195,-155297000.0,856238000.0,856238000.0,1708983000.0,635855000.0,1.054,-202.373,4233909000.0,550000000.0,3683909000.0,4233909000.0,458425000.0,272142000.0,0.0,0.08,1.48,768361000.0,1040503000.0,0.252,1040503000.0,768361000.0,652998000.0,3.06,3.05,3.06,-38986000.0,-27632000.0,-38986000.0,7231574659.0,9.0,6.95,793690000.0,3.976,1.0,2416358000.0,0.586,2359691000.0,115363000.0,6073222000.0,6691438750.0,178599000.0,2508123000.0,1264061000.0,1244062000.0,7889720000.0,3091862000.0,4797858000.0,3701280659.0,371875000.0,0.0,-87063000.0,-50000000.0,-299579000.0,-455017000.0,-117416000.0,2527000.0,948987000.0,-4679000.0,617480000.0,599105000.0,599105000.0,0.0,18375000.0,0.145,1815304000.0,601054000.0,1840465000.0,0.484,-94.939,6.178,6.059,662857000.0,18375000.0,18.54,0.897,0.897,723630000.0,4600217000.0,4125341000.0,4125341000.0,129155000.0,0.072,-21.682,0.115,0.186,18692000.0,1587437000.0,1.0,199637576.0,199637576.0,,20.664,5787413000.0,192548000.0,35518000.0,613756000.0,28.99,167996000.0
39,PBI,MRT,2011-09-30,2011-09-30,2011-09-30,2021-09-08,-477431000.0,8163067000.0,8368224500.0,3069675000.0,5093392000.0,0.622,-0.224,-140025000.0,715194000.0,715194000.0,2523167000.0,441405000.0,1.249,-174.723,4245488000.0,1941000.0,4243547000.0,4245488000.0,450874000.0,277049000.0,0.0,0.078,1.475,674098000.0,951147000.0,0.183,951147000.0,674098000.0,558645000.0,2.09,2.09,2.09,-45283000.0,-42030750.0,-45283000.0,7464290728.0,11.0,7.848,896471000.0,4.435,1.0,2683244000.0,0.515,2492291000.0,115453000.0,6742689000.0,6945906500.0,178553000.0,2565808000.0,1315477000.0,1250331000.0,7911980000.0,2458381000.0,5453599000.0,3800296728.0,329148000.0,-2037000.0,-86825000.0,-131562000.0,-299933000.0,-537512000.0,-165701000.0,-14105000.0,1036496000.0,-4135000.0,423030000.0,404655000.0,404655000.0,0.0,18375000.0,0.078,2030564000.0,652680000.0,1664217000.0,0.706,-83.923,9.391,8.995,681531000.0,18375000.0,18.8,0.73,0.73,3052944000.0,4416646000.0,5206411000.0,5206411000.0,146656000.0,0.048,-9.628,0.097,0.129,17638000.0,1706080000.0,1.0,202143443.0,202143443.0,,25.756,5670776000.0,195249000.0,135615000.0,1057869000.0,28.053,611294000.0
40,PBI,MRT,2011-06-30,2011-06-30,2011-06-30,2021-09-08,-379162000.0,8368954000.0,8406434500.0,2990969000.0,5377985000.0,0.625,-0.006,-136551000.0,578448000.0,578448000.0,2548158000.0,357573000.0,1.214,-6906.547,4242442000.0,2477000.0,4239965000.0,4242442000.0,481239000.0,284457000.0,0.0,0.064,1.47,654611000.0,939068000.0,0.179,939068000.0,654611000.0,538780000.0,1.66,1.66,1.66,-1169000.0,-48195000.0,-1169000.0,8316408425.0,13.0,8.856,841159000.0,4.126,1.0,2704271000.0,0.515,2610626000.0,115831000.0,6957996000.0,7077680250.0,177504000.0,2762155000.0,1326244000.0,1435911000.0,8073753000.0,2464326000.0,5609427000.0,4686590425.0,118997000.0,-67187000.0,-136860000.0,-143459000.0,-300913000.0,-600424000.0,-274723000.0,-80005000.0,977710000.0,16434000.0,339198000.0,320823000.0,320823000.0,0.0,18375000.0,0.061,2007242000.0,697029000.0,1748628000.0,0.886,-4009.059,14.608,13.849,712713000.0,18375000.0,22.99,0.892,0.892,3179267000.0,4318692000.0,5252429000.0,5252429000.0,149537000.0,0.038,-6.657,0.092,0.125,17982000.0,1713960000.0,1.0,203853433.0,203853433.0,,25.766,5758328000.0,205459000.0,199582000.0,1083719000.0,28.247,526643000.0
41,PBI,MRT,2011-03-31,2011-03-31,2011-03-31,2021-09-08,-414496000.0,8496854000.0,8383462750.0,3082013000.0,5414841000.0,0.624,-0.123,-113482000.0,652069000.0,652069000.0,2546275000.0,317968000.0,1.224,-327.843,4281887000.0,45450000.0,4236437000.0,4281887000.0,508160000.0,293270000.0,0.0,0.057,1.465,597876000.0,891146000.0,0.17,891146000.0,597876000.0,481391000.0,1.46,1.46,1.46,-25090000.0,-78073000.0,-25090000.0,9043622021.0,15.0,10.148,833836000.0,4.092,1.0,2688917000.0,0.514,2617708000.0,116485000.0,6991848000.0,7161117750.0,180292000.0,2783258000.0,1317298000.0,1465960000.0,8225574000.0,2517116000.0,5708458000.0,5235243021.0,175129000.0,-77537000.0,-88069000.0,-56500000.0,-301230000.0,-464940000.0,-314122000.0,-138728000.0,947318000.0,6873000.0,299644000.0,281320000.0,281320000.0,0.0,18324000.0,0.054,2045124000.0,643793000.0,1757372000.0,1.003,-208.659,18.61,17.596,710398000.0,18324000.0,25.69,1.0,1.0,3245948000.0,4293198000.0,5235192000.0,5235192000.0,150264000.0,0.034,-3.603,0.083,0.114,18974000.0,1707597000.0,1.0,203785248.0,203785248.0,,25.69,5879146000.0,201242000.0,181747000.0,1026394000.0,28.85,564897000.0
42,PBI,MRT,2010-12-31,2010-12-31,2010-12-31,2021-09-08,-473806000.0,8444023000.0,8351336500.0,3008241000.0,5435782000.0,0.63,-0.475,-107173000.0,484363000.0,484363000.0,2528520000.0,310703000.0,1.178,-85.361,4289248000.0,50000000.0,4239248000.0,4289248000.0,481900000.0,303653000.0,0.0,0.06,1.46,621596000.0,925249000.0,0.176,925249000.0,621596000.0,505977000.0,1.42,1.42,1.42,-96581000.0,-73215250.0,-96581000.0,8909567110.0,14.0,9.629,844938000.0,4.155,1.0,2731836000.0,0.519,2604236000.0,115619000.0,7091093000.0,7227861000.0,168967000.0,2847710000.0,1352205000.0,1495505000.0,8244234000.0,2553579000.0,5690655000.0,4917094110.0,71626000.0,-77537000.0,-88577000.0,-170794000.0,-301456000.0,-579968000.0,-301493000.0,-127182000.0,952111000.0,976000.0,292379000.0,274055000.0,274055000.0,0.0,18324000.0,0.052,2062615000.0,669221000.0,1828755000.0,1.028,-50.912,17.942,17.028,726671000.0,18324000.0,24.18,0.935,0.935,3358230000.0,4282316000.0,5260356000.0,5260356000.0,156371000.0,0.033,-3.743,0.086,0.118,20111000.0,1724283000.0,1.0,203353768.0,203353768.0,,25.868,5839787000.0,234143000.0,213598000.0,990573000.0,28.717,454662000.0
43,PBI,MRT,2010-09-30,2010-09-30,2010-09-30,2021-09-08,-451880000.0,8315907000.0,8383090500.0,2845317000.0,5470590000.0,0.65,-0.338,-130396000.0,386046000.0,386046000.0,2673820000.0,349393000.0,1.175,-115.663,4378519000.0,135674000.0,4242845000.0,4378519000.0,461573000.0,307817000.0,0.0,0.068,1.455,648477000.0,956294000.0,0.176,956294000.0,648477000.0,535584000.0,1.59,1.58,1.59,-69940000.0,-49858000.0,-69940000.0,8342198799.0,13.0,8.723,627319000.0,3.035,1.0,2771697000.0,0.509,2616490000.0,112893000.0,7269784000.0,7312136750.0,187875000.0,2817095000.0,1330172000.0,1486923000.0,8089477000.0,2422106000.0,5667371000.0,4419098799.0,-55082000.0,-75500000.0,-88335000.0,-33438000.0,-301572000.0,-516883000.0,-294684000.0,-102093000.0,757715000.0,-1230000.0,332503000.0,311019000.0,311019000.0,0.0,16890000.0,0.057,2088240000.0,683457000.0,1694745000.0,0.915,-63.184,14.208,13.447,774255000.0,21484000.0,21.38,0.812,0.812,3280286000.0,4293549000.0,5445517000.0,5445517000.0,161055000.0,0.037,-6.238,0.089,0.119,21425000.0,1788245000.0,1.0,206693115.0,206693115.0,,26.346,5699417000.0,221265000.0,203081000.0,981193000.0,27.574,423211000.0
44,PBI,MRT,2010-06-30,2010-06-30,2010-06-30,2021-09-08,-583181000.0,8277067000.0,8440119000.0,2949998000.0,5327069000.0,0.647,-0.582,-135177000.0,459451000.0,459451000.0,2675937000.0,363714000.0,1.221,-67.131,4382551000.0,149082000.0,4233469000.0,4382551000.0,465972000.0,320486000.0,0.0,0.066,1.45,671514000.0,992000000.0,0.182,992000000.0,671514000.0,560687000.0,1.66,1.65,1.66,-120681000.0,-12999250.0,-120681000.0,8399643259.0,13.0,8.467,629306000.0,3.032,1.0,2780658000.0,0.51,2492373000.0,110827000.0,7291746000.0,7356920750.0,182974000.0,2810065000.0,1350839000.0,1459226000.0,8101378000.0,2416048000.0,5685330000.0,4557322259.0,14189000.0,-10350000.0,12317000.0,-140916000.0,-300338000.0,-527097000.0,-218517000.0,-92589000.0,764483000.0,-4680000.0,346795000.0,325282000.0,325282000.0,0.0,16919000.0,0.06,2074517000.0,706141000.0,1661401000.0,0.873,-37.763,14.01,13.229,786103000.0,21513000.0,21.96,0.835,0.835,3265425000.0,4280409000.0,5456595000.0,5456595000.0,167653000.0,0.039,-25.023,0.091,0.123,21676000.0,1788884000.0,1.0,207528336.0,207528336.0,,26.293,5784694000.0,254822000.0,213892000.0,1001025000.0,27.874,533950000.0
45,PBI,MRT,2010-03-31,2010-03-31,2010-03-31,2021-09-08,-483232000.0,8368349000.0,8512897000.0,2942796000.0,5425553000.0,0.651,-0.027,-147319000.0,476940000.0,476940000.0,2716873000.0,419623000.0,1.224,-1427.397,4319261000.0,103533000.0,4215728000.0,4319261000.0,482849000.0,331210000.0,0.0,0.059,1.445,755102000.0,1086312000.0,0.196,1086312000.0,755102000.0,643926000.0,1.93,1.92,1.93,-5659000.0,9596000.0,-5659000.0,9099099970.0,12.0,8.376,701832000.0,3.383,1.0,2820947000.0,0.509,2548129000.0,111176000.0,7258821000.0,7383425250.0,162070000.0,2905575000.0,1355239000.0,1550336000.0,8077638000.0,2403720000.0,5673918000.0,5072174970.0,53723000.0,0.0,12675000.0,-277010000.0,-298907000.0,-656836000.0,-150426000.0,-15225000.0,849151000.0,11834000.0,402676000.0,381135000.0,381135000.0,0.0,16947000.0,0.069,2039195000.0,781752000.0,1661467000.0,0.749,-896.302,13.308,12.668,832608000.0,21541000.0,24.45,0.916,0.916,3409136000.0,4309185000.0,5537820000.0,5537820000.0,176107000.0,0.045,39.718,0.102,0.136,22308000.0,1793620000.0,1.0,207450919.0,207450919.0,,26.695,5820220000.0,190118000.0,241250000.0,1003637000.0,28.056,539076000.0
46,PBI,MRT,2009-12-31,2009-12-31,2009-12-31,2021-09-08,-459792000.0,8571039000.0,8542090250.0,2971236000.0,5599803000.0,0.652,-0.015,-166728000.0,412737000.0,412737000.0,2738024000.0,444913000.0,1.158,-2626.212,4439662000.0,226022000.0,4213640000.0,4439662000.0,447786000.0,338895000.0,0.0,0.063,1.44,774868000.0,1113763000.0,0.2,1113763000.0,774868000.0,663599000.0,2.05,2.04,2.05,-3152000.0,-39571500.0,-3152000.0,8662781499.0,11.0,7.778,657340000.0,3.173,1.0,2831147000.0,0.508,2603321000.0,111269000.0,7428196000.0,7424022500.0,156502000.0,2974401000.0,1385600000.0,1588801000.0,8277821000.0,2566447000.0,5711374000.0,4714480499.0,36066000.0,0.0,11962000.0,-242153000.0,-297555000.0,-625861000.0,-171970000.0,-6906000.0,824068000.0,9829000.0,423445000.0,401977000.0,401977000.0,0.0,21468000.0,0.072,2031651000.0,799496000.0,1748254000.0,0.702,-1495.711,11.728,11.102,875111000.0,21468000.0,22.76,0.847,0.847,3543212000.0,4291393000.0,5569171000.0,5569171000.0,182191000.0,0.047,-10.158,0.104,0.139,22523000.0,1800714000.0,1.0,207138862.0,207138862.0,,26.886,5967718000.0,246636000.0,240154000.0,1017040000.0,28.81,404789000.0
47,PBI,MRT,2009-09-30,2009-09-30,2009-09-30,2021-09-08,-461550000.0,8544021000.0,8601889500.0,2945244000.0,5598777000.0,0.659,0.374,-193839000.0,441128000.0,441128000.0,2795656000.0,417178000.0,1.212,104.424,4389429000.0,170783000.0,4218646000.0,4389429000.0,452380000.0,353211000.0,0.0,0.058,1.43,753703000.0,1106914000.0,0.195,1106914000.0,753703000.0,641513000.0,1.94,1.93,1.94,77495000.0,-110478250.0,77495000.0,9202013065.0,12.0,8.313,791941000.0,3.825,1.0,2871799000.0,0.507,2613634000.0,112190000.0,7448920000.0,7388225250.0,176626000.0,2984839000.0,1383291000.0,1601548000.0,8092361000.0,2429768000.0,5662593000.0,5145277065.0,-17658000.0,1287000.0,12577000.0,-518236000.0,-295346000.0,-819340000.0,-186209000.0,-4163000.0,985780000.0,2111000.0,419598000.0,401263000.0,401263000.0,0.0,-2420000.0,0.071,2113153000.0,758646000.0,1693697000.0,0.737,66.395,12.823,12.809,903100000.0,18335000.0,24.85,0.908,0.908,3508168000.0,4380513000.0,5667455000.0,5667455000.0,188067000.0,0.047,-3.632,0.102,0.133,23803000.0,1797124000.0,1.0,207053403.0,207053403.0,,27.372,5930387000.0,139666000.0,221915000.0,773105000.0,28.642,515476000.0
48,PBI,MRT,2009-06-30,2009-06-30,2009-06-30,2021-09-08,-533571000.0,8568179000.0,8809478750.0,2995611000.0,5572568000.0,0.665,-0.147,-212152000.0,445262000.0,445262000.0,2884849000.0,414098000.0,1.148,-271.43,4501998000.0,292869000.0,4209129000.0,4501998000.0,491073000.0,360375000.0,0.0,0.065,1.42,763263000.0,1123638000.0,0.192,1123638000.0,763263000.0,648280000.0,1.91,1.9,1.91,-30300000.0,-35923750.0,-30300000.0,8714965906.0,11.0,7.756,810202000.0,3.926,1.0,2973459000.0,0.508,2617763000.0,114983000.0,7397764000.0,7396491250.0,171267000.0,2983503000.0,1388587000.0,1594916000.0,8224314000.0,2609388000.0,5614926000.0,4526103906.0,15850000.0,814000.0,-47011000.0,-434787000.0,-293532000.0,-805583000.0,-189035000.0,5864000.0,1022354000.0,-11886000.0,414600000.0,394347000.0,394347000.0,0.0,-502000.0,0.067,2206212000.0,767247000.0,1722404000.0,0.743,-149.376,11.477,11.482,912657000.0,20253000.0,21.93,0.773,0.773,3543988000.0,4351845000.0,5858308000.0,5858308000.0,196023000.0,0.045,-10.977,0.103,0.13,25280000.0,1845843000.0,1.0,206388687.0,206388687.0,,28.385,5950416000.0,149509000.0,233680000.0,720595000.0,28.831,386223000.0
49,PBI,MRT,2009-03-31,2009-03-31,2009-03-31,2021-09-08,-644905000.0,8485122000.0,9080843750.0,2925567000.0,5559555000.0,0.668,-0.981,-228151000.0,423217000.0,423217000.0,2977300000.0,425570000.0,1.088,-41.088,4612079000.0,384382000.0,4227697000.0,4612079000.0,482215000.0,368976000.0,0.0,0.06,1.41,782945000.0,1151921000.0,0.19,1151921000.0,782945000.0,667378000.0,1.96,1.94,1.96,-202329000.0,107580750.0,-202329000.0,9146287361.0,12.0,7.94,804600000.0,3.9,1.0,3090632000.0,0.509,2563202000.0,115567000.0,7421210000.0,7492875750.0,170228000.0,2971032000.0,1404374000.0,1566658000.0,8313286000.0,2689572000.0,5623714000.0,4817592361.0,25431000.0,-62589000.0,-136909000.0,-301084000.0,-291774000.0,-760245000.0,-225049000.0,46774000.0,1032751000.0,-22026000.0,425847000.0,405369000.0,405369000.0,0.0,-277000.0,0.067,2298174000.0,792458000.0,1684080000.0,0.719,-23.811,11.884,11.913,941643000.0,20478000.0,23.35,0.794,0.794,3551247000.0,4308909000.0,6067932000.0,6067932000.0,202569000.0,0.045,3.768,0.104,0.129,25713000.0,1912444000.0,1.0,206320872.0,206320872.0,,29.41,5921920000.0,115301000.0,241531000.0,714602000.0,28.702,235995000.0
50,PBI,MRT,2008-12-31,2008-12-31,2008-12-31,2021-09-08,-596341000.0,8810236000.0,9366950750.0,3043082000.0,5767154000.0,0.669,-1.391,-237308000.0,376671000.0,376671000.0,3066072000.0,440548000.0,0.943,-30.417,4705366000.0,770501000.0,3934865000.0,4705366000.0,441556000.0,379117000.0,0.0,0.055,1.4,804684000.0,1183801000.0,0.189,1183801000.0,804684000.0,685477000.0,2.01,2.0,2.01,-286779000.0,296571500.0,-286779000.0,9651144053.0,12.0,8.153,772107000.0,3.746,1.0,3196233000.0,0.51,2627652000.0,119207000.0,7285007000.0,7602301500.0,161321000.0,3099182000.0,1477297000.0,1621885000.0,8722850000.0,3226272000.0,5496578000.0,5252154053.0,-505000.0,-67689000.0,-313077000.0,-125393000.0,-291611000.0,-760836000.0,-234118000.0,37520000.0,1009415000.0,-14966000.0,440548000.0,419793000.0,419793000.0,0.0,0.0,0.067,2376742000.0,819491000.0,1922399000.0,0.697,-18.314,12.511,12.677,972209000.0,20755000.0,25.48,0.839,0.839,3755332000.0,4179904000.0,6262305000.0,6262305000.0,205620000.0,0.045,1.415,0.106,0.128,26402000.0,1970868000.0,1.0,206128495.0,206128495.0,,30.381,6182584000.0,197786000.0,244929000.0,830207000.0,29.994,-183190000.0
51,PBI,MRT,2008-09-30,2008-09-30,2008-09-30,2021-09-08,-7112000.0,9374378000.0,9530824500.0,3299912000.0,6074466000.0,0.669,1.808,-203013000.0,458786000.0,458786000.0,3193562000.0,323288000.0,0.925,22.955,4857776000.0,985196000.0,3872580000.0,4857776000.0,547401000.0,386408000.0,0.0,0.041,1.38,615136000.0,1001544000.0,0.157,1001544000.0,615136000.0,548957000.0,1.39,1.39,1.39,375713000.0,533308500.0,375713000.0,11361236255.0,18.0,11.344,935985000.0,4.505,1.0,3180401000.0,0.499,2722674000.0,66179000.0,7481984000.0,7684830750.0,204606000.0,3170952000.0,1473578000.0,1697374000.0,8624500000.0,3568710000.0,5055790000.0,6909876255.0,120023000.0,-103179000.0,-428173000.0,-63820000.0,-291038000.0,-828407000.0,-188127000.0,65288000.0,1138998000.0,-2441000.0,287912000.0,252536000.0,252536000.0,-4695000.0,35376000.0,0.04,2564196000.0,616205000.0,1876174000.0,0.993,18.391,27.362,23.928,999160000.0,35376000.0,33.26,1.084,1.084,829963000.0,4260150000.0,6373963000.0,6373963000.0,203477000.0,0.026,0.474,0.08,0.097,25212000.0,2015869000.0,1.0,207753345.0,207753345.0,,30.68,6651704000.0,120213000.0,261045000.0,934326000.0,32.017,-268798000.0
52,PBI,MRT,2008-06-30,2008-06-30,2008-06-30,2021-09-08,134629000.0,9653639000.0,9566449750.0,3388638000.0,6265001000.0,0.662,2.619,-221973000.0,429412000.0,429412000.0,3145056000.0,346194000.0,0.971,16.048,4880772000.0,866862000.0,4013910000.0,4880772000.0,593666000.0,388240000.0,0.0,0.04,1.36,678747000.0,1066987000.0,0.168,1066987000.0,678747000.0,582219000.0,1.5,1.5,1.5,543718000.0,648681500.0,543718000.0,11546069656.0,17.0,10.821,921206000.0,4.438,1.0,3189511000.0,0.504,2832634000.0,96528000.0,7783302000.0,7783028000.0,214110000.0,3257489000.0,1508000000.0,1749489000.0,8725756000.0,3489063000.0,5236693000.0,7078339656.0,177445000.0,-140069000.0,-458347000.0,28766000.0,-290264000.0,-748681000.0,-225267000.0,65161000.0,1143179000.0,8214000.0,317358000.0,288522000.0,288522000.0,-3130000.0,28836000.0,0.046,2508692000.0,680819000.0,1915896000.0,0.907,13.018,24.533,22.733,1040335000.0,28836000.0,34.1,1.117,1.117,880918000.0,4234666000.0,6334567000.0,6334567000.0,198160000.0,0.03,0.445,0.087,0.107,24547000.0,2010991000.0,1.0,207575943.0,207575943.0,,30.517,6821005000.0,124051000.0,264861000.0,907429000.0,32.86,-100425000.0
53,PBI,MRT,2008-03-31,2008-03-31,2008-03-31,2021-09-08,130163000.0,9629550000.0,9450758750.0,3379322000.0,6250228000.0,0.666,2.623,-224410000.0,397786000.0,397786000.0,3065048000.0,365128000.0,0.979,15.699,4865516000.0,818503000.0,4047013000.0,4865516000.0,597935000.0,389343000.0,0.0,0.038,1.34,746083000.0,1135426000.0,0.181,1135426000.0,746083000.0,617151000.0,1.57,1.57,1.57,553634000.0,704762750.0,553634000.0,11770977846.0,16.0,10.367,888207000.0,4.208,1.0,3224467000.0,0.513,2787169000.0,128932000.0,7858913000.0,7753504500.0,218036000.0,3314388000.0,1552454000.0,1761934000.0,8691751000.0,3451198000.0,5240553000.0,7392311846.0,165541000.0,-583218000.0,-430302000.0,487915000.0,-290197000.0,-256624000.0,-701188000.0,40055000.0,1112617000.0,10736000.0,341088000.0,317048000.0,317048000.0,-1788000.0,24040000.0,0.05,2474239000.0,750228000.0,1893884000.0,0.854,13.352,23.316,22.306,1048214000.0,24040000.0,35.02,1.175,1.175,853236000.0,4178725000.0,6289515000.0,6289515000.0,192096000.0,0.034,0.45,0.096,0.119,23090000.0,2001417000.0,1.0,211088288.0,211088288.0,,29.796,6842381000.0,120423000.0,276063000.0,906077000.0,32.415,-71876000.0
54,PBI,MRT,2007-12-31,2007-12-31,2007-12-31,2021-09-08,88656000.0,9465731000.0,9161997000.0,3235401000.0,6230330000.0,0.669,3.044,-235048000.0,377176000.0,377176000.0,2974239000.0,386023000.0,0.932,12.756,4755842000.0,953767000.0,3802075000.0,4755842000.0,456042000.0,383141000.0,0.0,0.035,1.32,770895000.0,1154036000.0,0.188,1154036000.0,770895000.0,647003000.0,1.68,1.66,1.68,660169000.0,732979250.0,660169000.0,12807669407.0,17.0,11.098,844659000.0,3.894,1.0,3155556000.0,0.515,2757046000.0,123892000.0,7615124000.0,7701445750.0,197962000.0,3344729000.0,1561765000.0,1782964000.0,8421397000.0,3472227000.0,4949170000.0,8250405407.0,138074000.0,-594110000.0,-292479000.0,376901000.0,-288790000.0,-223610000.0,-726339000.0,40153000.0,1079707000.0,8316000.0,366781000.0,347539000.0,347539000.0,0.0,19242000.0,0.057,2379622000.0,775934000.0,1965567000.0,0.786,12.497,23.74,22.643,1063845000.0,19242000.0,38.04,1.346,1.346,3873331000.0,4150622000.0,6129795000.0,6129795000.0,185665000.0,0.038,0.474,0.1,0.126,24131000.0,1930324000.0,1.0,216887629.0,216887629.0,,28.263,6708685000.0,111325000.0,280222000.0,837730000.0,30.932,-236826000.0
55,PBI,MRT,2007-09-30,2007-09-30,2007-09-30,2021-09-08,43416000.0,9516879000.0,8947800250.0,3270686000.0,6246193000.0,0.672,3.824,-286032000.0,338763000.0,338763000.0,2783498000.0,583983000.0,0.928,9.909,4896027000.0,1102053000.0,3793974000.0,4896027000.0,541988000.0,376532000.0,0.0,0.029,1.31,1153803000.0,1530335000.0,0.255,1530335000.0,1153803000.0,906331000.0,2.64,2.62,2.64,837205000.0,742734250.0,837205000.0,14509421317.0,13.0,9.481,-211628000.0,-0.967,1.0,3227882000.0,0.537,2676782000.0,247472000.0,7874773000.0,7741392750.0,257086000.0,3413172000.0,1590250000.0,1822922000.0,8295509000.0,3522588000.0,4772921000.0,9943575317.0,110410000.0,-309175000.0,-233179000.0,509775000.0,-288003000.0,62758000.0,-31946000.0,518365000.0,74404000.0,5194000.0,583983000.0,583983000.0,583983000.0,8743000.0,0.0,0.097,2062741000.0,1165141000.0,1748183000.0,0.496,11.877,17.027,17.205,1170654000.0,0.0,45.42,1.654,1.654,826917000.0,4263276000.0,6011380000.0,6011380000.0,179323000.0,0.065,0.786,0.149,0.192,25335000.0,1863930000.0,1.0,218925040.0,218925040.0,,27.459,6840097000.0,0.0,322348000.0,654340000.0,31.244,-251902000.0
56,PBI,MRT,2007-06-30,2007-06-30,2007-06-30,2021-09-08,-53770000.0,9190875000.0,8923815250.0,3094311000.0,6096564000.0,0.665,3.497,-293870000.0,251967000.0,251967000.0,2738198000.0,604928000.0,0.895,10.466,4817813000.0,1180815000.0,3636998000.0,4817813000.0,556004000.0,373169000.0,0.0,0.028,1.3,1170617000.0,1543786000.0,0.26,1543786000.0,1170617000.0,931569000.0,2.73,2.7,2.73,768043000.0,772715000.0,768043000.0,14366909907.0,12.0,9.306,-569813000.0,-2.594,1.0,3198236000.0,0.539,2633605000.0,239048000.0,7665208000.0,7612170250.0,248588000.0,3335062000.0,1551233000.0,1783829000.0,8038667000.0,3457908000.0,4580759000.0,10283719907.0,30298000.0,407874000.0,-145078000.0,722083000.0,-286988000.0,364182000.0,-60717000.0,-213005000.0,-275943000.0,2776000.0,604928000.0,604928000.0,604928000.0,2785000.0,0.0,0.102,2023448000.0,1174788000.0,1613887000.0,0.476,13.39,17.0,17.15,1130789000.0,0.0,46.82,1.732,1.732,795873000.0,4207572000.0,5936434000.0,5936434000.0,173525000.0,0.068,0.783,0.154,0.197,25920000.0,1827584000.0,1.0,219643740.0,219643740.0,,27.028,6557270000.0,0.0,326641000.0,614873000.0,29.854,-363597000.0
57,PBI,MRT,2007-03-31,2007-03-31,2007-03-31,2021-09-08,-117773000.0,8474503000.0,9054251750.0,2913902000.0,5560601000.0,0.639,3.025,-312433000.0,232245000.0,232245000.0,2667904000.0,96615000.0,1.067,11.139,4315435000.0,577361000.0,3738074000.0,4315435000.0,527881000.0,365224000.0,0.0,0.028,1.29,669322000.0,1034546000.0,0.179,1034546000.0,669322000.0,437745000.0,0.43,0.43,0.43,666500000.0,804422500.0,666500000.0,14098304965.0,21.0,13.628,-665016000.0,-3.019,1.0,3114706000.0,0.539,2175533000.0,231577000.0,7650678000.0,7473803000.0,248617000.0,3185928000.0,1456762000.0,1729166000.0,7423838000.0,2731482000.0,4692356000.0,9999249965.0,36904000.0,794452000.0,-212189000.0,68699000.0,-285204000.0,-354529000.0,741424000.0,79896000.0,-352583000.0,2592000.0,96615000.0,96615000.0,96615000.0,478769000.0,0.0,0.017,1966781000.0,1147925000.0,1534864000.0,3.0,15.003,103.496,105.558,1108057000.0,0.0,45.39,1.729,1.729,747533000.0,4127834000.0,5782610000.0,5782610000.0,167401000.0,0.011,0.12,0.09,0.116,27685000.0,1772000000.0,1.0,220296320.0,220296320.0,,26.249,6298970000.0,0.0,341130000.0,608678000.0,28.593,182420000.0
58,PBI,MRT,2006-12-31,2006-12-31,2006-12-31,2021-09-08,-131744000.0,8608944000.0,9582741500.0,2973455000.0,5635489000.0,0.598,3.151,-327877000.0,239102000.0,239102000.0,2640327000.0,105347000.0,1.071,10.763,4338157000.0,490540000.0,3847617000.0,4338157000.0,465862000.0,363258000.0,0.0,0.028,1.28,668769000.0,1032027000.0,0.18,1032027000.0,668769000.0,440351000.0,0.47,0.47,0.47,699189000.0,974947250.0,699189000.0,14402458634.0,22.0,13.956,-614451000.0,-2.769,1.0,3089691000.0,0.539,2156349000.0,228418000.0,7774912000.0,8095858750.0,237817000.0,3212106000.0,1466582000.0,1745524000.0,7525590000.0,2776738000.0,4748852000.0,10248621634.0,-4407000.0,772434000.0,-298551000.0,69740000.0,-285051000.0,-439697000.0,719473000.0,107755000.0,-286574000.0,2391000.0,105347000.0,105347000.0,105347000.0,460312000.0,0.0,0.018,1962605000.0,1127086000.0,1677501000.0,2.723,14.658,97.284,98.277,1116551000.0,0.0,46.19,1.789,1.789,744073000.0,4140128000.0,5730018000.0,5730018000.0,165368000.0,0.011,0.108,0.083,0.117,27375000.0,1764260000.0,1.0,221879663.0,221879663.0,,25.825,6452595000.0,128524000.0,335004000.0,597764000.0,29.082,196717000.0
59,PBI,MRT,2006-09-30,2006-09-30,2006-09-30,2021-09-08,163406000.0,9420939000.0,10085851000.0,3518070000.0,5902869000.0,0.556,4.32,-319962000.0,202865000.0,202865000.0,2582216000.0,34644000.0,0.869,8.519,4356702000.0,1007712000.0,3348990000.0,4356702000.0,466511000.0,355467000.0,0.0,0.029,1.27,627509000.0,982976000.0,0.175,982976000.0,627509000.0,410220000.0,0.13,0.13,0.13,957128000.0,1141212250.0,957128000.0,13703882038.0,22.0,13.941,120534000.0,0.544,1.0,3029342000.0,0.54,2166360000.0,217289000.0,7357883000.0,8705916000.0,244523000.0,3934630000.0,2156475000.0,1778155000.0,8153811000.0,4050533000.0,4103278000.0,9829482038.0,-66174000.0,405912000.0,-294501000.0,124928000.0,-284834000.0,-454407000.0,-53349000.0,-306970000.0,440496000.0,1086000.0,34644000.0,34644000.0,34644000.0,451316000.0,0.0,0.006,1943087000.0,1086255000.0,1568610000.0,9.769,10.27,283.728,341.308,1109021000.0,0.0,44.37,1.752,1.752,674267000.0,4056278000.0,5611558000.0,5611558000.0,167608000.0,0.003,0.03,0.072,0.112,28210000.0,1727900000.0,1.0,221534416.0,221534416.0,,25.33,7254579000.0,0.0,375576000.0,1495357000.0,32.747,-532463000.0
60,PBI,MRT,2006-06-30,2006-06-30,2006-06-30,2021-09-08,181521000.0,9712621000.0,10269433250.0,3911066000.0,5801555000.0,0.536,4.031,-306298000.0,196315000.0,196315000.0,2529306000.0,25832000.0,0.9,9.507,4070715000.0,707050000.0,3363665000.0,4070715000.0,491856000.0,346314000.0,0.0,0.031,1.26,606614000.0,952928000.0,0.173,952928000.0,606614000.0,391866000.0,0.07,0.07,0.07,894873000.0,1244562500.0,894873000.0,13644744227.0,22.0,14.319,410955000.0,1.851,1.0,2977950000.0,0.541,2129638000.0,214748000.0,7111739000.0,9158109000.0,243225000.0,3134857000.0,1367411000.0,1767446000.0,8507748000.0,4345644000.0,4162104000.0,9167645227.0,-55215000.0,-265914000.0,-324191000.0,-205317000.0,-284804000.0,-814312000.0,41743000.0,456574000.0,717253000.0,101000.0,25832000.0,25832000.0,25832000.0,448920000.0,0.0,0.005,1916229000.0,1061721000.0,1478114000.0,18.0,10.245,354.895,590.0,1104965000.0,0.0,41.3,1.665,1.665,660092000.0,3978614000.0,5507256000.0,5507256000.0,165980000.0,0.003,0.021,0.066,0.11,28286000.0,1696523000.0,1.0,221976882.0,221976882.0,,24.81,7582983000.0,0.0,366034000.0,748041000.0,34.161,-434578000.0
61,PBI,MRT,2006-03-31,2006-03-31,2006-03-31,2021-09-08,97125000.0,10588462000.0,10381894750.0,2793454000.0,7795008000.0,0.524,5.941,-295026000.0,195341000.0,195341000.0,2512693000.0,516864000.0,0.953,6.622,4672440000.0,894232000.0,3778208000.0,4672440000.0,496534000.0,338784000.0,0.0,0.029,1.25,1053288000.0,1392072000.0,0.256,1392072000.0,1053288000.0,848455000.0,2.27,2.24,2.27,1348599000.0,1354601750.0,1348599000.0,14208224470.0,13.0,10.207,331578000.0,1.461,1.0,2927959000.0,0.538,1996447000.0,204833000.0,10138901000.0,9547592250.0,225870000.0,4741907000.0,1496748000.0,3245159000.0,8929863000.0,2930213000.0,5999650000.0,9744368470.0,-127203000.0,-386952000.0,-259751000.0,361821000.0,-285399000.0,-183329000.0,-567639000.0,109139000.0,626604000.0,-2839000.0,516864000.0,516864000.0,516864000.0,-42124000.0,0.0,0.095,1911331000.0,1016628000.0,1453641000.0,0.551,7.226,18.853,18.912,1624683000.0,0.0,42.93,1.791,1.791,660270000.0,4405405000.0,5440652000.0,5440652000.0,165508000.0,0.05,0.382,0.11,0.194,27354000.0,1670736000.0,1.0,226982727.0,226982727.0,,23.969,8592015000.0,0.0,331591000.0,1993575000.0,37.853,-136759000.0
62,PBI,MRT,2005-12-31,2005-12-31,2005-12-31,2021-09-08,76917000.0,10621382000.0,10189459250.0,2742315000.0,7879067000.0,0.527,5.98,-261312000.0,243509000.0,243509000.0,2482781000.0,508611000.0,0.942,6.558,4707365000.0,857742000.0,3849623000.0,4707365000.0,458392000.0,331963000.0,0.0,0.029,1.24,1030382000.0,1362345000.0,0.254,1362345000.0,1030382000.0,837208000.0,2.22,2.19,2.22,1364249000.0,1348095000.0,1364249000.0,13626808322.0,13.0,10.002,269129000.0,1.18,1.0,2884155000.0,0.537,1959200000.0,193174000.0,10215141000.0,9206097000.0,220918000.0,4710337000.0,1398639000.0,3311698000.0,8947133000.0,2910897000.0,6036236000.0,9637918322.0,-72708000.0,-294176000.0,-166639000.0,323126000.0,-284348000.0,-127861000.0,-472192000.0,73496000.0,530441000.0,-3096000.0,508611000.0,508611000.0,508611000.0,-35368000.0,0.0,0.095,1884611000.0,999544000.0,1538860000.0,0.559,7.065,18.949,19.032,1646596000.0,0.0,42.25,1.796,1.796,658198000.0,4324451000.0,5366936000.0,5366936000.0,165751000.0,0.05,0.377,0.112,0.192,27223000.0,1655210000.0,1.0,228116410.0,228116410.0,,23.527,8662182000.0,0.0,328597000.0,1915853000.0,37.973,-168582000.0
63,PBI,MRT,2005-09-30,2005-09-30,2005-09-30,2021-09-08,118121000.0,10155268000.0,10087020250.0,2786460000.0,7368808000.0,0.516,5.989,-275965000.0,294527000.0,294527000.0,2438902000.0,484209000.0,0.931,6.184,4283417000.0,931685000.0,3351732000.0,4283417000.0,467522000.0,329557000.0,0.0,0.03,1.235,875995000.0,1205552000.0,0.232,1205552000.0,875995000.0,700339000.0,2.11,2.07,2.11,1370529000.0,1329553000.0,1370529000.0,13616304774.0,16.0,11.295,357439000.0,1.562,1.0,2767480000.0,0.532,1984090000.0,175656000.0,9166655000.0,8951640750.0,228708000.0,4781752000.0,1412084000.0,3369668000.0,8474739000.0,2993413000.0,5481326000.0,9552473774.0,-51995000.0,-342400000.0,-112603000.0,349615000.0,-284123000.0,-47111000.0,-639790000.0,-16992000.0,633404000.0,1502000.0,484209000.0,484209000.0,484209000.0,-77064000.0,0.0,0.093,1961641000.0,805839000.0,1458522000.0,0.585,6.97,19.728,19.782,1115004000.0,0.0,41.74,1.835,1.835,637054000.0,4452852000.0,5206382000.0,5206382000.0,165861000.0,0.048,0.364,0.098,0.168,49423000.0,1631854000.0,1.0,228856583.0,228856583.0,,22.75,8171178000.0,0.0,216130000.0,1923240000.0,35.704,-206953000.0
64,PBI,MRT,2005-06-30,2005-06-30,2005-06-30,2021-09-08,123156000.0,10162467000.0,9934456000.0,2756781000.0,7405686000.0,0.513,5.804,-287577000.0,276884000.0,276884000.0,2372192000.0,480917000.0,0.779,6.38,4340715000.0,1459078000.0,2881637000.0,4340715000.0,483344000.0,322627000.0,0.0,0.028,1.23,862784000.0,1185411000.0,0.233,1185411000.0,862784000.0,693146000.0,2.09,2.05,2.09,1335030000.0,1291461250.0,1335030000.0,13618416488.0,16.0,11.488,343481000.0,1.493,1.0,2722683000.0,0.534,2018961000.0,169638000.0,8669672000.0,8785697250.0,237146000.0,4776376000.0,1414894000.0,3361482000.0,8517437000.0,3537665000.0,4979772000.0,10017667488.0,-51398000.0,-659061000.0,-116567000.0,691734000.0,-283618000.0,291549000.0,-977619000.0,-38809000.0,631058000.0,3614000.0,480917000.0,480917000.0,480917000.0,-70275000.0,0.0,0.094,1925676000.0,797007000.0,1478953000.0,0.589,7.504,20.83,20.837,1118415000.0,0.0,43.55,1.966,1.966,617066000.0,4381273000.0,5094875000.0,5094875000.0,168225000.0,0.048,0.372,0.098,0.169,42618000.0,1590861000.0,1.0,230026808.0,230026808.0,,22.149,8143506000.0,0.0,212229000.0,1867192000.0,35.402,-780884000.0
65,PBI,MRT,2005-03-31,2005-03-31,2005-03-31,2021-09-08,121540000.0,9818720000.0,9664430750.0,2716434000.0,7102286000.0,0.515,5.729,-291814000.0,322544000.0,322544000.0,2299606000.0,480677000.0,0.939,6.19,3923293000.0,747268000.0,3176025000.0,3923293000.0,466329000.0,315895000.0,0.0,0.027,1.225,861523000.0,1177418000.0,0.237,1177418000.0,861523000.0,694502000.0,2.08,2.05,2.08,1322572000.0,1241637500.0,1322572000.0,14077043938.0,16.0,11.956,558766000.0,2.421,1.0,2678564000.0,0.538,1753272000.0,167021000.0,8772920000.0,8648838250.0,224095000.0,4718291000.0,1371612000.0,3346679000.0,8186148000.0,2893277000.0,5292871000.0,10415420938.0,23833000.0,-445980000.0,-71521000.0,237114000.0,-282842000.0,-117249000.0,-710569000.0,8122000.0,850580000.0,1071000.0,480677000.0,480677000.0,480677000.0,-56557000.0,0.0,0.097,1871621000.0,806943000.0,1419783000.0,0.589,7.875,21.668,21.692,1129411000.0,0.0,45.12,2.092,2.092,596435000.0,4316613000.0,4978170000.0,4978170000.0,166647000.0,0.05,0.387,0.1,0.173,36447000.0,1548557000.0,1.0,230838230.0,230838230.0,,21.566,8065448000.0,0.0,213825000.0,2016086000.0,34.94,-176843000.0
66,PBI,MRT,2004-12-31,2004-12-31,2004-12-31,2021-09-08,135526000.0,10211626000.0,9505233750.0,2688762000.0,7522864000.0,0.508,5.594,-316982000.0,316217000.0,316217000.0,2232182000.0,461996000.0,0.805,6.675,4375163000.0,1210475000.0,3164688000.0,4375163000.0,421819000.0,306750000.0,0.0,0.026,1.22,820963000.0,1127713000.0,0.233,1127713000.0,820963000.0,659313000.0,2.0,1.97,2.0,1290081000.0,1197083000.0,1290081000.0,14247397447.0,17.0,12.634,618505000.0,2.682,1.0,2600122000.0,0.538,1735118000.0,161650000.0,9197316000.0,8563942500.0,206697000.0,4657762000.0,1400202000.0,3257560000.0,8611545000.0,3338138000.0,5273407000.0,10673082447.0,-14215000.0,-462092000.0,-117530000.0,215353000.0,-282265000.0,-184442000.0,-772187000.0,15725000.0,935487000.0,6927000.0,461996000.0,461996000.0,461996000.0,-56557000.0,0.0,0.096,1833739000.0,766383000.0,1487239000.0,0.61,8.273,23.102,23.14,1693912000.0,0.0,46.28,2.209,2.209,567772000.0,4243404000.0,4832304000.0,4832304000.0,160873000.0,0.049,0.386,0.096,0.17,29888000.0,1495566000.0,1.0,230619759.0,230619759.0,,20.954,8476508000.0,0.0,197317000.0,1983718000.0,36.755,-649376000.0
67,PBI,MRT,2004-09-30,2004-09-30,2004-09-30,2021-09-08,72674000.0,9545011000.0,9175174250.0,2615729000.0,6929282000.0,0.524,5.27,-297768000.0,346522000.0,346522000.0,2168262000.0,544692000.0,0.864,6.581,3920837000.0,1097551000.0,2823286000.0,3920837000.0,404012000.0,301662000.0,0.0,0.028,1.215,972038000.0,1273700000.0,0.265,1273700000.0,972038000.0,797931000.0,2.35,2.32,2.35,1218162000.0,1146403250.0,1218162000.0,13479809732.0,14.0,10.583,605468000.0,2.62,1.0,2642100000.0,0.549,1588720000.0,174107000.0,8502881000.0,8354693000.0,214396000.0,4708885000.0,1359485000.0,3349400000.0,8016849000.0,3027725000.0,4989124000.0,10192804732.0,24648000.0,-308876000.0,-170892000.0,170075000.0,-281799000.0,-282616000.0,-606285000.0,-75099000.0,903236000.0,10313000.0,544692000.0,544692000.0,544692000.0,0.0,0.0,0.113,1676040000.0,966060000.0,1320799000.0,0.517,8.367,18.713,18.766,1140895000.0,0.0,44.1,2.119,2.119,495414000.0,4223052000.0,4810362000.0,4810362000.0,155062000.0,0.059,0.475,0.116,0.202,0.0,1453993000.0,1.0,231129359.0,231129359.0,,20.812,7956291000.0,0.0,253239000.0,1965417000.0,34.424,-411996000.0
68,PBI,MRT,2004-06-30,2004-06-30,2004-06-30,2021-09-08,38588000.0,9082366000.0,8951848750.0,2555770000.0,6526596000.0,0.528,4.914,-294173000.0,328282000.0,328282000.0,2120821000.0,526630000.0,0.842,6.724,3615287000.0,1151359000.0,2463928000.0,3615287000.0,383856000.0,299046000.0,0.0,0.027,1.21,940892000.0,1239938000.0,0.262,1239938000.0,940892000.0,769087000.0,2.27,2.24,2.27,1135735000.0,1081188750.0,1135735000.0,13614944416.0,14.0,10.98,645214000.0,2.792,1.0,2609168000.0,0.552,1211613000.0,171805000.0,8122236000.0,8371110250.0,207950000.0,4681472000.0,1341213000.0,3340259000.0,7636631000.0,3035522000.0,4601109000.0,10227405416.0,-66505000.0,52474000.0,-183124000.0,-350708000.0,-281574000.0,-815406000.0,-196011000.0,-31640000.0,939387000.0,5525000.0,526630000.0,526630000.0,526630000.0,0.0,0.0,0.111,1674254000.0,934914000.0,1312469000.0,0.533,9.005,19.42,19.493,1118042000.0,0.0,44.25,2.162,2.162,480314000.0,4161616000.0,4729989000.0,4729989000.0,147437000.0,0.059,0.487,0.112,0.199,0.0,1432305000.0,1.0,231127806.0,231127806.0,,20.465,7870753000.0,0.0,242457000.0,1903250000.0,34.054,-479752000.0
69,PBI,MRT,2004-03-31,2004-03-31,2004-03-31,2021-09-08,94732000.0,9181932000.0,8899337250.0,2574103000.0,6607829000.0,0.523,4.921,-291808000.0,298711000.0,298711000.0,2076589000.0,510808000.0,0.877,6.753,3686250000.0,995156000.0,2691094000.0,3686250000.0,398129000.0,294719000.0,0.0,0.028,1.205,913552000.0,1208271000.0,0.259,1208271000.0,913552000.0,744107000.0,2.2,2.16,2.2,1144354000.0,1039748000.0,1144354000.0,13184152818.0,14.0,10.912,617583000.0,2.656,1.0,2581377000.0,0.554,1201174000.0,169445000.0,8433337000.0,8585210500.0,215036000.0,4731501000.0,1376964000.0,3354537000.0,7727578000.0,2934960000.0,4792618000.0,9908363818.0,-113562000.0,183597000.0,-181951000.0,-470357000.0,-281349000.0,-933657000.0,-103411000.0,-28243000.0,909391000.0,14115000.0,510808000.0,510808000.0,510808000.0,0.0,0.0,0.11,1673803000.0,907574000.0,1350379000.0,0.548,8.658,19.397,19.368,1150578000.0,0.0,42.61,2.127,2.127,478905000.0,4103860000.0,4657966000.0,4657966000.0,147515000.0,0.057,0.491,0.106,0.196,0.0,1415914000.0,1.0,232536114.0,232536114.0,,20.031,7980758000.0,0.0,233299000.0,1877519000.0,34.321,-360857000.0
70,PBI,MRT,2003-12-31,2003-12-31,2003-12-31,2021-09-08,18063000.0,8891388000.0,8816089000.0,2513175000.0,6378213000.0,0.519,4.655,-285681000.0,293812000.0,293812000.0,2026483000.0,498117000.0,0.949,6.892,3569601000.0,728658000.0,2840943000.0,3569601000.0,370915000.0,288808000.0,0.0,0.03,1.2,895642000.0,1184450000.0,0.259,1184450000.0,895642000.0,724361000.0,2.13,2.11,2.13,1087362000.0,977561750.0,1087362000.0,12772807794.0,14.0,10.784,565580000.0,2.421,1.0,2550370000.0,0.557,1159890000.0,171281000.0,8360318000.0,8524915000.0,209527000.0,4548002000.0,1358719000.0,3189283000.0,7494026000.0,2646969000.0,4847057000.0,9488650794.0,-21344000.0,197657000.0,-147659000.0,-422125000.0,-280870000.0,-850654000.0,-34004000.0,3631000.0,851261000.0,12053000.0,498117000.0,498117000.0,498117000.0,0.0,0.0,0.109,1660706000.0,889664000.0,1392597000.0,0.563,8.726,19.049,19.07,1070232000.0,0.0,40.62,2.073,2.073,459106000.0,4057654000.0,4576853000.0,4576853000.0,147262000.0,0.057,0.51,0.105,0.196,0.0,1396848000.0,1.0,233595539.0,233595539.0,,19.593,7731498000.0,0.0,226244000.0,1814025000.0,33.098,-133794000.0
71,PBI,MRT,2003-09-30,2003-09-30,2003-09-30,2021-09-08,-57737000.0,8651709000.0,8776320500.0,2490628000.0,6161081000.0,0.516,4.091,-284201000.0,285254000.0,285254000.0,1834838000.0,407497000.0,1.009,7.714,3569411000.0,565124000.0,3004287000.0,3569411000.0,369504000.0,281196000.0,0.0,0.031,1.195,735988000.0,1017184000.0,0.225,1017184000.0,735988000.0,557891000.0,1.74,1.72,1.74,957304000.0,919053000.0,957304000.0,12430840646.0,17.0,12.221,392371000.0,1.677,1.0,2691852000.0,0.595,899023000.0,178097000.0,8568550000.0,8443766500.0,228513000.0,4470593000.0,1362718000.0,3107875000.0,7384405000.0,2468293000.0,4916112000.0,8966694646.0,16767000.0,255153000.0,-148934000.0,-329765000.0,-280775000.0,-759474000.0,92808000.0,191716000.0,676572000.0,6861000.0,407497000.0,407497000.0,407497000.0,0.0,0.0,0.09,1786924000.0,904928000.0,1338237000.0,0.687,9.367,22.004,22.023,1052519000.0,0.0,38.32,1.981,1.981,420100000.0,3977074000.0,4526690000.0,4526690000.0,146943000.0,0.046,0.443,0.087,0.163,0.0,1543516000.0,1.0,233995163.0,233995163.0,,19.345,7752686000.0,0.0,150394000.0,1765172000.0,33.132,22335000.0
72,PBI,MRT,2003-06-30,2003-06-30,2003-06-30,2021-09-08,-40474000.0,8872320000.0,8802506000.0,2595140000.0,6277180000.0,0.512,4.141,-266250000.0,358167000.0,358167000.0,1863063000.0,435929000.0,1.061,7.827,3822313000.0,582203000.0,3240110000.0,3822313000.0,373697000.0,273661000.0,0.0,0.031,1.19,778068000.0,1051729000.0,0.234,1051729000.0,778068000.0,599882000.0,1.85,1.83,1.85,969972000.0,909189500.0,969972000.0,12576355544.0,16.0,11.958,334882000.0,1.43,1.0,2640549000.0,0.586,911347000.0,178186000.0,8978637000.0,8345759750.0,231425000.0,4576026000.0,1395712000.0,3180314000.0,7592348000.0,2446482000.0,5145866000.0,8996506544.0,117524000.0,49320000.0,-190369000.0,158438000.0,-280818000.0,-312749000.0,-182945000.0,94347000.0,601132000.0,12086000.0,435929000.0,435929000.0,435929000.0,0.0,0.0,0.097,1693541000.0,947008000.0,1319719000.0,0.643,9.275,20.638,20.762,1076923000.0,0.0,38.41,1.998,1.998,417157000.0,3930970000.0,4503612000.0,4503612000.0,145864000.0,0.05,0.479,0.093,0.173,0.0,1494321000.0,1.0,234223029.0,234223029.0,,19.228,7960973000.0,0.0,163953000.0,1727132000.0,33.989,148658000.0
73,PBI,MRT,2003-03-31,2003-03-31,2003-03-31,2021-09-08,-81736000.0,8848939000.0,8661065500.0,2655608000.0,6193331000.0,0.514,3.819,-252635000.0,375653000.0,375653000.0,1864364000.0,460136000.0,0.794,8.534,3955502000.0,1533078000.0,2422424000.0,3955502000.0,375799000.0,266116000.0,0.0,0.037,1.185,818563000.0,1084679000.0,0.244,1084679000.0,818563000.0,635228000.0,1.94,1.92,1.94,895609000.0,894923500.0,895609000.0,11134985062.0,14.0,10.266,257995000.0,1.1,1.0,2586695000.0,0.581,892096000.0,183335000.0,8192155000.0,8018318250.0,230009000.0,4624488000.0,1442259000.0,3182229000.0,7643330000.0,3344537000.0,4298793000.0,7485959062.0,111330000.0,-76752000.0,-241200000.0,408335000.0,-281307000.0,-114172000.0,-294455000.0,75021000.0,510630000.0,9327000.0,460136000.0,460136000.0,460136000.0,0.0,0.0,0.103,1599192000.0,987503000.0,1280359000.0,0.611,8.359,16.269,16.454,1062050000.0,0.0,31.92,1.682,1.682,428340000.0,3889447000.0,4451059000.0,4451059000.0,142951000.0,0.053,0.514,0.102,0.184,0.0,1434976000.0,1.0,234522527.0,234522527.0,,18.979,7956843000.0,0.0,175092000.0,1678297000.0,33.928,-688929000.0
74,PBI,MRT,2002-12-31,2002-12-31,2002-12-31,2021-09-08,-121615000.0,8732314000.0,8511421750.0,2552625000.0,6179689000.0,0.518,3.608,-224834000.0,315156000.0,315156000.0,1878420000.0,475750000.0,0.762,8.87,3964182000.0,1647338000.0,2316844000.0,3964182000.0,355737000.0,264250000.0,0.0,0.036,1.18,842841000.0,1107091000.0,0.251,1107091000.0,842841000.0,657489000.0,1.99,1.97,1.99,853327000.0,892374250.0,853327000.0,11404972699.0,14.0,10.302,277725000.0,1.174,1.0,2531338000.0,0.574,995307000.0,185352000.0,8035724000.0,7863429000.0,210888000.0,4696034000.0,1449951000.0,3246083000.0,7568987000.0,3350309000.0,4218678000.0,7725323699.0,83568000.0,-65883000.0,-265318000.0,424789000.0,-282225000.0,-122754000.0,-300909000.0,1063000.0,502559000.0,4672000.0,475750000.0,475750000.0,475750000.0,0.0,0.0,0.108,1519557000.0,1011781000.0,1248337000.0,0.593,9.053,16.238,16.412,1046935000.0,0.0,32.66,1.752,1.752,404366000.0,3848562000.0,4409758000.0,4409758000.0,141269000.0,0.056,0.533,0.107,0.191,0.0,1378288000.0,1.0,236537774.0,236537774.0,,18.643,7737007000.0,0.0,181739000.0,1634515000.0,32.709,-797684000.0
75,PBI,MRT,2002-09-30,2002-09-30,2002-09-30,2021-09-08,-119403000.0,8756451000.0,8407961000.0,2759075000.0,5997376000.0,0.516,3.85,-222949000.0,268487000.0,268487000.0,2270941000.0,509669000.0,0.8,8.202,3948136000.0,1568571000.0,2379565000.0,3948136000.0,336598000.0,269769000.0,0.0,0.07,2.147,927804000.0,1197573000.0,0.276,1197573000.0,927804000.0,743114000.0,2.14,2.1,2.14,917850000.0,901881250.0,917850000.0,10615829870.0,11.0,8.864,330071000.0,1.385,1.0,2064770000.0,0.476,809690000.0,184690000.0,8176523000.0,7819291750.0,206498000.0,4925898000.0,1688362000.0,3237536000.0,7528601000.0,3449887000.0,4078714000.0,7268280870.0,-62737000.0,-409594000.0,-292126000.0,631352000.0,-282848000.0,167466000.0,-785723000.0,-207756000.0,553020000.0,2500000.0,509669000.0,509669000.0,509669000.0,0.0,0.0,0.118,773431000.0,1291339000.0,1313603000.0,1.003,7.919,14.261,14.248,1026528000.0,0.0,30.49,1.676,1.676,423160000.0,3864245000.0,4335711000.0,4335711000.0,139173000.0,0.061,0.565,0.119,0.214,0.0,975552000.0,1.0,238382449.0,238382449.0,,18.188,7946761000.0,0.0,233445000.0,1571924000.0,33.336,-690812000.0
76,PBI,MRT,2002-06-30,2002-06-30,2002-06-30,2021-09-08,-132796000.0,8306558000.0,8276324750.0,2644396000.0,5662162000.0,0.515,3.794,-237007000.0,240643000.0,240643000.0,2164021000.0,479997000.0,0.797,7.759,3588192000.0,1459165000.0,2129027000.0,3588192000.0,339587000.0,285859000.0,0.0,0.054,2.142,889764000.0,1175623000.0,0.276,1175623000.0,889764000.0,700949000.0,2.0,1.96,2.0,912908000.0,988948500.0,912908000.0,12761910063.0,14.0,10.855,396736000.0,1.649,1.0,2102099000.0,0.493,668552000.0,188815000.0,7668871000.0,7751157000.0,193533000.0,4804052000.0,1634781000.0,3169271000.0,7083650000.0,3316684000.0,3766966000.0,9557616063.0,41034000.0,-212657000.0,-277596000.0,432440000.0,-283825000.0,-17893000.0,-576223000.0,-200900000.0,633743000.0,1407000.0,479997000.0,479997000.0,479997000.0,0.0,0.0,0.113,843916000.0,1258183000.0,1280707000.0,1.071,10.469,19.912,19.86,1006003000.0,0.0,39.72,2.24,2.24,414322000.0,3788916000.0,4266120000.0,4266120000.0,136802000.0,0.058,0.485,0.115,0.209,0.0,1020229000.0,1.0,240624775.0,240624775.0,,17.729,7638006000.0,0.0,220952000.0,1521526000.0,31.742,-672288000.0
77,PBI,MRT,2002-03-31,2002-03-31,2002-03-31,2021-09-08,-154304000.0,8250364000.0,8225621250.0,2588890000.0,5661474000.0,0.511,3.66,-240074000.0,264323000.0,264323000.0,2282624000.0,513923000.0,0.806,7.968,3468617000.0,1234773000.0,2233844000.0,3468617000.0,321264000.0,302846000.0,0.0,0.05,2.137,967833000.0,1270679000.0,0.302,1270679000.0,967833000.0,780044000.0,2.12,2.08,2.12,885412000.0,1083697500.0,885412000.0,13613974760.0,14.0,10.714,842938000.0,3.484,1.0,1923035000.0,0.457,668908000.0,187789000.0,7572598000.0,7694501500.0,172804000.0,4793947000.0,1609008000.0,3184939000.0,7054952000.0,3213152000.0,3841800000.0,10354355760.0,69937000.0,-546742000.0,-266333000.0,316848000.0,-284541000.0,-122938000.0,-887465000.0,-238674000.0,1083012000.0,-2672000.0,513923000.0,513923000.0,513923000.0,0.0,0.0,0.122,938128000.0,984907000.0,1367091000.0,1.008,11.694,20.148,20.189,989625000.0,0.0,42.8,2.462,2.462,394692000.0,3716613000.0,4205659000.0,4205659000.0,135572000.0,0.062,0.474,0.126,0.23,0.0,1067662000.0,1.0,241924200.0,241924200.0,,17.384,7581456000.0,0.0,266121000.0,1550844000.0,31.338,-624262000.0
78,PBI,MRT,2001-12-31,2001-12-31,2001-12-31,2021-09-08,-155380000.0,8318471000.0,8131443500.0,2556608000.0,5761863000.0,0.507,3.655,-256204000.0,231588000.0,231588000.0,2155267000.0,488343000.0,0.829,7.985,3491207000.0,1072057000.0,2419150000.0,3491207000.0,334281000.0,317449000.0,0.0,0.057,2.132,933483000.0,1250932000.0,0.303,1250932000.0,933483000.0,740407000.0,1.99,1.97,1.99,891355000.0,1175480750.0,891355000.0,12071768514.0,13.0,9.65,779683000.0,3.197,1.0,1967207000.0,0.477,635873000.0,193076000.0,7859175000.0,7742076750.0,163012000.0,4839237000.0,1602979000.0,3236258000.0,7117116000.0,3083042000.0,4034074000.0,9171143514.0,33333000.0,-551584000.0,-269160000.0,280381000.0,-285164000.0,-162855000.0,-839522000.0,-176622000.0,1035887000.0,-177000.0,488343000.0,488343000.0,488343000.0,0.0,0.0,0.118,1016650000.0,950557000.0,1425809000.0,1.071,10.289,18.78,18.899,1008270000.0,0.0,37.61,2.225,2.225,408414000.0,3658481000.0,4122474000.0,4122474000.0,133105000.0,0.06,0.415,0.121,0.226,0.0,1105500000.0,1.0,243848538.0,243848538.0,,16.906,7682598000.0,0.0,252064000.0,1524488000.0,31.506,-526434000.0
79,PBI,MRT,2001-09-30,2001-09-30,2001-09-30,2021-09-08,-148132000.0,8229906000.0,8027142250.0,2721031000.0,5508875000.0,0.5,5.154,-267447000.0,292312000.0,292312000.0,1771365000.0,546466000.0,1.023,5.255,3192937000.0,756579000.0,2436358000.0,3192937000.0,333532000.0,328390000.0,0.0,0.03,1.155,1017031000.0,1345421000.0,0.336,1345421000.0,1017031000.0,819989000.0,2.21,2.19,2.21,1266119000.0,1273885750.0,1266119000.0,12300560304.0,12.0,9.143,916661000.0,3.732,1.0,2238786000.0,0.558,566075000.0,197042000.0,7903984000.0,7721751750.0,164630000.0,4546619000.0,1495017000.0,3051602000.0,6653787000.0,2660472000.0,3993315000.0,9383746304.0,65821000.0,-276748000.0,-304712000.0,112819000.0,-286288000.0,-478181000.0,-637726000.0,-170060000.0,1184108000.0,-2380000.0,546466000.0,546466000.0,546466000.0,-10632000.0,0.0,0.136,1587428000.0,651358000.0,1191435000.0,0.523,7.411,17.172,17.285,980928000.0,0.0,38.2,2.34,2.34,386885000.0,3950435000.0,4010151000.0,4010151000.0,130828000.0,0.068,0.429,0.132,0.254,0.0,1337261000.0,1.0,245647809.0,245647809.0,,16.325,7663831000.0,0.0,273523000.0,1597807000.0,31.198,60559000.0
80,PBI,MRT,2001-06-30,2001-06-30,2001-06-30,2021-09-08,-146917000.0,8103744000.0,7911890750.0,2599522000.0,5504222000.0,0.496,5.235,-258644000.0,199609000.0,199609000.0,1704215000.0,590685000.0,0.864,5.033,3116423000.0,1109459000.0,2006964000.0,3116423000.0,343218000.0,320752000.0,0.0,0.027,1.15,1058088000.0,1378840000.0,0.351,1378840000.0,1058088000.0,857340000.0,2.36,2.35,2.36,1291904000.0,1294801250.0,1291904000.0,13341282154.0,13.0,9.676,893184000.0,3.619,1.0,2221450000.0,0.566,568258000.0,200748000.0,7442249000.0,7685810000.0,166917000.0,4537209000.0,1466533000.0,3070676000.0,6501840000.0,3010051000.0,3491789000.0,10394843154.0,-97086000.0,-320401000.0,-336275000.0,-38641000.0,-287995000.0,-662911000.0,-583938000.0,-120392000.0,1151828000.0,-2065000.0,590685000.0,590685000.0,590685000.0,-26380000.0,0.0,0.15,1549667000.0,671783000.0,1171173000.0,0.487,8.046,17.598,17.847,996294000.0,0.0,42.12,2.648,2.648,385799000.0,3904437000.0,3925665000.0,3925665000.0,126914000.0,0.075,0.456,0.138,0.27,0.0,1312926000.0,1.0,246791148.0,246791148.0,,15.907,7535486000.0,0.0,266655000.0,1546011000.0,30.534,-410529000.0
81,PBI,MRT,2001-03-31,2001-03-31,2001-03-31,2021-09-08,-135815000.0,7873653000.0,7825752000.0,2627012000.0,5246641000.0,0.499,5.06,-272758000.0,194386000.0,194386000.0,1458582000.0,579613000.0,0.926,5.039,3140825000.0,1229189000.0,1911636000.0,3140825000.0,339297000.0,322788000.0,0.0,0.033,1.145,1009918000.0,1332706000.0,0.342,1332706000.0,1009918000.0,803060000.0,2.28,2.28,2.28,1252545000.0,1312398000.0,1252545000.0,11564436651.0,11.0,8.677,545059000.0,2.202,1.0,2443844000.0,0.626,219859000.0,206858000.0,7762899000.0,7829252250.0,184734000.0,4627041000.0,1540986000.0,3086055000.0,6311108000.0,2837334000.0,3473774000.0,8602803651.0,-24677000.0,36564000.0,-480797000.0,101771000.0,-289699000.0,-668725000.0,-170112000.0,139046000.0,817817000.0,-3657000.0,579613000.0,579613000.0,579613000.0,-46004000.0,0.0,0.149,1488510000.0,955334000.0,1004469000.0,0.502,6.868,14.842,15.241,1081187000.0,0.0,34.75,2.204,2.204,323135000.0,3798924000.0,3902426000.0,3902426000.0,122577000.0,0.074,0.442,0.129,0.259,0.0,1304115000.0,1.0,247562695.0,247562695.0,,15.763,7653794000.0,0.0,223447000.0,1504604000.0,30.917,-210322000.0
82,PBI,MRT,2000-12-31,2000-12-31,2000-12-31,2021-09-08,-139434000.0,7901266000.0,7812004000.0,2626708000.0,5274558000.0,0.497,5.096,-268577000.0,198255000.0,198255000.0,1447409000.0,622546000.0,0.912,4.908,3159888000.0,1277941000.0,1881947000.0,3159888000.0,346228000.0,321157000.0,0.0,0.034,1.14,1063226000.0,1384383000.0,0.357,1384383000.0,1063226000.0,862269000.0,2.43,2.41,2.43,1284975000.0,1372292000.0,1284975000.0,11113675718.0,10.0,8.028,603667000.0,2.394,1.0,2433459000.0,0.627,203447000.0,200957000.0,7777875000.0,7853232000.0,167969000.0,4739702000.0,1608170000.0,3131532000.0,6306291000.0,2881577000.0,3424714000.0,8353313719.0,-56015000.0,490603000.0,-624026000.0,-149021000.0,-292736000.0,-1065783000.0,144320000.0,-78861000.0,872244000.0,-6796000.0,622546000.0,622546000.0,622546000.0,-64104000.0,0.0,0.16,1438234000.0,995225000.0,995283000.0,0.469,6.501,13.418,13.634,1114456000.0,0.0,33.13,2.152,2.152,313510000.0,3766995000.0,3880868000.0,3880868000.0,120486000.0,0.08,0.454,0.135,0.274,0.0,1299081000.0,1.0,252137450.0,252137450.0,,15.392,7697819000.0,0.0,239723000.0,1488722000.0,30.53,-254869000.0
83,PBI,MRT,2000-09-30,2000-09-30,2000-09-30,2021-09-08,-113687000.0,7768900000.0,7892355500.0,2540629000.0,5228271000.0,0.44,5.287,-259749000.0,265403000.0,265403000.0,1302257000.0,652383000.0,1.0,4.526,3025765000.0,955707000.0,2070058000.0,3025765000.0,380899000.0,346404000.0,0.0,0.028,1.11,1035313000.0,1381717000.0,0.398,1381717000.0,1035313000.0,849192000.0,2.5,2.48,2.5,1349781000.0,1457450750.0,1349781000.0,12930044993.0,12.0,9.358,630443000.0,2.47,1.0,2167122000.0,0.625,227557000.0,186121000.0,7760217000.0,7955528750.0,287451000.0,4524293000.0,1410378000.0,3113915000.0,6109119000.0,2541488000.0,3567631000.0,10068223993.0,113346000.0,512780000.0,-566132000.0,-137106000.0,-288765000.0,-992003000.0,218484000.0,-52009000.0,890192000.0,-3327000.0,652383000.0,652383000.0,652383000.0,-149641000.0,0.0,0.188,1233233000.0,933889000.0,937159000.0,0.444,7.459,15.433,15.776,1271519000.0,0.0,39.44,2.902,2.902,438657000.0,3694940000.0,3469379000.0,3469379000.0,117872000.0,0.083,0.448,0.13,0.298,0.0,1146268000.0,1.0,255279513.0,255279513.0,,13.591,7541343000.0,0.0,196809000.0,1439298000.0,29.542,-859000.0
84,PBI,MRT,2000-06-30,2000-06-30,2000-06-30,2021-09-08,-114798000.0,7759189000.0,7920487000.0,2600524000.0,5158665000.0,0.454,5.286,-257649000.0,296695000.0,296695000.0,1369868000.0,677027000.0,1.095,4.468,3158516000.0,956925000.0,2201591000.0,3158516000.0,376022000.0,366890000.0,0.0,0.027,1.08,1097614000.0,1464504000.0,0.407,1464504000.0,1097614000.0,919258000.0,2.57,2.54,2.57,1362291000.0,1511966250.0,1362291000.0,13102723400.0,12.0,8.947,731638000.0,2.839,1.0,2229342000.0,0.619,229039000.0,178356000.0,8016018000.0,7995271750.0,260668000.0,4461046000.0,1434399000.0,3026647000.0,6086898000.0,2375953000.0,3710945000.0,10309556400.0,164002000.0,512780000.0,-561247000.0,-44723000.0,-283332000.0,-889302000.0,67129000.0,-159462000.0,989287000.0,-3112000.0,677027000.0,677027000.0,677027000.0,-133893000.0,0.0,0.188,1266978000.0,962364000.0,825341000.0,0.42,7.568,15.228,15.564,1278149000.0,0.0,40.0,2.864,2.864,435749000.0,3606430000.0,3599210000.0,3599210000.0,115337000.0,0.085,0.448,0.137,0.305,0.0,1201215000.0,1.0,257738910.0,257738910.0,,13.965,7530150000.0,0.0,242231000.0,1400431000.0,29.216,224571000.0
85,PBI,MRT,2000-03-31,2000-03-31,2000-03-31,2021-09-08,-91805000.0,7818661000.0,7923971500.0,2694704000.0,5123957000.0,0.468,5.691,-265591000.0,219063000.0,219063000.0,1417807000.0,640811000.0,1.068,4.032,3012230000.0,974370000.0,2037860000.0,3012230000.0,380620000.0,391274000.0,0.0,0.023,1.05,1067215000.0,1458489000.0,0.393,1458489000.0,1067215000.0,892332000.0,2.41,2.38,2.41,1492121000.0,1559920250.0,1492121000.0,14781287195.0,14.0,10.135,721044000.0,2.75,1.0,2289210000.0,0.618,229180000.0,174883000.0,7858818000.0,7980631000.0,262595000.0,4634843000.0,1636984000.0,2997859000.0,6016540000.0,2523830000.0,3492710000.0,11717369195.0,89376000.0,512780000.0,-457736000.0,-184309000.0,-278747000.0,-920792000.0,24633000.0,-518905000.0,986635000.0,-1100000.0,640811000.0,640811000.0,640811000.0,-111540000.0,0.0,0.173,1309954000.0,979256000.0,903565000.0,0.436,7.853,18.285,18.544,1284913000.0,0.0,44.69,3.161,3.161,423192000.0,3513693000.0,3707017000.0,3707017000.0,112507000.0,0.081,0.411,0.134,0.288,0.0,1247021000.0,1.0,262192195.0,262192195.0,,14.139,7589481000.0,0.0,251521000.0,1388140000.0,28.946,170874000.0
86,PBI,MRT,1999-12-31,1999-12-31,1999-12-31,2021-09-08,-93015000.0,8222672000.0,7929882000.0,3342574000.0,4880098000.0,0.481,6.128,-304898000.0,254270000.0,254270000.0,1467449000.0,636212000.0,1.164,3.868,3318188000.0,1320332000.0,1997856000.0,3318188000.0,381405000.0,412104000.0,0.0,0.021,1.02,1072863000.0,1484967000.0,0.39,1484967000.0,1072863000.0,897164000.0,2.38,2.34,2.38,1625610000.0,1583234000.0,1625610000.0,15825591703.0,15.0,10.657,676188000.0,2.549,1.0,2344127000.0,0.615,226764000.0,175699000.0,8187062000.0,7953689500.0,257452000.0,4659130000.0,1782110000.0,2877020000.0,6287062000.0,2872764000.0,3414298000.0,12814524703.0,128586000.0,0.0,-381861000.0,340775000.0,-272866000.0,-313952000.0,-537502000.0,-380875000.0,981086000.0,-1046000.0,636212000.0,636212000.0,636212000.0,-97140000.0,0.0,0.167,1349506000.0,994621000.0,915826000.0,0.429,7.883,20.142,20.298,1306109000.0,0.0,48.31,3.362,3.362,432224000.0,3437185000.0,3811576000.0,3811576000.0,108900000.0,0.08,0.402,0.135,0.281,0.0,1290180000.0,1.0,265256152.0,265256152.0,,14.369,7995908000.0,0.0,260952000.0,1337220000.0,30.144,469810000.0
87,PBI,MRT,1999-09-30,1999-09-30,1999-09-30,2021-09-08,-93456000.0,7881426000.0,7789473750.0,2630271000.0,5251155000.0,0.483,5.859,-312824000.0,152057000.0,152057000.0,1449489000.0,621193000.0,0.958,3.829,3163124000.0,1315316000.0,1847808000.0,3163124000.0,374512000.0,397290000.0,0.0,0.016,0.99,1050595000.0,1447885000.0,0.385,1447885000.0,1050595000.0,875826000.0,2.31,2.28,2.31,1567843000.0,1588832000.0,1567843000.0,19345487281.0,18.0,13.361,573864000.0,2.145,1.0,2313025000.0,0.615,227507000.0,174769000.0,7919189000.0,7797597250.0,242678000.0,4467315000.0,1561514000.0,2905801000.0,6003583000.0,2745797000.0,3257786000.0,16306041281.0,7083000.0,789936000.0,-495292000.0,-400336000.0,-266437000.0,-1151968000.0,272986000.0,-351612000.0,886688000.0,-623000.0,621193000.0,621193000.0,621193000.0,-108853000.0,0.0,0.165,1401085000.0,911940000.0,825622000.0,0.429,10.4,26.25,26.381,1302601000.0,0.0,60.94,4.334,4.334,404720000.0,3326639000.0,3762514000.0,3762514000.0,106118000.0,0.08,0.391,0.135,0.279,0.0,1294967000.0,1.0,267575341.0,267575341.0,,14.062,7653919000.0,0.0,254633000.0,1292033000.0,28.605,-115526000.0
88,PBI,MRT,1999-06-30,1999-06-30,1999-06-30,2021-09-08,-85851000.0,7773127000.0,7877203500.0,2548013000.0,5225114000.0,0.468,5.786,-302229000.0,132693000.0,132693000.0,1416220000.0,576702000.0,0.97,3.802,3172139000.0,1273197000.0,1898942000.0,3172139000.0,391103000.0,401191000.0,0.0,0.015,0.96,979350000.0,1380541000.0,0.375,1380541000.0,979350000.0,806576000.0,2.13,2.1,2.13,1554107000.0,1624624000.0,1554107000.0,20322621707.0,21.0,14.721,498247000.0,1.855,1.0,2269644000.0,0.616,227874000.0,172774000.0,7957455000.0,7871150000.0,259858000.0,4417001000.0,1499480000.0,2917521000.0,5909020000.0,2627244000.0,3281776000.0,17258282707.0,17371000.0,789936000.0,-479627000.0,-226255000.0,-260730000.0,-956515000.0,176412000.0,-397443000.0,800476000.0,-3002000.0,576702000.0,576702000.0,576702000.0,-117616000.0,0.0,0.156,1388138000.0,881506000.0,776665000.0,0.451,11.105,29.926,30.164,1312458000.0,0.0,64.25,4.682,4.682,416302000.0,3208052000.0,3685864000.0,3685864000.0,105712000.0,0.073,0.355,0.124,0.266,0.0,1282426000.0,1.0,268611404.0,268611404.0,,13.722,7545253000.0,0.0,229874000.0,1216202000.0,28.09,-79231000.0
89,PBI,MRT,1999-03-31,1999-03-31,1999-03-31,2021-09-08,-88665000.0,7842303000.0,7952163750.0,2705057000.0,5137246000.0,0.452,5.881,-311138000.0,129687000.0,129687000.0,1386764000.0,588978000.0,0.922,3.751,3194026000.0,1483599000.0,1710427000.0,3194026000.0,393829000.0,380835000.0,0.0,0.015,0.93,977728000.0,1358563000.0,0.378,1358563000.0,977728000.0,811441000.0,2.17,2.13,2.17,1585376000.0,1668223000.0,1585376000.0,20030983082.0,20.0,14.744,420293000.0,1.559,1.0,2208258000.0,0.614,223213000.0,166287000.0,7751052000.0,7885168000.0,260727000.0,4328117000.0,1544982000.0,2783135000.0,5946927000.0,2932377000.0,3014550000.0,17184537082.0,12487000.0,789936000.0,-613369000.0,-163676000.0,-253707000.0,-1020655000.0,303124000.0,20493000.0,731431000.0,-1413000.0,588978000.0,588978000.0,588978000.0,-129593000.0,0.0,0.164,1365289000.0,842969000.0,830084000.0,0.429,10.839,29.177,29.378,1307873000.0,0.0,63.75,4.78,4.78,419002000.0,3146946000.0,3595022000.0,3595022000.0,103079000.0,0.074,0.353,0.124,0.272,0.0,1262210000.0,1.0,269561366.0,269561366.0,,13.337,7619090000.0,0.0,222463000.0,1174187000.0,28.265,-227320000.0
90,PBI,MRT,1998-12-31,1998-12-31,1998-12-31,2021-09-08,-88217000.0,7661039000.0,8069987500.0,2508963000.0,5152076000.0,0.434,6.045,-298415000.0,125684000.0,125684000.0,1356733000.0,576394000.0,0.922,3.461,2972130000.0,1259193000.0,1712937000.0,2972130000.0,369628000.0,361333000.0,0.0,0.014,0.9,948191000.0,1309524000.0,0.374,1309524000.0,948191000.0,791907000.0,2.1,2.06,2.1,1648002000.0,1741182500.0,1648002000.0,21420280642.0,23.0,16.357,473613000.0,1.737,1.0,2142750000.0,0.612,222980000.0,156284000.0,7562693000.0,7981044500.0,266734000.0,4231006000.0,1404088000.0,2826918000.0,5702940000.0,2721812000.0,2981128000.0,18010644642.0,-11389000.0,789936000.0,-528943000.0,-92492000.0,-247484000.0,-858822000.0,77284000.0,-199394000.0,772028000.0,-1879000.0,576394000.0,576394000.0,576394000.0,-133245000.0,0.0,0.165,1332970000.0,809780000.0,898548000.0,0.429,10.929,31.247,31.457,1287804000.0,0.0,66.06,5.147,5.147,382406000.0,3073839000.0,3499483000.0,3499483000.0,100806000.0,0.071,0.331,0.119,0.271,0.0,1232164000.0,1.0,272640700.0,272640700.0,,12.836,7438059000.0,0.0,215513000.0,1114964000.0,27.282,-212849000.0
91,PBI,MRT,1998-09-30,1998-09-30,1998-09-30,2021-09-08,-90548000.0,8232345000.0,8128075000.0,3115141000.0,5117204000.0,0.49,6.234,-261382000.0,144974000.0,144974000.0,1532636000.0,560496000.0,0.969,3.636,3554610000.0,1844077000.0,1710533000.0,3554610000.0,362801000.0,343514000.0,0.0,0.017,0.875,985562000.0,1329076000.0,0.334,1329076000.0,985562000.0,826447000.0,2.02,1.99,2.02,1711011000.0,1797326250.0,1711011000.0,17697838774.0,18.0,13.316,517103000.0,1.884,1.0,2449233000.0,0.615,213778000.0,159115000.0,8213400000.0,7898133000.0,235568000.0,4193450000.0,1437725000.0,2755725000.0,6221334000.0,3214803000.0,3006531000.0,14424871774.0,19834000.0,0.0,-571859000.0,192853000.0,-242735000.0,-621741000.0,-135247000.0,-319049000.0,778485000.0,-1663000.0,560496000.0,560496000.0,560496000.0,-44567000.0,0.0,0.141,1511970000.0,937263000.0,842511000.0,0.433,8.431,25.736,26.02,1277757000.0,0.0,52.56,3.623,3.623,346475000.0,2971883000.0,3981869000.0,3981869000.0,98797000.0,0.069,0.312,0.125,0.248,0.0,1413173000.0,1.0,274445810.0,274445810.0,,14.509,8018567000.0,0.0,265951000.0,1094613000.0,29.217,-99662000.0
92,PBI,MRT,1998-06-30,1998-06-30,1998-06-30,2021-09-08,-74630000.0,8072968000.0,8130562250.0,2571615000.0,5501353000.0,0.485,6.318,-280196000.0,115322000.0,115322000.0,1532457000.0,546715000.0,0.823,3.497,3388289000.0,1761162000.0,1627127000.0,3388289000.0,376871000.0,320106000.0,0.0,0.018,0.85,968375000.0,1288481000.0,0.327,1288481000.0,968375000.0,809586000.0,1.94,1.92,1.94,1728503000.0,1866772250.0,1728503000.0,16394974515.0,17.0,12.724,461447000.0,1.687,1.0,2410861000.0,0.611,208946000.0,158789000.0,8013527000.0,7782295750.0,240045000.0,4787850000.0,1683005000.0,3104845000.0,6044465000.0,3123462000.0,2921003000.0,13166855515.0,-15421000.0,0.0,-647068000.0,31062000.0,-238571000.0,-854577000.0,99881000.0,-66602000.0,741643000.0,-2368000.0,546715000.0,546715000.0,546715000.0,-39427000.0,0.0,0.139,1485645000.0,925216000.0,845562000.0,0.438,7.617,24.084,24.809,1319162000.0,0.0,48.13,3.339,3.339,367409000.0,2892080000.0,3943318000.0,3943318000.0,95676000.0,0.067,0.293,0.124,0.246,0.0,1389969000.0,1.0,273568575.0,273568575.0,,14.414,7864022000.0,0.0,262871000.0,1065704000.0,28.746,-551847000.0
93,PBI,MRT,1998-03-31,1998-03-31,1998-03-31,2021-09-08,-73387000.0,8313598000.0,8184444500.0,2676559000.0,5637039000.0,0.481,6.72,-262888000.0,117200000.0,117200000.0,1535650000.0,535769000.0,0.836,3.269,3345319000.0,1718449000.0,1626870000.0,3345319000.0,377343000.0,306097000.0,0.0,0.016,0.825,967919000.0,1274016000.0,0.324,1274016000.0,967919000.0,798628000.0,1.87,1.86,1.87,1877214000.0,1956854250.0,1877214000.0,16934095305.0,17.0,13.292,459346000.0,1.644,1.0,2399189000.0,0.61,204058000.0,169291000.0,8134558000.0,7725635000.0,241553000.0,4993046000.0,1760925000.0,3232121000.0,6136384000.0,3203101000.0,2933283000.0,14019785305.0,-25518000.0,0.0,-539765000.0,49436000.0,-235149000.0,-625478000.0,-121431000.0,-371961000.0,722234000.0,-843000.0,535769000.0,535769000.0,535769000.0,-30179000.0,0.0,0.136,1465181000.0,934008000.0,937532000.0,0.441,7.468,26.168,26.84,1298785000.0,0.0,50.19,3.563,3.563,347263000.0,2811675000.0,3934839000.0,3934839000.0,92446000.0,0.065,0.274,0.125,0.246,0.0,1372735000.0,1.0,279334236.0,279334236.0,,14.086,8109540000.0,0.0,262859000.0,1107284000.0,29.032,-526542000.0
94,PBI,MRT,1997-12-31,1997-12-31,1997-12-31,2021-09-08,-63348000.0,7893389000.0,8152243500.0,2505442000.0,5387947000.0,0.472,6.602,-244065000.0,137073000.0,137073000.0,1482882000.0,526027000.0,0.743,3.055,3051383000.0,1982988000.0,1068395000.0,3051383000.0,363565000.0,300086000.0,0.0,0.018,0.8,943967000.0,1244053000.0,0.323,1244053000.0,943967000.0,782100000.0,1.82,1.8,1.82,1872577000.0,2021679000.0,1872577000.0,15978224032.0,17.0,12.844,466508000.0,1.645,1.0,2363885000.0,0.615,203419000.0,161867000.0,7231047000.0,7632025750.0,249207000.0,4857396000.0,1548264000.0,3309132000.0,5720812000.0,3373233000.0,2347579000.0,12756037032.0,1802000.0,0.0,-629362000.0,-166790000.0,-231392000.0,-927544000.0,219412000.0,-103644000.0,710573000.0,-639000.0,526027000.0,526027000.0,526027000.0,-33675000.0,0.0,0.137,1457325000.0,906560000.0,878759000.0,0.44,6.812,24.25,24.709,1289692000.0,0.0,44.97,3.316,3.316,348792000.0,2744929000.0,3846767000.0,3846767000.0,89463000.0,0.065,0.26,0.124,0.245,0.0,1367862000.0,1.0,283656594.0,283656594.0,,13.561,7689970000.0,0.0,256073000.0,1053689000.0,27.11,-867791000.0
95,PBI,MRT,1997-09-30,1997-09-30,1997-09-30,2021-09-08,-65890000.0,8242294000.0,8217826750.0,2419017000.0,5823277000.0,0.467,6.83,-259421000.0,125140000.0,125140000.0,1504978000.0,506487000.0,0.688,2.994,3347327000.0,2176026000.0,1171301000.0,3347327000.0,342281000.0,293917000.0,0.0,0.019,0.773,885438000.0,1179355000.0,0.307,1179355000.0,885438000.0,728560000.0,1.735,1.715,1.735,1988795000.0,2113296250.0,1988795000.0,15226153666.0,17.0,12.911,534522000.0,1.836,1.0,2332761000.0,0.608,200681000.0,156878000.0,7750051000.0,7754582750.0,251287000.0,5451224000.0,1571069000.0,3880155000.0,5953499000.0,3513749000.0,2439750000.0,12011393666.0,-8892000.0,0.0,-444011000.0,91218000.0,-226196000.0,-478989000.0,-323422000.0,25971000.0,793943000.0,-424000.0,506487000.0,506487000.0,506487000.0,-20427000.0,0.0,0.132,1474423000.0,858338000.0,866995000.0,0.446,6.04,23.715,23.991,1311685000.0,0.0,41.625,3.13,3.158,328194000.0,2654122000.0,3837739000.0,3837739000.0,87300000.0,0.062,0.24,0.114,0.231,0.0,1387123000.0,1.0,288562010.0,291167128.0,,13.181,8041613000.0,0.0,222073000.0,1018989000.0,27.619,-1094732000.0
96,PBI,MRT,1997-06-30,1997-06-30,1997-06-30,2021-09-08,-52477000.0,8288497000.0,,2266322000.0,6022175000.0,,7.108,-270596000.0,130743000.0,130743000.0,1501758000.0,495387000.0,0.645,2.824,3345503000.0,2173450000.0,1172053000.0,3345503000.0,351059000.0,289257000.0,0.0,0.021,0.745,879726000.0,1168983000.0,0.307,1168983000.0,879726000.0,712084000.0,1.685,1.665,1.685,2088831000.0,,2088831000.0,13272528691.0,15.0,11.354,463737000.0,1.578,1.0,2312071000.0,0.606,202092000.0,167642000.0,7786884000.0,,255791000.0,5528781000.0,1425333000.0,4103448000.0,5899666000.0,3514281000.0,2385385000.0,10129898691.0,37956000.0,0.0,-322191000.0,148558000.0,-219979000.0,-293612000.0,-405641000.0,-33493000.0,734333000.0,2876000.0,495387000.0,495387000.0,495387000.0,-16804000.0,0.0,0.13,1455822000.0,856249000.0,827394000.0,0.442,4.85,20.448,20.623,1311484000.0,0.0,34.75,2.656,2.678,322679000.0,2583936000.0,3813829000.0,3813829000.0,84862000.0,,,,0.231,0.0,1370960000.0,1.0,291507876.0,293870172.0,,12.978,8086405000.0,0.0,216697000.0,993858000.0,27.517,-1247959000.0
97,PBI,MRT,1997-03-31,1997-03-31,1997-03-31,2021-09-08,-54088000.0,8184794000.0,,2283824000.0,5900970000.0,,7.171,-262460000.0,142718000.0,142718000.0,1476841000.0,482849000.0,0.679,2.737,3285348000.0,1986193000.0,1299155000.0,3285348000.0,343369000.0,286549000.0,0.0,0.024,0.717,858258000.0,1144807000.0,0.305,1144807000.0,858258000.0,694170000.0,1.63,1.61,1.63,2136513000.0,,2136513000.0,11715867220.0,14.0,10.234,554167000.0,1.86,1.0,2273814000.0,0.606,204188000.0,164088000.0,7760121000.0,,263947000.0,5452153000.0,1415206000.0,4036947000.0,5848281000.0,3363115000.0,2485166000.0,8639223220.0,54207000.0,0.0,-235575000.0,106652000.0,-213444000.0,-342367000.0,-420774000.0,-65884000.0,816627000.0,721000.0,482849000.0,482849000.0,482849000.0,-16804000.0,0.0,0.129,1439033000.0,834781000.0,850954000.0,0.44,4.044,17.892,18.021,1297492000.0,0.0,29.375,2.303,2.334,326709000.0,2511055000.0,3750655000.0,3750655000.0,83664000.0,,,,0.229,0.0,1355369000.0,1.0,294101216.0,297951034.0,,12.588,7980606000.0,0.0,211321000.0,983252000.0,26.785,-1079291000.0
98,PBI,MRT,1996-12-31,1996-12-31,1996-12-31,2021-09-08,-31297000.0,8155722000.0,8000185000.0,2222066000.0,5933656000.0,0.462,7.613,-271972000.0,135271000.0,135271000.0,1459875000.0,469413000.0,0.672,2.553,3211915000.0,1911481000.0,1300434000.0,3211915000.0,331864000.0,278168000.0,0.0,0.025,0.69,837150000.0,1115318000.0,0.302,1115318000.0,837150000.0,673974000.0,1.57,1.56,1.57,2239046000.0,2155073000.0,2239046000.0,,,,419508000.0,1.426,1.0,2235675000.0,0.605,205802000.0,163176000.0,7721275000.0,7478438500.0,281942000.0,5424699000.0,1340786000.0,4083913000.0,5716676000.0,3305289000.0,2411387000.0,8051020788.0,49919000.0,0.0,-113274000.0,19981000.0,-206115000.0,-299408000.0,-344150000.0,-12278000.0,691480000.0,1997000.0,469413000.0,469413000.0,469413000.0,-16804000.0,0.0,0.127,1422002000.0,813673000.0,849789000.0,0.439,3.596,17.151,17.436,1307183000.0,0.0,27.375,2.179,2.179,340730000.0,2450294000.0,3695550000.0,3695550000.0,81726000.0,0.059,0.218,0.112,0.227,0.0,1340276000.0,1.0,294101216.0,294101216.0,,12.566,7949920000.0,0.0,204561000.0,932995000.0,27.031,-1083223000.0
99,PBI,MRT,1996-09-30,1996-09-30,1996-09-30,2021-09-08,,,,,,,,,,,,,,,,,,,,,,0.025,0.667,,,,,,,,,,,,,,,,,,1.0,,,,,,,,,,,,,,,,,,,,,,,,,,,,,,,,,,,,,,,,26.375,,,,,,,,,,,,,,1.0,,300477438.0,,,,,,,,
100,PBI,MRT,1996-06-30,1996-06-30,1996-06-30,2021-09-08,,,,,,,,,,,,,,,,,,,,,,0.027,0.645,,,,,,,,,,,,,,,,,,1.0,,,,,,,,,,,,,,,,,,,,,,,,,,,,,,,,,,,,,,,,23.562,,,,,,,,,,,,,,1.0,,301890228.0,,,,,,,,
101,PBI,MRT,1996-03-31,1996-03-31,1996-03-31,2021-09-08,,,,,,,,,,,,,,,,,,,,,,0.025,0.623,,,,,,,,,,,,,,,,,,1.0,,,,,,,,,,,,,,,,,,,,,,,,,,,,,,,,,,,,,,,,24.688,,,,,,,,,,,,,,1.0,,302832162.0,,,,,,,,
102,PBI,MRT,1995-12-31,1995-12-31,1995-12-31,2021-09-08,-46991000.0,7844648000.0,,2101097000.0,5743551000.0,,,-337718000.0,85352000.0,85352000.0,1404725000.0,583140000.0,0.6,2.691,3186580000.0,2138065000.0,1048515000.0,3186580000.0,312595000.0,271648000.0,0.0,0.026,0.6,1020472000.0,1292120000.0,0.363,1292120000.0,1020472000.0,794362000.0,1.93,1.91,1.93,2071100000.0,,2071100000.0,,,,238762000.0,,1.0,2150029000.0,0.605,208698000.0,226110000.0,7235602000.0,,311271000.0,5172338000.0,1211733000.0,3960605000.0,5573548000.0,3501576000.0,2071972000.0,,10246000.0,577000000.0,-71039000.0,-224152000.0,-181657000.0,-276848000.0,-289460000.0,-460794000.0,576480000.0,74000.0,583140000.0,583140000.0,583140000.0,-21483000.0,0.0,0.164,1312471000.0,837558000.0,818122000.0,0.311,,,12.176,1276214000.0,0.0,23.5,,,386727000.0,2186996000.0,3554754000.0,3554754000.0,81800000.0,,,,0.287,0.0,1230671000.0,1.0,,,,,7635950000.0,0.0,211222000.0,845605000.0,,-1400479000.0
103,PBI,MRT,1994-12-31,1994-12-31,1994-12-31,2021-09-08,,,,,,,,-345593000.0,,,1294291000.0,274059000.0,,,,,,,,268293000.0,,0.033,0.52,686251000.0,954544000.0,0.292,954544000.0,686251000.0,492136000.0,,,,,,,,,,143946000.0,,1.0,1976322000.0,0.604,,194115000.0,,,,,,,,,,,20453000.0,0.0,-245717000.0,480124000.0,-162714000.0,71693000.0,-542938000.0,-197345000.0,489539000.0,2159000.0,274059000.0,274059000.0,274059000.0,-45161000.0,0.0,0.084,1220674000.0,755648000.0,,,,,,,0.0,15.94,,,,,3270613000.0,3270613000.0,78618000.0,,,,0.21,0.0,1167422000.0,1.0,,,,,,,218077000.0,,,
