None,ticker,dimension,calendardate,datekey,reportperiod,lastupdated,accoci,assets,assetsavg,assetsc,assetsnc,assetturnover,bvps,capex,cashneq,cashnequsd,cor,consolinc,currentratio,de,debt,debtc,debtnc,debtusd,deferredrev,depamor,deposits,divyield,dps,ebit,ebitda,ebitdamargin,ebitdausd,ebitusd,ebt,eps,epsdil,epsusd,equity,equityavg,equityusd,ev,evebit,evebitda,fcf,fcfps,fxusd,gp,grossmargin,intangibles,intexp,invcap,invcapavg,inventory,investments,investmentsc,investmentsnc,liabilities,liabilitiesc,liabilitiesnc,marketcap,ncf,ncfbus,ncfcommon,ncfdebt,ncfdiv,ncff,ncfi,ncfinv,ncfo,ncfx,netinc,netinccmn,netinccmnusd,netincdis,netincnci,netmargin,opex,opinc,payables,payoutratio,pb,pe,pe1,ppnenet,prefdivis,price,ps,ps1,receivables,retearn,revenue,revenueusd,rnd,roa,roe,roic,ros,sbcomp,sgna,sharefactor,sharesbas,shareswa,shareswadil,sps,tangibles,taxassets,taxexp,taxliabilities,tbvps,workingcapital
0,STX,MRY,2021-12-31,2021-07-02,2021-07-02,2021-08-07,-41000000.0,8675000000.0,8781750000,3779000000.0,4896000000.0,1.216,2.607,-494000000.0,1209000000.0,1209000000.0,7764000000.0,1314000000.0,1.294,12.748,5139000000.0,245000000.0,4894000000.0,5139000000.0,0.0,397000000.0,0.0,0.031,2.66,1568000000.0,1965000000.0,0.184,1965000000.0,1568000000.0,1348000000.0,5.43,5.36,5.43,631000000.0,981500000,631000000.0,23848848956.0,15.0,12.137,1132000000.0,4.678,1.0,2917000000.0,0.273,1266000000.0,220000000.0,8418000000.0,8139000000,1204000000.0,0.0,0.0,0.0,8044000000.0,2921000000.0,5123000000.0,19918848956.0,-513000000.0,0.0,-1939000000.0,967000000.0,-649000000.0,-1673000000.0,-466000000.0,28000000.0,1626000000.0,0.0,1314000000.0,1314000000.0,1314000000.0,0.0,0.0,0.123,1425000000.0,1492000000.0,1725000000.0,0.49,31.567,15.159,16.028,2181000000.0,0.0,87.03,1.865,1.972,1158000000.0,-6305000000.0,10681000000.0,10681000000.0,903000000.0,0.15,1.339,0.193,0.147,112000000.0,502000000.0,1.0,228873365.0,242000000.0,245000000.0,44.136,7409000000.0,1117000000.0,34000000.0,0.0,30.616,858000000.0
1,STX,MRY,2020-12-31,2020-07-03,2020-07-03,2021-08-07,-66000000.0,8930000000.0,8857250000,4114000000.0,4816000000.0,1.186,6.821,-584000000.0,1722000000.0,1722000000.0,7667000000.0,1004000000.0,1.511,3.997,4175000000.0,19000000.0,4156000000.0,4175000000.0,0.0,379000000.0,0.0,0.054,2.58,1233000000.0,1612000000.0,0.153,1612000000.0,1233000000.0,1032000000.0,3.83,3.79,3.83,1787000000.0,1794750000,1787000000.0,14639623476.0,12.0,9.082,1130000000.0,4.313,1.0,2842000000.0,0.27,1295000000.0,201000000.0,7366000000.0,7302250000,1142000000.0,0.0,0.0,0.0,7143000000.0,2722000000.0,4421000000.0,12148623476.0,-527000000.0,0.0,-747000000.0,-143000000.0,-673000000.0,-1605000000.0,-635000000.0,-51000000.0,1714000000.0,-1000000.0,1004000000.0,1004000000.0,1004000000.0,0.0,0.0,0.096,1542000000.0,1300000000.0,1808000000.0,0.674,6.798,12.1,12.36,2129000000.0,0.0,47.34,1.156,1.18,1115000000.0,-4904000000.0,10509000000.0,10509000000.0,973000000.0,0.113,0.559,0.169,0.117,109000000.0,473000000.0,1.0,256624915.0,262000000.0,265000000.0,40.111,7635000000.0,1120000000.0,28000000.0,0.0,29.141,1392000000.0
2,STX,MRY,2019-12-31,2019-06-28,2019-06-28,2021-08-07,-34000000.0,8885000000.0,8962000000,4363000000.0,4522000000.0,1.159,7.667,-458000000.0,2220000000.0,2220000000.0,7458000000.0,2012000000.0,1.955,3.11,4253000000.0,0.0,4253000000.0,4253000000.0,0.0,541000000.0,0.0,0.053,2.52,1596000000.0,2137000000.0,0.206,2137000000.0,1596000000.0,1372000000.0,7.13,7.06,7.13,2162000000.0,1907750000,2162000000.0,16178832972.0,10.0,7.571,1303000000.0,4.621,1.0,2932000000.0,0.282,1348000000.0,224000000.0,7338000000.0,7875500000,970000000.0,0.0,0.0,0.0,6723000000.0,2232000000.0,4491000000.0,13044832972.0,394000000.0,0.0,-894000000.0,-574000000.0,-713000000.0,-2212000000.0,846000000.0,1275000000.0,1761000000.0,-1000000.0,2012000000.0,2012000000.0,2012000000.0,0.0,0.0,0.194,1445000000.0,1487000000.0,1420000000.0,0.353,6.034,6.484,6.609,1869000000.0,0.0,47.12,1.256,1.279,989000000.0,-4349000000.0,10390000000.0,10390000000.0,991000000.0,0.225,1.055,0.203,0.154,99000000.0,453000000.0,1.0,276842805.0,282000000.0,285000000.0,36.844,7537000000.0,1114000000.0,-640000000.0,4000000.0,26.727,2131000000.0
3,STX,MRY,2018-12-31,2018-06-29,2018-06-29,2021-08-07,-16000000.0,9410000000.0,9032000000,4310000000.0,5100000000.0,1.238,5.781,-295000000.0,1853000000.0,1853000000.0,7820000000.0,1182000000.0,1.351,4.652,4819000000.0,499000000.0,4320000000.0,4819000000.0,0.0,598000000.0,0.0,0.045,2.52,1654000000.0,2252000000.0,0.201,2252000000.0,1654000000.0,1418000000.0,4.1,4.05,4.1,1665000000.0,1333000000,1665000000.0,18106400514.0,11.0,8.04,1818000000.0,6.312,1.0,3364000000.0,0.301,1425000000.0,236000000.0,7761000000.0,7098000000,1053000000.0,1275000000.0,0.0,1275000000.0,7745000000.0,3190000000.0,4555000000.0,16210400514.0,-686000000.0,0.0,-248000000.0,-214000000.0,-726000000.0,-1211000000.0,-1588000000.0,-1285000000.0,2113000000.0,0.0,1182000000.0,1182000000.0,1182000000.0,0.0,0.0,0.106,1730000000.0,1634000000.0,1728000000.0,0.615,9.736,13.714,13.773,1792000000.0,0.0,56.47,1.449,1.454,1184000000.0,-4696000000.0,11184000000.0,11184000000.0,1026000000.0,0.131,0.887,0.233,0.148,112000000.0,562000000.0,1.0,287062166.0,288000000.0,292000000.0,38.833,7985000000.0,417000000.0,236000000.0,10000000.0,27.726,1120000000.0
4,STX,MRY,2017-12-31,2017-06-30,2017-06-30,2021-08-07,-17000000.0,9268000000.0,9015750000,5041000000.0,4227000000.0,1.195,4.608,-434000000.0,2539000000.0,2539000000.0,7597000000.0,772000000.0,1.92,5.795,5021000000.0,0.0,5021000000.0,5021000000.0,0.0,749000000.0,0.0,0.065,2.52,1037000000.0,1786000000.0,0.166,1786000000.0,1037000000.0,815000000.0,2.61,2.58,2.61,1364000000.0,1504750000,1364000000.0,13699313416.0,13.0,7.67,1482000000.0,5.007,1.0,3174000000.0,0.295,1519000000.0,222000000.0,7605000000.0,7175750000,982000000.0,0.0,0.0,0.0,7904000000.0,2626000000.0,5278000000.0,11494313416.0,1411000000.0,0.0,-374000000.0,916000000.0,-561000000.0,-46000000.0,-459000000.0,-31000000.0,1916000000.0,0.0,772000000.0,772000000.0,772000000.0,0.0,0.0,0.072,2120000000.0,1054000000.0,1626000000.0,0.966,8.427,14.889,14.847,1875000000.0,0.0,38.75,1.067,1.065,1199000000.0,-4771000000.0,10771000000.0,10771000000.0,1232000000.0,0.086,0.513,0.145,0.096,137000000.0,606000000.0,1.0,296627443.0,296000000.0,299000000.0,36.389,7749000000.0,609000000.0,43000000.0,15000000.0,26.179,2415000000.0
5,STX,MRY,2016-12-31,2016-07-01,2016-07-01,2021-08-07,-25000000.0,8213000000.0,8615500000,3533000000.0,4680000000.0,1.295,5.328,-587000000.0,1125000000.0,1125000000.0,8545000000.0,248000000.0,1.571,4.156,4091000000.0,0.0,4091000000.0,4091000000.0,0.0,815000000.0,0.0,0.101,2.43,467000000.0,1282000000.0,0.115,1282000000.0,467000000.0,274000000.0,0.83,0.82,0.83,1593000000.0,1754750000,1593000000.0,10109564008.0,22.0,7.886,1093000000.0,3.656,1.0,2615000000.0,0.234,1685000000.0,193000000.0,7245000000.0,7329000000,868000000.0,6000000.0,6000000.0,0.0,6620000000.0,2249000000.0,4371000000.0,7172564008.0,-1354000000.0,-634000000.0,-1011000000.0,-22000000.0,-727000000.0,-1820000000.0,-1211000000.0,0.0,1680000000.0,-3000000.0,248000000.0,248000000.0,248000000.0,0.0,0.0,0.022,2170000000.0,445000000.0,1517000000.0,2.928,4.503,28.922,28.952,2160000000.0,0.0,24.03,0.643,0.644,1318000000.0,-4311000000.0,11160000000.0,11160000000.0,1237000000.0,0.029,0.141,0.064,0.042,120000000.0,635000000.0,1.0,298483729.0,299000000.0,302000000.0,37.324,6528000000.0,616000000.0,26000000.0,14000000.0,21.833,1284000000.0
6,STX,MRY,2015-12-31,2015-07-03,2015-07-03,2021-08-07,-30000000.0,9845000000.0,10115000000,5568000000.0,4277000000.0,1.358,9.315,-747000000.0,2479000000.0,2479000000.0,9930000000.0,1742000000.0,2.376,2.262,4155000000.0,0.0,4155000000.0,4155000000.0,0.0,841000000.0,0.0,0.043,2.05,2177000000.0,3018000000.0,0.22,3018000000.0,2177000000.0,1970000000.0,5.38,5.26,5.38,3018000000.0,3217500000,3018000000.0,16604920718.0,8.0,5.502,1903000000.0,5.873,1.0,3809000000.0,0.277,1244000000.0,207000000.0,7934000000.0,7429500000,993000000.0,6000000.0,6000000.0,0.0,6827000000.0,2343000000.0,4484000000.0,15281920718.0,-152000000.0,-453000000.0,-989000000.0,170000000.0,-664000000.0,-1495000000.0,-1287000000.0,18000000.0,2650000000.0,-20000000.0,1742000000.0,1742000000.0,1742000000.0,0.0,0.0,0.127,1751000000.0,2058000000.0,1540000000.0,0.381,5.064,8.773,8.95,2278000000.0,0.0,48.15,1.112,1.135,1735000000.0,-2686000000.0,13739000000.0,13739000000.0,1353000000.0,0.172,0.541,0.293,0.158,137000000.0,857000000.0,1.0,317381531.0,324000000.0,331000000.0,42.404,8601000000.0,618000000.0,228000000.0,33000000.0,26.546,3225000000.0
7,STX,MRY,2014-12-31,2014-06-27,2014-06-27,2021-08-07,-2000000.0,9492000000.0,9096500000,5777000000.0,3715000000.0,1.509,8.404,-556000000.0,2638000000.0,2638000000.0,9878000000.0,1570000000.0,2.409,2.352,3920000000.0,0.0,3920000000.0,3920000000.0,0.0,879000000.0,0.0,0.029,1.67,1751000000.0,2630000000.0,0.192,2630000000.0,1751000000.0,1556000000.0,4.66,4.52,4.66,2832000000.0,2910750000,2832000000.0,19838748412.0,11.0,7.543,2002000000.0,5.941,1.0,3846000000.0,0.28,896000000.0,195000000.0,7480000000.0,7018750000,985000000.0,20000000.0,20000000.0,0.0,6660000000.0,2398000000.0,4262000000.0,18587748412.0,926000000.0,-285000000.0,-1805000000.0,1056000000.0,-557000000.0,-1311000000.0,-322000000.0,553000000.0,2558000000.0,1000000.0,1570000000.0,1570000000.0,1570000000.0,0.0,0.0,0.114,2070000000.0,1776000000.0,1549000000.0,0.358,6.563,11.839,12.215,2136000000.0,0.0,56.92,1.354,1.398,1729000000.0,-2677000000.0,13724000000.0,13724000000.0,1226000000.0,0.173,0.539,0.249,0.128,118000000.0,722000000.0,1.0,326559178.0,337000000.0,347000000.0,40.724,8596000000.0,625000000.0,-14000000.0,90000000.0,25.507,3379000000.0
8,STX,MRY,2013-12-31,2013-06-28,2013-06-28,2021-08-07,-13000000.0,9243000000.0,9062500000,5412000000.0,3831000000.0,1.584,9.446,-757000000.0,1809000000.0,1809000000.0,10411000000.0,1838000000.0,2.073,1.641,2777000000.0,3000000.0,2774000000.0,2777000000.0,0.0,873000000.0,0.0,0.031,1.4,2045000000.0,2918000000.0,0.203,2918000000.0,2045000000.0,1831000000.0,4.97,4.81,4.97,3495000000.0,3297000000,3495000000.0,17017902747.0,8.0,5.832,2290000000.0,6.189,1.0,3940000000.0,0.275,881000000.0,214000000.0,6719000000.0,6505000000,854000000.0,480000000.0,480000000.0,0.0,5737000000.0,2611000000.0,3126000000.0,16073902747.0,1000000.0,-36000000.0,-1395000000.0,-238000000.0,-518000000.0,-2222000000.0,-825000000.0,-17000000.0,3047000000.0,1000000.0,1838000000.0,1838000000.0,1838000000.0,0.0,0.0,0.128,1849000000.0,2091000000.0,1690000000.0,0.282,4.599,8.745,9.02,2269000000.0,0.0,44.83,1.12,1.156,1670000000.0,-1778000000.0,14351000000.0,14351000000.0,1133000000.0,0.203,0.557,0.314,0.142,76000000.0,635000000.0,1.0,358552370.0,370000000.0,382000000.0,38.786,8362000000.0,571000000.0,-7000000.0,87000000.0,22.6,2801000000.0
9,STX,MRY,2012-12-31,2012-06-29,2012-06-29,2021-08-07,-9000000.0,10106000000.0,9518250000,6310000000.0,3796000000.0,1.57,8.209,-616000000.0,1800000000.0,1800000000.0,10255000000.0,2862000000.0,1.858,1.89,2863000000.0,0.0,2863000000.0,2863000000.0,0.0,814000000.0,0.0,0.035,0.86,3123000000.0,3937000000.0,0.264,3937000000.0,3123000000.0,2882000000.0,6.72,6.49,6.72,3497000000.0,3265250000,3497000000.0,11642060487.0,4.0,2.957,2646000000.0,6.211,1.0,4684000000.0,0.314,969000000.0,241000000.0,6804000000.0,6803000000,909000000.0,411000000.0,411000000.0,0.0,6609000000.0,3396000000.0,3213000000.0,10516060487.0,-970000000.0,-561000000.0,-2082000000.0,-670000000.0,-372000000.0,-3118000000.0,-1114000000.0,62000000.0,3262000000.0,0.0,2862000000.0,2862000000.0,2862000000.0,0.0,0.0,0.192,1576000000.0,3108000000.0,2286000000.0,0.128,3.007,3.674,3.68,2284000000.0,0.0,24.73,0.704,0.705,2319000000.0,-1444000000.0,14939000000.0,14939000000.0,1006000000.0,0.301,0.877,0.459,0.209,51000000.0,528000000.0,1.0,425234957.0,426000000.0,441000000.0,35.068,9137000000.0,500000000.0,20000000.0,84000000.0,21.448,2914000000.0
10,STX,MRY,2011-12-31,2011-07-01,2011-07-01,2021-08-07,-6000000.0,9225000000.0,8537750000,6425000000.0,2800000000.0,1.285,5.461,-766000000.0,2779000000.0,2779000000.0,8825000000.0,511000000.0,1.855,2.745,3512000000.0,560000000.0,2952000000.0,3512000000.0,0.0,754000000.0,0.0,0.011,0.18,793000000.0,1547000000.0,0.141,1547000000.0,793000000.0,579000000.0,1.13,1.09,1.13,2463000000.0,2662250000,2463000000.0,7644192694.0,10.0,4.941,498000000.0,1.104,1.0,2146000000.0,0.196,32000000.0,214000000.0,6463000000.0,5796750000,872000000.0,474000000.0,474000000.0,0.0,6762000000.0,3463000000.0,3299000000.0,7036192694.0,414000000.0,0.0,-739000000.0,947000000.0,-74000000.0,131000000.0,-981000000.0,-227000000.0,1264000000.0,0.0,511000000.0,511000000.0,511000000.0,0.0,0.0,0.047,1340000000.0,806000000.0,2063000000.0,0.159,2.857,13.769,14.478,2245000000.0,0.0,16.36,0.641,0.673,1495000000.0,-1511000000.0,10971000000.0,10971000000.0,875000000.0,0.06,0.192,0.137,0.072,51000000.0,445000000.0,1.0,430085128.0,451000000.0,467000000.0,24.326,9193000000.0,473000000.0,68000000.0,67000000.0,20.384,2962000000.0
11,STX,MRY,2010-12-31,2010-07-02,2010-07-02,2021-08-07,-4000000.0,8247000000.0,7570250000,5418000000.0,2829000000.0,1.505,5.548,-618000000.0,2377000000.0,2377000000.0,8191000000.0,1609000000.0,1.808,2.028,2502000000.0,329000000.0,2173000000.0,2502000000.0,0.0,780000000.0,0.0,0.0,0.0,1743000000.0,2523000000.0,0.221,2523000000.0,1743000000.0,1569000000.0,3.28,3.14,3.28,2724000000.0,2373750000,2724000000.0,6229538745.0,4.0,2.469,1314000000.0,2.676,1.0,3204000000.0,0.281,0.0,174000000.0,5375000000.0,4752750000,757000000.0,252000000.0,252000000.0,0.0,5523000000.0,2997000000.0,2526000000.0,6419538745.0,836000000.0,0.0,-498000000.0,-225000000.0,0.0,-344000000.0,-752000000.0,-125000000.0,1932000000.0,0.0,1609000000.0,1609000000.0,1609000000.0,0.0,0.0,0.141,1464000000.0,1740000000.0,1780000000.0,0.0,2.357,3.99,4.015,2263000000.0,0.0,13.17,0.563,0.567,1400000000.0,-1123000000.0,11395000000.0,11395000000.0,877000000.0,0.213,0.678,0.367,0.153,57000000.0,437000000.0,1.0,487436503.0,491000000.0,514000000.0,23.208,8247000000.0,513000000.0,-40000000.0,73000000.0,16.796,2421000000.0
12,STX,MRY,2009-12-31,2009-07-03,2009-07-03,2021-08-07,-6000000.0,7087000000.0,7735500000,4294000000.0,2793000000.0,1.268,3.184,-626000000.0,1935000000.0,1935000000.0,8395000000.0,-3125000000.0,1.344,3.56,2697000000.0,771000000.0,1926000000.0,2697000000.0,0.0,931000000.0,0.0,0.026,0.27,-2671000000.0,-1740000000.0,-0.177,-1740000000.0,-2671000000.0,-2814000000.0,-6.4,-6.4,-6.4,1554000000.0,2405750000,1554000000.0,6050121379.0,-2.0,-3.477,197000000.0,0.404,1.0,1410000000.0,0.144,73000000.0,143000000.0,4582000000.0,4891250000,587000000.0,114000000.0,114000000.0,0.0,5533000000.0,3194000000.0,2339000000.0,5052121379.0,437000000.0,0.0,54000000.0,694000000.0,-132000000.0,232000000.0,-618000000.0,-6000000.0,823000000.0,0.0,-3125000000.0,-3125000000.0,-3125000000.0,0.0,0.0,-0.319,4075000000.0,-2665000000.0,1573000000.0,-0.042,3.251,-1.617,-1.606,2229000000.0,0.0,10.28,0.515,0.512,1033000000.0,-2148000000.0,9805000000.0,9805000000.0,953000000.0,-0.404,-1.299,-0.546,-0.272,83000000.0,537000000.0,1.0,491451496.0,488000000.0,488000000.0,20.092,7014000000.0,469000000.0,311000000.0,79000000.0,14.373,1100000000.0
13,STX,MRY,2008-12-31,2008-06-27,2008-06-27,2021-08-07,-16000000.0,10120000000.0,10303500000,4272000000.0,5848000000.0,1.233,8.957,-901000000.0,990000000.0,990000000.0,9503000000.0,1251000000.0,1.3,1.207,2030000000.0,360000000.0,1670000000.0,2030000000.0,0.0,844000000.0,0.0,0.022,0.42,1455000000.0,2299000000.0,0.181,2299000000.0,1455000000.0,1318000000.0,2.44,2.34,2.44,4586000000.0,4802750000,4586000000.0,10328694578.0,7.0,4.493,1637000000.0,3.197,1.0,3205000000.0,0.252,2463000000.0,137000000.0,5410000000.0,5445750000,945000000.0,151000000.0,151000000.0,0.0,5534000000.0,3287000000.0,2247000000.0,9441694578.0,2000000.0,-78000000.0,-1301000000.0,-34000000.0,-216000000.0,-1545000000.0,-991000000.0,-26000000.0,2538000000.0,0.0,1251000000.0,1251000000.0,1251000000.0,0.0,0.0,0.098,1829000000.0,1376000000.0,1652000000.0,0.172,2.059,7.547,7.984,2464000000.0,0.0,19.48,0.743,0.785,1410000000.0,1101000000.0,12708000000.0,12708000000.0,1028000000.0,0.121,0.26,0.267,0.114,113000000.0,659000000.0,1.0,484686580.0,512000000.0,538000000.0,24.82,7657000000.0,890000000.0,67000000.0,220000000.0,14.955,985000000.0
14,STX,MRY,2007-12-31,2007-06-29,2007-06-29,2021-08-07,-4000000.0,9472000000.0,9633500000,3801000000.0,5671000000.0,1.179,8.489,-851000000.0,988000000.0,988000000.0,9175000000.0,913000000.0,1.435,1.0,2063000000.0,330000000.0,1733000000.0,2063000000.0,0.0,851000000.0,0.0,0.017,0.38,702000000.0,1553000000.0,0.137,1553000000.0,702000000.0,561000000.0,1.64,1.56,1.64,4737000000.0,4664500000,4737000000.0,12989861200.0,19.0,8.364,92000000.0,0.165,1.0,2185000000.0,0.192,2488000000.0,141000000.0,5410000000.0,5094000000,794000000.0,156000000.0,156000000.0,0.0,4735000000.0,2649000000.0,2086000000.0,11835861200.0,78000000.0,-178000000.0,-1307000000.0,1056000000.0,-212000000.0,-463000000.0,-402000000.0,675000000.0,943000000.0,0.0,913000000.0,913000000.0,913000000.0,0.0,0.0,0.08,1571000000.0,614000000.0,1301000000.0,0.232,2.499,12.964,13.274,2278000000.0,0.0,21.77,1.042,1.069,1383000000.0,1537000000.0,11360000000.0,11360000000.0,904000000.0,0.095,0.196,0.138,0.062,128000000.0,589000000.0,1.0,543677593.0,558000000.0,587000000.0,20.358,6984000000.0,770000000.0,-352000000.0,75000000.0,12.516,1152000000.0
15,STX,MRY,2006-12-31,2006-06-30,2006-06-30,2021-08-07,-7000000.0,9544000000.0,6583250000,4333000000.0,5211000000.0,1.398,10.529,-1008000000.0,910000000.0,910000000.0,7069000000.0,840000000.0,1.298,0.831,970000000.0,330000000.0,640000000.0,970000000.0,0.0,612000000.0,0.0,0.014,0.32,965000000.0,1577000000.0,0.171,1577000000.0,965000000.0,924000000.0,1.7,1.6,1.7,5212000000.0,3648500000,5212000000.0,10533206633.0,11.0,6.679,449000000.0,0.907,1.0,2137000000.0,0.232,2782000000.0,41000000.0,3485000000.0,3472500000,891000000.0,823000000.0,823000000.0,0.0,4332000000.0,3337000000.0,995000000.0,11168206633.0,164000000.0,269000000.0,-281000000.0,-340000000.0,-155000000.0,-732000000.0,-561000000.0,308000000.0,1457000000.0,0.0,840000000.0,840000000.0,840000000.0,0.0,0.0,0.091,1263000000.0,874000000.0,1692000000.0,0.188,2.143,13.295,13.318,2106000000.0,0.0,22.64,1.213,1.217,1445000000.0,2362000000.0,9206000000.0,9206000000.0,805000000.0,0.128,0.23,0.278,0.105,46000000.0,447000000.0,1.0,493295346.0,495000000.0,524000000.0,18.598,6762000000.0,81000000.0,84000000.0,72000000.0,13.661,996000000.0
16,STX,MRY,2005-12-31,2005-07-01,2005-07-01,2021-08-07,-9000000.0,5244000000.0,4581250000,3502000000.0,1742000000.0,1.649,5.429,-691000000.0,746000000.0,746000000.0,5880000000.0,707000000.0,1.967,1.064,740000000.0,4000000.0,736000000.0,740000000.0,0.0,464000000.0,0.0,0.015,0.26,780000000.0,1244000000.0,0.165,1244000000.0,780000000.0,732000000.0,1.51,1.41,1.51,2541000000.0,2192250000,2541000000.0,8253870590.0,11.0,6.635,737000000.0,1.575,1.0,1673000000.0,0.222,3000000.0,48000000.0,3455000000.0,3164750000,431000000.0,1090000000.0,1090000000.0,0.0,2703000000.0,1780000000.0,923000000.0,8231870590.0,324000000.0,0.0,90000000.0,-3000000.0,-122000000.0,-35000000.0,-1069000000.0,-331000000.0,1428000000.0,0.0,707000000.0,707000000.0,707000000.0,0.0,0.0,0.094,951000000.0,722000000.0,1108000000.0,0.172,3.24,11.643,11.49,1529000000.0,0.0,17.35,1.09,1.075,1094000000.0,1921000000.0,7553000000.0,7553000000.0,645000000.0,0.154,0.322,0.246,0.103,2000000.0,306000000.0,1.0,474459400.0,468000000.0,502000000.0,16.139,5241000000.0,0.0,25000000.0,46000000.0,11.199,1722000000.0
17,STX,MRY,2004-12-31,2004-07-02,2004-07-02,2021-08-07,-3000000.0,3942000000.0,3949750000,2461000000.0,1481000000.0,1.576,4.104,-605000000.0,422000000.0,422000000.0,4765000000.0,529000000.0,1.972,1.125,743000000.0,4000000.0,739000000.0,743000000.0,0.0,414000000.0,0.0,0.014,0.2,473000000.0,887000000.0,0.143,887000000.0,473000000.0,428000000.0,1.17,1.06,1.17,1855000000.0,1761250000,1855000000.0,6517508095.0,14.0,7.348,30000000.0,0.066,1.0,1459000000.0,0.234,0.0,45000000.0,3015000000.0,2664750000,449000000.0,761000000.0,761000000.0,0.0,2087000000.0,1248000000.0,839000000.0,6508508095.0,-327000000.0,0.0,96000000.0,-6000000.0,-90000000.0,0.0,-962000000.0,-321000000.0,635000000.0,0.0,529000000.0,529000000.0,529000000.0,0.0,0.0,0.085,1015000000.0,444000000.0,740000000.0,0.171,3.509,12.303,12.145,1301000000.0,0.0,14.21,1.046,1.032,691000000.0,1214000000.0,6224000000.0,6224000000.0,666000000.0,0.134,0.3,0.178,0.076,8000000.0,290000000.0,1.0,458023089.0,452000000.0,498000000.0,13.77,3942000000.0,0.0,-101000000.0,48000000.0,8.721,1213000000.0
18,STX,MRY,2003-12-31,2003-06-27,2003-06-27,2021-08-07,0.0,3517000000.0,3306000000,2282000000.0,1235000000.0,1.962,3.148,-488000000.0,749000000.0,749000000.0,4759000000.0,641000000.0,1.674,1.672,749000000.0,4000000.0,745000000.0,749000000.0,0.0,443000000.0,0.0,0.003,0.06,707000000.0,1150000000.0,0.177,1150000000.0,707000000.0,660000000.0,1.53,1.36,1.53,1316000000.0,978500000,1316000000.0,7929366657.0,11.0,6.895,394000000.0,0.943,1.0,1727000000.0,0.266,0.0,47000000.0,2154000000.0,1892500000,319000000.0,445000000.0,445000000.0,0.0,2201000000.0,1363000000.0,838000000.0,7859366657.0,137000000.0,8000000.0,299000000.0,-2000000.0,-288000000.0,9000000.0,-754000000.0,-214000000.0,882000000.0,0.0,641000000.0,641000000.0,641000000.0,0.0,0.0,0.099,1036000000.0,691000000.0,651000000.0,0.039,5.972,12.261,11.882,1111000000.0,0.0,18.18,1.212,1.172,611000000.0,685000000.0,6486000000.0,6486000000.0,670000000.0,0.194,0.655,0.374,0.109,0.0,357000000.0,1.0,432308397.0,418000000.0,470000000.0,15.517,3517000000.0,0.0,19000000.0,179000000.0,8.414,919000000.0
19,STX,MRY,2002-12-31,2002-06-28,2002-06-28,2021-08-07,0.0,3095000000.0,3030500000,1962000000.0,1133000000.0,2.009,1.599,-540000000.0,612000000.0,612000000.0,4494000000.0,153000000.0,1.224,3.828,751000000.0,2000000.0,749000000.0,751000000.0,0.0,405000000.0,0.0,,0.0,316000000.0,721000000.0,0.118,721000000.0,316000000.0,239000000.0,0.38,0.36,0.38,641000000.0,647000000,641000000.0,,,,365000000.0,0.91,1.0,1593000000.0,0.262,0.0,77000000.0,1631000000.0,1680000000,347000000.0,231000000.0,231000000.0,0.0,2454000000.0,1603000000.0,851000000.0,,-114000000.0,0.0,4000000.0,-213000000.0,-200000000.0,-409000000.0,-610000000.0,-48000000.0,905000000.0,0.0,153000000.0,153000000.0,153000000.0,0.0,0.0,0.025,1219000000.0,374000000.0,755000000.0,0.0,,,,1022000000.0,0.0,,,,614000000.0,43000000.0,6087000000.0,6087000000.0,698000000.0,0.05,0.236,0.188,0.052,0.0,498000000.0,1.0,,401000000.0,428000000.0,15.18,3095000000.0,0.0,86000000.0,170000000.0,7.718,359000000.0
0,STX,MRQ,2021-06-30,2021-07-02,2021-07-02,2021-08-07,-41000000.0,8675000000.0,,3779000000.0,4896000000.0,,2.743,-124000000.0,1209000000.0,1209000000.0,2128000000.0,482000000.0,1.294,12.748,5139000000.0,245000000.0,4894000000.0,5139000000.0,0.0,103000000.0,0.0,0.031,0.67,556000000.0,659000000.0,0.219,659000000.0,556000000.0,497000000.0,2.05,2.02,2.05,631000000.0,,631000000.0,23848848956.0,15.0,12.137,354000000.0,1.539,1.0,885000000.0,0.294,1266000000.0,59000000.0,8418000000.0,,1204000000.0,0.0,0.0,0.0,8044000000.0,2921000000.0,5123000000.0,19918848956.0,-3000000.0,0.0,-215000000.0,-6000000.0,-154000000.0,-375000000.0,-106000000.0,18000000.0,478000000.0,0.0,482000000.0,482000000.0,482000000.0,0.0,0.0,0.16,378000000.0,507000000.0,1725000000.0,0.327,31.567,15.159,16.028,2181000000.0,0.0,87.03,1.865,1.972,1158000000.0,-6305000000.0,3013000000.0,3013000000.0,232000000.0,,,,,25000000.0,136000000.0,1.0,228873365.0,230000000.0,233000000.0,13.1,7409000000.0,1117000000.0,15000000.0,0.0,32.213,858000000.0
1,STX,MRQ,2021-03-31,2021-04-02,2021-04-02,2021-08-07,-38000000.0,8604000000.0,,3692000000.0,4912000000.0,,2.077,-100000000.0,1212000000.0,1212000000.0,1991000000.0,329000000.0,1.234,16.777,5142000000.0,245000000.0,4897000000.0,5142000000.0,0.0,99000000.0,0.0,0.034,0.67,398000000.0,497000000.0,0.182,497000000.0,398000000.0,339000000.0,1.41,1.39,1.41,484000000.0,,484000000.0,21923174654.0,18.0,13.575,278000000.0,1.193,1.0,740000000.0,0.271,1272000000.0,59000000.0,8269000000.0,,1281000000.0,0.0,0.0,0.0,8120000000.0,2993000000.0,5127000000.0,18577174654.0,-587000000.0,0.0,-696000000.0,-6000000.0,-161000000.0,-868000000.0,-97000000.0,3000000.0,378000000.0,0.0,329000000.0,329000000.0,329000000.0,0.0,0.0,0.12,354000000.0,386000000.0,1861000000.0,0.475,38.383,18.614,19.428,2215000000.0,0.0,78.49,1.824,1.796,978000000.0,-6417000000.0,2731000000.0,2731000000.0,227000000.0,,,,,29000000.0,126000000.0,1.0,236682057.0,233000000.0,237000000.0,11.721,7332000000.0,1118000000.0,10000000.0,0.0,31.468,699000000.0
2,STX,MRQ,2020-12-31,2021-01-01,2021-01-01,2021-08-07,-36000000.0,8986000000.0,,4081000000.0,4905000000.0,,3.976,-159000000.0,1799000000.0,1799000000.0,1927000000.0,280000000.0,1.557,8.077,5145000000.0,25000000.0,5120000000.0,5145000000.0,0.0,96000000.0,0.0,0.042,0.67,343000000.0,439000000.0,0.167,439000000.0,343000000.0,291000000.0,1.12,1.12,1.12,990000000.0,,990000000.0,18469908722.0,15.0,11.551,314000000.0,1.261,1.0,696000000.0,0.265,1277000000.0,52000000.0,8434000000.0,,1318000000.0,0.0,0.0,0.0,7996000000.0,2621000000.0,5375000000.0,15970908722.0,135000000.0,0.0,-989000000.0,992000000.0,-167000000.0,-179000000.0,-159000000.0,0.0,473000000.0,0.0,280000000.0,280000000.0,280000000.0,0.0,0.0,0.107,348000000.0,348000000.0,1730000000.0,0.598,16.132,16.149,16.104,2218000000.0,0.0,62.16,1.57,1.522,801000000.0,-5829000000.0,2623000000.0,2623000000.0,221000000.0,,,,,30000000.0,122000000.0,1.0,256932251.0,249000000.0,251000000.0,10.534,7709000000.0,1120000000.0,11000000.0,0.0,30.96,1460000000.0
3,STX,MRQ,2020-09-30,2020-10-02,2020-10-02,2021-08-07,-46000000.0,8862000000.0,,3994000000.0,4868000000.0,,7.086,-111000000.0,1664000000.0,1664000000.0,1718000000.0,223000000.0,1.511,3.867,4163000000.0,25000000.0,4138000000.0,4163000000.0,0.0,99000000.0,0.0,0.053,0.65,271000000.0,370000000.0,0.16,370000000.0,271000000.0,221000000.0,0.87,0.86,0.87,1821000000.0,,1821000000.0,15001675070.0,12.0,9.164,186000000.0,0.724,1.0,596000000.0,0.258,1282000000.0,50000000.0,7435000000.0,,1323000000.0,0.0,0.0,0.0,7041000000.0,2644000000.0,4397000000.0,12548675070.0,-58000000.0,0.0,-39000000.0,-13000000.0,-167000000.0,-251000000.0,-104000000.0,7000000.0,297000000.0,0.0,223000000.0,223000000.0,223000000.0,0.0,0.0,0.096,345000000.0,251000000.0,1795000000.0,0.747,6.891,12.219,12.339,2167000000.0,0.0,48.74,1.225,1.223,866000000.0,-4947000000.0,2314000000.0,2314000000.0,223000000.0,,,,,28000000.0,118000000.0,1.0,257461532.0,257000000.0,259000000.0,9.004,7580000000.0,1125000000.0,-2000000.0,0.0,29.494,1350000000.0
4,STX,MRQ,2020-06-30,2020-07-03,2020-07-03,2021-08-07,-66000000.0,8930000000.0,,4114000000.0,4816000000.0,,6.9,-114000000.0,1722000000.0,1722000000.0,1850000000.0,166000000.0,1.511,3.997,4175000000.0,19000000.0,4156000000.0,4175000000.0,0.0,100000000.0,0.0,0.054,0.65,209000000.0,309000000.0,0.123,309000000.0,209000000.0,160000000.0,0.64,0.64,0.64,1787000000.0,,1787000000.0,14639623476.0,12.0,9.082,274000000.0,1.058,1.0,667000000.0,0.265,1295000000.0,49000000.0,7366000000.0,,1142000000.0,0.0,0.0,0.0,7143000000.0,2722000000.0,4421000000.0,12148623476.0,110000000.0,0.0,-52000000.0,44000000.0,-168000000.0,-177000000.0,-108000000.0,6000000.0,388000000.0,7000000.0,166000000.0,166000000.0,166000000.0,0.0,0.0,0.066,400000000.0,267000000.0,1808000000.0,1.016,6.798,12.1,12.36,2129000000.0,0.0,47.34,1.156,1.18,1115000000.0,-4904000000.0,2517000000.0,2517000000.0,222000000.0,,,,,29000000.0,112000000.0,1.0,256624915.0,259000000.0,262000000.0,9.718,7635000000.0,1120000000.0,-6000000.0,0.0,29.479,1392000000.0
5,STX,MRQ,2020-03-31,2020-04-03,2020-04-03,2021-08-07,-67000000.0,8829000000.0,,4015000000.0,4814000000.0,,6.866,-130000000.0,1612000000.0,1612000000.0,1972000000.0,320000000.0,1.493,3.927,4103000000.0,12000000.0,4091000000.0,4103000000.0,0.0,94000000.0,0.0,0.056,0.65,387000000.0,481000000.0,0.177,481000000.0,387000000.0,338000000.0,1.23,1.22,1.23,1792000000.0,,1792000000.0,14338348665.0,10.0,8.042,260000000.0,0.996,1.0,746000000.0,0.274,1307000000.0,49000000.0,7323000000.0,,1102000000.0,0.0,0.0,0.0,7037000000.0,2690000000.0,4347000000.0,11941348665.0,-132000000.0,0.0,-164000000.0,-40000000.0,-170000000.0,-374000000.0,-142000000.0,-12000000.0,390000000.0,-6000000.0,320000000.0,320000000.0,320000000.0,0.0,0.0,0.118,370000000.0,376000000.0,1830000000.0,0.528,6.664,6.558,6.83,2093000000.0,0.0,45.76,1.152,1.153,1160000000.0,-4866000000.0,2718000000.0,2718000000.0,246000000.0,,,,,27000000.0,119000000.0,1.0,260956046.0,261000000.0,263000000.0,10.414,7522000000.0,1112000000.0,18000000.0,3000000.0,28.82,1325000000.0
6,STX,MRQ,2019-12-31,2020-01-03,2020-01-03,2021-08-07,-33000000.0,8932000000.0,,4152000000.0,4780000000.0,,6.985,-193000000.0,1744000000.0,1744000000.0,1938000000.0,318000000.0,1.538,3.881,4141000000.0,6000000.0,4135000000.0,4141000000.0,0.0,93000000.0,0.0,0.043,0.65,384000000.0,477000000.0,0.177,477000000.0,384000000.0,336000000.0,1.21,1.2,1.21,1830000000.0,,1830000000.0,17832311844.0,14.0,10.447,287000000.0,1.095,1.0,758000000.0,0.281,1320000000.0,48000000.0,7309000000.0,,1148000000.0,0.0,0.0,0.0,7102000000.0,2700000000.0,4402000000.0,15476311844.0,-40000000.0,0.0,-120000000.0,0.0,-165000000.0,-289000000.0,-234000000.0,-41000000.0,480000000.0,3000000.0,318000000.0,318000000.0,318000000.0,0.0,0.0,0.118,374000000.0,384000000.0,1870000000.0,0.537,8.457,9.125,9.563,2049000000.0,0.0,58.91,1.554,1.55,1112000000.0,-4804000000.0,2696000000.0,2696000000.0,250000000.0,,,,,27000000.0,120000000.0,1.0,262711116.0,262000000.0,265000000.0,10.29,7612000000.0,1119000000.0,18000000.0,3000000.0,29.053,1452000000.0
7,STX,MRQ,2019-09-30,2019-10-04,2019-10-04,2021-08-07,-40000000.0,8738000000.0,,4031000000.0,4707000000.0,,6.654,-147000000.0,1784000000.0,1784000000.0,1907000000.0,200000000.0,1.581,3.937,4140000000.0,0.0,4140000000.0,4140000000.0,0.0,92000000.0,0.0,0.047,0.63,253000000.0,345000000.0,0.134,345000000.0,253000000.0,198000000.0,0.75,0.74,0.75,1770000000.0,,1770000000.0,16474947333.0,12.0,9.042,309000000.0,1.162,1.0,671000000.0,0.26,1334000000.0,55000000.0,7211000000.0,,1041000000.0,0.0,0.0,0.0,6968000000.0,2549000000.0,4419000000.0,14441947333.0,-465000000.0,0.0,-411000000.0,-147000000.0,-170000000.0,-765000000.0,-151000000.0,-4000000.0,456000000.0,-5000000.0,200000000.0,200000000.0,200000000.0,0.0,0.0,0.078,398000000.0,273000000.0,1750000000.0,0.84,8.159,8.196,8.521,1991000000.0,0.0,53.68,1.448,1.431,1065000000.0,-4800000000.0,2578000000.0,2578000000.0,255000000.0,,,,,26000000.0,122000000.0,1.0,269037767.0,266000000.0,270000000.0,9.692,7404000000.0,1128000000.0,-2000000.0,3000000.0,27.835,1482000000.0
8,STX,MRQ,2019-06-30,2019-06-28,2019-06-28,2021-08-07,-34000000.0,8885000000.0,,4363000000.0,4522000000.0,,7.833,-37000000.0,2220000000.0,2220000000.0,1747000000.0,983000000.0,1.955,3.11,4253000000.0,0.0,4253000000.0,4253000000.0,0.0,134000000.0,0.0,0.053,0.63,346000000.0,480000000.0,0.202,480000000.0,346000000.0,291000000.0,3.51,3.49,3.51,2162000000.0,,2162000000.0,16178832972.0,10.0,7.571,411000000.0,1.489,1.0,624000000.0,0.263,1348000000.0,55000000.0,7338000000.0,,970000000.0,0.0,0.0,0.0,6723000000.0,2232000000.0,4491000000.0,13044832972.0,860000000.0,0.0,-349000000.0,-271000000.0,-174000000.0,-795000000.0,1205000000.0,1279000000.0,448000000.0,2000000.0,983000000.0,983000000.0,983000000.0,0.0,0.0,0.415,292000000.0,332000000.0,1420000000.0,0.179,6.034,6.484,6.609,1869000000.0,0.0,47.12,1.256,1.279,989000000.0,-4349000000.0,2371000000.0,2371000000.0,241000000.0,,,,,26000000.0,108000000.0,1.0,276842805.0,276000000.0,276000000.0,8.591,7537000000.0,1114000000.0,-692000000.0,4000000.0,27.308,2131000000.0
9,STX,MRQ,2019-03-31,2019-03-29,2019-03-29,2021-08-07,-21000000.0,8596000000.0,,3487000000.0,5109000000.0,,6.011,-123000000.0,1388000000.0,1388000000.0,1712000000.0,195000000.0,1.625,4.089,4522000000.0,0.0,4522000000.0,4522000000.0,0.0,135000000.0,0.0,0.053,0.63,270000000.0,405000000.0,0.175,405000000.0,270000000.0,215000000.0,0.69,0.69,0.69,1689000000.0,,1689000000.0,16459532288.0,9.0,7.113,315000000.0,1.121,1.0,601000000.0,0.26,1366000000.0,55000000.0,8218000000.0,,1001000000.0,1318000000.0,0.0,1318000000.0,6907000000.0,2146000000.0,4761000000.0,13492532288.0,31000000.0,0.0,-294000000.0,196000000.0,-178000000.0,-276000000.0,-129000000.0,-6000000.0,438000000.0,-2000000.0,195000000.0,195000000.0,195000000.0,0.0,0.0,0.084,365000000.0,236000000.0,1310000000.0,0.913,7.988,9.055,9.192,1822000000.0,0.0,47.89,1.243,1.24,897000000.0,-4808000000.0,2313000000.0,2313000000.0,238000000.0,,,,,28000000.0,110000000.0,1.0,281740077.0,281000000.0,284000000.0,8.231,7230000000.0,416000000.0,20000000.0,5000000.0,25.73,1341000000.0
10,STX,MRQ,2018-12-31,2018-12-28,2018-12-28,2021-08-07,-21000000.0,8789000000.0,,3676000000.0,5113000000.0,,6.786,-127000000.0,1357000000.0,1357000000.0,1921000000.0,384000000.0,1.598,3.544,4324000000.0,0.0,4324000000.0,4324000000.0,0.0,138000000.0,0.0,0.066,0.63,454000000.0,592000000.0,0.218,592000000.0,454000000.0,398000000.0,1.35,1.34,1.35,1934000000.0,,1934000000.0,13854825109.0,7.0,5.531,161000000.0,0.565,1.0,794000000.0,0.292,1386000000.0,56000000.0,8070000000.0,,1097000000.0,1300000000.0,0.0,1300000000.0,6855000000.0,2300000000.0,4555000000.0,10975825109.0,-585000000.0,0.0,-133000000.0,-499000000.0,-180000000.0,-815000000.0,-54000000.0,7000000.0,288000000.0,-4000000.0,384000000.0,384000000.0,384000000.0,0.0,0.0,0.141,378000000.0,416000000.0,1442000000.0,0.467,5.675,6.549,6.556,1823000000.0,0.0,38.35,0.968,0.963,1058000000.0,-4502000000.0,2715000000.0,2715000000.0,246000000.0,,,,,27000000.0,120000000.0,1.0,286201437.0,285000000.0,287000000.0,9.526,7403000000.0,416000000.0,14000000.0,6000000.0,25.975,1376000000.0
11,STX,MRQ,2018-09-30,2018-09-28,2018-09-28,2021-08-07,-12000000.0,9578000000.0,,4523000000.0,5055000000.0,,6.432,-171000000.0,1942000000.0,1942000000.0,2078000000.0,450000000.0,1.425,4.189,4821000000.0,499000000.0,4322000000.0,4821000000.0,0.0,134000000.0,0.0,0.053,0.63,526000000.0,660000000.0,0.221,660000000.0,526000000.0,468000000.0,1.57,1.54,1.57,1846000000.0,,1846000000.0,16564196539.0,9.0,6.62,416000000.0,1.449,1.0,913000000.0,0.305,1406000000.0,58000000.0,7876000000.0,,1116000000.0,1259000000.0,0.0,1259000000.0,7732000000.0,3175000000.0,4557000000.0,13598196539.0,88000000.0,0.0,-118000000.0,0.0,-181000000.0,-326000000.0,-176000000.0,-5000000.0,587000000.0,3000000.0,450000000.0,450000000.0,450000000.0,0.0,0.0,0.15,410000000.0,503000000.0,1776000000.0,0.401,7.366,9.372,9.376,1789000000.0,0.0,47.35,1.178,1.177,1202000000.0,-4569000000.0,2991000000.0,2991000000.0,266000000.0,,,,,18000000.0,115000000.0,1.0,287184721.0,287000000.0,292000000.0,10.422,8172000000.0,416000000.0,18000000.0,11000000.0,28.474,1348000000.0
12,STX,MRQ,2018-06-30,2018-06-29,2018-06-29,2021-08-07,-16000000.0,9410000000.0,,4310000000.0,5100000000.0,,5.781,-70000000.0,1853000000.0,1853000000.0,1931000000.0,461000000.0,1.351,4.652,4819000000.0,499000000.0,4320000000.0,4819000000.0,0.0,137000000.0,0.0,0.045,0.63,520000000.0,657000000.0,0.232,657000000.0,520000000.0,466000000.0,1.6,1.57,1.6,1665000000.0,,1665000000.0,18106400514.0,11.0,8.04,398000000.0,1.382,1.0,904000000.0,0.319,1425000000.0,54000000.0,7761000000.0,,1053000000.0,1275000000.0,0.0,1275000000.0,7745000000.0,3190000000.0,4555000000.0,16210400514.0,-1073000000.0,0.0,3000000.0,-5000000.0,-181000000.0,-184000000.0,-1349000000.0,-1277000000.0,468000000.0,-8000000.0,461000000.0,461000000.0,461000000.0,0.0,0.0,0.163,399000000.0,505000000.0,1728000000.0,0.394,9.736,13.714,13.773,1792000000.0,0.0,56.47,1.449,1.454,1184000000.0,-4696000000.0,2835000000.0,2835000000.0,259000000.0,,,,,27000000.0,140000000.0,1.0,287062166.0,288000000.0,295000000.0,9.844,7985000000.0,417000000.0,5000000.0,10000000.0,27.726,1120000000.0
13,STX,MRQ,2018-03-31,2018-03-30,2018-03-30,2021-08-07,-8000000.0,9012000000.0,,5247000000.0,3765000000.0,,4.769,-26000000.0,2926000000.0,2926000000.0,1956000000.0,381000000.0,1.718,5.607,4822000000.0,503000000.0,4319000000.0,4822000000.0,0.0,143000000.0,0.0,0.043,0.63,453000000.0,596000000.0,0.213,596000000.0,453000000.0,393000000.0,1.33,1.31,1.33,1364000000.0,,1364000000.0,18988099507.0,14.0,9.723,532000000.0,1.86,1.0,847000000.0,0.302,1442000000.0,60000000.0,6411000000.0,,1002000000.0,0.0,0.0,0.0,7648000000.0,3055000000.0,4593000000.0,16668099507.0,370000000.0,0.0,75000000.0,-57000000.0,-179000000.0,-162000000.0,-29000000.0,-8000000.0,558000000.0,3000000.0,381000000.0,381000000.0,381000000.0,0.0,0.0,0.136,406000000.0,441000000.0,1645000000.0,0.474,12.22,19.962,20.249,1720000000.0,0.0,58.52,1.55,1.556,1076000000.0,-4975000000.0,2803000000.0,2803000000.0,254000000.0,,,,,26000000.0,135000000.0,1.0,284827401.0,286000000.0,291000000.0,9.801,7570000000.0,398000000.0,12000000.0,10000000.0,26.469,2192000000.0
14,STX,MRQ,2017-12-31,2017-12-29,2017-12-29,2021-08-07,-11000000.0,8750000000.0,,4910000000.0,3840000000.0,,3.684,-75000000.0,2556000000.0,2556000000.0,2037000000.0,159000000.0,1.577,7.247,4876000000.0,560000000.0,4316000000.0,4876000000.0,0.0,157000000.0,0.0,0.06,0.63,432000000.0,589000000.0,0.202,589000000.0,432000000.0,371000000.0,0.55,0.55,0.55,1061000000.0,,1061000000.0,14822089387.0,13.0,8.184,775000000.0,2.691,1.0,877000000.0,0.301,1460000000.0,61000000.0,6497000000.0,,1014000000.0,0.0,0.0,0.0,7689000000.0,3113000000.0,4576000000.0,12105089387.0,271000000.0,0.0,-189000000.0,-130000000.0,-182000000.0,-502000000.0,-78000000.0,0.0,850000000.0,1000000.0,159000000.0,159000000.0,159000000.0,0.0,0.0,0.055,444000000.0,433000000.0,1620000000.0,1.145,11.409,18.681,18.847,1762000000.0,0.0,41.84,1.139,1.134,1055000000.0,-5174000000.0,2914000000.0,2914000000.0,250000000.0,,,,,27000000.0,142000000.0,1.0,289318580.0,288000000.0,291000000.0,10.118,7290000000.0,402000000.0,212000000.0,12000000.0,25.312,1797000000.0
15,STX,MRQ,2017-09-30,2017-09-29,2017-09-29,2021-08-07,-13000000.0,8956000000.0,,4824000000.0,4132000000.0,,4.283,-124000000.0,2285000000.0,2285000000.0,1896000000.0,181000000.0,1.963,6.211,5002000000.0,0.0,5002000000.0,5002000000.0,0.0,161000000.0,0.0,0.076,0.63,249000000.0,410000000.0,0.156,410000000.0,249000000.0,188000000.0,0.62,0.62,0.62,1242000000.0,,1242000000.0,12161446199.0,11.0,6.859,113000000.0,0.39,1.0,736000000.0,0.28,1492000000.0,61000000.0,7723000000.0,,1014000000.0,0.0,0.0,0.0,7714000000.0,2458000000.0,5256000000.0,9679446199.0,-254000000.0,0.0,-137000000.0,-22000000.0,-184000000.0,-363000000.0,-132000000.0,0.0,237000000.0,4000000.0,181000000.0,181000000.0,181000000.0,0.0,0.0,0.069,481000000.0,255000000.0,1539000000.0,1.016,7.793,12.315,12.423,1817000000.0,0.0,33.17,0.913,0.907,1209000000.0,-4958000000.0,2632000000.0,2632000000.0,263000000.0,,,,,32000000.0,145000000.0,1.0,291813271.0,290000000.0,292000000.0,9.076,7464000000.0,609000000.0,7000000.0,15000000.0,25.738,2366000000.0
16,STX,MRQ,2017-06-30,2017-06-30,2017-06-30,2021-08-07,-17000000.0,9268000000.0,,5041000000.0,4227000000.0,,4.655,-104000000.0,2539000000.0,2539000000.0,1740000000.0,114000000.0,1.92,5.795,5021000000.0,0.0,5021000000.0,5021000000.0,0.0,176000000.0,0.0,0.065,0.63,182000000.0,358000000.0,0.149,358000000.0,182000000.0,120000000.0,0.39,0.38,0.39,1364000000.0,,1364000000.0,13699313416.0,13.0,7.67,139000000.0,0.474,1.0,666000000.0,0.277,1519000000.0,62000000.0,7605000000.0,,982000000.0,0.0,0.0,0.0,7904000000.0,2626000000.0,5278000000.0,11494313416.0,-488000000.0,0.0,-209000000.0,-219000000.0,-187000000.0,-617000000.0,-122000000.0,-37000000.0,243000000.0,8000000.0,114000000.0,114000000.0,114000000.0,0.0,0.0,0.047,470000000.0,196000000.0,1626000000.0,1.615,8.427,14.889,14.847,1875000000.0,0.0,38.75,1.067,1.065,1199000000.0,-4771000000.0,2406000000.0,2406000000.0,288000000.0,,,,,27000000.0,149000000.0,1.0,296627443.0,293000000.0,299000000.0,8.212,7749000000.0,609000000.0,6000000.0,15000000.0,26.447,2415000000.0
17,STX,MRQ,2017-03-31,2017-03-31,2017-03-31,2021-08-07,-27000000.0,9739000000.0,,5460000000.0,4279000000.0,,5.432,-94000000.0,3026000000.0,3026000000.0,1858000000.0,194000000.0,1.958,5.057,5231000000.0,158000000.0,5073000000.0,5231000000.0,0.0,182000000.0,0.0,0.055,0.63,272000000.0,454000000.0,0.17,454000000.0,272000000.0,212000000.0,0.66,0.65,0.66,1608000000.0,,1608000000.0,15934473823.0,17.0,9.2,332000000.0,1.122,1.0,816000000.0,0.305,1560000000.0,60000000.0,7595000000.0,,1038000000.0,0.0,0.0,0.0,8131000000.0,2789000000.0,5342000000.0,13557473823.0,1311000000.0,0.0,36000000.0,1135000000.0,-186000000.0,984000000.0,-103000000.0,0.0,426000000.0,4000000.0,194000000.0,194000000.0,194000000.0,0.0,0.0,0.073,550000000.0,266000000.0,1591000000.0,0.955,8.431,18.623,18.671,1911000000.0,0.0,45.93,1.23,1.234,1156000000.0,-4487000000.0,2674000000.0,2674000000.0,324000000.0,,,,,37000000.0,150000000.0,1.0,295176874.0,296000000.0,300000000.0,9.034,8179000000.0,605000000.0,18000000.0,16000000.0,27.632,2671000000.0
18,STX,MRQ,2016-12-31,2016-12-30,2016-12-30,2021-08-07,-33000000.0,8561000000.0,,4140000000.0,4421000000.0,,5.145,-96000000.0,1716000000.0,1716000000.0,2003000000.0,297000000.0,1.544,4.621,4093000000.0,0.0,4093000000.0,4093000000.0,0.0,191000000.0,0.0,0.066,0.63,360000000.0,551000000.0,0.19,551000000.0,360000000.0,310000000.0,1.0,1.0,1.0,1523000000.0,,1523000000.0,13844934474.0,19.0,9.037,560000000.0,1.892,1.0,891000000.0,0.308,1601000000.0,50000000.0,6656000000.0,,1008000000.0,0.0,0.0,0.0,7038000000.0,2681000000.0,4357000000.0,11241934474.0,225000000.0,0.0,-135000000.0,0.0,-188000000.0,-324000000.0,-95000000.0,5000000.0,656000000.0,-12000000.0,297000000.0,297000000.0,297000000.0,0.0,0.0,0.103,521000000.0,370000000.0,1631000000.0,0.63,7.381,21.914,22.064,2012000000.0,0.0,38.17,1.028,1.033,1211000000.0,-4493000000.0,2894000000.0,2894000000.0,305000000.0,,,,,33000000.0,155000000.0,1.0,294522779.0,296000000.0,298000000.0,9.777,6960000000.0,614000000.0,13000000.0,13000000.0,23.514,1459000000.0
19,STX,MRQ,2016-09-30,2016-09-30,2016-09-30,2021-08-07,-24000000.0,8495000000.0,,3928000000.0,4567000000.0,,5.097,-140000000.0,1489000000.0,1489000000.0,1996000000.0,167000000.0,1.506,4.574,4092000000.0,0.0,4092000000.0,4092000000.0,0.0,200000000.0,0.0,0.065,0.63,223000000.0,423000000.0,0.151,423000000.0,223000000.0,173000000.0,0.56,0.55,0.56,1524000000.0,,1524000000.0,14516385855.0,24.0,10.237,451000000.0,1.508,1.0,801000000.0,0.286,1643000000.0,50000000.0,6847000000.0,,914000000.0,5000000.0,5000000.0,0.0,6971000000.0,2608000000.0,4363000000.0,11511385855.0,363000000.0,0.0,-66000000.0,0.0,0.0,-89000000.0,-139000000.0,1000000.0,591000000.0,0.0,167000000.0,167000000.0,167000000.0,0.0,0.0,0.06,580000000.0,221000000.0,1568000000.0,1.125,7.553,30.214,30.117,2093000000.0,0.0,38.55,1.043,1.045,1307000000.0,-4456000000.0,2797000000.0,2797000000.0,315000000.0,,,,,40000000.0,155000000.0,1.0,298609231.0,299000000.0,301000000.0,9.355,6852000000.0,615000000.0,6000000.0,11000000.0,22.916,1320000000.0
20,STX,MRQ,2016-06-30,2016-07-01,2016-07-01,2021-08-07,-25000000.0,8213000000.0,,3533000000.0,4680000000.0,,5.382,-146000000.0,1125000000.0,1125000000.0,1992000000.0,70000000.0,1.571,4.156,4091000000.0,0.0,4091000000.0,4091000000.0,0.0,200000000.0,0.0,0.101,0.63,104000000.0,304000000.0,0.115,304000000.0,104000000.0,53000000.0,0.24,0.23,0.24,1593000000.0,,1593000000.0,10109564008.0,22.0,7.886,123000000.0,0.416,1.0,662000000.0,0.249,1685000000.0,51000000.0,7245000000.0,,868000000.0,6000000.0,6000000.0,0.0,6620000000.0,2249000000.0,4371000000.0,7172564008.0,-68000000.0,0.0,1000000.0,0.0,-188000000.0,-188000000.0,-146000000.0,0.0,269000000.0,-3000000.0,70000000.0,70000000.0,70000000.0,0.0,0.0,0.026,560000000.0,102000000.0,1517000000.0,2.625,4.503,28.922,28.952,2160000000.0,0.0,24.03,0.643,0.644,1318000000.0,-4311000000.0,2654000000.0,2654000000.0,307000000.0,,,,,25000000.0,144000000.0,1.0,298483729.0,296000000.0,299000000.0,8.966,6528000000.0,616000000.0,-17000000.0,14000000.0,22.054,1284000000.0
21,STX,MRQ,2016-03-31,2016-04-01,2016-04-01,2021-08-07,-28000000.0,8374000000.0,,3600000000.0,4774000000.0,,5.648,-95000000.0,1193000000.0,1193000000.0,2071000000.0,-21000000.0,1.594,3.976,4130000000.0,0.0,4130000000.0,4130000000.0,0.0,198000000.0,0.0,0.069,0.63,56000000.0,254000000.0,0.098,254000000.0,56000000.0,9000000.0,-0.07,-0.07,-0.07,1683000000.0,,1683000000.0,12868456169.0,23.0,9.238,110000000.0,0.369,1.0,524000000.0,0.202,1730000000.0,47000000.0,7322000000.0,,928000000.0,6000000.0,6000000.0,0.0,6691000000.0,2259000000.0,4432000000.0,9986456169.0,-65000000.0,0.0,8000000.0,-7000000.0,-188000000.0,-188000000.0,-85000000.0,0.0,205000000.0,3000000.0,-21000000.0,-21000000.0,-21000000.0,0.0,0.0,-0.008,497000000.0,27000000.0,1504000000.0,-9.0,5.934,31.703,32.086,2165000000.0,0.0,33.69,0.873,0.878,1250000000.0,-4192000000.0,2595000000.0,2595000000.0,298000000.0,,,,,30000000.0,150000000.0,1.0,296421970.0,298000000.0,298000000.0,8.708,6644000000.0,619000000.0,30000000.0,28000000.0,22.295,1341000000.0
22,STX,MRQ,2015-12-31,2016-01-01,2016-01-01,2021-08-07,-32000000.0,8796000000.0,,3931000000.0,4865000000.0,,6.09,-137000000.0,1258000000.0,1258000000.0,2245000000.0,165000000.0,1.548,3.83,4140000000.0,0.0,4140000000.0,4140000000.0,0.0,209000000.0,0.0,0.061,0.63,228000000.0,437000000.0,0.146,437000000.0,228000000.0,180000000.0,0.55,0.55,0.55,1821000000.0,,1821000000.0,13187508208.0,15.0,7.785,245000000.0,0.819,1.0,741000000.0,0.248,1773000000.0,48000000.0,7366000000.0,,1046000000.0,6000000.0,6000000.0,0.0,6975000000.0,2539000000.0,4436000000.0,10962508208.0,-657000000.0,-634000000.0,-77000000.0,0.0,-188000000.0,-266000000.0,-771000000.0,0.0,382000000.0,-2000000.0,165000000.0,165000000.0,165000000.0,0.0,0.0,0.055,512000000.0,229000000.0,1759000000.0,1.145,6.02,17.484,18.149,2230000000.0,0.0,36.66,0.901,0.901,1398000000.0,-3983000000.0,2986000000.0,2986000000.0,304000000.0,,,,,32000000.0,160000000.0,1.0,299031866.0,299000000.0,301000000.0,9.987,7023000000.0,617000000.0,15000000.0,27000000.0,23.488,1392000000.0
23,STX,MRQ,2015-09-30,2015-10-02,2015-10-02,2021-08-07,-30000000.0,9079000000.0,,4882000000.0,4197000000.0,,6.364,-209000000.0,1915000000.0,1915000000.0,2236000000.0,34000000.0,1.796,3.724,4140000000.0,0.0,4140000000.0,4140000000.0,0.0,208000000.0,0.0,0.05,0.54,78000000.0,286000000.0,0.098,286000000.0,78000000.0,31000000.0,0.11,0.11,0.11,1922000000.0,,1922000000.0,14710825486.0,8.0,5.57,615000000.0,2.036,1.0,689000000.0,0.236,1203000000.0,47000000.0,7383000000.0,,1098000000.0,6000000.0,6000000.0,0.0,7157000000.0,2718000000.0,4439000000.0,13041825486.0,-564000000.0,0.0,-943000000.0,-15000000.0,-163000000.0,-1178000000.0,-209000000.0,0.0,824000000.0,-1000000.0,34000000.0,34000000.0,34000000.0,0.0,0.0,0.012,603000000.0,86000000.0,1890000000.0,4.909,6.786,9.349,10.019,2247000000.0,0.0,43.18,1.013,1.013,1522000000.0,-3851000000.0,2925000000.0,2925000000.0,328000000.0,,,,,33000000.0,182000000.0,1.0,302033939.0,302000000.0,308000000.0,9.685,7876000000.0,617000000.0,-3000000.0,26000000.0,26.079,2164000000.0
24,STX,MRQ,2015-06-30,2015-07-03,2015-07-03,2021-08-07,-30000000.0,9845000000.0,,5568000000.0,4277000000.0,,9.491,-201000000.0,2479000000.0,2479000000.0,2152000000.0,137000000.0,2.376,2.262,4155000000.0,0.0,4155000000.0,4155000000.0,0.0,212000000.0,0.0,0.043,0.54,204000000.0,416000000.0,0.142,416000000.0,204000000.0,149000000.0,0.46,0.45,0.46,3018000000.0,,3018000000.0,16604920718.0,8.0,5.502,30000000.0,0.094,1.0,776000000.0,0.265,1244000000.0,55000000.0,7934000000.0,,993000000.0,6000000.0,6000000.0,0.0,6827000000.0,2343000000.0,4484000000.0,15281920718.0,-122000000.0,-3000000.0,-173000000.0,208000000.0,-171000000.0,-136000000.0,-219000000.0,0.0,231000000.0,2000000.0,137000000.0,137000000.0,137000000.0,0.0,0.0,0.047,569000000.0,207000000.0,1540000000.0,1.174,5.064,8.773,8.95,2278000000.0,0.0,48.15,1.112,1.135,1735000000.0,-2686000000.0,2928000000.0,2928000000.0,324000000.0,,,,,31000000.0,203000000.0,1.0,317381531.0,318000000.0,322000000.0,9.208,8601000000.0,618000000.0,12000000.0,33000000.0,27.047,3225000000.0
25,STX,MRQ,2015-03-31,2015-04-03,2015-04-03,2021-08-07,-33000000.0,10036000000.0,,5831000000.0,4205000000.0,,9.879,-159000000.0,2608000000.0,2608000000.0,2375000000.0,291000000.0,1.916,2.145,3931000000.0,474000000.0,3457000000.0,3931000000.0,0.0,203000000.0,0.0,0.037,0.54,352000000.0,555000000.0,0.167,555000000.0,352000000.0,304000000.0,0.9,0.88,0.9,3191000000.0,,3191000000.0,17853328362.0,8.0,5.671,215000000.0,0.666,1.0,955000000.0,0.287,1281000000.0,48000000.0,7035000000.0,,1083000000.0,6000000.0,6000000.0,0.0,6845000000.0,3043000000.0,3802000000.0,17221328362.0,-692000000.0,0.0,-664000000.0,-1000000.0,-176000000.0,-841000000.0,-215000000.0,0.0,374000000.0,-10000000.0,291000000.0,291000000.0,291000000.0,0.0,0.0,0.087,612000000.0,343000000.0,1683000000.0,0.6,5.397,8.946,8.905,2182000000.0,0.0,52.45,1.22,1.2,1769000000.0,-2472000000.0,3330000000.0,3330000000.0,346000000.0,,,,,33000000.0,219000000.0,1.0,328338005.0,323000000.0,330000000.0,10.31,8755000000.0,620000000.0,13000000.0,34000000.0,27.105,2788000000.0
26,STX,MRQ,2014-12-31,2015-01-02,2015-01-02,2021-08-07,-25000000.0,10814000000.0,,6632000000.0,4182000000.0,,11.326,-215000000.0,3300000000.0,3300000000.0,2669000000.0,933000000.0,2.353,1.911,3932000000.0,0.0,3932000000.0,3932000000.0,0.0,208000000.0,0.0,0.028,0.54,1176000000.0,1384000000.0,0.374,1384000000.0,1176000000.0,1126000000.0,2.84,2.78,2.84,3715000000.0,,3715000000.0,23219311122.0,10.0,7.153,1228000000.0,3.744,1.0,1027000000.0,0.278,1321000000.0,50000000.0,7306000000.0,,1129000000.0,6000000.0,6000000.0,0.0,7099000000.0,2819000000.0,4280000000.0,21604311122.0,1106000000.0,0.0,-8000000.0,87000000.0,-177000000.0,-98000000.0,-234000000.0,9000000.0,1443000000.0,-5000000.0,933000000.0,933000000.0,933000000.0,0.0,0.0,0.252,-26000000.0,1053000000.0,1736000000.0,0.19,5.815,10.648,10.648,2155000000.0,0.0,66.02,1.523,1.526,1829000000.0,-1881000000.0,3696000000.0,3696000000.0,341000000.0,,,,,31000000.0,218000000.0,1.0,327238884.0,328000000.0,336000000.0,11.268,9493000000.0,621000000.0,193000000.0,33000000.0,28.942,3813000000.0
27,STX,MRQ,2014-09-30,2014-10-03,2014-10-03,2021-08-07,-15000000.0,9765000000.0,,5583000000.0,4182000000.0,,9.009,-172000000.0,2194000000.0,2194000000.0,2734000000.0,381000000.0,2.151,2.315,3809000000.0,0.0,3809000000.0,3809000000.0,0.0,218000000.0,0.0,0.031,0.43,446000000.0,664000000.0,0.175,664000000.0,446000000.0,392000000.0,1.17,1.13,1.17,2946000000.0,,2946000000.0,19609633728.0,11.0,7.595,430000000.0,1.315,1.0,1051000000.0,0.278,1341000000.0,54000000.0,7443000000.0,,1071000000.0,11000000.0,11000000.0,0.0,6819000000.0,2596000000.0,4223000000.0,18327633728.0,-444000000.0,-450000000.0,-144000000.0,-124000000.0,-140000000.0,-420000000.0,-619000000.0,9000000.0,602000000.0,-7000000.0,381000000.0,381000000.0,381000000.0,0.0,0.0,0.101,595000000.0,456000000.0,1740000000.0,0.368,6.221,12.026,12.112,2156000000.0,0.0,56.08,1.307,1.308,1909000000.0,-2619000000.0,3785000000.0,3785000000.0,342000000.0,,,,,42000000.0,216000000.0,1.0,326812299.0,327000000.0,337000000.0,11.575,8424000000.0,624000000.0,11000000.0,87000000.0,25.761,2987000000.0
28,STX,MRQ,2014-06-30,2014-06-27,2014-06-27,2021-08-07,-2000000.0,9492000000.0,,5777000000.0,3715000000.0,,8.634,-128000000.0,2638000000.0,2638000000.0,2376000000.0,320000000.0,2.409,2.352,3920000000.0,0.0,3920000000.0,3920000000.0,0.0,211000000.0,0.0,0.029,0.43,334000000.0,545000000.0,0.165,545000000.0,334000000.0,284000000.0,0.98,0.96,0.98,2832000000.0,,2832000000.0,19838748412.0,11.0,7.543,449000000.0,1.369,1.0,925000000.0,0.28,896000000.0,50000000.0,7480000000.0,,985000000.0,20000000.0,20000000.0,0.0,6660000000.0,2398000000.0,4262000000.0,18587748412.0,375000000.0,-285000000.0,-17000000.0,329000000.0,-140000000.0,172000000.0,-374000000.0,44000000.0,577000000.0,0.0,320000000.0,320000000.0,320000000.0,0.0,0.0,0.097,515000000.0,410000000.0,1549000000.0,0.439,6.563,11.839,12.215,2136000000.0,0.0,56.92,1.354,1.398,1729000000.0,-2677000000.0,3301000000.0,3301000000.0,323000000.0,,,,,31000000.0,161000000.0,1.0,326559178.0,328000000.0,335000000.0,10.064,8596000000.0,625000000.0,-36000000.0,90000000.0,26.207,3379000000.0
29,STX,MRQ,2014-03-31,2014-03-28,2014-03-28,2021-08-07,-2000000.0,8659000000.0,,5151000000.0,3508000000.0,,8.067,-124000000.0,2263000000.0,2263000000.0,2447000000.0,395000000.0,2.383,2.282,3514000000.0,0.0,3514000000.0,3514000000.0,0.0,211000000.0,0.0,0.029,0.43,442000000.0,653000000.0,0.192,653000000.0,442000000.0,390000000.0,1.21,1.17,1.21,2638000000.0,,2638000000.0,19330233113.0,11.0,7.264,319000000.0,0.976,1.0,959000000.0,0.282,781000000.0,52000000.0,6967000000.0,,846000000.0,47000000.0,47000000.0,0.0,6021000000.0,2162000000.0,3859000000.0,18055233113.0,-34000000.0,0.0,-147000000.0,-64000000.0,-140000000.0,-351000000.0,-125000000.0,0.0,443000000.0,-1000000.0,395000000.0,395000000.0,395000000.0,0.0,0.0,0.116,515000000.0,444000000.0,1345000000.0,0.355,6.844,11.299,11.76,2065000000.0,0.0,54.92,1.304,1.297,1633000000.0,-2831000000.0,3406000000.0,3406000000.0,297000000.0,,,,,30000000.0,190000000.0,1.0,328755155.0,327000000.0,338000000.0,10.416,7878000000.0,583000000.0,-5000000.0,90000000.0,24.092,2989000000.0
30,STX,MRQ,2013-12-31,2013-12-27,2013-12-27,2021-08-07,-7000000.0,8890000000.0,,5289000000.0,3601000000.0,,7.426,-143000000.0,2297000000.0,2297000000.0,2541000000.0,428000000.0,2.153,2.563,3572000000.0,0.0,3572000000.0,3572000000.0,0.0,229000000.0,0.0,0.021,0.43,491000000.0,720000000.0,0.204,720000000.0,491000000.0,442000000.0,1.27,1.24,1.27,2495000000.0,,2495000000.0,18894075186.0,10.0,6.967,713000000.0,2.122,1.0,987000000.0,0.28,806000000.0,49000000.0,6902000000.0,,948000000.0,46000000.0,46000000.0,0.0,6395000000.0,2457000000.0,3938000000.0,18153075186.0,369000000.0,0.0,-1498000000.0,791000000.0,-142000000.0,-850000000.0,363000000.0,515000000.0,856000000.0,0.0,428000000.0,428000000.0,428000000.0,0.0,0.0,0.121,543000000.0,444000000.0,1577000000.0,0.339,7.276,11.213,12.048,2128000000.0,0.0,55.66,1.3,1.339,1615000000.0,-2902000000.0,3528000000.0,3528000000.0,312000000.0,,,,,30000000.0,190000000.0,1.0,326142206.0,336000000.0,346000000.0,10.5,8084000000.0,581000000.0,14000000.0,103000000.0,24.06,2832000000.0
31,STX,MRQ,2013-09-30,2013-09-27,2013-09-27,2021-08-07,-6000000.0,9345000000.0,,5625000000.0,3720000000.0,,10.303,-161000000.0,2032000000.0,2032000000.0,2514000000.0,427000000.0,2.237,1.538,2773000000.0,1000000.0,2772000000.0,2773000000.0,0.0,228000000.0,0.0,0.034,0.38,484000000.0,712000000.0,0.204,712000000.0,484000000.0,440000000.0,1.2,1.16,1.2,3678000000.0,,3678000000.0,16493105103.0,9.0,5.967,521000000.0,1.459,1.0,975000000.0,0.279,846000000.0,44000000.0,6726000000.0,,871000000.0,489000000.0,489000000.0,0.0,5656000000.0,2514000000.0,3142000000.0,15525105103.0,216000000.0,0.0,-143000000.0,0.0,-135000000.0,-282000000.0,-186000000.0,-6000000.0,682000000.0,2000000.0,427000000.0,427000000.0,427000000.0,0.0,0.0,0.122,497000000.0,478000000.0,1683000000.0,0.317,4.221,9.225,9.297,2187000000.0,0.0,43.51,1.101,1.101,1618000000.0,-1668000000.0,3489000000.0,3489000000.0,294000000.0,,,,,27000000.0,181000000.0,1.0,356816941.0,357000000.0,368000000.0,9.773,8499000000.0,571000000.0,13000000.0,93000000.0,23.807,3111000000.0
32,STX,MRQ,2013-06-30,2013-06-28,2013-06-28,2021-08-07,-13000000.0,9243000000.0,,5412000000.0,3831000000.0,,9.763,-128000000.0,1809000000.0,1809000000.0,2485000000.0,348000000.0,2.073,1.641,2777000000.0,3000000.0,2774000000.0,2777000000.0,0.0,222000000.0,0.0,0.031,0.38,354000000.0,576000000.0,0.168,576000000.0,354000000.0,303000000.0,0.99,0.95,0.99,3495000000.0,,3495000000.0,17017902747.0,8.0,5.832,260000000.0,0.726,1.0,939000000.0,0.274,881000000.0,51000000.0,6719000000.0,,854000000.0,480000000.0,480000000.0,0.0,5737000000.0,2611000000.0,3126000000.0,16073902747.0,275000000.0,0.0,-16000000.0,183000000.0,-137000000.0,31000000.0,-144000000.0,-17000000.0,388000000.0,0.0,348000000.0,348000000.0,348000000.0,0.0,0.0,0.102,492000000.0,447000000.0,1690000000.0,0.384,4.599,8.745,9.02,2269000000.0,0.0,44.83,1.12,1.156,1670000000.0,-1778000000.0,3424000000.0,3424000000.0,294000000.0,,,,,20000000.0,178000000.0,1.0,358552370.0,358000000.0,370000000.0,9.564,8362000000.0,571000000.0,-45000000.0,87000000.0,23.358,2801000000.0
33,STX,MRQ,2013-03-31,2013-03-29,2013-03-29,2021-08-07,7000000.0,8743000000.0,,4987000000.0,3756000000.0,,9.215,-206000000.0,1534000000.0,1534000000.0,2578000000.0,416000000.0,1.917,1.646,2478000000.0,4000000.0,2474000000.0,2478000000.0,0.0,221000000.0,0.0,0.035,0.0,483000000.0,704000000.0,0.2,704000000.0,483000000.0,430000000.0,1.16,1.13,1.16,3299000000.0,,3299000000.0,14455175297.0,5.0,3.983,477000000.0,1.332,1.0,948000000.0,0.269,918000000.0,53000000.0,6168000000.0,,833000000.0,476000000.0,476000000.0,0.0,5431000000.0,2601000000.0,2830000000.0,13118175297.0,50000000.0,0.0,-37000000.0,-363000000.0,-4000000.0,-404000000.0,-228000000.0,-20000000.0,683000000.0,-1000000.0,416000000.0,416000000.0,416000000.0,0.0,0.0,0.118,483000000.0,465000000.0,1698000000.0,0.0,3.976,5.241,5.712,2256000000.0,0.0,36.555,0.851,0.849,1562000000.0,-1947000000.0,3526000000.0,3526000000.0,294000000.0,,,,,20000000.0,168000000.0,1.0,358861313.0,358000000.0,369000000.0,9.849,7825000000.0,524000000.0,14000000.0,87000000.0,21.858,2386000000.0
34,STX,MRQ,2012-12-31,2012-12-28,2012-12-28,2021-08-07,18000000.0,8742000000.0,,5017000000.0,3725000000.0,,7.889,-164000000.0,1481000000.0,1481000000.0,2676000000.0,492000000.0,1.898,1.998,2818000000.0,3000000.0,2815000000.0,2818000000.0,0.0,218000000.0,0.0,0.051,0.7,554000000.0,772000000.0,0.21,772000000.0,554000000.0,499000000.0,1.33,1.3,1.33,2911000000.0,,2911000000.0,12181950152.0,3.0,2.79,680000000.0,1.843,1.0,992000000.0,0.27,956000000.0,55000000.0,6480000000.0,,800000000.0,489000000.0,489000000.0,0.0,5817000000.0,2643000000.0,3174000000.0,11305950152.0,-511000000.0,0.0,-860000000.0,-58000000.0,-250000000.0,-1168000000.0,-188000000.0,-10000000.0,844000000.0,1000000.0,492000000.0,492000000.0,492000000.0,0.0,0.0,0.134,437000000.0,555000000.0,1685000000.0,0.526,3.884,3.497,3.835,2228000000.0,0.0,29.95,0.692,0.677,1648000000.0,-2261000000.0,3668000000.0,3668000000.0,277000000.0,,,,,19000000.0,139000000.0,1.0,377494162.0,369000000.0,379000000.0,9.94,7786000000.0,521000000.0,7000000.0,84000000.0,21.1,2374000000.0
35,STX,MRQ,2012-09-30,2012-09-28,2012-09-28,2021-08-07,17000000.0,9522000000.0,,5749000000.0,3773000000.0,,8.84,-259000000.0,1994000000.0,1994000000.0,2671000000.0,582000000.0,2.088,1.719,2870000000.0,3000000.0,2867000000.0,2870000000.0,0.0,212000000.0,0.0,0.032,0.32,655000000.0,867000000.0,0.232,867000000.0,655000000.0,600000000.0,1.48,1.42,1.48,3483000000.0,,3483000000.0,13362424246.0,4.0,3.036,873000000.0,2.216,1.0,1061000000.0,0.284,992000000.0,55000000.0,6653000000.0,,845000000.0,476000000.0,476000000.0,0.0,5987000000.0,2753000000.0,3234000000.0,12299424246.0,187000000.0,-36000000.0,-482000000.0,0.0,-127000000.0,-681000000.0,-265000000.0,30000000.0,1132000000.0,1000000.0,582000000.0,582000000.0,582000000.0,0.0,0.0,0.156,437000000.0,624000000.0,1808000000.0,0.216,3.531,3.723,3.969,2243000000.0,0.0,30.96,0.776,0.769,1684000000.0,-1658000000.0,3732000000.0,3732000000.0,268000000.0,,,,,17000000.0,150000000.0,1.0,397268225.0,394000000.0,409000000.0,9.472,8530000000.0,515000000.0,18000000.0,87000000.0,21.65,2996000000.0
36,STX,MRQ,2012-06-30,2012-06-29,2012-06-29,2021-08-07,-9000000.0,10106000000.0,,6310000000.0,3796000000.0,,8.509,-130000000.0,1800000000.0,1800000000.0,2998000000.0,1013000000.0,1.858,1.89,2863000000.0,0.0,2863000000.0,2863000000.0,0.0,217000000.0,0.0,0.035,0.25,1069000000.0,1286000000.0,0.287,1286000000.0,1069000000.0,1013000000.0,2.43,2.33,2.43,3497000000.0,,3497000000.0,11642060487.0,4.0,2.957,1315000000.0,3.2,1.0,1484000000.0,0.331,969000000.0,56000000.0,6804000000.0,,909000000.0,411000000.0,411000000.0,0.0,6609000000.0,3396000000.0,3213000000.0,10516060487.0,69000000.0,0.0,-1124000000.0,0.0,-106000000.0,-1227000000.0,-149000000.0,-4000000.0,1445000000.0,0.0,1013000000.0,1013000000.0,1013000000.0,0.0,0.0,0.226,427000000.0,1057000000.0,2286000000.0,0.103,3.007,3.674,3.68,2284000000.0,0.0,24.73,0.704,0.705,2319000000.0,-1444000000.0,4482000000.0,4482000000.0,269000000.0,,,,,13000000.0,140000000.0,1.0,425234957.0,411000000.0,429000000.0,10.905,9137000000.0,500000000.0,0.0,84000000.0,22.231,2914000000.0
37,STX,MRQ,2012-03-31,2012-03-30,2012-03-30,2021-08-07,-9000000.0,10064000000.0,,6368000000.0,3696000000.0,,8.238,-134000000.0,1736000000.0,1736000000.0,2809000000.0,1146000000.0,2.019,1.739,2862000000.0,0.0,2862000000.0,2862000000.0,0.0,224000000.0,0.0,0.029,0.25,1218000000.0,1442000000.0,0.324,1442000000.0,1218000000.0,1159000000.0,2.57,2.48,2.57,3674000000.0,,3674000000.0,13102398548.0,6.0,4.323,804000000.0,1.803,1.0,1641000000.0,0.369,1005000000.0,59000000.0,7031000000.0,,841000000.0,408000000.0,408000000.0,0.0,6390000000.0,3154000000.0,3236000000.0,12095398548.0,-187000000.0,0.0,-818000000.0,-76000000.0,-112000000.0,-1003000000.0,-122000000.0,5000000.0,938000000.0,0.0,1146000000.0,1146000000.0,1146000000.0,0.0,0.0,0.258,431000000.0,1210000000.0,2172000000.0,0.097,3.292,6.146,5.99,2179000000.0,0.0,26.955,0.908,0.903,2478000000.0,-1121000000.0,4450000000.0,4450000000.0,270000000.0,,,,,12000000.0,142000000.0,1.0,448725600.0,446000000.0,463000000.0,9.978,9059000000.0,475000000.0,13000000.0,80000000.0,20.312,3214000000.0
38,STX,MRQ,2011-12-31,2011-12-30,2011-12-30,2021-08-07,-13000000.0,9171000000.0,,5400000000.0,3771000000.0,,8.115,-142000000.0,1918000000.0,1918000000.0,2185000000.0,563000000.0,2.277,1.647,2925000000.0,0.0,2925000000.0,2925000000.0,0.0,191000000.0,0.0,0.033,0.18,616000000.0,807000000.0,0.253,807000000.0,616000000.0,558000000.0,1.32,1.28,1.32,3465000000.0,,3465000000.0,7807787804.0,6.0,3.988,577000000.0,1.351,1.0,1010000000.0,0.316,1044000000.0,58000000.0,6762000000.0,,827000000.0,407000000.0,407000000.0,0.0,5706000000.0,2372000000.0,3334000000.0,6885787804.0,-649000000.0,-561000000.0,-38000000.0,-560000000.0,-76000000.0,-674000000.0,-694000000.0,0.0,719000000.0,0.0,563000000.0,563000000.0,563000000.0,0.0,0.0,0.176,405000000.0,605000000.0,1461000000.0,0.136,1.987,7.525,7.664,2210000000.0,0.0,16.4,0.596,0.606,1627000000.0,-1150000000.0,3195000000.0,3195000000.0,259000000.0,,,,,14000000.0,141000000.0,1.0,419865110.0,427000000.0,439000000.0,7.482,8127000000.0,475000000.0,-5000000.0,75000000.0,19.033,3028000000.0
39,STX,MRQ,2011-09-30,2011-09-30,2011-09-30,2021-08-07,-20000000.0,8732000000.0,,5998000000.0,2734000000.0,,5.76,-210000000.0,2562000000.0,2562000000.0,2262000000.0,140000000.0,1.974,2.601,3484000000.0,560000000.0,2924000000.0,3484000000.0,0.0,182000000.0,0.0,0.035,0.18,221000000.0,403000000.0,0.143,403000000.0,221000000.0,152000000.0,0.33,0.32,0.33,2425000000.0,,2425000000.0,5043841551.0,6.0,3.229,-50000000.0,-0.119,1.0,549000000.0,0.195,0.0,69000000.0,6615000000.0,,825000000.0,426000000.0,426000000.0,0.0,6307000000.0,3039000000.0,3268000000.0,4310841551.0,-203000000.0,0.0,-102000000.0,-34000000.0,-78000000.0,-214000000.0,-149000000.0,61000000.0,160000000.0,0.0,140000000.0,140000000.0,140000000.0,0.0,0.0,0.05,313000000.0,236000000.0,1674000000.0,0.545,1.778,8.587,9.013,2190000000.0,0.0,10.275,0.389,0.39,1449000000.0,-1574000000.0,2811000000.0,2811000000.0,208000000.0,,,,,12000000.0,105000000.0,1.0,419546623.0,421000000.0,433000000.0,6.677,8732000000.0,471000000.0,12000000.0,85000000.0,20.741,2959000000.0
40,STX,MRQ,2011-06-30,2011-07-01,2011-07-01,2021-08-07,-6000000.0,9225000000.0,,6425000000.0,2800000000.0,,5.768,-83000000.0,2779000000.0,2779000000.0,2308000000.0,119000000.0,1.855,2.745,3512000000.0,560000000.0,2952000000.0,3512000000.0,0.0,187000000.0,0.0,0.011,0.18,192000000.0,379000000.0,0.133,379000000.0,192000000.0,129000000.0,0.28,0.26,0.28,2463000000.0,,2463000000.0,7644192694.0,10.0,4.941,234000000.0,0.548,1.0,551000000.0,0.193,32000000.0,63000000.0,6463000000.0,,872000000.0,474000000.0,474000000.0,0.0,6762000000.0,3463000000.0,3299000000.0,7036192694.0,476000000.0,0.0,-77000000.0,588000000.0,-74000000.0,437000000.0,-278000000.0,-209000000.0,317000000.0,0.0,119000000.0,119000000.0,119000000.0,0.0,0.0,0.042,361000000.0,190000000.0,2063000000.0,0.643,2.857,13.769,14.478,2245000000.0,0.0,16.36,0.641,0.673,1495000000.0,-1511000000.0,2859000000.0,2859000000.0,229000000.0,,,,,13000000.0,128000000.0,1.0,430085128.0,427000000.0,443000000.0,6.696,9193000000.0,473000000.0,10000000.0,67000000.0,21.529,2962000000.0
41,STX,MRQ,2011-03-31,2011-04-01,2011-04-01,2021-08-07,-2000000.0,8280000000.0,,5504000000.0,2776000000.0,,5.691,-123000000.0,2304000000.0,2304000000.0,2179000000.0,93000000.0,1.773,2.329,2912000000.0,560000000.0,2352000000.0,2912000000.0,0.0,188000000.0,0.0,0.0,0.0,181000000.0,369000000.0,0.137,369000000.0,181000000.0,122000000.0,0.21,0.21,0.21,2487000000.0,,2487000000.0,7067338185.0,7.0,4.036,72000000.0,0.165,1.0,516000000.0,0.191,0.0,59000000.0,5783000000.0,,834000000.0,279000000.0,279000000.0,0.0,5793000000.0,3105000000.0,2688000000.0,6767338185.0,-327000000.0,0.0,-381000000.0,-15000000.0,0.0,-399000000.0,-123000000.0,1000000.0,195000000.0,0.0,93000000.0,93000000.0,93000000.0,0.0,0.0,0.035,337000000.0,179000000.0,1778000000.0,0.0,2.721,8.777,9.055,2208000000.0,0.0,14.94,0.628,0.606,1394000000.0,-1441000000.0,2695000000.0,2695000000.0,224000000.0,,,,,12000000.0,110000000.0,1.0,452967750.0,437000000.0,453000000.0,6.167,8280000000.0,480000000.0,29000000.0,82000000.0,18.947,2399000000.0
42,STX,MRQ,2010-12-31,2010-12-31,2010-12-31,2021-08-07,11000000.0,8658000000.0,,5826000000.0,2832000000.0,,5.919,-202000000.0,2625000000.0,2625000000.0,2190000000.0,150000000.0,1.833,2.119,2925000000.0,560000000.0,2365000000.0,2925000000.0,0.0,190000000.0,0.0,0.0,0.0,221000000.0,411000000.0,0.151,411000000.0,221000000.0,175000000.0,0.32,0.31,0.32,2776000000.0,,2776000000.0,7393460525.0,5.0,3.466,305000000.0,0.65,1.0,529000000.0,0.195,0.0,46000000.0,5780000000.0,,808000000.0,286000000.0,286000000.0,0.0,5882000000.0,3178000000.0,2704000000.0,7104460525.0,745000000.0,0.0,-297000000.0,736000000.0,0.0,439000000.0,-201000000.0,0.0,507000000.0,0.0,150000000.0,150000000.0,150000000.0,0.0,0.0,0.055,323000000.0,206000000.0,1832000000.0,0.0,2.559,5.94,6.036,2262000000.0,0.0,15.03,0.639,0.634,1392000000.0,-1129000000.0,2719000000.0,2719000000.0,213000000.0,,,,,13000000.0,102000000.0,1.0,472685331.0,469000000.0,486000000.0,5.797,8658000000.0,488000000.0,25000000.0,67000000.0,18.461,2648000000.0
43,STX,MRQ,2010-09-30,2010-10-01,2010-10-01,2021-08-07,24000000.0,7988000000.0,,5156000000.0,2832000000.0,,6.206,-358000000.0,1885000000.0,1885000000.0,2147000000.0,149000000.0,1.655,1.733,2174000000.0,560000000.0,1614000000.0,2174000000.0,0.0,189000000.0,0.0,0.0,0.0,199000000.0,388000000.0,0.144,388000000.0,199000000.0,153000000.0,0.32,0.31,0.32,2923000000.0,,2923000000.0,5640441879.0,3.0,2.273,-113000000.0,-0.24,1.0,550000000.0,0.204,0.0,46000000.0,5161000000.0,,743000000.0,283000000.0,283000000.0,0.0,5065000000.0,3116000000.0,1949000000.0,5515441879.0,-480000000.0,0.0,16000000.0,-362000000.0,0.0,-346000000.0,-379000000.0,-19000000.0,245000000.0,0.0,149000000.0,149000000.0,149000000.0,0.0,0.0,0.055,319000000.0,231000000.0,1776000000.0,0.0,1.887,3.493,3.608,2275000000.0,0.0,11.69,0.483,0.482,1511000000.0,-974000000.0,2697000000.0,2697000000.0,209000000.0,,,,,13000000.0,105000000.0,1.0,471808544.0,471000000.0,487000000.0,5.726,7988000000.0,504000000.0,4000000.0,68000000.0,16.96,2040000000.0
44,STX,MRQ,2010-06-30,2010-07-02,2010-07-02,2021-08-07,-4000000.0,8247000000.0,,5418000000.0,2829000000.0,,5.687,-246000000.0,2377000000.0,2377000000.0,1930000000.0,379000000.0,1.808,2.028,2502000000.0,329000000.0,2173000000.0,2502000000.0,0.0,196000000.0,0.0,0.0,0.0,387000000.0,583000000.0,0.219,583000000.0,387000000.0,340000000.0,0.8,0.76,0.8,2724000000.0,,2724000000.0,6229538745.0,4.0,2.469,78000000.0,0.163,1.0,727000000.0,0.274,0.0,47000000.0,5375000000.0,,757000000.0,252000000.0,252000000.0,0.0,5523000000.0,2997000000.0,2526000000.0,6419538745.0,201000000.0,0.0,-328000000.0,510000000.0,0.0,182000000.0,-305000000.0,-49000000.0,324000000.0,0.0,379000000.0,379000000.0,379000000.0,0.0,0.0,0.143,346000000.0,381000000.0,1780000000.0,0.0,2.357,3.99,4.015,2263000000.0,0.0,13.17,0.563,0.567,1400000000.0,-1123000000.0,2657000000.0,2657000000.0,219000000.0,,,,,19000000.0,114000000.0,1.0,487436503.0,479000000.0,499000000.0,5.547,8247000000.0,513000000.0,-39000000.0,73000000.0,17.217,2421000000.0
45,STX,MRQ,2010-03-31,2010-04-02,2010-04-02,2021-08-07,-1000000.0,7747000000.0,,5156000000.0,2591000000.0,,5.389,-180000000.0,2165000000.0,2165000000.0,2148000000.0,518000000.0,1.644,1.916,1975000000.0,377000000.0,1598000000.0,1975000000.0,0.0,188000000.0,0.0,0.0,0.0,563000000.0,751000000.0,0.246,751000000.0,563000000.0,522000000.0,1.05,1.0,1.05,2657000000.0,,2657000000.0,9020876033.0,7.0,4.198,397000000.0,0.805,1.0,901000000.0,0.296,0.0,41000000.0,4421000000.0,,685000000.0,214000000.0,214000000.0,0.0,5090000000.0,3136000000.0,1954000000.0,9038876033.0,171000000.0,0.0,-212000000.0,-20000000.0,0.0,-232000000.0,-174000000.0,2000000.0,577000000.0,0.0,518000000.0,518000000.0,518000000.0,0.0,0.0,0.17,341000000.0,560000000.0,1895000000.0,0.0,3.402,7.88,7.773,2054000000.0,0.0,18.11,0.815,0.805,1451000000.0,-1169000000.0,3049000000.0,3049000000.0,224000000.0,,,,,13000000.0,105000000.0,1.0,499109665.0,493000000.0,520000000.0,6.185,7747000000.0,465000000.0,4000000.0,72000000.0,15.714,2020000000.0
46,STX,MRQ,2009-12-31,2010-01-01,2010-01-01,2021-08-07,-5000000.0,7388000000.0,,4881000000.0,2507000000.0,,4.689,-103000000.0,2009000000.0,2009000000.0,2104000000.0,533000000.0,1.748,2.164,1991000000.0,96000000.0,1895000000.0,1991000000.0,0.0,192000000.0,0.0,0.002,0.0,568000000.0,760000000.0,0.251,760000000.0,568000000.0,527000000.0,1.07,1.03,1.07,2335000000.0,,2335000000.0,9593713883.0,18.0,7.003,650000000.0,1.305,1.0,923000000.0,0.305,0.0,41000000.0,4577000000.0,,645000000.0,201000000.0,201000000.0,0.0,5053000000.0,2793000000.0,2260000000.0,9057713883.0,361000000.0,0.0,16000000.0,-246000000.0,0.0,-183000000.0,-209000000.0,-105000000.0,753000000.0,0.0,533000000.0,533000000.0,533000000.0,0.0,0.0,0.176,345000000.0,578000000.0,1810000000.0,0.0,3.879,25.587,25.264,1983000000.0,0.0,18.19,0.889,0.889,1333000000.0,-1436000000.0,3027000000.0,3027000000.0,227000000.0,,,,,14000000.0,110000000.0,1.0,497950186.0,498000000.0,520000000.0,6.078,7388000000.0,463000000.0,-6000000.0,76000000.0,14.835,2088000000.0
47,STX,MRQ,2009-09-30,2009-10-02,2009-10-02,2021-08-07,0.0,6899000000.0,,4307000000.0,2592000000.0,,3.601,-89000000.0,1696000000.0,1696000000.0,2010000000.0,179000000.0,1.54,2.878,2232000000.0,322000000.0,1910000000.0,2232000000.0,0.0,204000000.0,0.0,0.01,0.0,225000000.0,429000000.0,0.161,429000000.0,225000000.0,180000000.0,0.36,0.35,0.36,1779000000.0,,1779000000.0,7926005520.0,-3.0,-4.839,189000000.0,0.383,1.0,653000000.0,0.245,0.0,45000000.0,4638000000.0,,622000000.0,96000000.0,96000000.0,0.0,5120000000.0,2797000000.0,2323000000.0,7134005520.0,103000000.0,0.0,26000000.0,-469000000.0,0.0,-111000000.0,-64000000.0,27000000.0,278000000.0,0.0,179000000.0,179000000.0,179000000.0,0.0,0.0,0.067,432000000.0,221000000.0,1674000000.0,0.0,4.01,-2.376,-2.341,2039000000.0,0.0,14.4,0.756,0.754,1242000000.0,-1969000000.0,2663000000.0,2663000000.0,208000000.0,,,,,11000000.0,106000000.0,1.0,495417050.0,494000000.0,512000000.0,5.391,6899000000.0,468000000.0,1000000.0,80000000.0,13.966,1510000000.0
48,STX,MRQ,2009-06-30,2009-07-03,2009-07-03,2021-08-07,-6000000.0,7087000000.0,,4294000000.0,2793000000.0,,3.165,-73000000.0,1935000000.0,1935000000.0,1938000000.0,-83000000.0,1.344,3.56,2697000000.0,771000000.0,1926000000.0,2697000000.0,0.0,224000000.0,0.0,0.026,0.0,-15000000.0,209000000.0,0.089,209000000.0,-15000000.0,-56000000.0,-0.15,-0.15,-0.15,1554000000.0,,1554000000.0,6050121379.0,-2.0,-3.477,119000000.0,0.242,1.0,415000000.0,0.176,73000000.0,41000000.0,4582000000.0,,587000000.0,114000000.0,114000000.0,0.0,5533000000.0,3194000000.0,2339000000.0,5052121379.0,75000000.0,0.0,9000000.0,364000000.0,0.0,-11000000.0,-106000000.0,-39000000.0,192000000.0,0.0,-83000000.0,-83000000.0,-83000000.0,0.0,0.0,-0.035,426000000.0,-11000000.0,1573000000.0,0.0,3.251,-1.617,-1.606,2229000000.0,0.0,10.28,0.515,0.512,1033000000.0,-2148000000.0,2353000000.0,2353000000.0,215000000.0,,,,,13000000.0,113000000.0,1.0,491451496.0,491000000.0,491000000.0,4.792,7014000000.0,469000000.0,27000000.0,79000000.0,14.285,1100000000.0
49,STX,MRQ,2009-03-31,2009-04-03,2009-04-03,2021-08-07,-8000000.0,6626000000.0,,3544000000.0,3082000000.0,,3.239,-59000000.0,1352000000.0,1352000000.0,1997000000.0,-275000000.0,1.244,3.183,2350000000.0,670000000.0,1680000000.0,2350000000.0,0.0,226000000.0,0.0,0.058,0.03,-254000000.0,-28000000.0,-0.013,-28000000.0,-254000000.0,-291000000.0,-0.56,-0.56,-0.56,1584000000.0,,1584000000.0,4498541204.0,-2.0,-2.952,180000000.0,0.368,1.0,153000000.0,0.071,93000000.0,37000000.0,4682000000.0,,577000000.0,129000000.0,129000000.0,0.0,5042000000.0,2849000000.0,2193000000.0,3305541204.0,191000000.0,0.0,9000000.0,-5000000.0,-15000000.0,-11000000.0,-37000000.0,18000000.0,239000000.0,0.0,-275000000.0,-275000000.0,-275000000.0,0.0,0.0,-0.128,415000000.0,-262000000.0,1389000000.0,-0.054,2.087,-1.143,-1.139,2355000000.0,0.0,6.73,0.319,0.318,872000000.0,-2036000000.0,2150000000.0,2150000000.0,243000000.0,,,,,17000000.0,134000000.0,1.0,491165112.0,489000000.0,489000000.0,4.397,6533000000.0,603000000.0,-16000000.0,176000000.0,13.36,695000000.0
50,STX,MRQ,2008-12-31,2009-01-02,2009-01-02,2021-08-07,-14000000.0,7060000000.0,,3788000000.0,3272000000.0,,3.778,-214000000.0,1161000000.0,1161000000.0,1954000000.0,-2824000000.0,1.26,2.837,2354000000.0,670000000.0,1684000000.0,2354000000.0,0.0,228000000.0,0.0,0.091,0.12,-2476000000.0,-2248000000.0,-0.99,-2248000000.0,-2476000000.0,-2508000000.0,-5.8,-5.8,-5.8,1840000000.0,,1840000000.0,3505666047.0,-2.0,-3.869,-126000000.0,-0.259,1.0,316000000.0,0.139,109000000.0,32000000.0,5137000000.0,,796000000.0,148000000.0,148000000.0,0.0,5220000000.0,3007000000.0,2213000000.0,2480666047.0,156000000.0,0.0,1000000.0,335000000.0,-58000000.0,278000000.0,-210000000.0,12000000.0,88000000.0,0.0,-2824000000.0,-2824000000.0,-2824000000.0,0.0,0.0,-1.244,2789000000.0,-2473000000.0,1370000000.0,-0.021,1.348,-1.091,-1.088,2510000000.0,0.0,5.08,0.219,0.219,1040000000.0,-1748000000.0,2270000000.0,2270000000.0,235000000.0,,,,,26000000.0,142000000.0,1.0,488320088.0,487000000.0,487000000.0,4.661,6951000000.0,593000000.0,316000000.0,179000000.0,14.273,781000000.0
51,STX,MRQ,2008-09-30,2008-10-03,2008-10-03,2021-08-07,-20000000.0,10169000000.0,,4367000000.0,5802000000.0,,9.577,-280000000.0,1005000000.0,1005000000.0,2507000000.0,57000000.0,1.217,1.189,2030000000.0,660000000.0,1370000000.0,2030000000.0,0.0,253000000.0,0.0,0.04,0.12,74000000.0,327000000.0,0.108,327000000.0,74000000.0,41000000.0,0.12,0.12,0.12,4645000000.0,,4645000000.0,6372571169.0,6.0,3.164,24000000.0,0.049,1.0,526000000.0,0.173,2443000000.0,33000000.0,5164000000.0,,909000000.0,148000000.0,148000000.0,0.0,5524000000.0,3587000000.0,1937000000.0,5332571169.0,15000000.0,0.0,35000000.0,0.0,-59000000.0,-24000000.0,-265000000.0,3000000.0,304000000.0,0.0,57000000.0,57000000.0,57000000.0,0.0,0.0,0.019,445000000.0,81000000.0,1930000000.0,1.0,1.148,5.596,5.753,2509000000.0,0.0,10.93,0.428,0.426,1393000000.0,1102000000.0,3033000000.0,3033000000.0,260000000.0,,,,,27000000.0,148000000.0,1.0,487883913.0,485000000.0,494000000.0,6.254,7726000000.0,888000000.0,-16000000.0,197000000.0,15.93,780000000.0
52,STX,MRQ,2008-06-30,2008-06-27,2008-06-27,2021-08-07,-16000000.0,10120000000.0,,4272000000.0,5848000000.0,,9.515,-293000000.0,990000000.0,990000000.0,2208000000.0,149000000.0,1.3,1.207,2030000000.0,360000000.0,1670000000.0,2030000000.0,0.0,213000000.0,0.0,0.022,0.12,212000000.0,425000000.0,0.147,425000000.0,212000000.0,171000000.0,0.33,0.32,0.33,4586000000.0,,4586000000.0,10328694578.0,7.0,4.493,102000000.0,0.212,1.0,691000000.0,0.238,2463000000.0,41000000.0,5410000000.0,,945000000.0,151000000.0,151000000.0,0.0,5534000000.0,3287000000.0,2247000000.0,9441694578.0,-153000000.0,0.0,-189000000.0,0.0,-57000000.0,-242000000.0,-306000000.0,-12000000.0,395000000.0,0.0,149000000.0,149000000.0,149000000.0,0.0,0.0,0.051,494000000.0,197000000.0,1652000000.0,0.364,2.059,7.547,7.984,2464000000.0,0.0,19.48,0.743,0.785,1410000000.0,1101000000.0,2899000000.0,2899000000.0,270000000.0,,,,,27000000.0,175000000.0,1.0,484686580.0,482000000.0,505000000.0,6.015,7657000000.0,890000000.0,22000000.0,220000000.0,15.886,985000000.0
53,STX,MRQ,2008-03-31,2008-03-28,2008-03-28,2021-08-07,6000000.0,10413000000.0,,4607000000.0,5806000000.0,,9.197,-270000000.0,1143000000.0,1143000000.0,2288000000.0,344000000.0,1.334,1.233,2030000000.0,345000000.0,1685000000.0,2030000000.0,0.0,211000000.0,0.0,0.02,0.1,379000000.0,590000000.0,0.19,590000000.0,379000000.0,349000000.0,0.68,0.65,0.68,4663000000.0,,4663000000.0,11332951072.0,8.0,4.968,395000000.0,0.779,1.0,816000000.0,0.263,2498000000.0,30000000.0,5348000000.0,,1073000000.0,140000000.0,140000000.0,0.0,5750000000.0,3454000000.0,2296000000.0,10701951072.0,-290000000.0,0.0,-744000000.0,-34000000.0,-52000000.0,-830000000.0,-125000000.0,147000000.0,665000000.0,0.0,344000000.0,344000000.0,344000000.0,0.0,0.0,0.111,453000000.0,363000000.0,1915000000.0,0.147,2.295,6.51,6.548,2357000000.0,0.0,20.3,0.853,0.82,1351000000.0,1193000000.0,3104000000.0,3104000000.0,254000000.0,,,,,28000000.0,164000000.0,1.0,527189708.0,507000000.0,530000000.0,6.122,7915000000.0,884000000.0,5000000.0,223000000.0,15.611,1153000000.0
54,STX,MRQ,2007-12-31,2007-12-28,2007-12-28,2021-08-07,1000000.0,10616000000.0,,4857000000.0,5759000000.0,,9.662,-188000000.0,1433000000.0,1433000000.0,2531000000.0,403000000.0,1.524,1.089,2064000000.0,330000000.0,1734000000.0,2064000000.0,0.0,215000000.0,0.0,0.015,0.1,457000000.0,672000000.0,0.196,672000000.0,457000000.0,423000000.0,0.77,0.73,0.77,5082000000.0,,5082000000.0,14553975061.0,11.0,6.646,536000000.0,1.019,1.0,889000000.0,0.26,2542000000.0,34000000.0,5518000000.0,,830000000.0,317000000.0,317000000.0,0.0,5534000000.0,3187000000.0,2347000000.0,13752975061.0,170000000.0,-72000000.0,-181000000.0,0.0,-53000000.0,-232000000.0,-322000000.0,-82000000.0,724000000.0,0.0,403000000.0,403000000.0,403000000.0,0.0,0.0,0.118,469000000.0,420000000.0,1776000000.0,0.13,2.706,9.096,9.199,2267000000.0,0.0,25.85,1.12,1.108,1593000000.0,1685000000.0,3420000000.0,3420000000.0,262000000.0,,,,,29000000.0,167000000.0,1.0,532029983.0,526000000.0,556000000.0,6.502,8074000000.0,889000000.0,20000000.0,234000000.0,15.35,1670000000.0
55,STX,MRQ,2007-09-30,2007-09-28,2007-09-28,2021-08-07,-1000000.0,10065000000.0,,4349000000.0,5716000000.0,,9.19,-150000000.0,1263000000.0,1263000000.0,2476000000.0,355000000.0,1.519,1.062,2064000000.0,330000000.0,1734000000.0,2064000000.0,0.0,205000000.0,0.0,0.016,0.1,407000000.0,612000000.0,0.186,612000000.0,407000000.0,375000000.0,0.67,0.64,0.67,4880000000.0,,4880000000.0,14738461228.0,14.0,7.625,604000000.0,1.137,1.0,809000000.0,0.246,2496000000.0,32000000.0,5507000000.0,,763000000.0,235000000.0,235000000.0,0.0,5185000000.0,2863000000.0,2322000000.0,13663461228.0,275000000.0,-6000000.0,-187000000.0,0.0,-54000000.0,-241000000.0,-238000000.0,-79000000.0,754000000.0,0.0,355000000.0,355000000.0,355000000.0,0.0,0.0,0.108,413000000.0,396000000.0,1551000000.0,0.149,2.8,10.94,11.17,2246000000.0,0.0,25.58,1.153,1.146,1519000000.0,1586000000.0,3285000000.0,3285000000.0,242000000.0,,,,,29000000.0,153000000.0,1.0,534146256.0,531000000.0,560000000.0,6.186,7569000000.0,893000000.0,20000000.0,236000000.0,14.254,1486000000.0
56,STX,MRQ,2007-06-30,2007-06-29,2007-06-29,2021-08-07,-4000000.0,9472000000.0,,3801000000.0,5671000000.0,,8.772,-192000000.0,988000000.0,988000000.0,2150000000.0,542000000.0,1.435,1.0,2063000000.0,330000000.0,1733000000.0,2063000000.0,0.0,201000000.0,0.0,0.017,0.1,206000000.0,407000000.0,0.148,407000000.0,206000000.0,172000000.0,0.98,0.94,0.98,4737000000.0,,4737000000.0,12989861200.0,19.0,8.364,181000000.0,0.335,1.0,594000000.0,0.216,2488000000.0,34000000.0,5410000000.0,,794000000.0,156000000.0,156000000.0,0.0,4735000000.0,2649000000.0,2086000000.0,11835861200.0,79000000.0,0.0,-190000000.0,0.0,-54000000.0,-244000000.0,-50000000.0,146000000.0,373000000.0,0.0,542000000.0,542000000.0,542000000.0,0.0,0.0,0.198,406000000.0,188000000.0,1301000000.0,0.102,2.499,12.964,13.274,2278000000.0,0.0,21.77,1.042,1.069,1383000000.0,1537000000.0,2744000000.0,2744000000.0,221000000.0,,,,,27000000.0,143000000.0,1.0,543677593.0,540000000.0,563000000.0,5.081,6984000000.0,770000000.0,-370000000.0,75000000.0,12.933,1152000000.0
57,STX,MRQ,2007-03-31,2007-03-30,2007-03-30,2021-08-07,4000000.0,9264000000.0,,3809000000.0,5455000000.0,,8.095,-221000000.0,909000000.0,909000000.0,2225000000.0,212000000.0,1.386,1.096,2063000000.0,330000000.0,1733000000.0,2063000000.0,0.0,236000000.0,0.0,0.015,0.1,263000000.0,499000000.0,0.176,499000000.0,263000000.0,230000000.0,0.39,0.37,0.39,4420000000.0,,4420000000.0,13734599954.0,23.0,9.7,48000000.0,0.088,1.0,603000000.0,0.213,2659000000.0,33000000.0,5011000000.0,,832000000.0,301000000.0,301000000.0,0.0,4844000000.0,2748000000.0,2096000000.0,12762599954.0,-187000000.0,-178000000.0,-146000000.0,-5000000.0,-54000000.0,-206000000.0,-250000000.0,164000000.0,269000000.0,0.0,212000000.0,212000000.0,212000000.0,0.0,0.0,0.075,356000000.0,247000000.0,1397000000.0,0.256,2.887,33.763,35.846,2279000000.0,0.0,23.3,1.145,1.141,1367000000.0,1251000000.0,2828000000.0,2828000000.0,214000000.0,,,,,32000000.0,126000000.0,1.0,547751071.0,546000000.0,577000000.0,5.179,6605000000.0,0.0,18000000.0,77000000.0,12.097,1061000000.0
58,STX,MRQ,2006-12-31,2006-12-29,2006-12-29,2021-08-07,5000000.0,9278000000.0,,3992000000.0,5286000000.0,,7.665,-211000000.0,1096000000.0,1096000000.0,2450000000.0,140000000.0,1.418,1.12,2068000000.0,330000000.0,1738000000.0,2068000000.0,0.0,215000000.0,0.0,0.013,0.1,200000000.0,415000000.0,0.139,415000000.0,200000000.0,145000000.0,0.25,0.23,0.25,4377000000.0,,4377000000.0,15825748288.0,26.0,11.714,271000000.0,0.475,1.0,546000000.0,0.182,2548000000.0,55000000.0,4887000000.0,,771000000.0,464000000.0,464000000.0,0.0,4901000000.0,2815000000.0,2086000000.0,15213748288.0,-760000000.0,0.0,-870000000.0,-416000000.0,-58000000.0,-1343000000.0,101000000.0,335000000.0,482000000.0,0.0,140000000.0,140000000.0,140000000.0,0.0,0.0,0.047,380000000.0,166000000.0,1425000000.0,0.4,3.476,34.577,32.317,2240000000.0,0.0,26.5,1.434,1.427,1251000000.0,1342000000.0,2996000000.0,2996000000.0,226000000.0,,,,,31000000.0,141000000.0,1.0,574103709.0,571000000.0,598000000.0,5.247,6730000000.0,0.0,5000000.0,76000000.0,11.786,1177000000.0
59,STX,MRQ,2006-09-30,2006-09-29,2006-09-29,2021-08-07,-5000000.0,10520000000.0,,5238000000.0,5282000000.0,,8.896,-227000000.0,1856000000.0,1856000000.0,2351000000.0,19000000.0,1.585,1.053,2468000000.0,731000000.0,1737000000.0,2468000000.0,0.0,199000000.0,0.0,0.014,0.08,34000000.0,233000000.0,0.083,233000000.0,34000000.0,14000000.0,0.03,0.03,0.03,5124000000.0,,5124000000.0,13424176775.0,19.0,9.679,-408000000.0,-0.708,1.0,442000000.0,0.158,2760000000.0,20000000.0,5068000000.0,,939000000.0,797000000.0,797000000.0,0.0,5396000000.0,3304000000.0,2092000000.0,13364176775.0,946000000.0,0.0,-101000000.0,1477000000.0,-46000000.0,1330000000.0,-203000000.0,30000000.0,-181000000.0,0.0,19000000.0,19000000.0,19000000.0,0.0,0.0,0.007,430000000.0,12000000.0,1448000000.0,2.667,2.608,22.767,19.735,2179000000.0,0.0,23.09,1.348,1.342,1331000000.0,2185000000.0,2793000000.0,2793000000.0,243000000.0,,,,,38000000.0,180000000.0,1.0,578786348.0,576000000.0,606000000.0,4.849,7760000000.0,0.0,-5000000.0,67000000.0,13.472,1934000000.0
60,STX,MRQ,2006-06-30,2006-06-30,2006-06-30,2021-08-07,-7000000.0,9544000000.0,,4333000000.0,5211000000.0,,9.815,-402000000.0,910000000.0,910000000.0,2074000000.0,7000000.0,1.298,0.831,970000000.0,330000000.0,640000000.0,970000000.0,0.0,176000000.0,0.0,0.014,0.08,93000000.0,269000000.0,0.106,269000000.0,93000000.0,83000000.0,-0.02,-0.03,-0.02,5212000000.0,,5212000000.0,10533206633.0,11.0,6.679,-240000000.0,-0.452,1.0,455000000.0,0.18,2782000000.0,10000000.0,3485000000.0,,891000000.0,823000000.0,823000000.0,0.0,4332000000.0,3337000000.0,995000000.0,11168206633.0,-125000000.0,297000000.0,-387000000.0,0.0,-40000000.0,-397000000.0,110000000.0,211000000.0,162000000.0,0.0,7000000.0,7000000.0,7000000.0,0.0,0.0,0.003,383000000.0,72000000.0,1692000000.0,-4.0,2.143,13.295,13.318,2106000000.0,0.0,22.64,1.213,1.217,1445000000.0,2362000000.0,2529000000.0,2529000000.0,232000000.0,,,,,3000000.0,144000000.0,1.0,493295346.0,531000000.0,563000000.0,4.763,6762000000.0,81000000.0,76000000.0,72000000.0,12.734,996000000.0
61,STX,MRQ,2006-03-31,2006-03-31,2006-03-31,2021-08-07,-2000000.0,5977000000.0,,3912000000.0,2065000000.0,,7.041,-253000000.0,1035000000.0,1035000000.0,1733000000.0,274000000.0,2.016,0.736,400000000.0,0.0,400000000.0,400000000.0,0.0,150000000.0,0.0,0.012,0.08,284000000.0,434000000.0,0.19,434000000.0,284000000.0,277000000.0,0.56,0.53,0.56,3443000000.0,,3443000000.0,12467964022.0,11.0,7.207,274000000.0,0.56,1.0,556000000.0,0.243,0.0,7000000.0,3402000000.0,,549000000.0,1005000000.0,1005000000.0,0.0,2534000000.0,1940000000.0,594000000.0,12835964022.0,267000000.0,0.0,68000000.0,0.0,-39000000.0,29000000.0,-289000000.0,-7000000.0,527000000.0,0.0,274000000.0,274000000.0,274000000.0,0.0,0.0,0.12,303000000.0,253000000.0,1182000000.0,0.143,3.728,11.533,11.349,1717000000.0,0.0,26.33,1.449,1.454,1152000000.0,2754000000.0,2289000000.0,2289000000.0,195000000.0,,,,,21000000.0,108000000.0,1.0,487503381.0,489000000.0,521000000.0,4.681,5977000000.0,0.0,3000000.0,48000000.0,12.223,1972000000.0
62,STX,MRQ,2005-12-31,2005-12-30,2005-12-30,2021-08-07,-7000000.0,5434000000.0,,3498000000.0,1936000000.0,,6.461,-184000000.0,768000000.0,768000000.0,1709000000.0,287000000.0,2.024,0.745,400000000.0,0.0,400000000.0,400000000.0,0.0,149000000.0,0.0,0.015,0.08,302000000.0,451000000.0,0.196,451000000.0,302000000.0,291000000.0,0.6,0.57,0.6,3114000000.0,,3114000000.0,9514249613.0,8.0,5.738,378000000.0,0.784,1.0,591000000.0,0.257,0.0,11000000.0,3338000000.0,,505000000.0,983000000.0,983000000.0,0.0,2320000000.0,1728000000.0,592000000.0,9605249613.0,-63000000.0,-13000000.0,10000000.0,-340000000.0,-38000000.0,-359000000.0,-266000000.0,-21000000.0,562000000.0,0.0,287000000.0,287000000.0,287000000.0,0.0,0.0,0.125,307000000.0,284000000.0,1057000000.0,0.133,3.085,8.994,8.884,1606000000.0,0.0,19.99,1.125,1.129,1091000000.0,2480000000.0,2300000000.0,2300000000.0,199000000.0,,,,,11000000.0,108000000.0,1.0,480502732.0,482000000.0,507000000.0,4.772,5434000000.0,0.0,4000000.0,41000000.0,11.274,1770000000.0
63,STX,MRQ,2005-09-30,2005-09-30,2005-09-30,2021-08-07,-8000000.0,5378000000.0,,3529000000.0,1849000000.0,,5.898,-169000000.0,831000000.0,831000000.0,1553000000.0,272000000.0,2.176,0.904,740000000.0,4000000.0,736000000.0,740000000.0,0.0,137000000.0,0.0,0.018,0.08,285000000.0,422000000.0,0.202,422000000.0,285000000.0,272000000.0,0.57,0.54,0.57,2825000000.0,,2825000000.0,7556274240.0,8.0,5.082,37000000.0,0.077,1.0,535000000.0,0.256,0.0,13000000.0,3665000000.0,,477000000.0,961000000.0,961000000.0,0.0,2553000000.0,1622000000.0,931000000.0,7562274240.0,85000000.0,-15000000.0,28000000.0,0.0,-38000000.0,-5000000.0,-116000000.0,125000000.0,206000000.0,0.0,272000000.0,272000000.0,272000000.0,0.0,0.0,0.13,270000000.0,265000000.0,1000000000.0,0.14,2.677,8.175,8.087,1565000000.0,0.0,15.85,0.936,0.939,1116000000.0,2193000000.0,2088000000.0,2088000000.0,180000000.0,,,,,11000000.0,86000000.0,1.0,477115094.0,479000000.0,506000000.0,4.359,5378000000.0,0.0,0.0,43000000.0,11.228,1907000000.0
64,STX,MRQ,2005-06-30,2005-07-01,2005-07-01,2021-08-07,-9000000.0,5244000000.0,,3502000000.0,1742000000.0,,5.361,-307000000.0,746000000.0,746000000.0,1639000000.0,280000000.0,1.967,1.064,740000000.0,4000000.0,736000000.0,740000000.0,0.0,119000000.0,0.0,0.015,0.08,304000000.0,423000000.0,0.194,423000000.0,304000000.0,291000000.0,0.59,0.56,0.59,2541000000.0,,2541000000.0,8253870590.0,11.0,6.635,193000000.0,0.407,1.0,540000000.0,0.248,3000000.0,13000000.0,3455000000.0,,431000000.0,1090000000.0,1090000000.0,0.0,2703000000.0,1780000000.0,923000000.0,8231870590.0,26000000.0,0.0,10000000.0,-2000000.0,-38000000.0,-30000000.0,-444000000.0,-114000000.0,500000000.0,0.0,280000000.0,280000000.0,280000000.0,0.0,0.0,0.128,259000000.0,281000000.0,1108000000.0,0.136,3.24,11.643,11.49,1529000000.0,0.0,17.35,1.09,1.075,1094000000.0,1921000000.0,2179000000.0,2179000000.0,171000000.0,,,,,0.0,87000000.0,1.0,474459400.0,474000000.0,508000000.0,4.597,5241000000.0,0.0,11000000.0,46000000.0,11.057,1722000000.0
65,STX,MRQ,2005-03-31,2005-04-01,2005-04-01,2021-08-07,-7000000.0,4757000000.0,,3222000000.0,1535000000.0,,4.822,-199000000.0,720000000.0,720000000.0,1492000000.0,229000000.0,2.016,1.09,742000000.0,4000000.0,738000000.0,742000000.0,0.0,112000000.0,0.0,0.012,0.06,250000000.0,362000000.0,0.184,362000000.0,250000000.0,237000000.0,0.49,0.45,0.49,2276000000.0,,2276000000.0,9189591948.0,20.0,10.279,232000000.0,0.492,1.0,477000000.0,0.242,0.0,13000000.0,3181000000.0,,412000000.0,975000000.0,975000000.0,0.0,2481000000.0,1598000000.0,883000000.0,9093591948.0,74000000.0,0.0,39000000.0,0.0,-43000000.0,-4000000.0,-353000000.0,-147000000.0,431000000.0,0.0,229000000.0,229000000.0,229000000.0,0.0,0.0,0.116,240000000.0,237000000.0,1005000000.0,0.122,3.995,23.139,23.095,1346000000.0,0.0,19.4,1.355,1.365,988000000.0,1641000000.0,1969000000.0,1969000000.0,164000000.0,,,,,0.0,78000000.0,1.0,468741853.0,472000000.0,507000000.0,4.172,4757000000.0,0.0,8000000.0,48000000.0,10.078,1624000000.0
66,STX,MRQ,2004-12-31,2004-12-31,2004-12-31,2021-08-07,-3000000.0,4310000000.0,,2865000000.0,1445000000.0,,4.378,-88000000.0,646000000.0,646000000.0,1467000000.0,144000000.0,2.02,1.113,742000000.0,4000000.0,738000000.0,742000000.0,0.0,121000000.0,0.0,0.014,0.06,159000000.0,280000000.0,0.152,280000000.0,159000000.0,148000000.0,0.31,0.29,0.31,2040000000.0,,2040000000.0,8310167615.0,32.0,11.974,293000000.0,0.629,1.0,380000000.0,0.206,0.0,11000000.0,2988000000.0,,362000000.0,830000000.0,830000000.0,0.0,2270000000.0,1418000000.0,852000000.0,8025167615.0,188000000.0,0.0,12000000.0,-1000000.0,-13000000.0,-2000000.0,-191000000.0,-88000000.0,381000000.0,0.0,144000000.0,144000000.0,144000000.0,0.0,0.0,0.078,233000000.0,147000000.0,893000000.0,0.194,3.934,24.846,24.671,1261000000.0,0.0,17.27,1.309,1.313,879000000.0,1412000000.0,1847000000.0,1847000000.0,158000000.0,,,,,1000000.0,75000000.0,1.0,464688339.0,466000000.0,500000000.0,3.964,4310000000.0,0.0,4000000.0,48000000.0,9.249,1447000000.0
67,STX,MRQ,2004-09-30,2004-10-01,2004-10-01,2021-08-07,-2000000.0,4014000000.0,,2547000000.0,1467000000.0,,4.139,-97000000.0,458000000.0,458000000.0,1283000000.0,54000000.0,2.015,1.099,743000000.0,4000000.0,739000000.0,743000000.0,0.0,112000000.0,0.0,0.016,0.06,67000000.0,179000000.0,0.115,179000000.0,67000000.0,56000000.0,0.12,0.11,0.12,1912000000.0,,1912000000.0,6746663123.0,21.0,9.093,19000000.0,0.041,1.0,275000000.0,0.177,0.0,11000000.0,3035000000.0,,379000000.0,744000000.0,744000000.0,0.0,2102000000.0,1264000000.0,838000000.0,6425663123.0,36000000.0,0.0,29000000.0,0.0,-28000000.0,1000000.0,-81000000.0,18000000.0,116000000.0,0.0,54000000.0,54000000.0,54000000.0,0.0,0.0,0.035,218000000.0,57000000.0,772000000.0,0.5,3.361,16.733,16.329,1287000000.0,0.0,13.88,1.063,1.061,826000000.0,1268000000.0,1558000000.0,1558000000.0,152000000.0,,,,,1000000.0,65000000.0,1.0,462944029.0,462000000.0,494000000.0,3.372,4014000000.0,0.0,2000000.0,50000000.0,8.688,1283000000.0
68,STX,MRQ,2004-06-30,2004-07-02,2004-07-02,2021-08-07,-3000000.0,3942000000.0,,2461000000.0,1481000000.0,,4.05,-230000000.0,422000000.0,422000000.0,1107000000.0,-34000000.0,1.972,1.125,743000000.0,4000000.0,739000000.0,743000000.0,0.0,93000000.0,0.0,0.014,0.06,-20000000.0,73000000.0,0.055,73000000.0,-20000000.0,-30000000.0,-0.08,-0.07,-0.08,1855000000.0,,1855000000.0,6517508095.0,14.0,7.348,-156000000.0,-0.341,1.0,229000000.0,0.171,0.0,10000000.0,3015000000.0,,449000000.0,761000000.0,761000000.0,0.0,2087000000.0,1248000000.0,839000000.0,6508508095.0,-314000000.0,0.0,7000000.0,-2000000.0,-27000000.0,-22000000.0,-366000000.0,-137000000.0,74000000.0,0.0,-34000000.0,-34000000.0,-34000000.0,0.0,0.0,-0.025,266000000.0,-37000000.0,740000000.0,-0.75,3.509,12.303,12.145,1301000000.0,0.0,14.21,1.046,1.032,691000000.0,1214000000.0,1336000000.0,1336000000.0,161000000.0,,,,,8000000.0,66000000.0,1.0,458023089.0,458000000.0,495000000.0,2.917,3942000000.0,0.0,4000000.0,48000000.0,8.607,1213000000.0
69,STX,MRQ,2004-03-31,2004-04-02,2004-04-02,2021-08-07,0.0,4003000000.0,,2675000000.0,1328000000.0,,4.193,-153000000.0,736000000.0,736000000.0,1087000000.0,159000000.0,2.113,1.098,745000000.0,4000000.0,741000000.0,745000000.0,0.0,105000000.0,0.0,0.011,0.06,57000000.0,162000000.0,0.117,162000000.0,57000000.0,46000000.0,0.35,0.32,0.35,1908000000.0,,1908000000.0,7333648617.0,11.0,6.631,80000000.0,0.176,1.0,301000000.0,0.217,0.0,11000000.0,2746000000.0,,482000000.0,627000000.0,627000000.0,0.0,2095000000.0,1266000000.0,829000000.0,7289648617.0,33000000.0,0.0,36000000.0,-2000000.0,-27000000.0,7000000.0,-207000000.0,-52000000.0,233000000.0,0.0,159000000.0,159000000.0,159000000.0,0.0,0.0,0.115,248000000.0,53000000.0,725000000.0,0.171,3.821,10.096,10.006,1169000000.0,0.0,16.11,1.132,1.138,649000000.0,1248000000.0,1388000000.0,1388000000.0,169000000.0,,,,,0.0,73000000.0,1.0,452492155.0,455000000.0,498000000.0,3.051,4003000000.0,0.0,-113000000.0,62000000.0,8.798,1409000000.0
70,STX,MRQ,2003-12-31,2004-01-02,2004-01-02,2021-08-07,0.0,4040000000.0,,2766000000.0,1274000000.0,,3.862,-134000000.0,703000000.0,703000000.0,1299000000.0,205000000.0,1.879,1.325,747000000.0,6000000.0,741000000.0,747000000.0,0.0,105000000.0,0.0,0.007,0.04,223000000.0,328000000.0,0.186,328000000.0,223000000.0,211000000.0,0.46,0.41,0.46,1738000000.0,,1738000000.0,8609853383.0,11.0,6.899,-40000000.0,-0.089,1.0,461000000.0,0.262,0.0,12000000.0,2612000000.0,,383000000.0,575000000.0,575000000.0,0.0,2302000000.0,1472000000.0,830000000.0,8696853383.0,-131000000.0,0.0,6000000.0,0.0,-18000000.0,-12000000.0,-213000000.0,-60000000.0,94000000.0,0.0,205000000.0,205000000.0,205000000.0,0.0,0.0,0.116,243000000.0,218000000.0,786000000.0,0.087,5.004,11.8,11.563,1117000000.0,0.0,19.31,1.303,1.302,914000000.0,1088000000.0,1760000000.0,1760000000.0,166000000.0,,,,,0.0,73000000.0,1.0,450380807.0,450000000.0,500000000.0,3.911,4040000000.0,0.0,6000000.0,186000000.0,8.978,1294000000.0
71,STX,MRQ,2003-09-30,2003-10-03,2003-10-03,2021-08-07,0.0,3814000000.0,,2586000000.0,1228000000.0,,3.47,-88000000.0,834000000.0,834000000.0,1272000000.0,198000000.0,1.795,1.47,747000000.0,4000000.0,743000000.0,747000000.0,0.0,111000000.0,0.0,0.004,0.04,213000000.0,324000000.0,0.186,324000000.0,213000000.0,201000000.0,0.44,0.4,0.44,1544000000.0,,1544000000.0,12392163741.0,16.0,9.93,146000000.0,0.328,1.0,468000000.0,0.269,0.0,12000000.0,2286000000.0,,349000000.0,515000000.0,515000000.0,0.0,2270000000.0,1441000000.0,829000000.0,12392163741.0,85000000.0,0.0,47000000.0,-2000000.0,-18000000.0,27000000.0,-176000000.0,-72000000.0,234000000.0,0.0,198000000.0,198000000.0,198000000.0,0.0,0.0,0.114,258000000.0,210000000.0,759000000.0,0.091,8.026,16.976,16.306,1090000000.0,0.0,27.72,1.864,1.856,714000000.0,883000000.0,1740000000.0,1740000000.0,169000000.0,,,,,0.0,78000000.0,1.0,447047754.0,445000000.0,499000000.0,3.91,3814000000.0,0.0,3000000.0,180000000.0,8.571,1145000000.0
72,STX,MRQ,2003-06-30,2003-06-27,2003-06-27,2021-08-07,0.0,3517000000.0,,2282000000.0,1235000000.0,,3.039,-159000000.0,749000000.0,749000000.0,1125000000.0,160000000.0,1.674,1.672,749000000.0,4000000.0,745000000.0,749000000.0,0.0,116000000.0,0.0,0.003,0.03,176000000.0,292000000.0,0.188,292000000.0,176000000.0,165000000.0,0.36,0.32,0.36,1316000000.0,,1316000000.0,7929366657.0,11.0,6.895,128000000.0,0.296,1.0,428000000.0,0.276,0.0,11000000.0,2154000000.0,,319000000.0,445000000.0,445000000.0,0.0,2201000000.0,1363000000.0,838000000.0,7859366657.0,70000000.0,0.0,18000000.0,0.0,-13000000.0,5000000.0,-222000000.0,-48000000.0,287000000.0,0.0,160000000.0,160000000.0,160000000.0,0.0,0.0,0.103,257000000.0,171000000.0,651000000.0,0.083,5.972,12.261,11.882,1111000000.0,0.0,18.18,1.212,1.172,611000000.0,685000000.0,1553000000.0,1553000000.0,174000000.0,,,,,0.0,81000000.0,1.0,432308397.0,433000000.0,485000000.0,3.587,3517000000.0,0.0,5000000.0,179000000.0,8.122,919000000.0
73,STX,MRQ,2003-03-31,2003-03-28,2003-03-28,2021-08-07,0.0,3382000000.0,,2196000000.0,1186000000.0,,2.671,-136000000.0,679000000.0,679000000.0,1186000000.0,174000000.0,1.576,1.951,749000000.0,4000000.0,745000000.0,749000000.0,0.0,113000000.0,0.0,0.003,0.03,191000000.0,304000000.0,0.188,304000000.0,191000000.0,180000000.0,0.41,0.37,0.41,1146000000.0,,1146000000.0,4566246742.0,12.0,5.658,129000000.0,0.301,1.0,434000000.0,0.268,5000000.0,11000000.0,2054000000.0,,301000000.0,397000000.0,397000000.0,0.0,2236000000.0,1393000000.0,843000000.0,4437246742.0,57000000.0,0.0,7000000.0,-2000000.0,-13000000.0,-8000000.0,-200000000.0,-45000000.0,265000000.0,0.0,174000000.0,174000000.0,174000000.0,0.0,0.0,0.107,252000000.0,182000000.0,712000000.0,0.073,3.872,15.624,15.448,1062000000.0,0.0,10.35,0.693,0.693,657000000.0,524000000.0,1620000000.0,1620000000.0,167000000.0,,,,,0.0,85000000.0,1.0,428719492.0,429000000.0,476000000.0,3.776,3377000000.0,0.0,6000000.0,179000000.0,7.872,803000000.0
74,STX,MRQ,2002-12-31,2002-12-27,2002-12-27,2021-08-07,0.0,3221000000.0,,2078000000.0,1143000000.0,,2.385,-95000000.0,622000000.0,622000000.0,1241000000.0,198000000.0,1.481,2.31,751000000.0,4000000.0,747000000.0,751000000.0,0.0,114000000.0,0.0,0.0,0.0,214000000.0,328000000.0,0.189,328000000.0,214000000.0,202000000.0,0.49,0.43,0.49,973000000.0,,973000000.0,4481928454.0,11.0,5.248,171000000.0,0.419,1.0,493000000.0,0.284,5000000.0,12000000.0,1942000000.0,,310000000.0,352000000.0,352000000.0,0.0,2248000000.0,1403000000.0,845000000.0,4342928454.0,117000000.0,8000000.0,274000000.0,0.0,-262000000.0,12000000.0,-161000000.0,-56000000.0,266000000.0,0.0,198000000.0,198000000.0,198000000.0,0.0,0.0,0.114,274000000.0,219000000.0,730000000.0,0.0,4.463,14.333,13.689,1025000000.0,0.0,10.13,0.671,0.638,628000000.0,351000000.0,1734000000.0,1734000000.0,169000000.0,,,,,0.0,105000000.0,1.0,428719492.0,408000000.0,463000000.0,4.25,3216000000.0,0.0,4000000.0,179000000.0,7.882,675000000.0
75,STX,MRQ,2002-09-30,2002-09-27,2002-09-27,2021-08-07,,,,,,,,-98000000.0,,,1207000000.0,110000000.0,,,,,,,,100000000.0,,,0.0,125000000.0,225000000.0,0.142,225000000.0,125000000.0,113000000.0,0.27,0.24,0.27,,,,,,,-34000000.0,-0.085,1.0,372000000.0,0.236,,12000000.0,,,,,,,,,,,-107000000.0,0.0,0.0,0.0,0.0,0.0,-171000000.0,-65000000.0,64000000.0,0.0,110000000.0,110000000.0,110000000.0,0.0,0.0,0.07,253000000.0,119000000.0,,0.0,,,,,0.0,,,,,,1579000000.0,1579000000.0,160000000.0,,,,,0.0,86000000.0,1.0,428719492.0,402000000.0,456000000.0,3.928,,,3000000.0,,,
76,STX,MRQ,2002-06-30,2002-06-28,2002-06-28,2021-08-07,0.0,3095000000.0,,1962000000.0,1133000000.0,,1.587,-219000000.0,612000000.0,612000000.0,1126000000.0,-198000000.0,1.224,3.828,751000000.0,2000000.0,749000000.0,751000000.0,0.0,98000000.0,0.0,,0.0,-148000000.0,-50000000.0,-0.034,-50000000.0,-148000000.0,-164000000.0,-0.5,-0.49,-0.5,641000000.0,,641000000.0,,,,114000000.0,0.282,1.0,347000000.0,0.236,0.0,16000000.0,1631000000.0,,347000000.0,231000000.0,231000000.0,0.0,2454000000.0,1603000000.0,851000000.0,,-366000000.0,0.0,1000000.0,-190000000.0,-167000000.0,-363000000.0,-336000000.0,-106000000.0,333000000.0,0.0,-198000000.0,-198000000.0,-198000000.0,0.0,0.0,-0.134,406000000.0,-59000000.0,755000000.0,0.0,,,,1022000000.0,0.0,,,,614000000.0,43000000.0,1473000000.0,1473000000.0,206000000.0,,,,,0.0,196000000.0,1.0,,404000000.0,479000000.0,3.646,3095000000.0,0.0,34000000.0,170000000.0,7.661,359000000.0
77,STX,MRQ,2002-03-31,2002-03-29,2002-03-29,2021-08-07,,,,,,,,-88000000.0,,,1180000000.0,193000000.0,,,,,,,,118000000.0,,,0.0,233000000.0,351000000.0,0.208,351000000.0,233000000.0,214000000.0,0.48,0.45,0.48,,,,,,,243000000.0,0.606,1.0,511000000.0,0.302,,19000000.0,,,,,,,,,,,171000000.0,0.0,0.0,-17000000.0,-33000000.0,-45000000.0,-115000000.0,-17000000.0,331000000.0,0.0,193000000.0,193000000.0,193000000.0,0.0,0.0,0.114,283000000.0,228000000.0,,0.0,,,,,0.0,,,,,,1691000000.0,1691000000.0,177000000.0,,,,,0.0,97000000.0,1.0,,401000000.0,429000000.0,4.217,,,21000000.0,,,
78,STX,MRQ,2001-12-31,2001-12-28,2001-12-28,2021-08-07,,,,,,,,,,,1192000000.0,124000000.0,,,,,,,,,,,0.0,168000000.0,,,,168000000.0,149000000.0,0.31,0.31,0.31,,,,,,,,,1.0,437000000.0,0.268,,19000000.0,,,,,,,,,,,,,,,,,,,,,124000000.0,124000000.0,124000000.0,0.0,0.0,0.076,278000000.0,159000000.0,,0.0,,,,,0.0,,,,,,1629000000.0,1629000000.0,164000000.0,,,,,,109000000.0,1.0,,400000000.0,400000000.0,4.072,,,25000000.0,,,
79,STX,MRQ,2001-06-30,2001-06-29,2001-06-29,2021-08-07,0.0,2966000000.0,,1938000000.0,1028000000.0,,,,726000000.0,726000000.0,,,1.505,3.542,900000000.0,23000000.0,877000000.0,900000000.0,0.0,,0.0,,0.0,,,,,,,,,,653000000.0,,653000000.0,,,,,,1.0,,,123000000.0,,1729000000.0,,322000000.0,183000000.0,183000000.0,0.0,2313000000.0,1288000000.0,1025000000.0,,,,,,,,,,,,,,,,,,,,530000000.0,,,,,802000000.0,,,,,539000000.0,-110000000.0,,,,,,,,,,1.0,,,,,2843000000.0,0.0,,164000000.0,,650000000.0
0,STX,MRT,2021-06-30,2021-07-02,2021-07-02,2021-08-07,-41000000.0,8675000000.0,8781750000.0,3779000000.0,4896000000.0,1.216,2.607,-494000000.0,1209000000.0,1209000000.0,7764000000.0,1314000000.0,1.294,12.748,5139000000.0,245000000.0,4894000000.0,5139000000.0,0.0,397000000.0,0.0,0.031,2.66,1568000000.0,1965000000.0,0.184,1965000000.0,1568000000.0,1348000000.0,5.43,5.36,5.43,631000000.0,981500000.0,631000000.0,23848848956.0,15.0,12.137,1132000000.0,4.678,1.0,2917000000.0,0.273,1266000000.0,220000000.0,8418000000.0,8139000000.0,1204000000.0,0.0,0.0,0.0,8044000000.0,2921000000.0,5123000000.0,19918848956.0,-513000000.0,0.0,-1939000000.0,967000000.0,-649000000.0,-1673000000.0,-466000000.0,28000000.0,1626000000.0,0.0,1314000000.0,1314000000.0,1314000000.0,0.0,0.0,0.123,1425000000.0,1492000000.0,1725000000.0,0.49,31.567,15.159,16.028,2181000000.0,0.0,87.03,1.865,1.972,1158000000.0,-6305000000.0,10681000000.0,10681000000.0,903000000.0,0.15,1.339,0.193,0.147,112000000.0,502000000.0,1.0,228873365.0,242000000.0,245000000.0,44.136,7409000000.0,1117000000.0,34000000.0,0.0,30.616,858000000.0
1,STX,MRT,2021-03-31,2021-04-02,2021-04-02,2021-08-07,-38000000.0,8604000000.0,8845500000.0,3692000000.0,4912000000.0,1.151,2.077,-484000000.0,1212000000.0,1212000000.0,7486000000.0,998000000.0,1.234,16.777,5142000000.0,245000000.0,4897000000.0,5142000000.0,0.0,394000000.0,0.0,0.034,2.64,1221000000.0,1615000000.0,0.159,1615000000.0,1221000000.0,1011000000.0,4.04,4.01,4.04,484000000.0,1270500000.0,484000000.0,21923174654.0,18.0,13.575,1052000000.0,4.515,1.0,2699000000.0,0.265,1272000000.0,210000000.0,8269000000.0,7876000000.0,1281000000.0,0.0,0.0,0.0,8120000000.0,2993000000.0,5127000000.0,18577174654.0,-400000000.0,0.0,-1776000000.0,1017000000.0,-663000000.0,-1475000000.0,-468000000.0,16000000.0,1536000000.0,7000000.0,998000000.0,998000000.0,998000000.0,0.0,0.0,0.098,1447000000.0,1252000000.0,1861000000.0,0.653,38.383,18.614,19.428,2215000000.0,0.0,78.49,1.824,1.796,978000000.0,-6417000000.0,10185000000.0,10185000000.0,893000000.0,0.113,0.786,0.155,0.12,116000000.0,478000000.0,1.0,236682057.0,233000000.0,237000000.0,43.712,7332000000.0,1118000000.0,13000000.0,0.0,31.468,699000000.0
2,STX,MRT,2020-12-31,2021-01-01,2021-01-01,2021-08-07,-36000000.0,8986000000.0,8901750000.0,4081000000.0,4905000000.0,1.143,3.976,-514000000.0,1799000000.0,1799000000.0,7467000000.0,989000000.0,1.557,8.077,5145000000.0,25000000.0,5120000000.0,5145000000.0,0.0,389000000.0,0.0,0.042,2.62,1210000000.0,1599000000.0,0.157,1599000000.0,1210000000.0,1010000000.0,3.86,3.84,3.86,990000000.0,1597500000.0,990000000.0,18469908722.0,15.0,11.551,1034000000.0,4.153,1.0,2705000000.0,0.266,1277000000.0,200000000.0,8434000000.0,7639500000.0,1318000000.0,0.0,0.0,0.0,7996000000.0,2621000000.0,5375000000.0,15970908722.0,55000000.0,0.0,-1244000000.0,983000000.0,-672000000.0,-981000000.0,-513000000.0,1000000.0,1548000000.0,1000000.0,989000000.0,989000000.0,989000000.0,0.0,0.0,0.097,1463000000.0,1242000000.0,1730000000.0,0.679,16.132,16.149,16.104,2218000000.0,0.0,62.16,1.57,1.522,801000000.0,-5829000000.0,10172000000.0,10172000000.0,912000000.0,0.111,0.619,0.158,0.119,114000000.0,471000000.0,1.0,256932251.0,249000000.0,251000000.0,40.851,7709000000.0,1120000000.0,21000000.0,0.0,30.96,1460000000.0
3,STX,MRT,2020-09-30,2020-10-02,2020-10-02,2021-08-07,-46000000.0,8862000000.0,8888250000.0,3994000000.0,4868000000.0,1.153,7.086,-548000000.0,1664000000.0,1664000000.0,7478000000.0,1027000000.0,1.511,3.867,4163000000.0,25000000.0,4138000000.0,4163000000.0,0.0,386000000.0,0.0,0.053,2.6,1251000000.0,1637000000.0,0.16,1637000000.0,1251000000.0,1055000000.0,3.95,3.92,3.95,1821000000.0,1807500000.0,1821000000.0,15001675070.0,12.0,9.164,1007000000.0,3.918,1.0,2767000000.0,0.27,1282000000.0,196000000.0,7435000000.0,7358250000.0,1323000000.0,0.0,0.0,0.0,7041000000.0,2644000000.0,4397000000.0,12548675070.0,-120000000.0,0.0,-375000000.0,-9000000.0,-670000000.0,-1091000000.0,-588000000.0,-40000000.0,1555000000.0,4000000.0,1027000000.0,1027000000.0,1027000000.0,0.0,0.0,0.1,1489000000.0,1278000000.0,1795000000.0,0.658,6.891,12.219,12.339,2167000000.0,0.0,48.74,1.225,1.223,866000000.0,-4947000000.0,10245000000.0,10245000000.0,941000000.0,0.116,0.568,0.17,0.122,111000000.0,469000000.0,1.0,257461532.0,257000000.0,259000000.0,39.864,7580000000.0,1125000000.0,28000000.0,0.0,29.494,1350000000.0
4,STX,MRT,2020-06-30,2020-07-03,2020-07-03,2021-08-07,-66000000.0,8930000000.0,8857250000.0,4114000000.0,4816000000.0,1.186,6.821,-584000000.0,1722000000.0,1722000000.0,7667000000.0,1004000000.0,1.511,3.997,4175000000.0,19000000.0,4156000000.0,4175000000.0,0.0,379000000.0,0.0,0.054,2.58,1233000000.0,1612000000.0,0.153,1612000000.0,1233000000.0,1032000000.0,3.83,3.79,3.83,1787000000.0,1794750000.0,1787000000.0,14639623476.0,12.0,9.082,1130000000.0,4.313,1.0,2842000000.0,0.27,1295000000.0,201000000.0,7366000000.0,7302250000.0,1142000000.0,0.0,0.0,0.0,7143000000.0,2722000000.0,4421000000.0,12148623476.0,-527000000.0,0.0,-747000000.0,-143000000.0,-673000000.0,-1605000000.0,-635000000.0,-51000000.0,1714000000.0,-1000000.0,1004000000.0,1004000000.0,1004000000.0,0.0,0.0,0.096,1542000000.0,1300000000.0,1808000000.0,0.674,6.798,12.1,12.36,2129000000.0,0.0,47.34,1.156,1.18,1115000000.0,-4904000000.0,10509000000.0,10509000000.0,973000000.0,0.113,0.559,0.169,0.117,109000000.0,473000000.0,1.0,256624915.0,262000000.0,265000000.0,40.111,7635000000.0,1120000000.0,28000000.0,0.0,29.141,1392000000.0
5,STX,MRT,2020-03-31,2020-04-03,2020-04-03,2021-08-07,-67000000.0,8829000000.0,8846000000.0,4015000000.0,4814000000.0,1.171,6.866,-507000000.0,1612000000.0,1612000000.0,7564000000.0,1821000000.0,1.493,3.927,4103000000.0,12000000.0,4091000000.0,4103000000.0,0.0,413000000.0,0.0,0.056,2.56,1370000000.0,1783000000.0,0.172,1783000000.0,1370000000.0,1163000000.0,6.7,6.65,6.7,1792000000.0,1888500000.0,1792000000.0,14338348665.0,10.0,8.042,1267000000.0,4.854,1.0,2799000000.0,0.27,1307000000.0,207000000.0,7323000000.0,7295250000.0,1102000000.0,0.0,0.0,0.0,7037000000.0,2690000000.0,4347000000.0,11941348665.0,223000000.0,0.0,-1044000000.0,-458000000.0,-679000000.0,-2223000000.0,678000000.0,1222000000.0,1774000000.0,-6000000.0,1821000000.0,1821000000.0,1821000000.0,0.0,0.0,0.176,1434000000.0,1365000000.0,1830000000.0,0.382,6.664,6.558,6.83,2093000000.0,0.0,45.76,1.152,1.153,1160000000.0,-4866000000.0,10363000000.0,10363000000.0,992000000.0,0.206,0.964,0.188,0.132,106000000.0,469000000.0,1.0,260956046.0,261000000.0,263000000.0,39.705,7522000000.0,1112000000.0,-658000000.0,3000000.0,28.82,1325000000.0
6,STX,MRT,2019-12-31,2020-01-03,2020-01-03,2021-08-07,-33000000.0,8932000000.0,8787750000.0,4152000000.0,4780000000.0,1.133,6.985,-500000000.0,1744000000.0,1744000000.0,7304000000.0,1696000000.0,1.538,3.881,4141000000.0,6000000.0,4135000000.0,4141000000.0,0.0,454000000.0,0.0,0.043,2.54,1253000000.0,1707000000.0,0.171,1707000000.0,1253000000.0,1040000000.0,6.16,6.12,6.16,1830000000.0,1862750000.0,1830000000.0,17832311844.0,14.0,10.447,1322000000.0,5.046,1.0,2654000000.0,0.267,1320000000.0,213000000.0,7309000000.0,7519000000.0,1148000000.0,0.0,0.0,0.0,7102000000.0,2700000000.0,4402000000.0,15476311844.0,386000000.0,0.0,-1174000000.0,-222000000.0,-687000000.0,-2125000000.0,691000000.0,1228000000.0,1822000000.0,-2000000.0,1696000000.0,1696000000.0,1696000000.0,0.0,0.0,0.17,1429000000.0,1225000000.0,1870000000.0,0.412,8.457,9.125,9.563,2049000000.0,0.0,58.91,1.554,1.55,1112000000.0,-4804000000.0,9958000000.0,9958000000.0,984000000.0,0.193,0.91,0.167,0.126,107000000.0,460000000.0,1.0,262711116.0,262000000.0,265000000.0,38.008,7612000000.0,1119000000.0,-656000000.0,3000000.0,29.053,1452000000.0
7,STX,MRT,2019-09-30,2019-10-04,2019-10-04,2021-08-07,-40000000.0,8738000000.0,8752000000.0,4031000000.0,4707000000.0,1.14,6.654,-434000000.0,1784000000.0,1784000000.0,7287000000.0,1762000000.0,1.581,3.937,4140000000.0,0.0,4140000000.0,4140000000.0,0.0,499000000.0,0.0,0.047,2.52,1323000000.0,1822000000.0,0.183,1822000000.0,1323000000.0,1102000000.0,6.3,6.26,6.3,1770000000.0,1888750000.0,1770000000.0,16474947333.0,12.0,9.042,1196000000.0,4.496,1.0,2690000000.0,0.27,1334000000.0,221000000.0,7211000000.0,7709250000.0,1041000000.0,0.0,0.0,0.0,6968000000.0,2549000000.0,4419000000.0,14441947333.0,-159000000.0,0.0,-1187000000.0,-721000000.0,-702000000.0,-2651000000.0,871000000.0,1276000000.0,1630000000.0,-9000000.0,1762000000.0,1762000000.0,1762000000.0,0.0,0.0,0.177,1433000000.0,1257000000.0,1750000000.0,0.4,8.159,8.196,8.521,1991000000.0,0.0,53.68,1.448,1.431,1065000000.0,-4800000000.0,9977000000.0,9977000000.0,980000000.0,0.201,0.933,0.172,0.133,107000000.0,460000000.0,1.0,269037767.0,266000000.0,270000000.0,37.508,7404000000.0,1128000000.0,-660000000.0,3000000.0,27.835,1482000000.0
8,STX,MRT,2019-06-30,2019-06-28,2019-06-28,2021-08-07,-34000000.0,8885000000.0,8962000000.0,4363000000.0,4522000000.0,1.159,7.667,-458000000.0,2220000000.0,2220000000.0,7458000000.0,2012000000.0,1.955,3.11,4253000000.0,0.0,4253000000.0,4253000000.0,0.0,541000000.0,0.0,0.053,2.52,1596000000.0,2137000000.0,0.206,2137000000.0,1596000000.0,1372000000.0,7.13,7.06,7.13,2162000000.0,1907750000.0,2162000000.0,16178832972.0,10.0,7.571,1303000000.0,4.621,1.0,2932000000.0,0.282,1348000000.0,224000000.0,7338000000.0,7875500000.0,970000000.0,0.0,0.0,0.0,6723000000.0,2232000000.0,4491000000.0,13044832972.0,394000000.0,0.0,-894000000.0,-574000000.0,-713000000.0,-2212000000.0,846000000.0,1275000000.0,1761000000.0,-1000000.0,2012000000.0,2012000000.0,2012000000.0,0.0,0.0,0.194,1445000000.0,1487000000.0,1420000000.0,0.353,6.034,6.484,6.609,1869000000.0,0.0,47.12,1.256,1.279,989000000.0,-4349000000.0,10390000000.0,10390000000.0,991000000.0,0.225,1.055,0.203,0.154,99000000.0,453000000.0,1.0,276842805.0,282000000.0,285000000.0,36.844,7537000000.0,1114000000.0,-640000000.0,4000000.0,26.727,2131000000.0
9,STX,MRT,2019-03-31,2019-03-29,2019-03-29,2021-08-07,-21000000.0,8596000000.0,9093250000.0,3487000000.0,5109000000.0,1.194,6.011,-491000000.0,1388000000.0,1388000000.0,7642000000.0,1490000000.0,1.625,4.089,4522000000.0,0.0,4522000000.0,4522000000.0,0.0,544000000.0,0.0,0.053,2.52,1770000000.0,2314000000.0,0.213,2314000000.0,1770000000.0,1547000000.0,5.21,5.14,5.21,1689000000.0,1783500000.0,1689000000.0,16459532288.0,9.0,7.113,1290000000.0,4.591,1.0,3212000000.0,0.296,1366000000.0,223000000.0,8218000000.0,7981250000.0,1001000000.0,1318000000.0,0.0,1318000000.0,6907000000.0,2146000000.0,4761000000.0,13492532288.0,-1539000000.0,0.0,-542000000.0,-308000000.0,-720000000.0,-1601000000.0,-1708000000.0,-1281000000.0,1781000000.0,-11000000.0,1490000000.0,1490000000.0,1490000000.0,0.0,0.0,0.137,1552000000.0,1660000000.0,1310000000.0,0.484,7.988,9.055,9.192,1822000000.0,0.0,47.89,1.243,1.24,897000000.0,-4808000000.0,10854000000.0,10854000000.0,1009000000.0,0.164,0.835,0.222,0.163,100000000.0,485000000.0,1.0,281740077.0,281000000.0,284000000.0,38.626,7230000000.0,416000000.0,57000000.0,5000000.0,25.73,1341000000.0
10,STX,MRT,2018-12-31,2018-12-28,2018-12-28,2021-08-07,-21000000.0,8789000000.0,9197250000.0,3676000000.0,5113000000.0,1.233,6.786,-394000000.0,1357000000.0,1357000000.0,7886000000.0,1676000000.0,1.598,3.544,4324000000.0,0.0,4324000000.0,4324000000.0,0.0,552000000.0,0.0,0.066,2.52,1953000000.0,2505000000.0,0.221,2505000000.0,1953000000.0,1725000000.0,5.85,5.76,5.85,1934000000.0,1702250000.0,1934000000.0,13854825109.0,7.0,5.531,1507000000.0,5.288,1.0,3458000000.0,0.305,1386000000.0,228000000.0,8070000000.0,7529500000.0,1097000000.0,1300000000.0,0.0,1300000000.0,6855000000.0,2300000000.0,4555000000.0,10975825109.0,-1200000000.0,0.0,-173000000.0,-561000000.0,-721000000.0,-1487000000.0,-1608000000.0,-1283000000.0,1901000000.0,-6000000.0,1676000000.0,1676000000.0,1676000000.0,0.0,0.0,0.148,1593000000.0,1865000000.0,1442000000.0,0.431,5.675,6.549,6.556,1823000000.0,0.0,38.35,0.968,0.963,1058000000.0,-4502000000.0,11344000000.0,11344000000.0,1025000000.0,0.182,0.985,0.259,0.172,98000000.0,510000000.0,1.0,286201437.0,285000000.0,287000000.0,39.804,7403000000.0,416000000.0,49000000.0,6000000.0,25.975,1376000000.0
11,STX,MRT,2018-09-30,2018-09-28,2018-09-28,2021-08-07,-12000000.0,9578000000.0,9187500000.0,4523000000.0,5055000000.0,1.256,6.432,-342000000.0,1942000000.0,1942000000.0,8002000000.0,1451000000.0,1.425,4.189,4821000000.0,499000000.0,4322000000.0,4821000000.0,0.0,571000000.0,0.0,0.053,2.52,1931000000.0,2502000000.0,0.217,2502000000.0,1931000000.0,1698000000.0,5.05,4.97,5.05,1846000000.0,1484000000.0,1846000000.0,16564196539.0,9.0,6.62,2121000000.0,7.39,1.0,3541000000.0,0.307,1406000000.0,233000000.0,7876000000.0,7136250000.0,1116000000.0,1259000000.0,0.0,1259000000.0,7732000000.0,3175000000.0,4557000000.0,13598196539.0,-344000000.0,0.0,-229000000.0,-192000000.0,-723000000.0,-1174000000.0,-1632000000.0,-1290000000.0,2463000000.0,-1000000.0,1451000000.0,1451000000.0,1451000000.0,0.0,0.0,0.126,1659000000.0,1882000000.0,1776000000.0,0.499,7.366,9.372,9.376,1789000000.0,0.0,47.35,1.178,1.177,1202000000.0,-4569000000.0,11543000000.0,11543000000.0,1029000000.0,0.158,0.978,0.271,0.167,98000000.0,532000000.0,1.0,287184721.0,287000000.0,292000000.0,40.22,8172000000.0,416000000.0,247000000.0,11000000.0,28.474,1348000000.0
12,STX,MRT,2018-06-30,2018-06-29,2018-06-29,2021-08-07,-16000000.0,9410000000.0,9032000000.0,4310000000.0,5100000000.0,1.238,5.781,-295000000.0,1853000000.0,1853000000.0,7820000000.0,1182000000.0,1.351,4.652,4819000000.0,499000000.0,4320000000.0,4819000000.0,0.0,598000000.0,0.0,0.045,2.52,1654000000.0,2252000000.0,0.201,2252000000.0,1654000000.0,1418000000.0,4.1,4.05,4.1,1665000000.0,1333000000.0,1665000000.0,18106400514.0,11.0,8.04,1818000000.0,6.312,1.0,3364000000.0,0.301,1425000000.0,236000000.0,7761000000.0,7098000000.0,1053000000.0,1275000000.0,0.0,1275000000.0,7745000000.0,3190000000.0,4555000000.0,16210400514.0,-686000000.0,0.0,-248000000.0,-214000000.0,-726000000.0,-1211000000.0,-1588000000.0,-1285000000.0,2113000000.0,0.0,1182000000.0,1182000000.0,1182000000.0,0.0,0.0,0.106,1730000000.0,1634000000.0,1728000000.0,0.615,9.736,13.714,13.773,1792000000.0,0.0,56.47,1.449,1.454,1184000000.0,-4696000000.0,11184000000.0,11184000000.0,1026000000.0,0.131,0.887,0.233,0.148,112000000.0,562000000.0,1.0,287062166.0,288000000.0,292000000.0,38.833,7985000000.0,417000000.0,236000000.0,10000000.0,27.726,1120000000.0
13,STX,MRT,2018-03-31,2018-03-30,2018-03-30,2021-08-07,-8000000.0,9012000000.0,8996500000.0,5247000000.0,3765000000.0,1.195,4.769,-329000000.0,2926000000.0,2926000000.0,7629000000.0,835000000.0,1.718,5.607,4822000000.0,503000000.0,4319000000.0,4822000000.0,0.0,637000000.0,0.0,0.043,2.52,1316000000.0,1953000000.0,0.182,1953000000.0,1316000000.0,1072000000.0,2.89,2.86,2.89,1364000000.0,1257750000.0,1364000000.0,18988099507.0,14.0,9.723,1559000000.0,5.451,1.0,3126000000.0,0.291,1442000000.0,244000000.0,6411000000.0,7059000000.0,1002000000.0,0.0,0.0,0.0,7648000000.0,3055000000.0,4593000000.0,16668099507.0,-101000000.0,0.0,-460000000.0,-428000000.0,-732000000.0,-1644000000.0,-361000000.0,-45000000.0,1888000000.0,16000000.0,835000000.0,835000000.0,835000000.0,0.0,0.0,0.078,1801000000.0,1325000000.0,1645000000.0,0.872,12.22,19.962,20.249,1720000000.0,0.0,58.52,1.55,1.556,1076000000.0,-4975000000.0,10755000000.0,10755000000.0,1055000000.0,0.093,0.664,0.186,0.122,112000000.0,571000000.0,1.0,284827401.0,286000000.0,291000000.0,37.605,7570000000.0,398000000.0,237000000.0,10000000.0,26.469,2192000000.0
14,STX,MRT,2017-12-31,2017-12-29,2017-12-29,2021-08-07,-11000000.0,8750000000.0,9178250000.0,4910000000.0,3840000000.0,1.158,3.684,-397000000.0,2556000000.0,2556000000.0,7531000000.0,648000000.0,1.577,7.247,4876000000.0,560000000.0,4316000000.0,4876000000.0,0.0,676000000.0,0.0,0.06,2.52,1135000000.0,1811000000.0,0.17,1811000000.0,1135000000.0,891000000.0,2.22,2.2,2.22,1061000000.0,1318750000.0,1061000000.0,14822089387.0,13.0,8.184,1359000000.0,4.719,1.0,3095000000.0,0.291,1460000000.0,244000000.0,6497000000.0,7355000000.0,1014000000.0,0.0,0.0,0.0,7689000000.0,3113000000.0,4576000000.0,12105089387.0,840000000.0,0.0,-499000000.0,764000000.0,-739000000.0,-498000000.0,-435000000.0,-37000000.0,1756000000.0,17000000.0,648000000.0,648000000.0,648000000.0,0.0,0.0,0.061,1945000000.0,1150000000.0,1620000000.0,1.135,11.409,18.681,18.847,1762000000.0,0.0,41.84,1.139,1.134,1055000000.0,-5174000000.0,10626000000.0,10626000000.0,1125000000.0,0.071,0.491,0.154,0.107,123000000.0,586000000.0,1.0,289318580.0,288000000.0,291000000.0,36.896,7290000000.0,402000000.0,243000000.0,12000000.0,25.312,1797000000.0
15,STX,MRT,2017-09-30,2017-09-29,2017-09-29,2021-08-07,-13000000.0,8956000000.0,9131000000.0,4824000000.0,4132000000.0,1.162,4.283,-418000000.0,2285000000.0,2285000000.0,7497000000.0,786000000.0,1.963,6.211,5002000000.0,0.0,5002000000.0,5002000000.0,0.0,710000000.0,0.0,0.076,2.52,1063000000.0,1773000000.0,0.167,1773000000.0,1063000000.0,830000000.0,2.67,2.65,2.67,1242000000.0,1434250000.0,1242000000.0,12161446199.0,11.0,6.859,1144000000.0,3.945,1.0,3109000000.0,0.293,1492000000.0,233000000.0,7723000000.0,7394750000.0,1014000000.0,0.0,0.0,0.0,7714000000.0,2458000000.0,5256000000.0,9679446199.0,794000000.0,0.0,-445000000.0,894000000.0,-745000000.0,-320000000.0,-452000000.0,-32000000.0,1562000000.0,4000000.0,786000000.0,786000000.0,786000000.0,0.0,0.0,0.074,2022000000.0,1087000000.0,1539000000.0,0.944,7.793,12.315,12.423,1817000000.0,0.0,33.17,0.913,0.907,1209000000.0,-4958000000.0,10606000000.0,10606000000.0,1180000000.0,0.086,0.548,0.144,0.1,129000000.0,599000000.0,1.0,291813271.0,290000000.0,292000000.0,36.572,7464000000.0,609000000.0,44000000.0,15000000.0,25.738,2366000000.0
16,STX,MRT,2017-06-30,2017-06-30,2017-06-30,2021-08-07,-17000000.0,9268000000.0,9015750000.0,5041000000.0,4227000000.0,1.195,4.608,-434000000.0,2539000000.0,2539000000.0,7597000000.0,772000000.0,1.92,5.795,5021000000.0,0.0,5021000000.0,5021000000.0,0.0,749000000.0,0.0,0.065,2.52,1037000000.0,1786000000.0,0.166,1786000000.0,1037000000.0,815000000.0,2.61,2.58,2.61,1364000000.0,1504750000.0,1364000000.0,13699313416.0,13.0,7.67,1482000000.0,5.007,1.0,3174000000.0,0.295,1519000000.0,222000000.0,7605000000.0,7175750000.0,982000000.0,0.0,0.0,0.0,7904000000.0,2626000000.0,5278000000.0,11494313416.0,1411000000.0,0.0,-374000000.0,916000000.0,-561000000.0,-46000000.0,-459000000.0,-31000000.0,1916000000.0,0.0,772000000.0,772000000.0,772000000.0,0.0,0.0,0.072,2120000000.0,1054000000.0,1626000000.0,0.966,8.427,14.889,14.847,1875000000.0,0.0,38.75,1.067,1.065,1199000000.0,-4771000000.0,10771000000.0,10771000000.0,1232000000.0,0.086,0.513,0.145,0.096,137000000.0,606000000.0,1.0,296627443.0,296000000.0,299000000.0,36.389,7749000000.0,609000000.0,43000000.0,15000000.0,26.179,2415000000.0
17,STX,MRT,2017-03-31,2017-03-31,2017-03-31,2021-08-07,-27000000.0,9739000000.0,8752000000.0,5460000000.0,4279000000.0,1.259,5.432,-476000000.0,3026000000.0,3026000000.0,7849000000.0,728000000.0,1.958,5.057,5231000000.0,158000000.0,5073000000.0,5231000000.0,0.0,773000000.0,0.0,0.055,2.52,959000000.0,1732000000.0,0.157,1732000000.0,959000000.0,748000000.0,2.46,2.43,2.46,1608000000.0,1562000000.0,1608000000.0,15934473823.0,17.0,9.2,1466000000.0,4.953,1.0,3170000000.0,0.288,1560000000.0,211000000.0,7595000000.0,7085750000.0,1038000000.0,0.0,0.0,0.0,8131000000.0,2789000000.0,5342000000.0,13557473823.0,1831000000.0,0.0,-164000000.0,1135000000.0,-562000000.0,383000000.0,-483000000.0,6000000.0,1942000000.0,-11000000.0,728000000.0,728000000.0,728000000.0,0.0,0.0,0.066,2211000000.0,959000000.0,1591000000.0,1.024,8.431,18.623,18.671,1911000000.0,0.0,45.93,1.23,1.234,1156000000.0,-4487000000.0,11019000000.0,11019000000.0,1251000000.0,0.083,0.466,0.135,0.087,135000000.0,604000000.0,1.0,295176874.0,296000000.0,300000000.0,37.226,8179000000.0,605000000.0,20000000.0,16000000.0,27.632,2671000000.0
18,STX,MRT,2016-12-31,2016-12-30,2016-12-30,2021-08-07,-33000000.0,8561000000.0,8410750000.0,4140000000.0,4421000000.0,1.301,5.145,-477000000.0,1716000000.0,1716000000.0,8062000000.0,513000000.0,1.544,4.621,4093000000.0,0.0,4093000000.0,4093000000.0,0.0,789000000.0,0.0,0.066,2.52,743000000.0,1532000000.0,0.14,1532000000.0,743000000.0,545000000.0,1.73,1.71,1.73,1523000000.0,1580750000.0,1523000000.0,13844934474.0,19.0,9.037,1244000000.0,4.203,1.0,2878000000.0,0.263,1601000000.0,198000000.0,6656000000.0,7017500000.0,1008000000.0,0.0,0.0,0.0,7038000000.0,2681000000.0,4357000000.0,11241934474.0,455000000.0,0.0,-192000000.0,-7000000.0,-564000000.0,-789000000.0,-465000000.0,6000000.0,1721000000.0,-12000000.0,513000000.0,513000000.0,513000000.0,0.0,0.0,0.047,2158000000.0,720000000.0,1631000000.0,1.457,7.381,21.914,22.064,2012000000.0,0.0,38.17,1.028,1.033,1211000000.0,-4493000000.0,10940000000.0,10940000000.0,1225000000.0,0.061,0.325,0.106,0.068,128000000.0,604000000.0,1.0,294522779.0,296000000.0,298000000.0,36.959,6960000000.0,614000000.0,32000000.0,13000000.0,23.514,1459000000.0
19,STX,MRT,2016-09-30,2016-09-30,2016-09-30,2021-08-07,-24000000.0,8495000000.0,8469500000.0,3928000000.0,4567000000.0,1.303,5.097,-518000000.0,1489000000.0,1489000000.0,8304000000.0,381000000.0,1.506,4.574,4092000000.0,0.0,4092000000.0,4092000000.0,0.0,807000000.0,0.0,0.065,2.52,611000000.0,1418000000.0,0.129,1418000000.0,611000000.0,415000000.0,1.28,1.26,1.28,1524000000.0,1655250000.0,1524000000.0,14516385855.0,24.0,10.237,929000000.0,3.107,1.0,2728000000.0,0.247,1643000000.0,196000000.0,6847000000.0,7195000000.0,914000000.0,5000000.0,5000000.0,0.0,6971000000.0,2608000000.0,4363000000.0,11511385855.0,-427000000.0,-634000000.0,-134000000.0,-7000000.0,-564000000.0,-731000000.0,-1141000000.0,1000000.0,1447000000.0,-2000000.0,381000000.0,381000000.0,381000000.0,0.0,0.0,0.035,2149000000.0,579000000.0,1568000000.0,1.969,7.553,30.214,30.117,2093000000.0,0.0,38.55,1.043,1.045,1307000000.0,-4456000000.0,11032000000.0,11032000000.0,1224000000.0,0.045,0.23,0.085,0.055,127000000.0,609000000.0,1.0,298609231.0,299000000.0,301000000.0,36.896,6852000000.0,615000000.0,34000000.0,11000000.0,22.916,1320000000.0
20,STX,MRT,2016-06-30,2016-07-01,2016-07-01,2021-08-07,-25000000.0,8213000000.0,8615500000.0,3533000000.0,4680000000.0,1.295,5.328,-587000000.0,1125000000.0,1125000000.0,8545000000.0,248000000.0,1.571,4.156,4091000000.0,0.0,4091000000.0,4091000000.0,0.0,815000000.0,0.0,0.101,2.43,467000000.0,1282000000.0,0.115,1282000000.0,467000000.0,274000000.0,0.83,0.82,0.83,1593000000.0,1754750000.0,1593000000.0,10109564008.0,22.0,7.886,1093000000.0,3.656,1.0,2615000000.0,0.234,1685000000.0,193000000.0,7245000000.0,7329000000.0,868000000.0,6000000.0,6000000.0,0.0,6620000000.0,2249000000.0,4371000000.0,7172564008.0,-1354000000.0,-634000000.0,-1011000000.0,-22000000.0,-727000000.0,-1820000000.0,-1211000000.0,0.0,1680000000.0,-3000000.0,248000000.0,248000000.0,248000000.0,0.0,0.0,0.022,2170000000.0,445000000.0,1517000000.0,2.928,4.503,28.922,28.952,2160000000.0,0.0,24.03,0.643,0.644,1318000000.0,-4311000000.0,11160000000.0,11160000000.0,1237000000.0,0.029,0.141,0.064,0.042,120000000.0,635000000.0,1.0,298483729.0,299000000.0,302000000.0,37.324,6528000000.0,616000000.0,26000000.0,14000000.0,21.833,1284000000.0
21,STX,MRT,2016-03-31,2016-04-01,2016-04-01,2021-08-07,-28000000.0,8374000000.0,9023500000.0,3600000000.0,4774000000.0,1.267,5.648,-642000000.0,1193000000.0,1193000000.0,8704000000.0,315000000.0,1.594,3.976,4130000000.0,0.0,4130000000.0,4130000000.0,0.0,827000000.0,0.0,0.069,2.34,566000000.0,1393000000.0,0.122,1393000000.0,566000000.0,369000000.0,1.05,1.04,1.05,1683000000.0,2111000000.0,1683000000.0,12868456169.0,23.0,9.238,1000000000.0,3.356,1.0,2730000000.0,0.239,1730000000.0,197000000.0,7322000000.0,7501250000.0,928000000.0,6000000.0,6000000.0,0.0,6691000000.0,2259000000.0,4432000000.0,9986456169.0,-1408000000.0,-637000000.0,-1185000000.0,186000000.0,-710000000.0,-1768000000.0,-1284000000.0,0.0,1642000000.0,2000000.0,315000000.0,315000000.0,315000000.0,0.0,0.0,0.028,2181000000.0,549000000.0,1504000000.0,2.229,5.934,31.703,32.086,2165000000.0,0.0,33.69,0.873,0.878,1250000000.0,-4192000000.0,11434000000.0,11434000000.0,1254000000.0,0.035,0.149,0.075,0.05,126000000.0,695000000.0,1.0,296421970.0,298000000.0,298000000.0,38.369,6644000000.0,619000000.0,54000000.0,28000000.0,22.295,1341000000.0
22,STX,MRT,2015-12-31,2016-01-01,2016-01-01,2021-08-07,-32000000.0,8796000000.0,9439000000.0,3931000000.0,4865000000.0,1.289,6.09,-706000000.0,1258000000.0,1258000000.0,9008000000.0,627000000.0,1.548,3.83,4140000000.0,0.0,4140000000.0,4140000000.0,0.0,832000000.0,0.0,0.061,2.25,862000000.0,1694000000.0,0.139,1694000000.0,862000000.0,664000000.0,2.02,1.99,2.02,1821000000.0,2488000000.0,1821000000.0,13187508208.0,15.0,7.785,1105000000.0,3.696,1.0,3161000000.0,0.26,1773000000.0,198000000.0,7366000000.0,7429500000.0,1046000000.0,6000000.0,6000000.0,0.0,6975000000.0,2539000000.0,4436000000.0,10962508208.0,-2035000000.0,-637000000.0,-1857000000.0,192000000.0,-698000000.0,-2421000000.0,-1414000000.0,0.0,1811000000.0,-11000000.0,627000000.0,627000000.0,627000000.0,0.0,0.0,0.052,2296000000.0,865000000.0,1759000000.0,1.114,6.02,17.484,18.149,2230000000.0,0.0,36.66,0.901,0.901,1398000000.0,-3983000000.0,12169000000.0,12169000000.0,1302000000.0,0.066,0.252,0.116,0.071,129000000.0,764000000.0,1.0,299031866.0,299000000.0,301000000.0,40.699,7023000000.0,617000000.0,37000000.0,27000000.0,23.488,1392000000.0
23,STX,MRT,2015-09-30,2015-10-02,2015-10-02,2021-08-07,-30000000.0,9079000000.0,9943500000.0,4882000000.0,4197000000.0,1.295,6.364,-784000000.0,1915000000.0,1915000000.0,9432000000.0,1395000000.0,1.796,3.724,4140000000.0,0.0,4140000000.0,4140000000.0,0.0,831000000.0,0.0,0.05,2.16,1810000000.0,2641000000.0,0.205,2641000000.0,1810000000.0,1610000000.0,4.31,4.22,4.31,1922000000.0,2961500000.0,1922000000.0,14710825486.0,8.0,5.57,2088000000.0,6.914,1.0,3447000000.0,0.268,1203000000.0,200000000.0,7383000000.0,7414500000.0,1098000000.0,6000000.0,6000000.0,0.0,7157000000.0,2718000000.0,4439000000.0,13041825486.0,-272000000.0,-3000000.0,-1788000000.0,279000000.0,-687000000.0,-2253000000.0,-877000000.0,9000000.0,2872000000.0,-14000000.0,1395000000.0,1395000000.0,1395000000.0,0.0,0.0,0.108,1758000000.0,1689000000.0,1890000000.0,0.501,6.786,9.349,10.019,2247000000.0,0.0,43.18,1.013,1.013,1522000000.0,-3851000000.0,12879000000.0,12879000000.0,1339000000.0,0.14,0.471,0.244,0.141,128000000.0,822000000.0,1.0,302033939.0,302000000.0,308000000.0,42.646,7876000000.0,617000000.0,215000000.0,26000000.0,26.079,2164000000.0
24,STX,MRT,2015-06-30,2015-07-03,2015-07-03,2021-08-07,-30000000.0,9845000000.0,10115000000.0,5568000000.0,4277000000.0,1.358,9.315,-747000000.0,2479000000.0,2479000000.0,9930000000.0,1742000000.0,2.376,2.262,4155000000.0,0.0,4155000000.0,4155000000.0,0.0,841000000.0,0.0,0.043,2.05,2177000000.0,3018000000.0,0.22,3018000000.0,2177000000.0,1970000000.0,5.38,5.26,5.38,3018000000.0,3217500000.0,3018000000.0,16604920718.0,8.0,5.502,1903000000.0,5.873,1.0,3809000000.0,0.277,1244000000.0,207000000.0,7934000000.0,7429500000.0,993000000.0,6000000.0,6000000.0,0.0,6827000000.0,2343000000.0,4484000000.0,15281920718.0,-152000000.0,-453000000.0,-989000000.0,170000000.0,-664000000.0,-1495000000.0,-1287000000.0,18000000.0,2650000000.0,-20000000.0,1742000000.0,1742000000.0,1742000000.0,0.0,0.0,0.127,1751000000.0,2058000000.0,1540000000.0,0.381,5.064,8.773,8.95,2278000000.0,0.0,48.15,1.112,1.135,1735000000.0,-2686000000.0,13739000000.0,13739000000.0,1353000000.0,0.172,0.541,0.293,0.158,137000000.0,857000000.0,1.0,317381531.0,324000000.0,331000000.0,42.404,8601000000.0,618000000.0,228000000.0,33000000.0,26.546,3225000000.0
25,STX,MRT,2015-03-31,2015-04-03,2015-04-03,2021-08-07,-33000000.0,10036000000.0,10026750000.0,5831000000.0,4205000000.0,1.407,9.879,-674000000.0,2608000000.0,2608000000.0,10154000000.0,1925000000.0,1.916,2.145,3931000000.0,474000000.0,3457000000.0,3931000000.0,0.0,840000000.0,0.0,0.037,1.94,2308000000.0,3148000000.0,0.223,3148000000.0,2308000000.0,2106000000.0,5.89,5.75,5.89,3191000000.0,3171000000.0,3191000000.0,17853328362.0,8.0,5.671,2322000000.0,7.189,1.0,3958000000.0,0.28,1281000000.0,202000000.0,7035000000.0,7316000000.0,1083000000.0,6000000.0,6000000.0,0.0,6845000000.0,3043000000.0,3802000000.0,17221328362.0,345000000.0,-735000000.0,-833000000.0,291000000.0,-633000000.0,-1187000000.0,-1442000000.0,62000000.0,2996000000.0,-22000000.0,1925000000.0,1925000000.0,1925000000.0,0.0,0.0,0.136,1696000000.0,2262000000.0,1683000000.0,0.329,5.397,8.946,8.905,2182000000.0,0.0,52.45,1.22,1.2,1769000000.0,-2472000000.0,14112000000.0,14112000000.0,1352000000.0,0.192,0.607,0.315,0.164,137000000.0,814000000.0,1.0,328338005.0,323000000.0,330000000.0,43.69,8755000000.0,620000000.0,181000000.0,34000000.0,27.105,2788000000.0
26,STX,MRT,2014-12-31,2015-01-02,2015-01-02,2021-08-07,-25000000.0,10814000000.0,9682500000.0,6632000000.0,4182000000.0,1.465,11.326,-639000000.0,3300000000.0,3300000000.0,10226000000.0,2029000000.0,2.353,1.911,3932000000.0,0.0,3932000000.0,3932000000.0,0.0,848000000.0,0.0,0.028,1.83,2398000000.0,3246000000.0,0.229,3246000000.0,2398000000.0,2192000000.0,6.2,6.04,6.2,3715000000.0,3032750000.0,3715000000.0,23219311122.0,10.0,7.153,2426000000.0,7.396,1.0,3962000000.0,0.279,1321000000.0,206000000.0,7306000000.0,7299000000.0,1129000000.0,6000000.0,6000000.0,0.0,7099000000.0,2819000000.0,4280000000.0,21604311122.0,1003000000.0,-735000000.0,-316000000.0,228000000.0,-597000000.0,-697000000.0,-1352000000.0,62000000.0,3065000000.0,-13000000.0,2029000000.0,2029000000.0,2029000000.0,0.0,0.0,0.143,1599000000.0,2363000000.0,1736000000.0,0.295,5.815,10.648,10.648,2155000000.0,0.0,66.02,1.523,1.526,1829000000.0,-1881000000.0,14188000000.0,14188000000.0,1303000000.0,0.21,0.669,0.329,0.169,134000000.0,785000000.0,1.0,327238884.0,328000000.0,336000000.0,43.256,9493000000.0,621000000.0,163000000.0,33000000.0,28.942,3813000000.0
27,STX,MRT,2014-09-30,2014-10-03,2014-10-03,2021-08-07,-15000000.0,9765000000.0,9201500000.0,5583000000.0,4182000000.0,1.524,9.009,-567000000.0,2194000000.0,2194000000.0,10098000000.0,1524000000.0,2.151,2.315,3809000000.0,0.0,3809000000.0,3809000000.0,0.0,869000000.0,0.0,0.031,1.72,1713000000.0,2582000000.0,0.184,2582000000.0,1713000000.0,1508000000.0,4.63,4.5,4.63,2946000000.0,2727750000.0,2946000000.0,19609633728.0,11.0,7.595,1911000000.0,5.844,1.0,3922000000.0,0.28,1341000000.0,205000000.0,7443000000.0,7198000000.0,1071000000.0,11000000.0,11000000.0,0.0,6819000000.0,2596000000.0,4223000000.0,18327633728.0,266000000.0,-735000000.0,-1806000000.0,932000000.0,-562000000.0,-1449000000.0,-755000000.0,568000000.0,2478000000.0,-8000000.0,1524000000.0,1524000000.0,1524000000.0,0.0,0.0,0.109,2168000000.0,1754000000.0,1740000000.0,0.371,6.221,12.026,12.112,2156000000.0,0.0,56.08,1.307,1.308,1909000000.0,-2619000000.0,14020000000.0,14020000000.0,1274000000.0,0.166,0.559,0.238,0.122,133000000.0,757000000.0,1.0,326812299.0,327000000.0,337000000.0,42.875,8424000000.0,624000000.0,-16000000.0,87000000.0,25.761,2987000000.0
28,STX,MRT,2014-06-30,2014-06-27,2014-06-27,2021-08-07,-2000000.0,9492000000.0,9096500000.0,5777000000.0,3715000000.0,1.509,8.404,-556000000.0,2638000000.0,2638000000.0,9878000000.0,1570000000.0,2.409,2.352,3920000000.0,0.0,3920000000.0,3920000000.0,0.0,879000000.0,0.0,0.029,1.67,1751000000.0,2630000000.0,0.192,2630000000.0,1751000000.0,1556000000.0,4.66,4.52,4.66,2832000000.0,2910750000.0,2832000000.0,19838748412.0,11.0,7.543,2002000000.0,5.941,1.0,3846000000.0,0.28,896000000.0,195000000.0,7480000000.0,7018750000.0,985000000.0,20000000.0,20000000.0,0.0,6660000000.0,2398000000.0,4262000000.0,18587748412.0,926000000.0,-285000000.0,-1805000000.0,1056000000.0,-557000000.0,-1311000000.0,-322000000.0,553000000.0,2558000000.0,1000000.0,1570000000.0,1570000000.0,1570000000.0,0.0,0.0,0.114,2070000000.0,1776000000.0,1549000000.0,0.358,6.563,11.839,12.215,2136000000.0,0.0,56.92,1.354,1.398,1729000000.0,-2677000000.0,13724000000.0,13724000000.0,1226000000.0,0.173,0.539,0.249,0.128,118000000.0,722000000.0,1.0,326559178.0,337000000.0,347000000.0,40.724,8596000000.0,625000000.0,-14000000.0,90000000.0,25.507,3379000000.0
29,STX,MRT,2014-03-31,2014-03-28,2014-03-28,2021-08-07,-2000000.0,8659000000.0,9034250000.0,5151000000.0,3508000000.0,1.533,8.067,-556000000.0,2263000000.0,2263000000.0,9987000000.0,1598000000.0,2.383,2.282,3514000000.0,0.0,3514000000.0,3514000000.0,0.0,890000000.0,0.0,0.029,1.62,1771000000.0,2661000000.0,0.192,2661000000.0,1771000000.0,1575000000.0,4.67,4.52,4.67,2638000000.0,3076500000.0,2638000000.0,19330233113.0,11.0,7.264,1813000000.0,5.544,1.0,3860000000.0,0.279,781000000.0,196000000.0,6967000000.0,6828500000.0,846000000.0,47000000.0,47000000.0,0.0,6021000000.0,2162000000.0,3859000000.0,18055233113.0,826000000.0,0.0,-1804000000.0,910000000.0,-554000000.0,-1452000000.0,-92000000.0,492000000.0,2369000000.0,1000000.0,1598000000.0,1598000000.0,1598000000.0,0.0,0.0,0.115,2047000000.0,1813000000.0,1345000000.0,0.347,6.844,11.299,11.76,2065000000.0,0.0,54.92,1.304,1.297,1633000000.0,-2831000000.0,13847000000.0,13847000000.0,1197000000.0,0.177,0.519,0.259,0.128,107000000.0,739000000.0,1.0,328755155.0,327000000.0,338000000.0,42.346,7878000000.0,583000000.0,-23000000.0,90000000.0,24.092,2989000000.0
30,STX,MRT,2013-12-31,2013-12-27,2013-12-27,2021-08-07,-7000000.0,8890000000.0,9055250000.0,5289000000.0,3601000000.0,1.542,7.426,-638000000.0,2297000000.0,2297000000.0,10118000000.0,1619000000.0,2.153,2.563,3572000000.0,0.0,3572000000.0,3572000000.0,0.0,900000000.0,0.0,0.021,1.19,1812000000.0,2712000000.0,0.194,2712000000.0,1812000000.0,1615000000.0,4.62,4.48,4.62,2495000000.0,3241750000.0,2495000000.0,18894075186.0,10.0,6.967,1971000000.0,5.866,1.0,3849000000.0,0.276,806000000.0,197000000.0,6902000000.0,6628750000.0,948000000.0,46000000.0,46000000.0,0.0,6395000000.0,2457000000.0,3938000000.0,18153075186.0,910000000.0,0.0,-1694000000.0,611000000.0,-418000000.0,-1505000000.0,-195000000.0,472000000.0,2609000000.0,1000000.0,1619000000.0,1619000000.0,1619000000.0,0.0,0.0,0.116,2015000000.0,1834000000.0,1577000000.0,0.258,7.276,11.213,12.048,2128000000.0,0.0,55.66,1.3,1.339,1615000000.0,-2902000000.0,13967000000.0,13967000000.0,1194000000.0,0.179,0.499,0.273,0.13,97000000.0,717000000.0,1.0,326142206.0,336000000.0,346000000.0,41.568,8084000000.0,581000000.0,-4000000.0,103000000.0,24.06,2832000000.0
31,STX,MRT,2013-09-30,2013-09-27,2013-09-27,2021-08-07,-6000000.0,9345000000.0,9018250000.0,5625000000.0,3720000000.0,1.564,10.303,-659000000.0,2032000000.0,2032000000.0,10253000000.0,1683000000.0,2.237,1.538,2773000000.0,1000000.0,2772000000.0,2773000000.0,0.0,889000000.0,0.0,0.034,1.46,1875000000.0,2764000000.0,0.196,2764000000.0,1875000000.0,1672000000.0,4.68,4.54,4.68,3678000000.0,3345750000.0,3678000000.0,16493105103.0,9.0,5.967,1938000000.0,5.429,1.0,3854000000.0,0.273,846000000.0,203000000.0,6726000000.0,6523250000.0,871000000.0,489000000.0,489000000.0,0.0,5656000000.0,2514000000.0,3142000000.0,15525105103.0,30000000.0,0.0,-1056000000.0,-238000000.0,-526000000.0,-1823000000.0,-746000000.0,-53000000.0,2597000000.0,2000000.0,1683000000.0,1683000000.0,1683000000.0,0.0,0.0,0.119,1909000000.0,1945000000.0,1683000000.0,0.312,4.221,9.225,9.297,2187000000.0,0.0,43.51,1.101,1.101,1618000000.0,-1668000000.0,14107000000.0,14107000000.0,1159000000.0,0.187,0.503,0.287,0.133,86000000.0,666000000.0,1.0,356816941.0,357000000.0,368000000.0,39.515,8499000000.0,571000000.0,-11000000.0,93000000.0,23.807,3111000000.0
32,STX,MRT,2013-06-30,2013-06-28,2013-06-28,2021-08-07,-13000000.0,9243000000.0,9062500000.0,5412000000.0,3831000000.0,1.584,9.446,-757000000.0,1809000000.0,1809000000.0,10411000000.0,1838000000.0,2.073,1.641,2777000000.0,3000000.0,2774000000.0,2777000000.0,0.0,873000000.0,0.0,0.031,1.4,2045000000.0,2918000000.0,0.203,2918000000.0,2045000000.0,1831000000.0,4.97,4.81,4.97,3495000000.0,3297000000.0,3495000000.0,17017902747.0,8.0,5.832,2290000000.0,6.189,1.0,3940000000.0,0.275,881000000.0,214000000.0,6719000000.0,6505000000.0,854000000.0,480000000.0,480000000.0,0.0,5737000000.0,2611000000.0,3126000000.0,16073902747.0,1000000.0,-36000000.0,-1395000000.0,-238000000.0,-518000000.0,-2222000000.0,-825000000.0,-17000000.0,3047000000.0,1000000.0,1838000000.0,1838000000.0,1838000000.0,0.0,0.0,0.128,1849000000.0,2091000000.0,1690000000.0,0.282,4.599,8.745,9.02,2269000000.0,0.0,44.83,1.12,1.156,1670000000.0,-1778000000.0,14351000000.0,14351000000.0,1133000000.0,0.203,0.557,0.314,0.142,76000000.0,635000000.0,1.0,358552370.0,370000000.0,382000000.0,38.786,8362000000.0,571000000.0,-7000000.0,87000000.0,22.6,2801000000.0
33,STX,MRT,2013-03-31,2013-03-29,2013-03-29,2021-08-07,7000000.0,8743000000.0,9278250000.0,4987000000.0,3756000000.0,1.661,9.215,-759000000.0,1534000000.0,1534000000.0,10923000000.0,2503000000.0,1.917,1.646,2478000000.0,4000000.0,2474000000.0,2478000000.0,0.0,868000000.0,0.0,0.035,1.27,2761000000.0,3629000000.0,0.236,3629000000.0,2761000000.0,2542000000.0,6.4,6.18,6.4,3299000000.0,3297500000.0,3299000000.0,14455175297.0,5.0,3.983,3345000000.0,9.344,1.0,4485000000.0,0.291,918000000.0,219000000.0,6168000000.0,6526250000.0,833000000.0,476000000.0,476000000.0,0.0,5431000000.0,2601000000.0,2830000000.0,13118175297.0,-205000000.0,-36000000.0,-2503000000.0,-421000000.0,-487000000.0,-3480000000.0,-830000000.0,-4000000.0,4104000000.0,1000000.0,2503000000.0,2503000000.0,2503000000.0,0.0,0.0,0.162,1784000000.0,2701000000.0,1698000000.0,0.198,3.976,5.241,5.712,2256000000.0,0.0,36.555,0.851,0.849,1562000000.0,-1947000000.0,15408000000.0,15408000000.0,1108000000.0,0.27,0.759,0.423,0.179,69000000.0,597000000.0,1.0,358861313.0,358000000.0,369000000.0,43.039,7825000000.0,524000000.0,39000000.0,87000000.0,21.858,2386000000.0
34,STX,MRT,2012-12-31,2012-12-28,2012-12-28,2021-08-07,18000000.0,8742000000.0,9608500000.0,5017000000.0,3725000000.0,1.7,7.889,-687000000.0,1481000000.0,1481000000.0,11154000000.0,3233000000.0,1.898,1.998,2818000000.0,3000000.0,2815000000.0,2818000000.0,0.0,871000000.0,0.0,0.051,1.52,3496000000.0,4367000000.0,0.267,4367000000.0,3496000000.0,3271000000.0,7.81,7.53,7.81,2911000000.0,3391250000.0,2911000000.0,12181950152.0,3.0,2.79,3672000000.0,9.951,1.0,5178000000.0,0.317,956000000.0,225000000.0,6480000000.0,6742000000.0,800000000.0,489000000.0,489000000.0,0.0,5817000000.0,2643000000.0,3174000000.0,11305950152.0,-442000000.0,-36000000.0,-3284000000.0,-134000000.0,-595000000.0,-4079000000.0,-724000000.0,21000000.0,4359000000.0,2000000.0,3233000000.0,3233000000.0,3233000000.0,0.0,0.0,0.198,1732000000.0,3446000000.0,1685000000.0,0.195,3.884,3.497,3.835,2228000000.0,0.0,29.95,0.692,0.677,1648000000.0,-2261000000.0,16332000000.0,16332000000.0,1084000000.0,0.336,0.953,0.519,0.214,61000000.0,571000000.0,1.0,377494162.0,369000000.0,379000000.0,44.26,7786000000.0,521000000.0,38000000.0,84000000.0,21.1,2374000000.0
35,STX,MRT,2012-09-30,2012-09-28,2012-09-28,2021-08-07,17000000.0,9522000000.0,9715750000.0,5749000000.0,3773000000.0,1.632,8.84,-665000000.0,1994000000.0,1994000000.0,10663000000.0,3304000000.0,2.088,1.719,2870000000.0,3000000.0,2867000000.0,2870000000.0,0.0,844000000.0,0.0,0.032,1.0,3558000000.0,4402000000.0,0.278,4402000000.0,3558000000.0,3330000000.0,7.8,7.51,7.8,3483000000.0,3529750000.0,3483000000.0,13362424246.0,4.0,3.036,3569000000.0,9.058,1.0,5196000000.0,0.328,992000000.0,228000000.0,6653000000.0,6812500000.0,845000000.0,476000000.0,476000000.0,0.0,5987000000.0,2753000000.0,3234000000.0,12299424246.0,-580000000.0,-597000000.0,-2462000000.0,-636000000.0,-421000000.0,-3585000000.0,-1230000000.0,31000000.0,4234000000.0,1000000.0,3304000000.0,3304000000.0,3304000000.0,0.0,0.0,0.208,1700000000.0,3496000000.0,1808000000.0,0.128,3.531,3.723,3.969,2243000000.0,0.0,30.96,0.776,0.769,1684000000.0,-1658000000.0,15859000000.0,15859000000.0,1066000000.0,0.34,0.936,0.522,0.224,56000000.0,573000000.0,1.0,397268225.0,394000000.0,409000000.0,40.251,8530000000.0,515000000.0,26000000.0,87000000.0,21.65,2996000000.0
36,STX,MRT,2012-06-30,2012-06-29,2012-06-29,2021-08-07,-9000000.0,10106000000.0,9518250000.0,6310000000.0,3796000000.0,1.57,8.209,-616000000.0,1800000000.0,1800000000.0,10255000000.0,2862000000.0,1.858,1.89,2863000000.0,0.0,2863000000.0,2863000000.0,0.0,814000000.0,0.0,0.035,0.86,3123000000.0,3937000000.0,0.264,3937000000.0,3123000000.0,2882000000.0,6.72,6.49,6.72,3497000000.0,3265250000.0,3497000000.0,11642060487.0,4.0,2.957,2646000000.0,6.211,1.0,4684000000.0,0.314,969000000.0,241000000.0,6804000000.0,6803000000.0,909000000.0,411000000.0,411000000.0,0.0,6609000000.0,3396000000.0,3213000000.0,10516060487.0,-970000000.0,-561000000.0,-2082000000.0,-670000000.0,-372000000.0,-3118000000.0,-1114000000.0,62000000.0,3262000000.0,0.0,2862000000.0,2862000000.0,2862000000.0,0.0,0.0,0.192,1576000000.0,3108000000.0,2286000000.0,0.128,3.007,3.674,3.68,2284000000.0,0.0,24.73,0.704,0.705,2319000000.0,-1444000000.0,14939000000.0,14939000000.0,1006000000.0,0.301,0.877,0.459,0.209,51000000.0,528000000.0,1.0,425234957.0,426000000.0,441000000.0,35.068,9137000000.0,500000000.0,20000000.0,84000000.0,21.448,2914000000.0
37,STX,MRT,2012-03-31,2012-03-30,2012-03-30,2021-08-07,-9000000.0,10064000000.0,9298000000.0,6368000000.0,3696000000.0,1.432,8.238,-569000000.0,1736000000.0,1736000000.0,9564000000.0,1968000000.0,2.019,1.739,2862000000.0,0.0,2862000000.0,2862000000.0,0.0,784000000.0,0.0,0.029,0.79,2247000000.0,3031000000.0,0.228,3031000000.0,2247000000.0,1998000000.0,4.5,4.34,4.5,3674000000.0,3006750000.0,3674000000.0,13102398548.0,6.0,4.323,1565000000.0,3.509,1.0,3751000000.0,0.282,1005000000.0,249000000.0,7031000000.0,6717750000.0,841000000.0,408000000.0,408000000.0,0.0,6390000000.0,3154000000.0,3236000000.0,12095398548.0,-563000000.0,-561000000.0,-1035000000.0,-82000000.0,-340000000.0,-1454000000.0,-1243000000.0,-143000000.0,2134000000.0,0.0,1968000000.0,1968000000.0,1968000000.0,0.0,0.0,0.148,1510000000.0,2241000000.0,2172000000.0,0.176,3.292,6.146,5.99,2179000000.0,0.0,26.955,0.908,0.903,2478000000.0,-1121000000.0,13315000000.0,13315000000.0,966000000.0,0.212,0.655,0.334,0.169,51000000.0,516000000.0,1.0,448725600.0,446000000.0,463000000.0,29.854,9059000000.0,475000000.0,30000000.0,80000000.0,20.312,3214000000.0
38,STX,MRT,2011-12-31,2011-12-30,2011-12-30,2021-08-07,-13000000.0,9171000000.0,8852000000.0,5400000000.0,3771000000.0,1.306,8.115,-558000000.0,1918000000.0,1918000000.0,8934000000.0,915000000.0,2.277,1.647,2925000000.0,0.0,2925000000.0,2925000000.0,0.0,748000000.0,0.0,0.033,0.54,1210000000.0,1958000000.0,0.169,1958000000.0,1210000000.0,961000000.0,2.14,2.07,2.14,3465000000.0,2710000000.0,3465000000.0,7807787804.0,6.0,3.988,833000000.0,1.951,1.0,2626000000.0,0.227,1044000000.0,249000000.0,6762000000.0,6405750000.0,827000000.0,407000000.0,407000000.0,0.0,5706000000.0,2372000000.0,3334000000.0,6885787804.0,-703000000.0,-561000000.0,-598000000.0,-21000000.0,-228000000.0,-850000000.0,-1244000000.0,-147000000.0,1391000000.0,0.0,915000000.0,915000000.0,915000000.0,0.0,0.0,0.079,1416000000.0,1210000000.0,1461000000.0,0.252,1.987,7.525,7.664,2210000000.0,0.0,16.4,0.596,0.606,1627000000.0,-1150000000.0,11560000000.0,11560000000.0,920000000.0,0.103,0.338,0.189,0.105,51000000.0,484000000.0,1.0,419865110.0,427000000.0,439000000.0,27.073,8127000000.0,475000000.0,46000000.0,75000000.0,19.033,3028000000.0
39,STX,MRT,2011-09-30,2011-09-30,2011-09-30,2021-08-07,-20000000.0,8732000000.0,8723750000.0,5998000000.0,2734000000.0,1.271,5.76,-618000000.0,2562000000.0,2562000000.0,8939000000.0,502000000.0,1.974,2.601,3484000000.0,560000000.0,2924000000.0,3484000000.0,0.0,747000000.0,0.0,0.035,0.36,815000000.0,1562000000.0,0.141,1562000000.0,815000000.0,578000000.0,1.14,1.1,1.14,2425000000.0,2537750000.0,2425000000.0,5043841551.0,6.0,3.229,561000000.0,1.333,1.0,2145000000.0,0.194,0.0,237000000.0,6615000000.0,6160250000.0,825000000.0,426000000.0,426000000.0,0.0,6307000000.0,3039000000.0,3268000000.0,4310841551.0,691000000.0,0.0,-857000000.0,1275000000.0,-152000000.0,263000000.0,-751000000.0,-147000000.0,1179000000.0,0.0,502000000.0,502000000.0,502000000.0,0.0,0.0,0.045,1334000000.0,811000000.0,1674000000.0,0.316,1.778,8.587,9.013,2190000000.0,0.0,10.275,0.389,0.39,1449000000.0,-1574000000.0,11084000000.0,11084000000.0,874000000.0,0.058,0.198,0.132,0.074,50000000.0,445000000.0,1.0,419546623.0,421000000.0,433000000.0,26.328,8732000000.0,471000000.0,76000000.0,85000000.0,20.741,2959000000.0
40,STX,MRT,2011-06-30,2011-07-01,2011-07-01,2021-08-07,-6000000.0,9225000000.0,8537750000.0,6425000000.0,2800000000.0,1.285,5.461,-766000000.0,2779000000.0,2779000000.0,8825000000.0,511000000.0,1.855,2.745,3512000000.0,560000000.0,2952000000.0,3512000000.0,0.0,754000000.0,0.0,0.011,0.18,793000000.0,1547000000.0,0.141,1547000000.0,793000000.0,579000000.0,1.13,1.09,1.13,2463000000.0,2662250000.0,2463000000.0,7644192694.0,10.0,4.941,498000000.0,1.104,1.0,2146000000.0,0.196,32000000.0,214000000.0,6463000000.0,5796750000.0,872000000.0,474000000.0,474000000.0,0.0,6762000000.0,3463000000.0,3299000000.0,7036192694.0,414000000.0,0.0,-739000000.0,947000000.0,-74000000.0,131000000.0,-981000000.0,-227000000.0,1264000000.0,0.0,511000000.0,511000000.0,511000000.0,0.0,0.0,0.047,1340000000.0,806000000.0,2063000000.0,0.159,2.857,13.769,14.478,2245000000.0,0.0,16.36,0.641,0.673,1495000000.0,-1511000000.0,10971000000.0,10971000000.0,875000000.0,0.06,0.192,0.137,0.072,51000000.0,445000000.0,1.0,430085128.0,451000000.0,467000000.0,24.326,9193000000.0,473000000.0,68000000.0,67000000.0,20.384,2962000000.0
41,STX,MRT,2011-03-31,2011-04-01,2011-04-01,2021-08-07,-2000000.0,8280000000.0,8293250000.0,5504000000.0,2776000000.0,1.298,5.691,-929000000.0,2304000000.0,2304000000.0,8446000000.0,771000000.0,1.773,2.329,2912000000.0,560000000.0,2352000000.0,2912000000.0,0.0,763000000.0,0.0,0.0,0.0,988000000.0,1751000000.0,0.163,1751000000.0,988000000.0,790000000.0,1.65,1.59,1.65,2487000000.0,2727500000.0,2487000000.0,7067338185.0,7.0,4.036,342000000.0,0.783,1.0,2322000000.0,0.216,0.0,198000000.0,5783000000.0,5524750000.0,834000000.0,279000000.0,279000000.0,0.0,5793000000.0,3105000000.0,2688000000.0,6767338185.0,139000000.0,0.0,-990000000.0,869000000.0,0.0,-124000000.0,-1008000000.0,-67000000.0,1271000000.0,0.0,771000000.0,771000000.0,771000000.0,0.0,0.0,0.072,1325000000.0,997000000.0,1778000000.0,0.0,2.721,8.777,9.055,2208000000.0,0.0,14.94,0.628,0.606,1394000000.0,-1441000000.0,10768000000.0,10768000000.0,865000000.0,0.093,0.283,0.179,0.092,57000000.0,431000000.0,1.0,452967750.0,437000000.0,453000000.0,24.641,8280000000.0,480000000.0,19000000.0,82000000.0,18.947,2399000000.0
42,STX,MRT,2010-12-31,2010-12-31,2010-12-31,2021-08-07,11000000.0,8658000000.0,8160000000.0,5826000000.0,2832000000.0,1.363,5.919,-986000000.0,2625000000.0,2625000000.0,8415000000.0,1196000000.0,1.833,2.119,2925000000.0,560000000.0,2365000000.0,2925000000.0,0.0,763000000.0,0.0,0.0,0.0,1370000000.0,2133000000.0,0.192,2133000000.0,1370000000.0,1190000000.0,2.49,2.38,2.49,2776000000.0,2770000000.0,2776000000.0,7393460525.0,5.0,3.466,667000000.0,1.422,1.0,2707000000.0,0.243,0.0,180000000.0,5780000000.0,5184250000.0,808000000.0,286000000.0,286000000.0,0.0,5882000000.0,3178000000.0,2704000000.0,7104460525.0,637000000.0,0.0,-821000000.0,864000000.0,0.0,43000000.0,-1059000000.0,-66000000.0,1653000000.0,0.0,1196000000.0,1196000000.0,1196000000.0,0.0,0.0,0.108,1329000000.0,1378000000.0,1832000000.0,0.0,2.559,5.94,6.036,2262000000.0,0.0,15.03,0.639,0.634,1392000000.0,-1129000000.0,11122000000.0,11122000000.0,865000000.0,0.147,0.432,0.264,0.123,58000000.0,426000000.0,1.0,472685331.0,469000000.0,486000000.0,23.714,8658000000.0,488000000.0,-6000000.0,67000000.0,18.461,2648000000.0
43,STX,MRT,2010-09-30,2010-10-01,2010-10-01,2021-08-07,24000000.0,7988000000.0,7842500000.0,5156000000.0,2832000000.0,1.457,6.206,-887000000.0,1885000000.0,1885000000.0,8329000000.0,1579000000.0,1.655,1.733,2174000000.0,560000000.0,1614000000.0,2174000000.0,0.0,765000000.0,0.0,0.0,0.0,1717000000.0,2482000000.0,0.217,2482000000.0,1717000000.0,1542000000.0,3.24,3.1,3.24,2923000000.0,2659750000.0,2923000000.0,5640441879.0,3.0,2.273,1012000000.0,2.149,1.0,3101000000.0,0.271,0.0,175000000.0,5161000000.0,4883500000.0,743000000.0,283000000.0,283000000.0,0.0,5065000000.0,3116000000.0,1949000000.0,5515441879.0,253000000.0,0.0,-508000000.0,-118000000.0,0.0,-579000000.0,-1067000000.0,-171000000.0,1899000000.0,0.0,1579000000.0,1579000000.0,1579000000.0,0.0,0.0,0.138,1351000000.0,1750000000.0,1776000000.0,0.0,1.887,3.493,3.608,2275000000.0,0.0,11.69,0.483,0.482,1511000000.0,-974000000.0,11430000000.0,11430000000.0,879000000.0,0.201,0.594,0.352,0.15,59000000.0,434000000.0,1.0,471808544.0,471000000.0,487000000.0,24.268,7988000000.0,504000000.0,-37000000.0,68000000.0,16.96,2040000000.0
44,STX,MRT,2010-06-30,2010-07-02,2010-07-02,2021-08-07,-4000000.0,8247000000.0,7570250000.0,5418000000.0,2829000000.0,1.505,5.548,-618000000.0,2377000000.0,2377000000.0,8191000000.0,1609000000.0,1.808,2.028,2502000000.0,329000000.0,2173000000.0,2502000000.0,0.0,780000000.0,0.0,0.0,0.0,1743000000.0,2523000000.0,0.221,2523000000.0,1743000000.0,1569000000.0,3.28,3.14,3.28,2724000000.0,2373750000.0,2724000000.0,6229538745.0,4.0,2.469,1314000000.0,2.676,1.0,3204000000.0,0.281,0.0,174000000.0,5375000000.0,4752750000.0,757000000.0,252000000.0,252000000.0,0.0,5523000000.0,2997000000.0,2526000000.0,6419538745.0,836000000.0,0.0,-498000000.0,-225000000.0,0.0,-344000000.0,-752000000.0,-125000000.0,1932000000.0,0.0,1609000000.0,1609000000.0,1609000000.0,0.0,0.0,0.141,1464000000.0,1740000000.0,1780000000.0,0.0,2.357,3.99,4.015,2263000000.0,0.0,13.17,0.563,0.567,1400000000.0,-1123000000.0,11395000000.0,11395000000.0,877000000.0,0.213,0.678,0.367,0.153,57000000.0,437000000.0,1.0,487436503.0,491000000.0,514000000.0,23.208,8247000000.0,513000000.0,-40000000.0,73000000.0,16.796,2421000000.0
45,STX,MRT,2010-03-31,2010-04-02,2010-04-02,2021-08-07,-1000000.0,7747000000.0,7280250000.0,5156000000.0,2591000000.0,1.524,5.389,-445000000.0,2165000000.0,2165000000.0,8200000000.0,1147000000.0,1.644,1.916,1975000000.0,377000000.0,1598000000.0,1975000000.0,0.0,808000000.0,0.0,0.0,0.0,1341000000.0,2149000000.0,0.194,2149000000.0,1341000000.0,1173000000.0,2.33,2.23,2.33,2657000000.0,2081250000.0,2657000000.0,9020876033.0,7.0,4.198,1355000000.0,2.748,1.0,2892000000.0,0.261,0.0,168000000.0,4421000000.0,4554500000.0,685000000.0,214000000.0,214000000.0,0.0,5090000000.0,3136000000.0,1954000000.0,9038876033.0,710000000.0,0.0,-161000000.0,-371000000.0,0.0,-537000000.0,-553000000.0,-115000000.0,1800000000.0,0.0,1147000000.0,1147000000.0,1147000000.0,0.0,0.0,0.103,1544000000.0,1348000000.0,1895000000.0,0.0,3.402,7.88,7.773,2054000000.0,0.0,18.11,0.815,0.805,1451000000.0,-1169000000.0,11092000000.0,11092000000.0,874000000.0,0.158,0.551,0.294,0.121,51000000.0,434000000.0,1.0,499109665.0,493000000.0,520000000.0,22.499,7747000000.0,465000000.0,26000000.0,72000000.0,15.714,2020000000.0
46,STX,MRT,2009-12-31,2010-01-01,2010-01-01,2021-08-07,-5000000.0,7388000000.0,7000000000.0,4881000000.0,2507000000.0,1.456,4.689,-324000000.0,2009000000.0,2009000000.0,8049000000.0,354000000.0,1.748,2.164,1991000000.0,96000000.0,1895000000.0,1991000000.0,0.0,846000000.0,0.0,0.002,0.03,524000000.0,1370000000.0,0.134,1370000000.0,524000000.0,360000000.0,0.72,0.67,0.72,2335000000.0,1813000000.0,2335000000.0,9593713883.0,18.0,7.003,1138000000.0,2.285,1.0,2144000000.0,0.21,0.0,164000000.0,4577000000.0,4619750000.0,645000000.0,201000000.0,201000000.0,0.0,5053000000.0,2793000000.0,2260000000.0,9057713883.0,730000000.0,0.0,60000000.0,-356000000.0,-15000000.0,-316000000.0,-416000000.0,-99000000.0,1462000000.0,0.0,354000000.0,354000000.0,354000000.0,0.0,0.0,0.035,1618000000.0,526000000.0,1810000000.0,0.042,3.879,25.587,25.264,1983000000.0,0.0,18.19,0.889,0.889,1333000000.0,-1436000000.0,10193000000.0,10193000000.0,893000000.0,0.051,0.195,0.113,0.051,55000000.0,463000000.0,1.0,497950186.0,498000000.0,520000000.0,20.468,7388000000.0,463000000.0,6000000.0,76000000.0,14.835,2088000000.0
47,STX,MRT,2009-09-30,2009-10-02,2009-10-02,2021-08-07,0.0,6899000000.0,6918000000.0,4307000000.0,2592000000.0,1.364,3.601,-435000000.0,1696000000.0,1696000000.0,7899000000.0,-3003000000.0,1.54,2.878,2232000000.0,322000000.0,1910000000.0,2232000000.0,0.0,882000000.0,0.0,0.01,0.15,-2520000000.0,-1638000000.0,-0.174,-1638000000.0,-2520000000.0,-2675000000.0,-6.15,-6.16,-6.15,1779000000.0,1689250000.0,1779000000.0,7926005520.0,-3.0,-4.839,362000000.0,0.733,1.0,1537000000.0,0.163,0.0,155000000.0,4638000000.0,4759750000.0,622000000.0,96000000.0,96000000.0,0.0,5120000000.0,2797000000.0,2323000000.0,7134005520.0,525000000.0,0.0,45000000.0,225000000.0,-73000000.0,145000000.0,-417000000.0,18000000.0,797000000.0,0.0,-3003000000.0,-3003000000.0,-3003000000.0,0.0,0.0,-0.318,4062000000.0,-2525000000.0,1674000000.0,-0.024,4.01,-2.376,-2.341,2039000000.0,0.0,14.4,0.756,0.754,1242000000.0,-1969000000.0,9436000000.0,9436000000.0,901000000.0,-0.434,-1.778,-0.529,-0.267,67000000.0,495000000.0,1.0,495417050.0,494000000.0,512000000.0,19.101,6899000000.0,468000000.0,328000000.0,80000000.0,13.966,1510000000.0
48,STX,MRT,2009-06-30,2009-07-03,2009-07-03,2021-08-07,-6000000.0,7087000000.0,7735500000.0,4294000000.0,2793000000.0,1.268,3.184,-626000000.0,1935000000.0,1935000000.0,8395000000.0,-3125000000.0,1.344,3.56,2697000000.0,771000000.0,1926000000.0,2697000000.0,0.0,931000000.0,0.0,0.026,0.27,-2671000000.0,-1740000000.0,-0.177,-1740000000.0,-2671000000.0,-2814000000.0,-6.4,-6.4,-6.4,1554000000.0,2405750000.0,1554000000.0,6050121379.0,-2.0,-3.477,197000000.0,0.404,1.0,1410000000.0,0.144,73000000.0,143000000.0,4582000000.0,4891250000.0,587000000.0,114000000.0,114000000.0,0.0,5533000000.0,3194000000.0,2339000000.0,5052121379.0,437000000.0,0.0,54000000.0,694000000.0,-132000000.0,232000000.0,-618000000.0,-6000000.0,823000000.0,0.0,-3125000000.0,-3125000000.0,-3125000000.0,0.0,0.0,-0.319,4075000000.0,-2665000000.0,1573000000.0,-0.042,3.251,-1.617,-1.606,2229000000.0,0.0,10.28,0.515,0.512,1033000000.0,-2148000000.0,9805000000.0,9805000000.0,953000000.0,-0.404,-1.299,-0.546,-0.272,83000000.0,537000000.0,1.0,491451496.0,488000000.0,488000000.0,20.092,7014000000.0,469000000.0,311000000.0,79000000.0,14.373,1100000000.0
49,STX,MRT,2009-03-31,2009-04-03,2009-04-03,2021-08-07,-8000000.0,6626000000.0,8493750000.0,3544000000.0,3082000000.0,1.219,3.239,-846000000.0,1352000000.0,1352000000.0,8666000000.0,-2893000000.0,1.244,3.183,2350000000.0,670000000.0,1680000000.0,2350000000.0,0.0,920000000.0,0.0,0.058,0.39,-2444000000.0,-1524000000.0,-0.147,-1524000000.0,-2444000000.0,-2587000000.0,-5.91,-5.92,-5.91,1584000000.0,3163750000.0,1584000000.0,4498541204.0,-2.0,-2.952,180000000.0,0.368,1.0,1686000000.0,0.163,93000000.0,143000000.0,4682000000.0,5098250000.0,577000000.0,129000000.0,129000000.0,0.0,5042000000.0,2849000000.0,2193000000.0,3305541204.0,209000000.0,0.0,-144000000.0,330000000.0,-189000000.0,1000000.0,-818000000.0,21000000.0,1026000000.0,0.0,-2893000000.0,-2893000000.0,-2893000000.0,0.0,0.0,-0.279,4143000000.0,-2457000000.0,1389000000.0,-0.066,2.087,-1.143,-1.139,2355000000.0,0.0,6.73,0.319,0.318,872000000.0,-2036000000.0,10352000000.0,10352000000.0,1008000000.0,-0.341,-0.914,-0.479,-0.236,97000000.0,599000000.0,1.0,491165112.0,489000000.0,489000000.0,21.17,6533000000.0,603000000.0,306000000.0,176000000.0,13.36,695000000.0
50,STX,MRT,2008-12-31,2009-01-02,2009-01-02,2021-08-07,-14000000.0,7060000000.0,9440500000.0,3788000000.0,3272000000.0,1.198,3.778,-1057000000.0,1161000000.0,1161000000.0,8957000000.0,-2274000000.0,1.26,2.837,2354000000.0,670000000.0,1684000000.0,2354000000.0,0.0,905000000.0,0.0,0.091,0.46,-1811000000.0,-906000000.0,-0.08,-906000000.0,-1811000000.0,-1947000000.0,-4.67,-4.71,-4.67,1840000000.0,3933500000.0,1840000000.0,3505666047.0,-2.0,-3.869,395000000.0,0.811,1.0,2349000000.0,0.208,109000000.0,136000000.0,5137000000.0,5264750000.0,796000000.0,148000000.0,148000000.0,0.0,5220000000.0,3007000000.0,2213000000.0,2480666047.0,-272000000.0,0.0,-897000000.0,301000000.0,-226000000.0,-818000000.0,-906000000.0,150000000.0,1452000000.0,0.0,-2274000000.0,-2274000000.0,-2274000000.0,0.0,0.0,-0.201,4181000000.0,-1832000000.0,1370000000.0,-0.099,1.348,-1.091,-1.088,2510000000.0,0.0,5.08,0.219,0.219,1040000000.0,-1748000000.0,11306000000.0,11306000000.0,1019000000.0,-0.241,-0.578,-0.344,-0.16,108000000.0,629000000.0,1.0,488320088.0,487000000.0,487000000.0,23.216,6951000000.0,593000000.0,327000000.0,179000000.0,14.273,781000000.0
51,STX,MRT,2008-09-30,2008-10-03,2008-10-03,2021-08-07,-20000000.0,10169000000.0,10329500000.0,4367000000.0,5802000000.0,1.206,9.577,-1031000000.0,1005000000.0,1005000000.0,9534000000.0,953000000.0,1.217,1.189,2030000000.0,660000000.0,1370000000.0,2030000000.0,0.0,892000000.0,0.0,0.04,0.44,1122000000.0,2014000000.0,0.162,2014000000.0,1122000000.0,984000000.0,1.9,1.82,1.9,4645000000.0,4744000000.0,4645000000.0,6372571169.0,6.0,3.164,1057000000.0,2.179,1.0,2922000000.0,0.235,2443000000.0,138000000.0,5164000000.0,5360000000.0,909000000.0,148000000.0,148000000.0,0.0,5524000000.0,3587000000.0,1937000000.0,5332571169.0,-258000000.0,-72000000.0,-1079000000.0,-34000000.0,-221000000.0,-1328000000.0,-1018000000.0,56000000.0,2088000000.0,0.0,953000000.0,953000000.0,953000000.0,0.0,0.0,0.077,1861000000.0,1061000000.0,1930000000.0,0.232,1.148,5.596,5.753,2509000000.0,0.0,10.93,0.428,0.426,1393000000.0,1102000000.0,12456000000.0,12456000000.0,1046000000.0,0.092,0.201,0.209,0.09,111000000.0,654000000.0,1.0,487883913.0,485000000.0,494000000.0,25.682,7726000000.0,888000000.0,31000000.0,197000000.0,15.93,780000000.0
52,STX,MRT,2008-06-30,2008-06-27,2008-06-27,2021-08-07,-16000000.0,10120000000.0,10303500000.0,4272000000.0,5848000000.0,1.233,8.957,-901000000.0,990000000.0,990000000.0,9503000000.0,1251000000.0,1.3,1.207,2030000000.0,360000000.0,1670000000.0,2030000000.0,0.0,844000000.0,0.0,0.022,0.42,1455000000.0,2299000000.0,0.181,2299000000.0,1455000000.0,1318000000.0,2.44,2.34,2.44,4586000000.0,4802750000.0,4586000000.0,10328694578.0,7.0,4.493,1637000000.0,3.197,1.0,3205000000.0,0.252,2463000000.0,137000000.0,5410000000.0,5445750000.0,945000000.0,151000000.0,151000000.0,0.0,5534000000.0,3287000000.0,2247000000.0,9441694578.0,2000000.0,-78000000.0,-1301000000.0,-34000000.0,-216000000.0,-1545000000.0,-991000000.0,-26000000.0,2538000000.0,0.0,1251000000.0,1251000000.0,1251000000.0,0.0,0.0,0.098,1829000000.0,1376000000.0,1652000000.0,0.172,2.059,7.547,7.984,2464000000.0,0.0,19.48,0.743,0.785,1410000000.0,1101000000.0,12708000000.0,12708000000.0,1028000000.0,0.121,0.26,0.267,0.114,113000000.0,659000000.0,1.0,484686580.0,512000000.0,538000000.0,24.82,7657000000.0,890000000.0,67000000.0,220000000.0,14.955,985000000.0
53,STX,MRT,2008-03-31,2008-03-28,2008-03-28,2021-08-07,6000000.0,10413000000.0,10141500000.0,4607000000.0,5806000000.0,1.238,9.197,-800000000.0,1143000000.0,1143000000.0,9445000000.0,1644000000.0,1.334,1.233,2030000000.0,345000000.0,1685000000.0,2030000000.0,0.0,832000000.0,0.0,0.02,0.4,1449000000.0,2281000000.0,0.182,2281000000.0,1449000000.0,1319000000.0,3.1,2.96,3.1,4663000000.0,4840500000.0,4663000000.0,11332951072.0,8.0,4.968,1716000000.0,3.385,1.0,3108000000.0,0.248,2498000000.0,130000000.0,5348000000.0,5445750000.0,1073000000.0,140000000.0,140000000.0,0.0,5750000000.0,3454000000.0,2296000000.0,10701951072.0,234000000.0,-78000000.0,-1302000000.0,-34000000.0,-213000000.0,-1547000000.0,-735000000.0,132000000.0,2516000000.0,0.0,1644000000.0,1644000000.0,1644000000.0,0.0,0.0,0.131,1741000000.0,1367000000.0,1915000000.0,0.129,2.295,6.51,6.548,2357000000.0,0.0,20.3,0.853,0.82,1351000000.0,1193000000.0,12553000000.0,12553000000.0,979000000.0,0.162,0.34,0.266,0.115,113000000.0,627000000.0,1.0,527189708.0,507000000.0,530000000.0,24.759,7915000000.0,884000000.0,-325000000.0,223000000.0,15.611,1153000000.0
54,STX,MRT,2007-12-31,2007-12-28,2007-12-28,2021-08-07,1000000.0,10616000000.0,9854250000.0,4857000000.0,5759000000.0,1.246,9.662,-751000000.0,1433000000.0,1433000000.0,9382000000.0,1512000000.0,1.524,1.089,2064000000.0,330000000.0,1734000000.0,2064000000.0,0.0,857000000.0,0.0,0.015,0.4,1333000000.0,2190000000.0,0.178,2190000000.0,1333000000.0,1200000000.0,2.81,2.68,2.81,5082000000.0,4779750000.0,5082000000.0,14553975061.0,11.0,6.646,1369000000.0,2.603,1.0,2895000000.0,0.236,2542000000.0,133000000.0,5518000000.0,5361500000.0,830000000.0,317000000.0,317000000.0,0.0,5534000000.0,3187000000.0,2347000000.0,13752975061.0,337000000.0,-256000000.0,-704000000.0,-5000000.0,-215000000.0,-923000000.0,-860000000.0,149000000.0,2120000000.0,0.0,1512000000.0,1512000000.0,1512000000.0,0.0,0.0,0.123,1644000000.0,1251000000.0,1776000000.0,0.142,2.706,9.096,9.199,2267000000.0,0.0,25.85,1.12,1.108,1593000000.0,1685000000.0,12277000000.0,12277000000.0,939000000.0,0.153,0.316,0.249,0.109,117000000.0,589000000.0,1.0,532029983.0,526000000.0,556000000.0,23.34,8074000000.0,889000000.0,-312000000.0,234000000.0,15.35,1670000000.0
55,STX,MRT,2007-09-30,2007-09-28,2007-09-28,2021-08-07,-1000000.0,10065000000.0,9519750000.0,4349000000.0,5716000000.0,1.245,9.19,-774000000.0,1263000000.0,1263000000.0,9301000000.0,1249000000.0,1.519,1.062,2064000000.0,330000000.0,1734000000.0,2064000000.0,0.0,857000000.0,0.0,0.016,0.4,1076000000.0,1933000000.0,0.163,1933000000.0,1076000000.0,922000000.0,2.29,2.18,2.29,4880000000.0,4603500000.0,4880000000.0,14738461228.0,14.0,7.625,1104000000.0,2.079,1.0,2552000000.0,0.215,2496000000.0,154000000.0,5507000000.0,5203750000.0,763000000.0,235000000.0,235000000.0,0.0,5185000000.0,2863000000.0,2322000000.0,13663461228.0,-593000000.0,-184000000.0,-1393000000.0,-421000000.0,-220000000.0,-2034000000.0,-437000000.0,566000000.0,1878000000.0,0.0,1249000000.0,1249000000.0,1249000000.0,0.0,0.0,0.105,1555000000.0,997000000.0,1551000000.0,0.175,2.8,10.94,11.17,2246000000.0,0.0,25.58,1.153,1.146,1519000000.0,1586000000.0,11853000000.0,11853000000.0,903000000.0,0.131,0.271,0.207,0.091,119000000.0,563000000.0,1.0,534146256.0,531000000.0,560000000.0,22.322,7569000000.0,893000000.0,-327000000.0,236000000.0,14.254,1486000000.0
56,STX,MRT,2007-06-30,2007-06-29,2007-06-29,2021-08-07,-4000000.0,9472000000.0,9633500000.0,3801000000.0,5671000000.0,1.179,8.489,-851000000.0,988000000.0,988000000.0,9175000000.0,913000000.0,1.435,1.0,2063000000.0,330000000.0,1733000000.0,2063000000.0,0.0,851000000.0,0.0,0.017,0.38,702000000.0,1553000000.0,0.137,1553000000.0,702000000.0,561000000.0,1.64,1.56,1.64,4737000000.0,4664500000.0,4737000000.0,12989861200.0,19.0,8.364,92000000.0,0.165,1.0,2185000000.0,0.192,2488000000.0,141000000.0,5410000000.0,5094000000.0,794000000.0,156000000.0,156000000.0,0.0,4735000000.0,2649000000.0,2086000000.0,11835861200.0,78000000.0,-178000000.0,-1307000000.0,1056000000.0,-212000000.0,-463000000.0,-402000000.0,675000000.0,943000000.0,0.0,913000000.0,913000000.0,913000000.0,0.0,0.0,0.08,1571000000.0,614000000.0,1301000000.0,0.232,2.499,12.964,13.274,2278000000.0,0.0,21.77,1.042,1.069,1383000000.0,1537000000.0,11360000000.0,11360000000.0,904000000.0,0.095,0.196,0.138,0.062,128000000.0,589000000.0,1.0,543677593.0,558000000.0,587000000.0,20.358,6984000000.0,770000000.0,-352000000.0,75000000.0,12.516,1152000000.0
57,STX,MRT,2007-03-31,2007-03-30,2007-03-30,2021-08-07,4000000.0,9264000000.0,9651500000.0,3809000000.0,5455000000.0,1.155,8.095,-1061000000.0,909000000.0,909000000.0,9100000000.0,378000000.0,1.386,1.096,2063000000.0,330000000.0,1733000000.0,2063000000.0,0.0,826000000.0,0.0,0.015,0.36,590000000.0,1416000000.0,0.127,1416000000.0,590000000.0,472000000.0,0.65,0.6,0.65,4420000000.0,4783250000.0,4420000000.0,13734599954.0,23.0,9.7,-329000000.0,-0.603,1.0,2046000000.0,0.184,2659000000.0,118000000.0,5011000000.0,4612750000.0,832000000.0,301000000.0,301000000.0,0.0,4844000000.0,2748000000.0,2096000000.0,12762599954.0,-126000000.0,119000000.0,-1504000000.0,1056000000.0,-198000000.0,-616000000.0,-242000000.0,740000000.0,732000000.0,0.0,378000000.0,378000000.0,378000000.0,0.0,0.0,0.034,1549000000.0,497000000.0,1397000000.0,0.554,2.887,33.763,35.846,2279000000.0,0.0,23.3,1.145,1.141,1367000000.0,1251000000.0,11146000000.0,11146000000.0,915000000.0,0.039,0.079,0.128,0.053,104000000.0,591000000.0,1.0,547751071.0,546000000.0,577000000.0,20.414,6605000000.0,0.0,94000000.0,77000000.0,12.097,1061000000.0
58,STX,MRT,2006-12-31,2006-12-29,2006-12-29,2021-08-07,5000000.0,9278000000.0,8829750000.0,3992000000.0,5286000000.0,1.201,7.665,-1093000000.0,1096000000.0,1096000000.0,8608000000.0,440000000.0,1.418,1.12,2068000000.0,330000000.0,1738000000.0,2068000000.0,0.0,740000000.0,0.0,0.013,0.34,611000000.0,1351000000.0,0.127,1351000000.0,611000000.0,519000000.0,0.82,0.76,0.82,4377000000.0,4539000000.0,4377000000.0,15825748288.0,26.0,11.714,-103000000.0,-0.18,1.0,1999000000.0,0.188,2548000000.0,92000000.0,4887000000.0,4210500000.0,771000000.0,464000000.0,464000000.0,0.0,4901000000.0,2815000000.0,2086000000.0,15213748288.0,328000000.0,297000000.0,-1290000000.0,1061000000.0,-183000000.0,-381000000.0,-281000000.0,569000000.0,990000000.0,0.0,440000000.0,440000000.0,440000000.0,0.0,0.0,0.041,1496000000.0,503000000.0,1425000000.0,0.415,3.476,34.577,32.317,2240000000.0,0.0,26.5,1.434,1.427,1251000000.0,1342000000.0,10607000000.0,10607000000.0,896000000.0,0.05,0.097,0.145,0.058,93000000.0,573000000.0,1.0,574103709.0,571000000.0,598000000.0,18.576,6730000000.0,0.0,79000000.0,76000000.0,11.786,1177000000.0
59,STX,MRT,2006-09-30,2006-09-29,2006-09-29,2021-08-07,-5000000.0,10520000000.0,7868750000.0,5238000000.0,5282000000.0,1.26,8.896,-1066000000.0,1856000000.0,1856000000.0,7867000000.0,587000000.0,1.585,1.053,2468000000.0,731000000.0,1737000000.0,2468000000.0,0.0,674000000.0,0.0,0.014,0.32,713000000.0,1387000000.0,0.14,1387000000.0,713000000.0,665000000.0,1.17,1.1,1.17,5124000000.0,4223250000.0,5124000000.0,13424176775.0,19.0,9.679,4000000.0,0.007,1.0,2044000000.0,0.206,2760000000.0,48000000.0,5068000000.0,3823250000.0,939000000.0,797000000.0,797000000.0,0.0,5396000000.0,3304000000.0,2092000000.0,13364176775.0,1025000000.0,284000000.0,-410000000.0,1137000000.0,-163000000.0,603000000.0,-648000000.0,213000000.0,1070000000.0,0.0,587000000.0,587000000.0,587000000.0,0.0,0.0,0.059,1423000000.0,621000000.0,1448000000.0,0.274,2.608,22.767,19.735,2179000000.0,0.0,23.09,1.348,1.342,1331000000.0,2185000000.0,9911000000.0,9911000000.0,869000000.0,0.075,0.139,0.186,0.072,73000000.0,540000000.0,1.0,578786348.0,576000000.0,606000000.0,17.207,7760000000.0,0.0,78000000.0,67000000.0,13.472,1934000000.0
60,STX,MRT,2006-06-30,2006-06-30,2006-06-30,2021-08-07,-7000000.0,9544000000.0,6583250000.0,4333000000.0,5211000000.0,1.398,10.529,-1008000000.0,910000000.0,910000000.0,7069000000.0,840000000.0,1.298,0.831,970000000.0,330000000.0,640000000.0,970000000.0,0.0,612000000.0,0.0,0.014,0.32,965000000.0,1577000000.0,0.171,1577000000.0,965000000.0,924000000.0,1.7,1.6,1.7,5212000000.0,3648500000.0,5212000000.0,10533206633.0,11.0,6.679,449000000.0,0.907,1.0,2137000000.0,0.232,2782000000.0,41000000.0,3485000000.0,3472500000.0,891000000.0,823000000.0,823000000.0,0.0,4332000000.0,3337000000.0,995000000.0,11168206633.0,164000000.0,269000000.0,-281000000.0,-340000000.0,-155000000.0,-732000000.0,-561000000.0,308000000.0,1457000000.0,0.0,840000000.0,840000000.0,840000000.0,0.0,0.0,0.091,1263000000.0,874000000.0,1692000000.0,0.188,2.143,13.295,13.318,2106000000.0,0.0,22.64,1.213,1.217,1445000000.0,2362000000.0,9206000000.0,9206000000.0,805000000.0,0.128,0.23,0.278,0.105,46000000.0,447000000.0,1.0,493295346.0,495000000.0,524000000.0,18.598,6762000000.0,81000000.0,84000000.0,72000000.0,13.661,996000000.0
61,STX,MRT,2006-03-31,2006-03-31,2006-03-31,2021-08-07,-2000000.0,5977000000.0,5508250000.0,3912000000.0,2065000000.0,1.608,7.041,-913000000.0,1035000000.0,1035000000.0,6634000000.0,1113000000.0,2.016,0.736,400000000.0,0.0,400000000.0,400000000.0,0.0,555000000.0,0.0,0.012,0.32,1175000000.0,1730000000.0,0.195,1730000000.0,1175000000.0,1131000000.0,2.32,2.2,2.32,3443000000.0,2980750000.0,3443000000.0,12467964022.0,11.0,7.207,882000000.0,1.804,1.0,2222000000.0,0.251,0.0,44000000.0,3402000000.0,3465000000.0,549000000.0,1005000000.0,1005000000.0,0.0,2534000000.0,1940000000.0,594000000.0,12835964022.0,315000000.0,-28000000.0,116000000.0,-342000000.0,-153000000.0,-365000000.0,-1115000000.0,-17000000.0,1795000000.0,0.0,1113000000.0,1113000000.0,1113000000.0,0.0,0.0,0.126,1139000000.0,1083000000.0,1182000000.0,0.138,3.728,11.533,11.349,1717000000.0,0.0,26.33,1.449,1.454,1152000000.0,2754000000.0,8856000000.0,8856000000.0,745000000.0,0.202,0.373,0.339,0.133,43000000.0,389000000.0,1.0,487503381.0,489000000.0,521000000.0,18.11,5977000000.0,0.0,18000000.0,48000000.0,12.223,1972000000.0
62,STX,MRT,2005-12-31,2005-12-30,2005-12-30,2021-08-07,-7000000.0,5434000000.0,5203250000.0,3498000000.0,1936000000.0,1.641,6.461,-859000000.0,768000000.0,768000000.0,6393000000.0,1068000000.0,2.024,0.745,400000000.0,0.0,400000000.0,400000000.0,0.0,517000000.0,0.0,0.015,0.3,1141000000.0,1658000000.0,0.194,1658000000.0,1141000000.0,1091000000.0,2.25,2.12,2.25,3114000000.0,2689000000.0,3114000000.0,9514249613.0,8.0,5.738,840000000.0,1.743,1.0,2143000000.0,0.251,0.0,50000000.0,3338000000.0,3409750000.0,505000000.0,983000000.0,983000000.0,0.0,2320000000.0,1728000000.0,592000000.0,9605249613.0,122000000.0,-28000000.0,87000000.0,-342000000.0,-157000000.0,-398000000.0,-1179000000.0,-157000000.0,1699000000.0,0.0,1068000000.0,1068000000.0,1068000000.0,0.0,0.0,0.125,1076000000.0,1067000000.0,1057000000.0,0.133,3.085,8.994,8.884,1606000000.0,0.0,19.99,1.125,1.129,1091000000.0,2480000000.0,8536000000.0,8536000000.0,714000000.0,0.205,0.397,0.335,0.134,22000000.0,359000000.0,1.0,480502732.0,482000000.0,507000000.0,17.71,5434000000.0,0.0,23000000.0,41000000.0,11.274,1770000000.0
63,STX,MRT,2005-09-30,2005-09-30,2005-09-30,2021-08-07,-8000000.0,5378000000.0,4922250000.0,3529000000.0,1849000000.0,1.642,5.898,-763000000.0,831000000.0,831000000.0,6151000000.0,925000000.0,2.176,0.904,740000000.0,4000000.0,736000000.0,740000000.0,0.0,489000000.0,0.0,0.018,0.28,998000000.0,1487000000.0,0.184,1487000000.0,998000000.0,948000000.0,1.96,1.84,1.96,2825000000.0,2420500000.0,2825000000.0,7556274240.0,8.0,5.082,755000000.0,1.576,1.0,1932000000.0,0.239,0.0,50000000.0,3665000000.0,3322250000.0,477000000.0,961000000.0,961000000.0,0.0,2553000000.0,1622000000.0,931000000.0,7562274240.0,373000000.0,-15000000.0,89000000.0,-3000000.0,-132000000.0,-41000000.0,-1104000000.0,-224000000.0,1518000000.0,0.0,925000000.0,925000000.0,925000000.0,0.0,0.0,0.114,1002000000.0,930000000.0,1000000000.0,0.143,2.677,8.175,8.087,1565000000.0,0.0,15.85,0.936,0.939,1116000000.0,2193000000.0,8083000000.0,8083000000.0,673000000.0,0.188,0.382,0.3,0.123,12000000.0,326000000.0,1.0,477115094.0,479000000.0,506000000.0,16.875,5378000000.0,0.0,23000000.0,43000000.0,11.228,1907000000.0
64,STX,MRT,2005-06-30,2005-07-01,2005-07-01,2021-08-07,-9000000.0,5244000000.0,4581250000.0,3502000000.0,1742000000.0,1.649,5.429,-691000000.0,746000000.0,746000000.0,5880000000.0,707000000.0,1.967,1.064,740000000.0,4000000.0,736000000.0,740000000.0,0.0,464000000.0,0.0,0.015,0.26,780000000.0,1244000000.0,0.165,1244000000.0,780000000.0,732000000.0,1.51,1.41,1.51,2541000000.0,2192250000.0,2541000000.0,8253870590.0,11.0,6.635,737000000.0,1.575,1.0,1673000000.0,0.222,3000000.0,48000000.0,3455000000.0,3164750000.0,431000000.0,1090000000.0,1090000000.0,0.0,2703000000.0,1780000000.0,923000000.0,8231870590.0,324000000.0,0.0,90000000.0,-3000000.0,-122000000.0,-35000000.0,-1069000000.0,-331000000.0,1428000000.0,0.0,707000000.0,707000000.0,707000000.0,0.0,0.0,0.094,951000000.0,722000000.0,1108000000.0,0.172,3.24,11.643,11.49,1529000000.0,0.0,17.35,1.09,1.075,1094000000.0,1921000000.0,7553000000.0,7553000000.0,645000000.0,0.154,0.322,0.246,0.103,2000000.0,306000000.0,1.0,474459400.0,468000000.0,502000000.0,16.139,5241000000.0,0.0,25000000.0,46000000.0,11.199,1722000000.0
65,STX,MRT,2005-03-31,2005-04-01,2005-04-01,2021-08-07,-7000000.0,4757000000.0,4255750000.0,3222000000.0,1535000000.0,1.577,4.822,-614000000.0,720000000.0,720000000.0,5349000000.0,393000000.0,2.016,1.09,742000000.0,4000000.0,738000000.0,742000000.0,0.0,438000000.0,0.0,0.012,0.24,456000000.0,894000000.0,0.133,894000000.0,456000000.0,411000000.0,0.84,0.78,0.84,2276000000.0,2020750000.0,2276000000.0,9189591948.0,20.0,10.279,388000000.0,0.822,1.0,1361000000.0,0.203,0.0,45000000.0,3181000000.0,3054750000.0,412000000.0,975000000.0,975000000.0,0.0,2481000000.0,1598000000.0,883000000.0,9093591948.0,-16000000.0,0.0,87000000.0,-3000000.0,-111000000.0,-27000000.0,-991000000.0,-354000000.0,1002000000.0,0.0,393000000.0,393000000.0,393000000.0,0.0,0.0,0.059,957000000.0,404000000.0,1005000000.0,0.286,3.995,23.139,23.095,1346000000.0,0.0,19.4,1.355,1.365,988000000.0,1641000000.0,6710000000.0,6710000000.0,635000000.0,0.092,0.194,0.149,0.068,10000000.0,284000000.0,1.0,468741853.0,472000000.0,507000000.0,14.216,4757000000.0,0.0,18000000.0,48000000.0,10.078,1624000000.0
66,STX,MRT,2004-12-31,2004-12-31,2004-12-31,2021-08-07,-3000000.0,4310000000.0,4067250000.0,2865000000.0,1445000000.0,1.507,4.378,-568000000.0,646000000.0,646000000.0,4944000000.0,323000000.0,2.02,1.113,742000000.0,4000000.0,738000000.0,742000000.0,0.0,431000000.0,0.0,0.014,0.24,263000000.0,694000000.0,0.113,694000000.0,263000000.0,220000000.0,0.7,0.65,0.7,2040000000.0,1928750000.0,2040000000.0,8310167615.0,32.0,11.974,236000000.0,0.506,1.0,1185000000.0,0.193,0.0,43000000.0,2988000000.0,2946000000.0,362000000.0,830000000.0,830000000.0,0.0,2270000000.0,1418000000.0,852000000.0,8025167615.0,-57000000.0,0.0,84000000.0,-5000000.0,-95000000.0,-16000000.0,-845000000.0,-259000000.0,804000000.0,0.0,323000000.0,323000000.0,323000000.0,0.0,0.0,0.053,965000000.0,220000000.0,893000000.0,0.343,3.934,24.846,24.671,1261000000.0,0.0,17.27,1.309,1.313,879000000.0,1412000000.0,6129000000.0,6129000000.0,640000000.0,0.079,0.167,0.089,0.043,10000000.0,279000000.0,1.0,464688339.0,466000000.0,500000000.0,13.152,4310000000.0,0.0,-103000000.0,48000000.0,9.249,1447000000.0
67,STX,MRT,2004-09-30,2004-10-01,2004-10-01,2021-08-07,-2000000.0,4014000000.0,3999750000.0,2547000000.0,1467000000.0,1.511,4.139,-614000000.0,458000000.0,458000000.0,4776000000.0,384000000.0,2.015,1.099,743000000.0,4000000.0,739000000.0,743000000.0,0.0,415000000.0,0.0,0.016,0.22,327000000.0,742000000.0,0.123,742000000.0,327000000.0,283000000.0,0.85,0.77,0.85,1912000000.0,1853250000.0,1912000000.0,6746663123.0,21.0,9.093,-97000000.0,-0.21,1.0,1266000000.0,0.21,0.0,44000000.0,3035000000.0,2852000000.0,379000000.0,744000000.0,744000000.0,0.0,2102000000.0,1264000000.0,838000000.0,6425663123.0,-376000000.0,0.0,78000000.0,-4000000.0,-100000000.0,-26000000.0,-867000000.0,-231000000.0,517000000.0,0.0,384000000.0,384000000.0,384000000.0,0.0,0.0,0.064,975000000.0,291000000.0,772000000.0,0.259,3.361,16.733,16.329,1287000000.0,0.0,13.88,1.063,1.061,826000000.0,1268000000.0,6042000000.0,6042000000.0,648000000.0,0.096,0.207,0.115,0.054,9000000.0,277000000.0,1.0,462944029.0,462000000.0,494000000.0,13.078,4014000000.0,0.0,-101000000.0,50000000.0,8.688,1283000000.0
68,STX,MRT,2004-06-30,2004-07-02,2004-07-02,2021-08-07,-3000000.0,3942000000.0,3949750000.0,2461000000.0,1481000000.0,1.576,4.104,-605000000.0,422000000.0,422000000.0,4765000000.0,529000000.0,1.972,1.125,743000000.0,4000000.0,739000000.0,743000000.0,0.0,414000000.0,0.0,0.014,0.2,473000000.0,887000000.0,0.143,887000000.0,473000000.0,428000000.0,1.17,1.06,1.17,1855000000.0,1761250000.0,1855000000.0,6517508095.0,14.0,7.348,30000000.0,0.066,1.0,1459000000.0,0.234,0.0,45000000.0,3015000000.0,2664750000.0,449000000.0,761000000.0,761000000.0,0.0,2087000000.0,1248000000.0,839000000.0,6508508095.0,-327000000.0,0.0,96000000.0,-6000000.0,-90000000.0,0.0,-962000000.0,-321000000.0,635000000.0,0.0,529000000.0,529000000.0,529000000.0,0.0,0.0,0.085,1015000000.0,444000000.0,740000000.0,0.171,3.509,12.303,12.145,1301000000.0,0.0,14.21,1.046,1.032,691000000.0,1214000000.0,6224000000.0,6224000000.0,666000000.0,0.134,0.3,0.178,0.076,8000000.0,290000000.0,1.0,458023089.0,452000000.0,498000000.0,13.77,3942000000.0,0.0,-101000000.0,48000000.0,8.721,1213000000.0
69,STX,MRT,2004-03-31,2004-04-02,2004-04-02,2021-08-07,0.0,4003000000.0,3843500000.0,2675000000.0,1328000000.0,1.676,4.193,-534000000.0,736000000.0,736000000.0,4783000000.0,722000000.0,2.113,1.098,745000000.0,4000000.0,741000000.0,745000000.0,0.0,437000000.0,0.0,0.011,0.17,669000000.0,1106000000.0,0.172,1106000000.0,669000000.0,623000000.0,1.61,1.45,1.61,1908000000.0,1626500000.0,1908000000.0,7333648617.0,11.0,6.631,314000000.0,0.69,1.0,1658000000.0,0.257,0.0,46000000.0,2746000000.0,2449500000.0,482000000.0,627000000.0,627000000.0,0.0,2095000000.0,1266000000.0,829000000.0,7289648617.0,57000000.0,0.0,107000000.0,-4000000.0,-76000000.0,27000000.0,-818000000.0,-232000000.0,848000000.0,0.0,722000000.0,722000000.0,722000000.0,0.0,0.0,0.112,1006000000.0,652000000.0,725000000.0,0.106,3.821,10.096,10.006,1169000000.0,0.0,16.11,1.132,1.138,649000000.0,1248000000.0,6441000000.0,6441000000.0,678000000.0,0.188,0.444,0.273,0.104,0.0,305000000.0,1.0,452492155.0,455000000.0,498000000.0,14.156,4003000000.0,0.0,-99000000.0,62000000.0,8.798,1409000000.0
70,STX,MRT,2003-12-31,2004-01-02,2004-01-02,2021-08-07,0.0,4040000000.0,3688250000.0,2766000000.0,1274000000.0,1.809,3.862,-517000000.0,703000000.0,703000000.0,4882000000.0,737000000.0,1.879,1.325,747000000.0,6000000.0,741000000.0,747000000.0,0.0,445000000.0,0.0,0.007,0.14,803000000.0,1248000000.0,0.187,1248000000.0,803000000.0,757000000.0,1.67,1.5,1.67,1738000000.0,1436000000.0,1738000000.0,8609853383.0,11.0,6.899,363000000.0,0.807,1.0,1791000000.0,0.268,0.0,46000000.0,2612000000.0,2276500000.0,383000000.0,575000000.0,575000000.0,0.0,2302000000.0,1472000000.0,830000000.0,8696853383.0,81000000.0,0.0,78000000.0,-4000000.0,-62000000.0,12000000.0,-811000000.0,-225000000.0,880000000.0,0.0,737000000.0,737000000.0,737000000.0,0.0,0.0,0.11,1010000000.0,781000000.0,786000000.0,0.084,5.004,11.8,11.563,1117000000.0,0.0,19.31,1.303,1.302,914000000.0,1088000000.0,6673000000.0,6673000000.0,676000000.0,0.2,0.513,0.353,0.12,0.0,317000000.0,1.0,450380807.0,450000000.0,500000000.0,14.829,4040000000.0,0.0,20000000.0,186000000.0,8.978,1294000000.0
71,STX,MRT,2003-09-30,2003-10-03,2003-10-03,2021-08-07,0.0,3814000000.0,3483500000.0,2586000000.0,1228000000.0,1.908,3.47,-478000000.0,834000000.0,834000000.0,4824000000.0,730000000.0,1.795,1.47,747000000.0,4000000.0,743000000.0,747000000.0,0.0,454000000.0,0.0,0.004,0.1,794000000.0,1248000000.0,0.188,1248000000.0,794000000.0,748000000.0,1.7,1.52,1.7,1544000000.0,1244750000.0,1544000000.0,12392163741.0,16.0,9.93,574000000.0,1.29,1.0,1823000000.0,0.274,0.0,46000000.0,2286000000.0,2109000000.0,349000000.0,515000000.0,515000000.0,0.0,2270000000.0,1441000000.0,829000000.0,12392163741.0,329000000.0,8000000.0,346000000.0,-4000000.0,-306000000.0,36000000.0,-759000000.0,-221000000.0,1052000000.0,0.0,730000000.0,730000000.0,730000000.0,0.0,0.0,0.11,1041000000.0,782000000.0,759000000.0,0.059,8.026,16.976,16.306,1090000000.0,0.0,27.72,1.864,1.856,714000000.0,883000000.0,6647000000.0,6647000000.0,679000000.0,0.21,0.586,0.376,0.119,0.0,349000000.0,1.0,447047754.0,445000000.0,499000000.0,14.937,3814000000.0,0.0,18000000.0,180000000.0,8.571,1145000000.0
72,STX,MRT,2003-06-30,2003-06-27,2003-06-27,2021-08-07,0.0,3517000000.0,3306000000.0,2282000000.0,1235000000.0,1.962,3.148,-488000000.0,749000000.0,749000000.0,4759000000.0,641000000.0,1.674,1.672,749000000.0,4000000.0,745000000.0,749000000.0,0.0,443000000.0,0.0,0.003,0.06,707000000.0,1150000000.0,0.177,1150000000.0,707000000.0,660000000.0,1.53,1.36,1.53,1316000000.0,978500000.0,1316000000.0,7929366657.0,11.0,6.895,394000000.0,0.943,1.0,1727000000.0,0.266,0.0,47000000.0,2154000000.0,1892500000.0,319000000.0,445000000.0,445000000.0,0.0,2201000000.0,1363000000.0,838000000.0,7859366657.0,137000000.0,8000000.0,299000000.0,-2000000.0,-288000000.0,9000000.0,-754000000.0,-214000000.0,882000000.0,0.0,641000000.0,641000000.0,641000000.0,0.0,0.0,0.099,1036000000.0,691000000.0,651000000.0,0.039,5.972,12.261,11.882,1111000000.0,0.0,18.18,1.212,1.172,611000000.0,685000000.0,6486000000.0,6486000000.0,670000000.0,0.194,0.655,0.374,0.109,0.0,357000000.0,1.0,432308397.0,418000000.0,470000000.0,15.517,3517000000.0,0.0,19000000.0,179000000.0,8.414,919000000.0
73,STX,MRT,2003-03-31,2003-03-28,2003-03-28,2021-08-07,0.0,3382000000.0,,2196000000.0,1186000000.0,,2.671,-548000000.0,679000000.0,679000000.0,4760000000.0,284000000.0,1.576,1.951,749000000.0,4000000.0,745000000.0,749000000.0,0.0,425000000.0,0.0,0.003,0.03,382000000.0,807000000.0,0.126,807000000.0,382000000.0,331000000.0,0.67,0.55,0.67,1146000000.0,,1146000000.0,4566246742.0,12.0,5.658,380000000.0,0.886,1.0,1646000000.0,0.257,5000000.0,51000000.0,2054000000.0,,301000000.0,397000000.0,397000000.0,0.0,2236000000.0,1393000000.0,843000000.0,4437246742.0,-299000000.0,8000000.0,282000000.0,-192000000.0,-442000000.0,-359000000.0,-868000000.0,-272000000.0,928000000.0,0.0,284000000.0,284000000.0,284000000.0,0.0,0.0,0.044,1185000000.0,461000000.0,712000000.0,0.045,3.872,15.624,15.448,1062000000.0,0.0,10.35,0.693,0.693,657000000.0,524000000.0,6406000000.0,6406000000.0,702000000.0,,,,0.06,0.0,472000000.0,1.0,428719492.0,429000000.0,476000000.0,14.932,3377000000.0,0.0,47000000.0,179000000.0,7.872,803000000.0
74,STX,MRT,2002-12-31,2002-12-27,2002-12-27,2021-08-07,0.0,3221000000.0,,2078000000.0,1143000000.0,,2.385,-500000000.0,622000000.0,622000000.0,4754000000.0,303000000.0,1.481,2.31,751000000.0,4000000.0,747000000.0,751000000.0,0.0,430000000.0,0.0,0.0,0.0,424000000.0,854000000.0,0.132,854000000.0,424000000.0,365000000.0,0.74,0.63,0.74,973000000.0,,973000000.0,4481928454.0,11.0,5.248,494000000.0,1.211,1.0,1723000000.0,0.266,5000000.0,59000000.0,1942000000.0,,310000000.0,352000000.0,352000000.0,0.0,2248000000.0,1403000000.0,845000000.0,4342928454.0,-185000000.0,8000000.0,275000000.0,-207000000.0,-462000000.0,-396000000.0,-783000000.0,-244000000.0,994000000.0,0.0,303000000.0,303000000.0,303000000.0,0.0,0.0,0.047,1216000000.0,507000000.0,730000000.0,0.0,4.463,14.333,13.689,1025000000.0,0.0,10.13,0.671,0.638,628000000.0,351000000.0,6477000000.0,6477000000.0,712000000.0,,,,0.065,0.0,484000000.0,1.0,428719492.0,408000000.0,463000000.0,15.875,3216000000.0,0.0,62000000.0,179000000.0,7.882,675000000.0
75,STX,MRT,2002-09-30,2002-09-27,2002-09-27,2021-08-07,,,,,,,,,,,4705000000.0,229000000.0,,,,,,,,,,,0.0,378000000.0,,,,378000000.0,312000000.0,0.56,0.51,0.56,,,,,,,,,1.0,1667000000.0,0.262,,66000000.0,,,,,,,,,,,,,,,,,,,,,229000000.0,229000000.0,229000000.0,0.0,0.0,0.036,1220000000.0,447000000.0,,0.0,,,,,0.0,,,,,,6372000000.0,6372000000.0,707000000.0,,,,0.059,,488000000.0,1.0,428719492.0,402000000.0,456000000.0,15.851,,,83000000.0,,,
76,STX,MRT,2002-06-30,2002-06-28,2002-06-28,2021-08-07,0.0,3095000000.0,3030500000.0,1962000000.0,1133000000.0,2.009,1.599,-540000000.0,612000000.0,612000000.0,4494000000.0,153000000.0,1.224,3.828,751000000.0,2000000.0,749000000.0,751000000.0,0.0,405000000.0,0.0,,0.0,316000000.0,721000000.0,0.118,721000000.0,316000000.0,239000000.0,0.38,0.36,0.38,641000000.0,647000000.0,641000000.0,,,,365000000.0,0.91,1.0,1593000000.0,0.262,0.0,77000000.0,1631000000.0,1680000000.0,347000000.0,231000000.0,231000000.0,0.0,2454000000.0,1603000000.0,851000000.0,,-114000000.0,0.0,4000000.0,-213000000.0,-200000000.0,-409000000.0,-610000000.0,-48000000.0,905000000.0,0.0,153000000.0,153000000.0,153000000.0,0.0,0.0,0.025,1219000000.0,374000000.0,755000000.0,0.0,,,,1022000000.0,0.0,,,,614000000.0,43000000.0,6087000000.0,6087000000.0,698000000.0,0.05,0.236,0.188,0.052,0.0,498000000.0,1.0,,401000000.0,428000000.0,15.18,3095000000.0,0.0,86000000.0,170000000.0,7.718,359000000.0
77,STX,MRT,2002-03-31,2002-03-29,2002-03-29,2021-08-07,,,,,,,,,,,,,,,,,,,,,,,0.0,,,,,,,,,,,,,,,,,,1.0,,,,,,,,,,,,,,,,,,,,,,,,,,,,,,,,,,,,,,,,,,,,,,,,,,,,,,1.0,,401000000.0,,,,,,,,
78,STX,MRT,2001-12-31,2001-12-28,2001-12-28,2021-08-07,,,,,,,,-472000000.0,,,5112000000.0,48000000.0,,,,,,,,371000000.0,,,0.0,184000000.0,555000000.0,0.084,555000000.0,184000000.0,88000000.0,,,,,,,,,,38000000.0,0.095,1.0,1467000000.0,0.223,,96000000.0,,,,,,,,,,,807000000.0,-800000000.0,3000000.0,843000000.0,0.0,1596000000.0,-1299000000.0,10000000.0,510000000.0,0.0,48000000.0,48000000.0,48000000.0,0.0,0.0,0.007,1336000000.0,131000000.0,,,,,,,0.0,,,,,,6579000000.0,6579000000.0,703000000.0,,,,0.028,0.0,493000000.0,1.0,,400000000.0,,16.448,,,40000000.0,,,
79,STX,MRT,2001-06-30,2001-06-29,2001-06-29,2021-08-07,0.0,2966000000.0,,1938000000.0,1028000000.0,,,,726000000.0,726000000.0,,,1.505,3.542,900000000.0,23000000.0,877000000.0,900000000.0,0.0,,0.0,,,,,,,,,,,,653000000.0,,653000000.0,,,,,,1.0,,,123000000.0,,1729000000.0,,322000000.0,183000000.0,183000000.0,0.0,2313000000.0,1288000000.0,1025000000.0,,,,,,,,,,,,,,,,,,,,530000000.0,,,,,802000000.0,,,,,539000000.0,-110000000.0,,,,,,,,,,1.0,,,,,2843000000.0,0.0,,164000000.0,,650000000.0
