None,ticker,dimension,calendardate,datekey,reportperiod,lastupdated,accoci,assets,assetsavg,assetsc,assetsnc,assetturnover,bvps,capex,cashneq,cashnequsd,cor,consolinc,currentratio,de,debt,debtc,debtnc,debtusd,deferredrev,depamor,deposits,divyield,dps,ebit,ebitda,ebitdamargin,ebitdausd,ebitusd,ebt,eps,epsdil,epsusd,equity,equityavg,equityusd,ev,evebit,evebitda,fcf,fcfps,fxusd,gp,grossmargin,intangibles,intexp,invcap,invcapavg,inventory,investments,investmentsc,investmentsnc,liabilities,liabilitiesc,liabilitiesnc,marketcap,ncf,ncfbus,ncfcommon,ncfdebt,ncfdiv,ncff,ncfi,ncfinv,ncfo,ncfx,netinc,netinccmn,netinccmnusd,netincdis,netincnci,netmargin,opex,opinc,payables,payoutratio,pb,pe,pe1,ppnenet,prefdivis,price,ps,ps1,receivables,retearn,revenue,revenueusd,rnd,roa,roe,roic,ros,sbcomp,sgna,sharefactor,sharesbas,shareswa,shareswadil,sps,tangibles,taxassets,taxexp,taxliabilities,tbvps,workingcapital
0,TFC,MRY,2020-12-31,2020-12-31,2020-12-31,2021-09-09,716000000.0,509228000000.0,504744000000.0,,,0.04,52.641,-815000000.0,18868000000.0,18868000000.0,0.0,4492000000.0,,6.181,45689000000.0,,,45689000000.0,0.0,1608000000.0,381077000000.0,0.038,1.8,5463000000.0,7071000000.0,0.347,7071000000.0,5463000000.0,5463000000.0,3.11,3.08,3.11,70912000000.0,68957250000.0,70912000000.0,74759310886.0,14.0,10.573,6622000000.0,4.916,1.0,20370000000.0,1.0,29454000000.0,0.0,506595000000.0,498607750000.0,0.0,457036000000.0,,,438316000000.0,,,64615310886.0,-197000000.0,-2439000000.0,0.0,-13758000000.0,-2424000000.0,36018000000.0,-43652000000.0,-39692000000.0,7437000000.0,0.0,4482000000.0,4184000000.0,4184000000.0,0.0,10000000.0,0.205,14662000000.0,5708000000.0,0.0,0.579,0.911,15.443,15.412,3870000000.0,298000000.0,47.93,3.172,3.17,0.0,19455000000.0,20370000000.0,20370000000.0,0.0,0.008,0.061,0.011,0.268,353000000.0,11059000000.0,1.0,1348118316.0,1347080000.0,1358289000.0,15.122,479774000000.0,0.0,981000000.0,0.0,356.159,
1,TFC,MRY,2019-12-31,2019-12-31,2019-12-31,2021-09-09,-844000000.0,473078000000.0,292095750000.0,,,0.041,82.67,-224000000.0,19065000000.0,19065000000.0,0.0,3237000000.0,,6.108,59557000000.0,,,59557000000.0,0.0,630000000.0,334727000000.0,0.03,1.71,4006000000.0,4636000000.0,0.388,4636000000.0,4006000000.0,4006000000.0,3.76,3.71,3.76,66558000000.0,40377000000.0,66558000000.0,76065212557.0,19.0,16.408,1296000000.0,1.61,1.0,11953000000.0,1.0,27296000000.0,0.0,486274000000.0,309577500000.0,0.0,423005000000.0,,,406520000000.0,,,43158212557.0,15221000000.0,6256000000.0,0.0,4112000000.0,-1309000000.0,5353000000.0,8348000000.0,2233000000.0,1520000000.0,0.0,3224000000.0,3028000000.0,3028000000.0,0.0,13000000.0,0.253,7934000000.0,4019000000.0,0.0,0.455,0.648,14.253,14.979,3712000000.0,196000000.0,56.32,3.611,3.793,0.0,19806000000.0,11953000000.0,11953000000.0,0.0,0.01,0.075,0.013,0.335,165000000.0,6190000000.0,1.0,766303490.0,805104000.0,815204000.0,14.847,445782000000.0,0.0,782000000.0,0.0,553.695,
2,TFC,MRY,2018-12-31,2018-12-31,2018-12-31,2021-09-09,-1715000000.0,225697000000.0,222998000000.0,,,0.049,39.042,-363000000.0,3844000000.0,3844000000.0,0.0,3257000000.0,,6.479,28887000000.0,,,28887000000.0,0.0,555000000.0,161199000000.0,0.036,1.56,4040000000.0,4595000000.0,0.418,4595000000.0,4040000000.0,4040000000.0,3.96,3.91,3.96,30178000000.0,29919750000.0,30178000000.0,63118247483.0,16.0,13.736,3986000000.0,5.157,1.0,10992000000.0,1.0,10576000000.0,0.0,240164000000.0,237699000000.0,0.0,209159000000.0,,,195519000000.0,,,33383247483.0,888000000.0,-296000000.0,-1205000000.0,476000000.0,-1204000000.0,1502000000.0,-4963000000.0,-4536000000.0,4349000000.0,0.0,3237000000.0,3063000000.0,3063000000.0,0.0,20000000.0,0.279,6932000000.0,4060000000.0,0.0,0.394,1.106,10.899,10.939,2118000000.0,174000000.0,43.32,3.037,3.046,0.0,18118000000.0,10992000000.0,10992000000.0,0.0,0.014,0.102,0.017,0.368,141000000.0,5538000000.0,1.0,770619748.0,772963000.0,783484000.0,14.221,215121000000.0,0.0,803000000.0,0.0,278.307,
3,TFC,MRY,2017-12-31,2017-12-31,2017-12-31,2021-09-09,-1467000000.0,221642000000.0,220918750000.0,,,0.049,37.155,0.0,3083000000.0,3083000000.0,0.0,2415000000.0,,6.464,28586000000.0,,,28586000000.0,0.0,550000000.0,157371000000.0,0.025,1.26,3305000000.0,3855000000.0,0.358,3855000000.0,3305000000.0,3305000000.0,2.78,2.74,2.78,29695000000.0,29980500000.0,29695000000.0,64877154705.0,20.0,16.829,4635000000.0,5.799,1.0,10770000000.0,1.0,11385000000.0,0.0,235760000000.0,233172000000.0,0.0,190884000000.0,,,191947000000.0,,,39225154705.0,-1324000000.0,0.0,-1613000000.0,4962000000.0,-1005000000.0,-549000000.0,-5410000000.0,-5278000000.0,4635000000.0,0.0,2394000000.0,2220000000.0,2220000000.0,0.0,21000000.0,0.206,7052000000.0,3718000000.0,5990000000.0,0.453,1.321,17.669,17.885,2055000000.0,174000000.0,49.72,3.642,3.69,0.0,16259000000.0,10770000000.0,10770000000.0,0.0,0.01,0.074,0.014,0.307,132000000.0,5473000000.0,1.0,788921052.0,799217000.0,810977000.0,13.476,210257000000.0,0.0,911000000.0,0.0,263.079,
4,TFC,MRY,2016-12-31,2016-12-31,2016-12-31,2021-09-09,-1132000000.0,219276000000.0,219040500000.0,,,0.047,37.19,0.0,4424000000.0,4424000000.0,0.0,2442000000.0,,6.327,23371000000.0,,,23371000000.0,0.0,555000000.0,160234000000.0,0.024,1.15,3484000000.0,4039000000.0,0.395,4039000000.0,3484000000.0,3484000000.0,2.81,2.77,2.81,29926000000.0,29499750000.0,29926000000.0,61559170633.0,18.0,15.241,3115000000.0,3.871,1.0,10221000000.0,1.0,11544000000.0,0.0,226679000000.0,230116500000.0,0.0,187155000000.0,,,189350000000.0,,,38153170633.0,257000000.0,-726000000.0,-520000000.0,-5552000000.0,-925000000.0,-1882000000.0,-976000000.0,-621000000.0,3115000000.0,0.0,2426000000.0,2259000000.0,2259000000.0,0.0,16000000.0,0.221,6722000000.0,3499000000.0,5745000000.0,0.409,1.275,16.889,16.733,2107000000.0,167000000.0,47.02,3.733,3.702,0.0,14809000000.0,10221000000.0,10221000000.0,0.0,0.01,0.077,0.015,0.341,115000000.0,4917000000.0,1.0,811424301.0,804680000.0,814916000.0,12.702,207732000000.0,0.0,1058000000.0,0.0,258.155,
5,TFC,MRY,2015-12-31,2015-12-31,2015-12-31,2021-09-09,-1028000000.0,209947000000.0,199750250000.0,,,0.046,36.55,0.0,4014000000.0,4014000000.0,0.0,2123000000.0,,6.679,27362000000.0,,,27362000000.0,0.0,461000000.0,149124000000.0,0.028,1.05,2878000000.0,3339000000.0,0.364,3339000000.0,2878000000.0,2878000000.0,2.59,2.56,2.59,27340000000.0,26118500000.0,27340000000.0,53730482276.0,19.0,16.092,3131000000.0,4.186,1.0,9183000000.0,1.0,10114000000.0,0.0,223181000000.0,214558000000.0,0.0,179506000000.0,,,182607000000.0,,,29497482276.0,1386000000.0,1055000000.0,68000000.0,-1143000000.0,-789000000.0,104000000.0,-1849000000.0,-3294000000.0,3131000000.0,0.0,2084000000.0,1936000000.0,1936000000.0,0.0,39000000.0,0.211,6094000000.0,3089000000.0,6121000000.0,0.405,1.079,15.236,14.598,2007000000.0,148000000.0,37.81,3.212,3.08,0.0,13464000000.0,9183000000.0,9183000000.0,0.0,0.01,0.074,0.013,0.313,106000000.0,4307000000.0,1.0,780150285.0,748010000.0,757765000.0,12.277,199833000000.0,0.0,794000000.0,0.0,267.153,
6,TFC,MRY,2014-12-31,2014-12-31,2014-12-31,2021-09-09,-751000000.0,186834000000.0,186629750000.0,,,0.048,33.945,0.0,2542000000.0,2542000000.0,0.0,2206000000.0,,6.664,27029000000.0,,,27029000000.0,0.0,424000000.0,129040000000.0,0.024,0.95,3052000000.0,3476000000.0,0.387,3476000000.0,3052000000.0,3052000000.0,2.76,2.72,2.76,24377000000.0,24053000000.0,24377000000.0,51584404582.0,17.0,14.84,3210000000.0,4.47,1.0,8979000000.0,1.0,8218000000.0,0.0,203103000000.0,202201500000.0,0.0,161137000000.0,,,162457000000.0,,,28012404582.0,160000000.0,1025000000.0,298000000.0,1177000000.0,-666000000.0,965000000.0,-4015000000.0,-5666000000.0,3210000000.0,0.0,2131000000.0,1983000000.0,1983000000.0,0.0,75000000.0,0.221,5730000000.0,3249000000.0,6388000000.0,0.344,1.149,14.126,14.091,1827000000.0,148000000.0,38.89,3.12,3.11,0.0,12317000000.0,8979000000.0,8979000000.0,0.0,0.011,0.082,0.015,0.34,102000000.0,4001000000.0,1.0,720298395.0,718140000.0,728372000.0,12.503,178616000000.0,0.0,921000000.0,0.0,248.72,
7,TFC,MRY,2013-12-31,2013-12-31,2013-12-31,2021-09-09,-593000000.0,183010000000.0,181908000000.0,,,0.05,32.443,0.0,2439000000.0,2439000000.0,0.0,1730000000.0,,7.024,25631000000.0,,,25631000000.0,0.0,421000000.0,127475000000.0,0.03,1.12,3233000000.0,3654000000.0,0.403,3654000000.0,3233000000.0,3233000000.0,2.22,2.19,2.22,22809000000.0,22032000000.0,22809000000.0,48697800701.0,15.0,13.327,5308000000.0,7.55,1.0,9060000000.0,1.0,8430000000.0,0.0,197772000000.0,194574250000.0,0.0,155760000000.0,,,160201000000.0,,,26307800701.0,-874000000.0,516000000.0,0.0,3804000000.0,-765000000.0,-1973000000.0,-4209000000.0,-5653000000.0,5308000000.0,0.0,1680000000.0,1563000000.0,1563000000.0,0.0,50000000.0,0.173,5777000000.0,3283000000.0,7095000000.0,0.505,1.153,16.832,16.811,1869000000.0,117000000.0,37.32,2.904,2.896,0.0,11044000000.0,9060000000.0,9060000000.0,0.0,0.009,0.071,0.017,0.357,96000000.0,4174000000.0,1.0,704924992.0,703042000.0,714363000.0,12.887,174580000000.0,0.0,1553000000.0,0.0,248.321,
8,TFC,MRY,2012-12-31,2012-12-31,2012-12-31,2021-09-09,-559000000.0,184499000000.0,179950250000.0,,,0.048,30.373,0.0,3667000000.0,3667000000.0,0.0,2028000000.0,,7.693,21978000000.0,,,21978000000.0,0.0,391000000.0,133075000000.0,0.026,0.76,2743000000.0,3134000000.0,0.364,3134000000.0,2743000000.0,2743000000.0,2.74,2.7,2.74,21223000000.0,19640750000.0,21223000000.0,39336544358.0,14.0,12.552,3714000000.0,5.315,1.0,8620000000.0,1.0,8104000000.0,0.0,194706000000.0,192644250000.0,0.0,155696000000.0,,,163276000000.0,,,20366544358.0,-537000000.0,675000000.0,0.0,-3487000000.0,-531000000.0,2796000000.0,-7047000000.0,-8497000000.0,3714000000.0,0.0,1979000000.0,1916000000.0,1916000000.0,0.0,49000000.0,0.222,5826000000.0,2794000000.0,8223000000.0,0.277,0.96,10.63,10.624,1888000000.0,63000000.0,29.11,2.363,2.36,0.0,10129000000.0,8620000000.0,8620000000.0,0.0,0.011,0.098,0.014,0.318,97000000.0,3931000000.0,1.0,699640823.0,698739000.0,708877000.0,12.337,176395000000.0,0.0,764000000.0,0.0,252.448,
9,TFC,MRY,2011-12-31,2011-12-31,2011-12-31,2021-09-09,-713000000.0,174579000000.0,164651250000.0,,,0.045,25.096,0.0,4228000000.0,4228000000.0,0.0,1332000000.0,,8.987,25369000000.0,,,25369000000.0,0.0,363000000.0,124939000000.0,0.025,0.64,1585000000.0,1948000000.0,0.262,1948000000.0,1585000000.0,1585000000.0,1.85,1.83,1.85,17480000000.0,17185000000.0,17480000000.0,39414519512.0,25.0,20.233,4276000000.0,6.139,1.0,7430000000.0,1.0,7085000000.0,0.0,188635000000.0,181031500000.0,0.0,146026000000.0,,,157099000000.0,,,17546519512.0,1489000000.0,-86000000.0,0.0,-2287000000.0,-446000000.0,15220000000.0,-18007000000.0,-18639000000.0,4276000000.0,0.0,1289000000.0,1289000000.0,1289000000.0,0.0,43000000.0,0.173,5802000000.0,1628000000.0,6791000000.0,0.346,1.004,13.613,13.605,1855000000.0,0.0,25.17,2.362,2.36,1100000000.0,8772000000.0,7430000000.0,7430000000.0,0.0,0.008,0.075,0.009,0.213,98000000.0,3517000000.0,1.0,697120362.0,696532000.0,705168000.0,10.667,167494000000.0,0.0,296000000.0,0.0,240.468,
10,TFC,MRY,2010-12-31,2010-12-31,2010-12-31,2021-09-09,-747000000.0,157081000000.0,158273500000.0,,,0.042,23.824,-428000000.0,2367000000.0,2367000000.0,0.0,854000000.0,,8.521,27403000000.0,,,27403000000.0,0.0,382000000.0,107213000000.0,0.023,0.6,931000000.0,1313000000.0,0.198,1313000000.0,931000000.0,931000000.0,1.18,1.16,1.18,16498000000.0,16638250000.0,16498000000.0,43731227004.0,47.0,33.306,2470000000.0,3.567,1.0,6639000000.0,1.0,7346000000.0,0.0,174771000000.0,176590500000.0,0.0,128685000000.0,,,140583000000.0,,,18238227004.0,-264000000.0,-839000000.0,110000000.0,-2270000000.0,-415000000.0,-9141000000.0,5979000000.0,6191000000.0,2898000000.0,0.0,816000000.0,816000000.0,816000000.0,0.0,38000000.0,0.123,5670000000.0,969000000.0,5967000000.0,0.508,1.105,22.351,22.28,1840000000.0,0.0,26.29,2.747,2.742,1922000000.0,7935000000.0,6639000000.0,6639000000.0,0.0,0.005,0.049,0.005,0.14,79000000.0,3394000000.0,1.0,693732484.0,692489000.0,701039000.0,9.587,149735000000.0,0.0,115000000.0,0.0,216.227,
11,TFC,MRY,2009-12-31,2009-12-31,2009-12-31,2021-09-09,-417000000.0,165764000000.0,156728750000.0,,,0.038,25.796,-174000000.0,2521000000.0,2521000000.0,0.0,877000000.0,,9.207,29482000000.0,,,29482000000.0,0.0,339000000.0,114965000000.0,0.049,1.24,1012000000.0,1351000000.0,0.226,1351000000.0,1012000000.0,1012000000.0,1.16,1.15,1.16,16241000000.0,15839250000.0,16241000000.0,44961843721.0,44.0,33.28,-667000000.0,-1.059,1.0,5967000000.0,1.0,7525000000.0,0.0,185200000000.0,177900250000.0,0.0,137894000000.0,,,149523000000.0,,,17444843721.0,-91000000.0,4502000000.0,2727000000.0,-2747000000.0,-727000000.0,-6831000000.0,7233000000.0,2676000000.0,-493000000.0,0.0,853000000.0,729000000.0,729000000.0,0.0,24000000.0,0.122,4931000000.0,1036000000.0,5076000000.0,1.069,1.074,23.93,21.871,1583000000.0,124000000.0,25.37,2.924,2.677,3062000000.0,7539000000.0,5967000000.0,5967000000.0,0.0,0.005,0.046,0.006,0.17,62000000.0,3226000000.0,1.0,687617017.0,629583000.0,635619000.0,9.478,158239000000.0,0.0,159000000.0,0.0,251.339,
12,TFC,MRY,2008-12-31,2008-12-31,2008-12-31,2021-09-09,-732000000.0,152015000000.0,140484500000.0,,,0.043,29.3,-219000000.0,2769000000.0,2769000000.0,0.0,1529000000.0,,8.453,28820000000.0,,,28820000000.0,0.0,298000000.0,98613000000.0,0.068,1.86,2069000000.0,2367000000.0,0.395,2367000000.0,2069000000.0,2069000000.0,2.73,2.71,2.73,16081000000.0,13664500000.0,16081000000.0,44181305624.0,21.0,18.666,5134000000.0,9.354,1.0,5990000000.0,1.0,6395000000.0,0.0,171671000000.0,162229250000.0,0.0,130664000000.0,,,135934000000.0,,,15171305624.0,-377000000.0,311000000.0,160000000.0,-1280000000.0,-1019000000.0,12593000000.0,-18323000000.0,-18545000000.0,5353000000.0,0.0,1519000000.0,1498000000.0,1498000000.0,0.0,10000000.0,0.25,3911000000.0,2079000000.0,8501000000.0,0.681,0.943,10.128,10.059,1580000000.0,21000000.0,27.46,2.533,2.516,0.0,7381000000.0,5990000000.0,5990000000.0,0.0,0.011,0.11,0.013,0.345,75000000.0,2914000000.0,1.0,552487459.0,548847000.0,552498000.0,10.914,145620000000.0,0.0,550000000.0,0.0,265.32,
13,TFC,MRY,2007-12-31,2007-12-31,2007-12-31,2021-09-09,-104000000.0,132618000000.0,128167500000.0,,,0.048,23.085,-256000000.0,2646000000.0,2646000000.0,0.0,1746000000.0,,9.499,29327000000.0,,,29327000000.0,0.0,283000000.0,86766000000.0,0.057,1.76,2570000000.0,2853000000.0,0.46,2853000000.0,2570000000.0,2570000000.0,3.17,3.14,3.17,12632000000.0,12202250000.0,12632000000.0,44311847171.0,17.0,15.532,856000000.0,1.564,1.0,6206000000.0,1.0,6155000000.0,0.0,153144000000.0,148038000000.0,0.0,114789000000.0,,,119986000000.0,,,16851847171.0,405000000.0,-141000000.0,-190000000.0,3126000000.0,-962000000.0,6755000000.0,-7462000000.0,-7169000000.0,1112000000.0,0.0,1734000000.0,1734000000.0,1734000000.0,0.0,12000000.0,0.279,3624000000.0,2582000000.0,3893000000.0,0.555,1.334,9.718,9.675,1529000000.0,0.0,30.67,2.715,2.704,0.0,6919000000.0,6206000000.0,6206000000.0,0.0,0.014,0.142,0.017,0.414,70000000.0,2710000000.0,1.0,549457032.0,547184000.0,551755000.0,11.342,126463000000.0,0.0,836000000.0,0.0,231.116,
14,TFC,MRY,2006-12-31,2006-12-31,2006-12-31,2021-09-09,-359000000.0,121351000000.0,116548079000.0,,,0.051,21.785,-166000000.0,2612000000.0,2612000000.0,0.0,1528000000.0,,9.332,23991000000.0,,,23991000000.0,0.0,292000000.0,80971000000.0,0.036,1.6,2473000000.0,2765000000.0,0.462,2765000000.0,2473000000.0,2473000000.0,2.84,2.81,2.84,11745000000.0,11403252500.0,11745000000.0,44636080113.0,18.0,16.143,601000000.0,1.115,1.0,5989000000.0,1.0,5765000000.0,0.0,136965000000.0,130574234000.0,0.0,105824000000.0,,,109606000000.0,,,23763270113.0,-85000000.0,38000000.0,-845000000.0,3664000000.0,-863000000.0,6435000000.0,-7287000000.0,-7226000000.0,767000000.0,0.0,1528000000.0,1528000000.0,1528000000.0,0.0,0.0,0.255,3516000000.0,2473000000.0,4644000000.0,0.563,2.023,15.552,15.468,1410000000.0,0.0,43.93,3.968,3.955,0.0,6596000000.0,5989000000.0,5989000000.0,0.0,0.013,0.134,0.019,0.413,58000000.0,2646000000.0,1.0,540934899.0,539140000.0,543891000.0,11.108,115586000000.0,0.0,945000000.0,0.0,214.39,
15,TFC,MRY,2005-12-31,2005-12-31,2005-12-31,2021-09-09,-356000000.0,109170000000.0,106025140750.0,,,0.053,20.349,-167000000.0,2596000000.0,2596000000.0,0.0,1654000000.0,,8.81,19681000000.0,,,19681000000.0,0.0,303000000.0,74282000000.0,0.035,1.46,2467000000.0,2770000000.0,0.492,2770000000.0,2467000000.0,2467000000.0,3.02,3.0,3.02,11129000000.0,11060142250.0,11129000000.0,39315776507.0,16.0,14.193,1541000000.0,2.818,1.0,5634000000.0,1.0,5175000000.0,0.0,121080000000.0,118317962500.0,0.0,94974000000.0,,,98041000000.0,,,22727643507.0,-107000000.0,-124000000.0,-406000000.0,1546000000.0,-801000000.0,6927000000.0,-8742000000.0,-8521000000.0,1708000000.0,0.0,1654000000.0,1654000000.0,1654000000.0,0.0,0.0,0.294,3167000000.0,2467000000.0,4078000000.0,0.483,2.042,13.741,13.877,1287000000.0,0.0,41.91,4.034,4.068,0.0,5951000000.0,5634000000.0,5634000000.0,0.0,0.016,0.15,0.021,0.438,16000000.0,2350000000.0,1.0,542296433.0,546916000.0,551380000.0,10.301,103995000000.0,0.0,813000000.0,0.0,190.148,
16,TFC,MRY,2004-12-31,2004-12-31,2004-12-31,2021-09-09,-111201000.0,100508641000.0,97504706500.0,,,0.054,19.712,-193000000.0,2785448000.0,2785448000.0,0.0,1558000000.0,,8.243,18107496000.0,,,18107496000.0,0.0,270000000.0,67699337000.0,0.032,1.34,2322000000.0,2592000000.0,0.497,2592000000.0,2322000000.0,2322000000.0,2.82,2.8,2.82,10874474000.0,10655224000.0,10874474000.0,38750656538.0,17.0,14.95,2696000000.0,4.887,1.0,5218000000.0,1.0,4637780000.0,0.0,111192909000.0,107820526750.0,0.0,86770633000.0,,,89634167000.0,,,23227057538.0,142000000.0,-58000000.0,-362000000.0,-291000000.0,-739000000.0,4428000000.0,-7175000000.0,-7037000000.0,2889000000.0,0.0,1558000000.0,1558000000.0,1558000000.0,0.0,0.0,0.299,2896000000.0,2322000000.0,3827334000.0,0.475,2.136,14.908,14.911,1283546000.0,0.0,42.05,4.451,4.446,0.0,5112034000.0,5218000000.0,5218000000.0,0.0,0.016,0.146,0.022,0.445,16000000.0,2124000000.0,1.0,552367599.0,551661326.0,556041033.0,9.459,95870861000.0,0.0,764000000.0,0.0,173.786,
17,TFC,MRY,2003-12-31,2003-12-31,2003-12-31,2021-09-09,21879000.0,90466613000.0,85228610000.0,,,0.055,19.486,-398442000.0,2489118000.0,2489118000.0,0.0,1064903000.0,,8.106,18142600000.0,,,18142600000.0,0.0,207597000.0,59349785000.0,0.032,1.22,1617030000.0,1824627000.0,0.391,1824627000.0,1617030000.0,1617030000.0,2.09,2.07,2.09,9934731000.0,8853516250.0,9934731000.0,34858716075.0,22.0,19.105,3420334000.0,6.709,1.0,4661759000.0,1.0,4018470000.0,0.0,102101625000.0,97382377250.0,0.0,78170193000.0,,,80531882000.0,,,21120890075.0,449747000.0,914646000.0,-748729000.0,-1595686000.0,-628118000.0,-4614982000.0,1245953000.0,638177000.0,3818776000.0,0.0,1064903000.0,1064903000.0,1064903000.0,0.0,0.0,0.228,2659831000.0,2001928000.0,3039497000.0,0.584,2.126,19.834,18.488,1201342000.0,0.0,38.64,4.531,4.226,0.0,4309635000.0,4661759000.0,4661759000.0,0.0,0.012,0.12,0.017,0.347,12998000.0,1887225000.0,1.0,546606886.0,509850763.0,514082392.0,9.143,86448143000.0,0.0,552127000.0,0.0,169.556,
18,TFC,MRY,2002-12-31,2002-12-31,2002-12-31,2021-09-09,330709000.0,80216816000.0,77421702000.0,,,0.052,15.609,-354138000.0,2077772000.0,2077772000.0,0.0,1303009000.0,,9.858,18984800000.0,,,18984800000.0,0.0,155065000.0,51280016000.0,0.03,1.1,1800477000.0,1955542000.0,0.486,1955542000.0,1800477000.0,1800477000.0,2.75,2.72,2.75,7387914000.0,7276626250.0,7387914000.0,33829605652.0,19.0,17.299,462320000.0,0.977,1.0,4025007000.0,1.0,1872203000.0,0.0,95251641000.0,91554643750.0,0.0,70892264000.0,,,72828902000.0,,,17713998652.0,139994000.0,827682000.0,-740589000.0,-425832000.0,-521878000.0,602034000.0,-1278498000.0,-1811286000.0,816458000.0,0.0,1303009000.0,1303009000.0,1303009000.0,0.0,0.0,0.324,2234310000.0,1790697000.0,2564086000.0,0.4,2.398,13.595,13.451,1072101000.0,0.0,36.99,4.401,4.35,0.0,3912320000.0,4025007000.0,4025007000.0,0.0,0.017,0.179,0.02,0.447,16446000.0,1661267000.0,1.0,478886149.0,473303770.0,478792558.0,8.504,78344613000.0,0.0,497468000.0,0.0,165.527,
19,TFC,MRY,2001-12-31,2001-12-31,2001-12-31,2021-09-09,307399000.0,70869945000.0,67008266000.0,,,0.053,13.571,-408503000.0,1986186000.0,1986186000.0,0.0,973638000.0,,10.523,18370176000.0,,,18370176000.0,0.0,194883000.0,44733275000.0,0.027,0.98,1360428000.0,1555311000.0,0.439,1555311000.0,1360428000.0,1360428000.0,2.15,2.12,2.15,6150209000.0,5652177500.0,6150209000.0,31970743435.0,24.0,20.556,-314580000.0,-0.694,1.0,3543668000.0,1.0,879903000.0,0.0,86374032000.0,82297746250.0,0.0,63804650000.0,,,64719736000.0,,,16359942435.0,125599000.0,140730000.0,-448946000.0,2357321000.0,-433570000.0,1083467000.0,-1051791000.0,-839707000.0,93923000.0,0.0,973638000.0,973638000.0,973638000.0,0.0,0.0,0.275,2183240000.0,1360428000.0,1616285000.0,0.456,2.66,16.803,16.795,989611000.0,0.0,36.11,4.617,4.618,0.0,3148501000.0,3543668000.0,3543668000.0,0.0,0.015,0.172,0.017,0.384,24014000.0,1489499000.0,1.0,453058500.0,453188403.0,459269330.0,7.819,69990042000.0,0.0,386790000.0,0.0,154.439,
20,TFC,MRY,2000-12-31,2000-12-31,2000-12-31,2021-09-09,104297000.0,66552823000.0,54662323250.0,,,0.055,12.023,-228877000.0,1776990000.0,1776990000.0,0.0,698488000.0,,11.28,15955996000.0,,,15955996000.0,0.0,116247000.0,43877319000.0,0.023,0.86,1013006000.0,1129253000.0,0.375,1129253000.0,1013006000.0,1013006000.0,1.55,1.53,1.55,5419809000.0,4230741500.0,5419809000.0,28521604642.0,28.0,25.257,70942000.0,0.157,1.0,3014097000.0,1.0,0.0,0.0,80731829000.0,67408474750.0,0.0,60528549000.0,,,61133014000.0,,,14796251642.0,-266140000.0,239620000.0,-172721000.0,1286864000.0,-374596000.0,4150718000.0,-4716677000.0,-4785909000.0,299819000.0,0.0,698488000.0,698488000.0,698488000.0,0.0,0.0,0.232,2001091000.0,1013006000.0,1299699000.0,0.555,2.73,21.183,24.071,928956000.0,0.0,37.31,4.909,5.58,0.0,2632642000.0,3014097000.0,3014097000.0,0.0,0.013,0.165,0.015,0.336,10775000.0,1348321000.0,1.0,396576029.0,450789079.0,456213609.0,6.686,66552823000.0,0.0,314518000.0,0.0,147.636,
21,TFC,MRY,1999-12-31,1999-12-31,1999-12-31,2021-09-09,-309406000.0,52999759000.0,42906427250.0,,,0.071,12.757,-197137000.0,1547998000.0,1547998000.0,0.0,778725000.0,,12.043,14045301000.0,,,14045301000.0,0.0,115436000.0,34147643000.0,0.028,0.75,1155910000.0,1271346000.0,0.42,1271346000.0,1155910000.0,1155910000.0,1.74,1.71,1.74,4063619000.0,3234482500.0,4063619000.0,19836230796.0,17.0,15.603,1786398000.0,5.608,1.0,3025578000.0,1.0,0.0,0.0,65497062000.0,53706291500.0,0.0,48466750000.0,,,48936140000.0,,,8651516796.0,30247000.0,0.0,-349193000.0,3640198000.0,-324280000.0,3309908000.0,-5263196000.0,-5119310000.0,1983535000.0,0.0,778725000.0,778725000.0,778725000.0,0.0,0.0,0.257,1869668000.0,1155910000.0,743196000.0,0.431,2.129,11.11,15.609,713089000.0,0.0,27.16,2.859,2.859,0.0,2011627000.0,3025578000.0,3025578000.0,0.0,0.018,0.241,0.022,0.382,3906000.0,1327098000.0,1.0,318538910.0,318538910.0,,9.498,52999759000.0,0.0,377185000.0,0.0,166.384,
22,TFC,MRY,1998-12-31,1998-12-31,1998-12-31,2021-09-09,64606000.0,39470135000.0,34106289500.0,,,0.068,10.899,-202154000.0,1120130000.0,1120130000.0,0.0,651744000.0,,11.447,9298587000.0,,,9298587000.0,0.0,89066000.0,26449632000.0,0.016,0.66,958488000.0,1047554000.0,0.449,1047554000.0,958488000.0,958488000.0,1.67,1.64,1.67,3171145000.0,2692650250.0,3171145000.0,19427080204.0,20.0,18.545,38707000.0,0.133,1.0,2335403000.0,1.0,0.0,0.0,47648592000.0,41492735250.0,0.0,36284407000.0,,,36298990000.0,,,11728936204.0,-14062000.0,0.0,-273633000.0,1175402000.0,-246361000.0,1975733000.0,-2230656000.0,-2023282000.0,240861000.0,0.0,651744000.0,651744000.0,651744000.0,0.0,0.0,0.279,1376915000.0,958488000.0,550771000.0,0.395,3.699,17.996,24.138,525239000.0,0.0,40.31,5.022,5.022,0.0,1272776000.0,2335403000.0,2335403000.0,0.0,0.019,0.242,0.023,0.41,1325000.0,1013253000.0,1.0,290968400.0,290968400.0,,8.026,39470135000.0,0.0,306744000.0,0.0,135.651,
23,TFC,MRY,1997-12-31,1997-12-31,1997-12-31,2021-09-09,49368000.0,31290247000.0,25881679250.0,,,0.066,9.109,-186975000.0,967625000.0,967625000.0,0.0,405580000.0,,11.829,7027402000.0,,,7027402000.0,0.0,66052000.0,21375974000.0,0.018,0.58,616832000.0,682884000.0,0.399,682884000.0,616832000.0,616832000.0,1.25,1.24,1.25,2439110000.0,2008051000.0,2439110000.0,13262434446.0,22.0,19.421,141431000.0,0.528,1.0,1712711000.0,1.0,0.0,0.0,37350024000.0,30588290750.0,0.0,28773782000.0,,,28851137000.0,,,8576248446.0,162224000.0,0.0,-299564000.0,2169326000.0,-170081000.0,2307654000.0,-2473836000.0,-2316030000.0,328406000.0,0.0,405580000.0,405467000.0,405467000.0,0.0,0.0,0.237,1093068000.0,619643000.0,447761000.0,0.464,3.516,21.152,25.624,434260000.0,113000.0,32.03,5.007,5.007,0.0,1498493000.0,1712711000.0,1712711000.0,0.0,0.016,0.202,0.02,0.36,8133000.0,795941000.0,1.0,267756742.0,267756742.0,,6.397,31290247000.0,0.0,211252000.0,0.0,116.861,
24,TFC,MRY,1996-12-31,1996-12-31,1996-12-31,2021-09-09,11739000.0,25707646000.0,23172038000.0,,,0.058,9.462,-88715000.0,842401000.0,842401000.0,0.0,343312000.0,,11.41,4334864000.0,,,4334864000.0,0.0,46398000.0,19003340000.0,0.028,0.5,511818000.0,558216000.0,0.417,558216000.0,511818000.0,511818000.0,1.19,1.17,1.19,2071567000.0,1891454500.0,2071567000.0,,,,318206000.0,1.453,1.0,1339180000.0,1.0,0.0,0.0,29200109000.0,26614595500.0,0.0,23786456000.0,,,23636079000.0,,,3968163416.0,20212000.0,0.0,-174501000.0,585992000.0,-127771000.0,1084738000.0,-1471447000.0,-1404363000.0,406921000.0,0.0,343312000.0,342702000.0,342702000.0,0.0,0.0,0.256,827362000.0,511818000.0,297875000.0,0.42,1.916,11.579,15.231,374954000.0,610000.0,18.125,2.963,2.963,0.0,1231592000.0,1339180000.0,1339180000.0,0.0,0.015,0.181,0.019,0.382,2450000.0,582952000.0,1.0,218933154.0,218933154.0,,6.117,25707646000.0,0.0,168506000.0,0.0,117.422,
25,TFC,MRY,1995-12-31,1995-12-31,1995-12-31,2021-09-09,31167000.0,20636430000.0,,,,,,-62286000.0,586699000.0,586699000.0,0.0,227268000.0,,11.059,3979351000.0,,,3979351000.0,0.0,42099000.0,14684056000.0,0.033,0.43,340386000.0,382485000.0,0.329,382485000.0,340386000.0,340386000.0,0.815,0.8,0.815,1711342000.0,,1711342000.0,,,,226928000.0,,1.0,1161104000.0,1.0,0.0,0.0,24029082000.0,,0.0,19250693000.0,,,18925088000.0,,,,44686000.0,0.0,1931000.0,47040000.0,-107869000.0,812742000.0,-1057270000.0,-1002229000.0,289214000.0,0.0,227268000.0,222189000.0,222189000.0,0.0,0.0,0.191,820718000.0,340386000.0,261681000.0,0.528,,,16.104,313858000.0,5079000.0,13.125,,,0.0,865658000.0,1161104000.0,1161104000.0,0.0,,,,0.293,3128000.0,590390000.0,1.0,,,,,20636430000.0,0.0,113118000.0,0.0,,
26,TFC,MRY,1994-12-31,1994-12-31,1994-12-31,2021-09-09,,,,,,,,-67226000.0,,,0.0,243842000.0,,,,,,,,35730000.0,,0.039,0.37,373131000.0,408861000.0,0.425,408861000.0,373131000.0,373131000.0,1.105,1.08,1.105,,,,,,,446902000.0,,1.0,962926000.0,1.0,,0.0,,,,,,,,,,,-187855000.0,0.0,106000.0,1209660000.0,-76805000.0,852163000.0,-1554146000.0,-1546548000.0,514128000.0,0.0,243842000.0,238644000.0,238644000.0,0.0,0.0,0.248,589795000.0,373131000.0,,0.335,,,8.652,,5198000.0,9.56,,,,,962926000.0,962926000.0,0.0,,,,0.387,1711000.0,385125000.0,1.0,,,,,,,129289000.0,,,
0,TFC,MRQ,2021-06-30,2021-06-30,2021-06-30,2021-09-09,-1048000000.0,521964000000.0,,,,,51.062,-76000000.0,26557000000.0,26557000000.0,0.0,1658000000.0,,6.638,43621000000.0,,,43621000000.0,0.0,342000000.0,398279000000.0,0.032,0.45,2072000000.0,2414000000.0,0.397,2414000000.0,2072000000.0,2072000000.0,1.16,1.16,1.16,68336000000.0,,68336000000.0,86148907157.0,12.0,10.245,3260000000.0,2.436,1.0,6084000000.0,1.0,29270000000.0,0.0,509758000000.0,,0.0,462438000000.0,,,453628000000.0,,,74638907157.0,-5575000000.0,0.0,-610000000.0,283000000.0,-602000000.0,1233000000.0,-10144000000.0,-9674000000.0,3336000000.0,0.0,1657000000.0,1559000000.0,1559000000.0,0.0,1000000.0,0.256,4011000000.0,2073000000.0,0.0,0.388,1.092,14.384,14.416,3699000000.0,98000000.0,55.5,3.371,3.354,0.0,21139000000.0,6084000000.0,6084000000.0,0.0,,,,,100000000.0,2918000000.0,1.0,1344845174.0,1338302000.0,1349492000.0,4.546,492694000000.0,0.0,415000000.0,0.0,368.149,
1,TFC,MRQ,2021-03-31,2021-03-31,2021-03-31,2021-09-09,-1516000000.0,517537000000.0,,,,,50.44,-99000000.0,32132000000.0,32132000000.0,0.0,1473000000.0,,6.625,43642000000.0,,,43642000000.0,0.0,345000000.0,395562000000.0,0.031,0.45,1828000000.0,2173000000.0,0.4,2173000000.0,1828000000.0,1828000000.0,0.99,0.98,0.99,67876000000.0,,67876000000.0,105389617162.0,18.0,13.939,-132000000.0,-0.098,1.0,5434000000.0,1.0,29546000000.0,0.0,499501000000.0,,0.0,452072000000.0,,,449661000000.0,,,78568617162.0,13264000000.0,1130000000.0,-506000000.0,-1936000000.0,-605000000.0,10178000000.0,3119000000.0,1610000000.0,-33000000.0,0.0,1477000000.0,1334000000.0,1334000000.0,0.0,-4000000.0,0.245,3613000000.0,1821000000.0,0.0,0.455,1.158,17.336,17.357,3787000000.0,143000000.0,58.32,3.726,3.722,0.0,20184000000.0,5434000000.0,5434000000.0,0.0,,,,,86000000.0,2880000000.0,1.0,1347198511.0,1345666000.0,1358932000.0,4.038,487991000000.0,0.0,351000000.0,0.0,362.639,
2,TFC,MRQ,2020-12-31,2020-12-31,2020-12-31,2021-09-09,716000000.0,509228000000.0,,,,,52.586,-99000000.0,18868000000.0,18868000000.0,0.0,1330000000.0,,6.181,45689000000.0,,,45689000000.0,0.0,401000000.0,381077000000.0,0.038,0.45,1640000000.0,2041000000.0,0.373,2041000000.0,1640000000.0,1640000000.0,0.91,0.9,0.91,70912000000.0,,70912000000.0,74759310886.0,14.0,10.573,2309000000.0,1.712,1.0,5474000000.0,1.0,29454000000.0,0.0,506595000000.0,,0.0,457036000000.0,,,438316000000.0,,,64615310886.0,-18240000000.0,-628000000.0,0.0,-689000000.0,-607000000.0,8917000000.0,-29565000000.0,-27974000000.0,2408000000.0,0.0,1329000000.0,1228000000.0,1228000000.0,0.0,1000000.0,0.224,3833000000.0,1641000000.0,0.0,0.495,0.911,15.443,15.412,3870000000.0,101000000.0,47.93,3.172,3.17,0.0,19455000000.0,5474000000.0,5474000000.0,0.0,,,,,73000000.0,2887000000.0,1.0,1348118316.0,1348505000.0,1361634000.0,4.059,479774000000.0,0.0,311000000.0,0.0,355.782,
3,TFC,MRQ,2020-09-30,2020-09-30,2020-09-30,2021-09-09,470000000.0,499183000000.0,,,,,51.912,-130000000.0,37108000000.0,37108000000.0,0.0,1141000000.0,,6.134,47252000000.0,,,47252000000.0,0.0,388000000.0,370747000000.0,0.047,0.45,1393000000.0,1781000000.0,0.346,1781000000.0,1393000000.0,1393000000.0,0.79,0.79,0.79,69973000000.0,,69973000000.0,57912519863.0,12.0,9.467,295000000.0,0.219,1.0,5151000000.0,1.0,26709000000.0,0.0,482618000000.0,,0.0,431398000000.0,,,429210000000.0,,,51276519863.0,-4089000000.0,-1732000000.0,0.0,-437000000.0,-607000000.0,-2396000000.0,-2118000000.0,-266000000.0,425000000.0,0.0,1138000000.0,1068000000.0,1068000000.0,0.0,3000000.0,0.207,3755000000.0,1396000000.0,0.0,0.57,0.733,14.018,13.076,3968000000.0,70000000.0,38.05,2.794,2.795,0.0,18834000000.0,5151000000.0,5151000000.0,0.0,,,,,104000000.0,2816000000.0,1.0,1347608932.0,1347916000.0,1358122000.0,3.821,472474000000.0,0.0,255000000.0,0.0,350.522,
4,TFC,MRQ,2020-06-30,2020-06-30,2020-06-30,2021-09-09,847000000.0,504336000000.0,,,,,51.119,-122000000.0,41197000000.0,41197000000.0,0.0,958000000.0,,6.322,47833000000.0,,,47833000000.0,0.0,420000000.0,376235000000.0,0.048,0.45,1146000000.0,1566000000.0,0.312,1566000000.0,1146000000.0,1146000000.0,0.67,0.67,0.67,68883000000.0,,68883000000.0,92607436655.0,21.0,16.777,-146000000.0,-0.108,1.0,5027000000.0,1.0,26898000000.0,0.0,484074000000.0,,0.0,432239000000.0,,,435453000000.0,,,50597436655.0,4849000000.0,-17000000.0,0.0,-30616000000.0,-605000000.0,-2673000000.0,7546000000.0,7233000000.0,-24000000.0,0.0,955000000.0,902000000.0,902000000.0,0.0,3000000.0,0.179,3643000000.0,1384000000.0,0.0,0.672,0.735,15.217,12.192,4002000000.0,53000000.0,37.55,3.146,3.146,0.0,18373000000.0,5027000000.0,5027000000.0,0.0,,,,,97000000.0,2716000000.0,1.0,1347468353.0,1347512000.0,1355834000.0,3.731,477438000000.0,0.0,191000000.0,0.0,354.311,
5,TFC,MRQ,2020-03-31,2020-03-31,2020-03-31,2021-09-09,898000000.0,506229000000.0,,,,,49.139,-464000000.0,36348000000.0,36348000000.0,0.0,1063000000.0,,6.663,78358000000.0,,,78358000000.0,0.0,399000000.0,350179000000.0,0.057,0.45,1284000000.0,1683000000.0,0.357,1683000000.0,1284000000.0,1284000000.0,0.73,0.73,0.73,66061000000.0,,66061000000.0,81903007340.0,19.0,15.711,4164000000.0,3.097,1.0,4718000000.0,1.0,27095000000.0,0.0,521144000000.0,,0.0,438787000000.0,,,440168000000.0,,,41411007340.0,17283000000.0,-62000000.0,0.0,17984000000.0,-605000000.0,32170000000.0,-19515000000.0,-18685000000.0,4628000000.0,0.0,1060000000.0,986000000.0,986000000.0,0.0,3000000.0,0.209,3431000000.0,1287000000.0,0.0,0.616,0.627,12.683,8.786,3999000000.0,74000000.0,30.84,2.973,2.977,0.0,18076000000.0,4718000000.0,4718000000.0,0.0,,,,,79000000.0,2640000000.0,1.0,1342769369.0,1344372000.0,1357545000.0,3.509,479134000000.0,0.0,224000000.0,0.0,356.4,
6,TFC,MRQ,2019-12-31,2019-12-31,2019-12-31,2021-09-09,-844000000.0,473078000000.0,,,,,72.022,-108000000.0,19065000000.0,19065000000.0,0.0,726000000.0,,6.108,59557000000.0,,,59557000000.0,0.0,213000000.0,334727000000.0,0.03,0.45,874000000.0,1087000000.0,0.315,1087000000.0,874000000.0,874000000.0,0.72,0.71,0.72,66558000000.0,,66558000000.0,76065212557.0,19.0,16.408,-552000000.0,-0.597,1.0,3454000000.0,1.0,27296000000.0,0.0,486274000000.0,,0.0,423005000000.0,,,406520000000.0,,,43158212557.0,16161000000.0,6289000000.0,0.0,-2599000000.0,-345000000.0,-1114000000.0,17719000000.0,11532000000.0,-444000000.0,0.0,721000000.0,702000000.0,702000000.0,0.0,5000000.0,0.203,2575000000.0,879000000.0,0.0,0.625,0.648,14.253,14.979,3712000000.0,19000000.0,56.32,3.611,3.793,0.0,19806000000.0,3454000000.0,3454000000.0,0.0,,,,,46000000.0,1901000000.0,1.0,766303490.0,924132000.0,936095000.0,3.738,445782000000.0,0.0,153000000.0,0.0,482.379,
7,TFC,MRQ,2019-09-30,2019-09-30,2019-09-30,2021-09-09,-1026000000.0,236750000000.0,,,,,42.162,-52000000.0,3018000000.0,3018000000.0,0.0,828000000.0,,6.329,35925000000.0,,,35925000000.0,0.0,141000000.0,162280000000.0,0.031,0.45,1043000000.0,1184000000.0,0.41,1184000000.0,1043000000.0,1043000000.0,0.96,0.95,0.96,32303000000.0,,32303000000.0,71164963307.0,17.0,15.161,1723000000.0,2.249,1.0,2886000000.0,1.0,11429000000.0,0.0,258228000000.0,,0.0,204047000000.0,,,204447000000.0,,,40881963307.0,351000000.0,-33000000.0,0.0,2908000000.0,-345000000.0,5135000000.0,-6559000000.0,-6520000000.0,1775000000.0,0.0,825000000.0,735000000.0,735000000.0,0.0,3000000.0,0.255,1840000000.0,1046000000.0,6242000000.0,0.469,1.266,13.273,13.276,2022000000.0,90000000.0,53.37,3.62,3.621,0.0,19440000000.0,2886000000.0,2886000000.0,0.0,,,,,39000000.0,1485000000.0,1.0,766010180.0,766167000.0,775791000.0,3.767,225321000000.0,0.0,218000000.0,0.0,294.089,
8,TFC,MRQ,2019-06-30,2019-06-30,2019-06-30,2021-09-09,-1119000000.0,230872000000.0,,,,,41.47,-30000000.0,2701000000.0,2701000000.0,0.0,885000000.0,,6.268,32984000000.0,,,32984000000.0,0.0,139000000.0,159521000000.0,0.033,0.405,1120000000.0,1259000000.0,0.439,1259000000.0,1120000000.0,1120000000.0,1.1,1.09,1.1,31764000000.0,,31764000000.0,65691645768.0,16.0,14.004,904000000.0,1.18,1.0,2870000000.0,1.0,11512000000.0,0.0,249643000000.0,,0.0,197517000000.0,,,199108000000.0,,,37629645768.0,-167000000.0,0.0,0.0,1764000000.0,-310000000.0,1125000000.0,-2226000000.0,-2136000000.0,934000000.0,0.0,886000000.0,842000000.0,842000000.0,0.0,-1000000.0,0.293,1751000000.0,1119000000.0,6603000000.0,0.368,1.185,12.007,12.042,2029000000.0,44000000.0,49.13,3.36,3.361,0.0,19050000000.0,2870000000.0,2870000000.0,0.0,,,,,48000000.0,1417000000.0,1.0,765919922.0,765958000.0,774603000.0,3.747,219360000000.0,0.0,234000000.0,0.0,286.386,
9,TFC,MRQ,2019-03-31,2019-03-31,2019-03-31,2021-09-09,-1421000000.0,227683000000.0,,,,,40.416,-34000000.0,2972000000.0,2972000000.0,0.0,798000000.0,,6.372,31034000000.0,,,31034000000.0,0.0,137000000.0,159766000000.0,0.034,0.405,969000000.0,1106000000.0,0.403,1106000000.0,969000000.0,969000000.0,0.98,0.97,0.98,30883000000.0,,30883000000.0,60430263052.0,15.0,13.169,-779000000.0,-1.019,1.0,2743000000.0,1.0,11580000000.0,0.0,244165000000.0,,0.0,194740000000.0,,,196800000000.0,,,35530263052.0,-1124000000.0,0.0,0.0,2039000000.0,-309000000.0,207000000.0,-586000000.0,-643000000.0,-745000000.0,0.0,792000000.0,749000000.0,749000000.0,0.0,6000000.0,0.273,1768000000.0,975000000.0,6000000000.0,0.413,1.15,11.585,11.691,2078000000.0,43000000.0,46.53,3.209,3.211,0.0,18518000000.0,2743000000.0,2743000000.0,0.0,,,,,32000000.0,1387000000.0,1.0,763599034.0,764135000.0,774071000.0,3.59,216103000000.0,0.0,177000000.0,0.0,282.807,
10,TFC,MRQ,2018-12-31,2018-12-31,2018-12-31,2021-09-09,-1715000000.0,225697000000.0,,,,,39.452,-363000000.0,3844000000.0,3844000000.0,0.0,805000000.0,,6.479,28887000000.0,,,28887000000.0,0.0,142000000.0,161199000000.0,0.036,0.405,1003000000.0,1145000000.0,0.41,1145000000.0,1003000000.0,1003000000.0,0.98,0.97,0.98,30178000000.0,,30178000000.0,63118247483.0,16.0,13.736,1008000000.0,1.318,1.0,2794000000.0,1.0,10576000000.0,0.0,240164000000.0,,0.0,209159000000.0,,,195519000000.0,,,33383247483.0,818000000.0,-296000000.0,-375000000.0,-4163000000.0,-309000000.0,1677000000.0,-2230000000.0,-2342000000.0,1371000000.0,0.0,798000000.0,754000000.0,754000000.0,0.0,7000000.0,0.27,1784000000.0,1010000000.0,0.0,0.413,1.106,10.899,10.939,2118000000.0,44000000.0,43.32,3.037,3.046,0.0,18118000000.0,2794000000.0,2794000000.0,0.0,,,,,28000000.0,1656000000.0,1.0,770619748.0,764926000.0,775516000.0,3.653,215121000000.0,0.0,205000000.0,0.0,281.231,
11,TFC,MRQ,2018-09-30,2018-09-30,2018-09-30,2021-09-09,-1852000000.0,222885000000.0,,,,,38.891,0.0,3153000000.0,3153000000.0,0.0,839000000.0,,6.428,32888000000.0,,,32888000000.0,0.0,139000000.0,154556000000.0,0.031,0.405,1042000000.0,1181000000.0,0.423,1181000000.0,1042000000.0,1042000000.0,1.02,1.01,1.02,30007000000.0,,30007000000.0,62195651410.0,16.0,13.964,1551000000.0,2.01,1.0,2791000000.0,1.0,11800000000.0,0.0,240820000000.0,,0.0,191542000000.0,,,192878000000.0,,,37591651410.0,100000000.0,0.0,-200000000.0,5290000000.0,-313000000.0,-281000000.0,-1170000000.0,-618000000.0,1551000000.0,0.0,832000000.0,789000000.0,789000000.0,0.0,7000000.0,0.283,1742000000.0,1049000000.0,5434000000.0,0.397,1.253,12.861,12.91,2154000000.0,43000000.0,48.54,3.44,3.427,0.0,17673000000.0,2791000000.0,2791000000.0,0.0,,,,,37000000.0,1326000000.0,1.0,774446877.0,771562000.0,781867000.0,3.617,211085000000.0,0.0,210000000.0,0.0,273.581,
12,TFC,MRQ,2018-06-30,2018-06-30,2018-06-30,2021-09-09,-1706000000.0,222681000000.0,,,,,38.451,0.0,3053000000.0,3053000000.0,0.0,822000000.0,,6.465,27657000000.0,,,27657000000.0,0.0,136000000.0,159475000000.0,0.028,0.375,1021000000.0,1157000000.0,0.422,1157000000.0,1021000000.0,1021000000.0,1.0,0.99,1.0,29832000000.0,,29832000000.0,63950683818.0,17.0,14.715,1119000000.0,1.442,1.0,2744000000.0,1.0,11407000000.0,0.0,235878000000.0,,0.0,191936000000.0,,,192849000000.0,,,39330683818.0,-58000000.0,0.0,-310000000.0,0.0,-290000000.0,589000000.0,-1766000000.0,-1739000000.0,1119000000.0,0.0,819000000.0,775000000.0,775000000.0,0.0,3000000.0,0.282,1720000000.0,1024000000.0,5717000000.0,0.375,1.318,14.402,14.453,2154000000.0,44000000.0,50.44,3.633,3.615,0.0,17197000000.0,2744000000.0,2744000000.0,0.0,,,,,45000000.0,1293000000.0,1.0,779751860.0,775836000.0,785750000.0,3.537,211274000000.0,0.0,202000000.0,0.0,272.318,
13,TFC,MRQ,2018-03-31,2018-03-31,2018-03-31,2021-09-09,-1645000000.0,220729000000.0,,,,,38.047,0.0,3111000000.0,3111000000.0,0.0,791000000.0,,6.441,27731000000.0,,,27731000000.0,0.0,138000000.0,158196000000.0,0.026,0.375,974000000.0,1112000000.0,0.418,1112000000.0,974000000.0,974000000.0,0.96,0.94,0.96,29662000000.0,,29662000000.0,66005287266.0,18.0,15.332,308000000.0,0.395,1.0,2663000000.0,1.0,11415000000.0,0.0,233934000000.0,,0.0,190115000000.0,,,191067000000.0,,,40502287266.0,28000000.0,0.0,-320000000.0,-651000000.0,-292000000.0,-483000000.0,203000000.0,163000000.0,308000000.0,0.0,788000000.0,745000000.0,745000000.0,0.0,3000000.0,0.28,1686000000.0,977000000.0,5140000000.0,0.391,1.365,15.656,15.914,2078000000.0,43000000.0,52.04,3.75,3.756,0.0,16712000000.0,2663000000.0,2663000000.0,0.0,,,,,31000000.0,1263000000.0,1.0,778291454.0,779617000.0,791005000.0,3.416,209314000000.0,0.0,186000000.0,0.0,268.483,
14,TFC,MRQ,2017-12-31,2017-12-31,2017-12-31,2021-09-09,-1467000000.0,221642000000.0,,,,,37.896,0.0,3083000000.0,3083000000.0,0.0,667000000.0,,6.464,28586000000.0,,,28586000000.0,0.0,137000000.0,157371000000.0,0.025,0.33,867000000.0,1004000000.0,0.368,1004000000.0,867000000.0,867000000.0,0.78,0.77,0.78,29695000000.0,,29695000000.0,64877154705.0,20.0,16.829,1676000000.0,2.139,1.0,2731000000.0,1.0,11385000000.0,0.0,235760000000.0,,0.0,190884000000.0,,,191947000000.0,,,39225154705.0,-27000000.0,0.0,-373000000.0,-64000000.0,-258000000.0,505000000.0,-2208000000.0,-2265000000.0,1676000000.0,0.0,658000000.0,614000000.0,614000000.0,0.0,9000000.0,0.225,1855000000.0,876000000.0,5990000000.0,0.423,1.321,17.669,17.885,2055000000.0,44000000.0,49.72,3.642,3.69,0.0,16259000000.0,2731000000.0,2731000000.0,0.0,,,,,23000000.0,1643000000.0,1.0,788921052.0,783596000.0,795821000.0,3.485,210257000000.0,0.0,209000000.0,0.0,268.323,
15,TFC,MRQ,2017-09-30,2017-09-30,2017-09-30,2021-09-09,-1036000000.0,220340000000.0,,,,,37.572,0.0,3127000000.0,3127000000.0,0.0,648000000.0,,6.381,28779000000.0,,,28779000000.0,0.0,139000000.0,156135000000.0,0.026,0.33,934000000.0,1073000000.0,0.399,1073000000.0,934000000.0,934000000.0,0.75,0.74,0.75,29853000000.0,,29853000000.0,62383862091.0,19.0,15.918,1471000000.0,1.851,1.0,2687000000.0,1.0,11407000000.0,0.0,234585000000.0,,0.0,189164000000.0,,,190487000000.0,,,37931862091.0,-301000000.0,0.0,-920000000.0,911000000.0,-262000000.0,-1196000000.0,-576000000.0,-399000000.0,1471000000.0,0.0,640000000.0,597000000.0,597000000.0,0.0,8000000.0,0.222,1745000000.0,942000000.0,5573000000.0,0.44,1.271,17.257,17.194,2043000000.0,43000000.0,46.94,3.566,3.506,0.0,15656000000.0,2687000000.0,2687000000.0,0.0,,,,,35000000.0,1276000000.0,1.0,808092503.0,794558000.0,806124000.0,3.382,208933000000.0,0.0,294000000.0,0.0,262.955,
16,TFC,MRQ,2017-06-30,2017-06-30,2017-06-30,2021-09-09,-1073000000.0,221192000000.0,,,,,37.515,0.0,3428000000.0,3428000000.0,0.0,674000000.0,,6.288,27880000000.0,,,27880000000.0,0.0,137000000.0,156968000000.0,0.026,0.3,979000000.0,1116000000.0,0.41,1116000000.0,979000000.0,979000000.0,0.78,0.77,0.78,30349000000.0,,30349000000.0,56018321509.0,17.0,14.356,1330000000.0,1.644,1.0,2720000000.0,1.0,11452000000.0,0.0,234192000000.0,,0.0,188914000000.0,,,190843000000.0,,,36844321509.0,-1052000000.0,0.0,-246000000.0,4200000000.0,-242000000.0,-503000000.0,-1879000000.0,-1666000000.0,1330000000.0,0.0,675000000.0,631000000.0,631000000.0,0.0,-1000000.0,0.232,1742000000.0,978000000.0,5995000000.0,0.385,1.214,16.747,16.695,2084000000.0,44000000.0,45.41,3.484,3.474,0.0,15321000000.0,2720000000.0,2720000000.0,0.0,,,,,44000000.0,1304000000.0,1.0,811370216.0,808980000.0,819389000.0,3.362,209740000000.0,0.0,304000000.0,0.0,259.265,
17,TFC,MRQ,2017-03-31,2017-03-31,2017-03-31,2021-09-09,-1125000000.0,220501000000.0,,,,,37.072,0.0,4480000000.0,4480000000.0,0.0,426000000.0,,6.344,23654000000.0,,,23654000000.0,0.0,137000000.0,161333000000.0,0.026,0.3,525000000.0,662000000.0,0.252,662000000.0,525000000.0,525000000.0,0.47,0.46,0.47,30025000000.0,,30025000000.0,55226220248.0,17.0,14.672,158000000.0,0.195,1.0,2632000000.0,1.0,11524000000.0,0.0,228151000000.0,,0.0,187286000000.0,,,190476000000.0,,,36135220248.0,56000000.0,0.0,-74000000.0,-85000000.0,-243000000.0,645000000.0,-747000000.0,-948000000.0,158000000.0,0.0,421000000.0,378000000.0,378000000.0,0.0,5000000.0,0.144,1710000000.0,922000000.0,5489000000.0,0.638,1.204,17.126,17.126,2104000000.0,43000000.0,44.7,3.444,3.451,0.0,14933000000.0,2632000000.0,2632000000.0,0.0,,,,,30000000.0,1250000000.0,1.0,808394189.0,809903000.0,822719000.0,3.25,208977000000.0,0.0,104000000.0,0.0,258.027,
18,TFC,MRQ,2016-12-31,2016-12-31,2016-12-31,2021-09-09,-1132000000.0,219276000000.0,,,,,36.917,0.0,4424000000.0,4424000000.0,0.0,643000000.0,,6.327,23371000000.0,,,23371000000.0,0.0,145000000.0,160234000000.0,0.024,0.3,923000000.0,1068000000.0,0.411,1068000000.0,923000000.0,923000000.0,0.73,0.72,0.73,29926000000.0,,29926000000.0,61559170633.0,18.0,15.241,2478000000.0,3.057,1.0,2598000000.0,1.0,11544000000.0,0.0,226679000000.0,,0.0,187155000000.0,,,189350000000.0,,,38153170633.0,996000000.0,63000000.0,-376000000.0,-3084000000.0,-243000000.0,-3213000000.0,1731000000.0,1562000000.0,2478000000.0,0.0,636000000.0,592000000.0,592000000.0,0.0,7000000.0,0.228,1668000000.0,930000000.0,5745000000.0,0.411,1.275,16.889,16.733,2107000000.0,44000000.0,47.02,3.733,3.702,0.0,14809000000.0,2598000000.0,2598000000.0,0.0,,,,,19000000.0,1294000000.0,1.0,811424301.0,810638000.0,822443000.0,3.205,207732000000.0,0.0,287000000.0,0.0,256.257,
19,TFC,MRQ,2016-09-30,2016-09-30,2016-09-30,2021-09-09,-750000000.0,222622000000.0,,,,,37.034,0.0,3434000000.0,3434000000.0,0.0,642000000.0,,6.398,26840000000.0,,,26840000000.0,0.0,141000000.0,159915000000.0,0.03,0.3,915000000.0,1056000000.0,0.402,1056000000.0,915000000.0,915000000.0,0.74,0.73,0.74,30091000000.0,,30091000000.0,53315948110.0,16.0,13.727,-224000000.0,-0.276,1.0,2626000000.0,1.0,11347000000.0,0.0,234681000000.0,,0.0,190992000000.0,,,192531000000.0,,,30722948110.0,359000000.0,0.0,-135000000.0,1027000000.0,-243000000.0,1236000000.0,-653000000.0,-956000000.0,-224000000.0,0.0,642000000.0,599000000.0,599000000.0,0.0,0.0,0.228,1711000000.0,915000000.0,5776000000.0,0.405,1.021,14.165,13.868,2059000000.0,43000000.0,37.72,3.068,3.061,0.0,14459000000.0,2626000000.0,2626000000.0,0.0,,,,,31000000.0,1236000000.0,1.0,814500215.0,812521000.0,823106000.0,3.232,211275000000.0,0.0,273000000.0,0.0,260.024,
20,TFC,MRQ,2016-06-30,2016-06-30,2016-06-30,2021-09-09,-837000000.0,221859000000.0,,,,,36.528,0.0,3314000000.0,3314000000.0,0.0,587000000.0,,6.459,25907000000.0,,,25907000000.0,0.0,142000000.0,159238000000.0,0.031,0.28,836000000.0,978000000.0,0.371,978000000.0,836000000.0,836000000.0,0.67,0.66,0.67,29743000000.0,,29743000000.0,51536516048.0,16.0,13.929,991000000.0,1.217,1.0,2636000000.0,1.0,11352000000.0,0.0,233100000000.0,,0.0,190355000000.0,,,192116000000.0,,,27860516048.0,-165000000.0,-789000000.0,9000000.0,-2895000000.0,-228000000.0,-883000000.0,-273000000.0,482000000.0,991000000.0,0.0,584000000.0,541000000.0,541000000.0,0.0,3000000.0,0.205,1797000000.0,839000000.0,6971000000.0,0.418,0.937,13.511,13.592,2088000000.0,43000000.0,35.61,2.862,2.978,0.0,14104000000.0,2636000000.0,2636000000.0,0.0,,,,,38000000.0,1259000000.0,1.0,782378996.0,814261000.0,823682000.0,3.237,210507000000.0,0.0,252000000.0,0.0,258.525,
21,TFC,MRQ,2016-03-31,2016-03-31,2016-03-31,2021-09-09,-917000000.0,212405000000.0,,,,,36.149,0.0,3277000000.0,3277000000.0,0.0,570000000.0,,6.522,26953000000.0,,,26953000000.0,0.0,127000000.0,150500000000.0,0.032,0.27,810000000.0,937000000.0,0.397,937000000.0,810000000.0,810000000.0,0.67,0.67,0.67,28239000000.0,,28239000000.0,49313619076.0,17.0,14.491,-130000000.0,-0.166,1.0,2361000000.0,1.0,10075000000.0,0.0,226006000000.0,,0.0,181830000000.0,,,184166000000.0,,,25965619076.0,-933000000.0,0.0,-18000000.0,-600000000.0,-211000000.0,978000000.0,-1781000000.0,-1709000000.0,-130000000.0,0.0,564000000.0,527000000.0,527000000.0,0.0,6000000.0,0.223,1546000000.0,815000000.0,6713000000.0,0.403,0.919,13.147,12.895,2001000000.0,37000000.0,33.27,2.782,2.784,0.0,13791000000.0,2361000000.0,2361000000.0,0.0,,,,,27000000.0,1128000000.0,1.0,780451430.0,781193000.0,790176000.0,3.022,202330000000.0,0.0,246000000.0,0.0,259.001,
22,TFC,MRQ,2015-12-31,2015-12-31,2015-12-31,2021-09-09,-1028000000.0,209947000000.0,,,,,35.024,0.0,4014000000.0,4014000000.0,0.0,542000000.0,,6.679,27362000000.0,,,27362000000.0,0.0,123000000.0,149124000000.0,0.028,0.27,790000000.0,913000000.0,0.382,913000000.0,790000000.0,790000000.0,0.64,0.64,0.64,27340000000.0,,27340000000.0,53730482276.0,19.0,16.092,1229000000.0,1.574,1.0,2390000000.0,1.0,10114000000.0,0.0,223181000000.0,,0.0,179506000000.0,,,182607000000.0,,,29497482276.0,931000000.0,-252000000.0,9000000.0,43000000.0,-210000000.0,1089000000.0,-1387000000.0,-1552000000.0,1229000000.0,0.0,539000000.0,502000000.0,502000000.0,0.0,3000000.0,0.21,1597000000.0,793000000.0,6121000000.0,0.422,1.079,15.236,14.598,2007000000.0,37000000.0,37.81,3.212,3.08,0.0,13464000000.0,2390000000.0,2390000000.0,0.0,,,,,18000000.0,1114000000.0,1.0,780150285.0,780617000.0,790594000.0,3.062,199833000000.0,0.0,251000000.0,0.0,255.994,
23,TFC,MRQ,2015-09-30,2015-09-30,2015-09-30,2021-09-09,-796000000.0,208809000000.0,,,,,35.666,0.0,3231000000.0,3231000000.0,0.0,533000000.0,,6.659,27464000000.0,,,27464000000.0,0.0,121000000.0,147827000000.0,0.029,0.27,751000000.0,872000000.0,0.371,872000000.0,751000000.0,751000000.0,0.64,0.64,0.64,27264000000.0,,27264000000.0,50455908862.0,17.0,14.844,1880000000.0,2.459,1.0,2349000000.0,1.0,10046000000.0,0.0,222996000000.0,,0.0,179130000000.0,,,181545000000.0,,,26111908862.0,159000000.0,-435000000.0,59000000.0,-1080000000.0,-211000000.0,-428000000.0,-1293000000.0,-802000000.0,1880000000.0,0.0,529000000.0,492000000.0,492000000.0,0.0,4000000.0,0.209,1594000000.0,755000000.0,6254000000.0,0.422,0.958,13.155,13.137,2038000000.0,37000000.0,35.6,2.88,3.001,0.0,13172000000.0,2349000000.0,2349000000.0,0.0,,,,,30000000.0,1107000000.0,1.0,733480586.0,764435000.0,774023000.0,3.073,198763000000.0,0.0,222000000.0,0.0,260.013,
24,TFC,MRQ,2015-06-30,2015-06-30,2015-06-30,2021-09-09,-748000000.0,191017000000.0,,,,,34.671,0.0,2810000000.0,2810000000.0,0.0,501000000.0,,6.601,27154000000.0,,,27154000000.0,0.0,110000000.0,132783000000.0,0.025,0.27,571000000.0,681000000.0,0.305,681000000.0,571000000.0,571000000.0,0.63,0.62,0.63,25132000000.0,,25132000000.0,53427559405.0,18.0,15.915,615000000.0,0.848,1.0,2234000000.0,1.0,8567000000.0,0.0,206794000000.0,,0.0,164123000000.0,,,165885000000.0,,,29150559405.0,622000000.0,-174000000.0,0.0,483000000.0,-195000000.0,-31000000.0,38000000.0,139000000.0,615000000.0,0.0,491000000.0,454000000.0,454000000.0,0.0,10000000.0,0.203,1481000000.0,753000000.0,5948000000.0,0.429,1.16,14.539,14.5,1900000000.0,37000000.0,40.31,3.245,3.253,0.0,12891000000.0,2234000000.0,2234000000.0,0.0,,,,,35000000.0,1065000000.0,1.0,723159499.0,724880000.0,734527000.0,3.082,182450000000.0,0.0,80000000.0,0.0,251.697,
25,TFC,MRQ,2015-03-31,2015-03-31,2015-03-31,2021-09-09,-733000000.0,189228000000.0,,,,,34.28,0.0,2290000000.0,2290000000.0,0.0,547000000.0,,6.649,26567000000.0,,,26567000000.0,0.0,107000000.0,131229000000.0,0.025,0.24,766000000.0,873000000.0,0.395,873000000.0,766000000.0,766000000.0,0.68,0.67,0.68,24738000000.0,,24738000000.0,52591039529.0,17.0,15.217,-593000000.0,-0.822,1.0,2210000000.0,1.0,8244000000.0,0.0,205261000000.0,,0.0,162874000000.0,,,164490000000.0,,,28104039529.0,-326000000.0,1916000000.0,0.0,-589000000.0,-173000000.0,-526000000.0,793000000.0,-1079000000.0,-593000000.0,0.0,525000000.0,488000000.0,488000000.0,0.0,22000000.0,0.221,1422000000.0,788000000.0,6694000000.0,0.353,1.136,14.23,14.23,1879000000.0,37000000.0,38.99,3.131,3.135,0.0,12632000000.0,2210000000.0,2210000000.0,0.0,,,,,23000000.0,1021000000.0,1.0,720801219.0,721639000.0,731511000.0,3.062,180984000000.0,0.0,241000000.0,0.0,250.796,
26,TFC,MRQ,2014-12-31,2014-12-31,2014-12-31,2021-09-09,-751000000.0,186834000000.0,,,,,33.836,0.0,2542000000.0,2542000000.0,0.0,603000000.0,,6.664,27029000000.0,,,27029000000.0,0.0,108000000.0,129040000000.0,0.024,0.24,865000000.0,973000000.0,0.428,973000000.0,865000000.0,865000000.0,0.76,0.75,0.76,24377000000.0,,24377000000.0,51584404582.0,17.0,14.84,1706000000.0,2.368,1.0,2274000000.0,1.0,8218000000.0,0.0,203103000000.0,,0.0,161137000000.0,,,162457000000.0,,,28012404582.0,308000000.0,0.0,298000000.0,1187000000.0,-173000000.0,-871000000.0,-527000000.0,-608000000.0,1706000000.0,0.0,588000000.0,551000000.0,551000000.0,0.0,15000000.0,0.242,1394000000.0,880000000.0,6388000000.0,0.316,1.149,14.126,14.091,1827000000.0,37000000.0,38.89,3.12,3.11,0.0,12317000000.0,2274000000.0,2274000000.0,0.0,,,,,18000000.0,1000000000.0,1.0,720298395.0,720441000.0,730706000.0,3.156,178616000000.0,0.0,277000000.0,0.0,247.926,
27,TFC,MRQ,2014-09-30,2014-09-30,2014-09-30,2021-09-09,-442000000.0,187022000000.0,,,,,33.764,0.0,2168000000.0,2168000000.0,0.0,553000000.0,,6.692,25740000000.0,,,25740000000.0,0.0,109000000.0,130895000000.0,0.025,0.24,721000000.0,830000000.0,0.367,830000000.0,721000000.0,721000000.0,0.71,0.7,0.71,24314000000.0,,24314000000.0,50082730166.0,16.0,13.962,627000000.0,0.871,1.0,2264000000.0,1.0,8339000000.0,0.0,202255000000.0,,0.0,161218000000.0,,,162708000000.0,,,26775730166.0,-431000000.0,0.0,0.0,-218000000.0,-172000000.0,-1112000000.0,54000000.0,-87000000.0,627000000.0,0.0,549000000.0,512000000.0,512000000.0,0.0,4000000.0,0.226,1417000000.0,847000000.0,6073000000.0,0.338,1.101,13.592,13.482,1842000000.0,37000000.0,37.21,2.945,2.947,0.0,11982000000.0,2264000000.0,2264000000.0,0.0,,,,,28000000.0,999000000.0,1.0,719584256.0,720117000.0,729989000.0,3.144,178683000000.0,0.0,172000000.0,0.0,248.131,
28,TFC,MRQ,2014-06-30,2014-06-30,2014-06-30,2021-09-09,-406000000.0,188012000000.0,,,,,33.327,0.0,2599000000.0,2599000000.0,0.0,477000000.0,,6.845,25906000000.0,,,25906000000.0,0.0,103000000.0,131586000000.0,0.024,0.24,677000000.0,780000000.0,0.35,780000000.0,677000000.0,677000000.0,0.59,0.58,0.59,23965000000.0,,23965000000.0,52560323225.0,16.0,14.527,245000000.0,0.341,1.0,2227000000.0,1.0,8374000000.0,0.0,202945000000.0,,0.0,161134000000.0,,,164047000000.0,,,28330323225.0,228000000.0,1035000000.0,-245000000.0,-823000000.0,-165000000.0,1860000000.0,-1877000000.0,-3084000000.0,245000000.0,0.0,461000000.0,424000000.0,424000000.0,0.0,16000000.0,0.19,1534000000.0,693000000.0,6555000000.0,0.407,1.182,16.414,16.226,1857000000.0,37000000.0,39.43,3.128,3.131,0.0,11634000000.0,2227000000.0,2227000000.0,0.0,,,,,36000000.0,1011000000.0,1.0,718496658.0,719080000.0,728452000.0,3.097,179638000000.0,0.0,216000000.0,0.0,249.816,
29,TFC,MRQ,2014-03-31,2014-03-31,2014-03-31,2021-09-09,-500000000.0,184651000000.0,,,,,33.045,0.0,2439000000.0,2439000000.0,0.0,573000000.0,,6.839,26669000000.0,,,26669000000.0,0.0,104000000.0,127476000000.0,0.023,0.23,789000000.0,893000000.0,0.403,893000000.0,789000000.0,789000000.0,0.7,0.68,0.7,23556000000.0,,23556000000.0,51748502557.0,16.0,13.892,632000000.0,0.887,1.0,2214000000.0,1.0,8378000000.0,0.0,200503000000.0,,0.0,157967000000.0,,,161095000000.0,,,28556502557.0,55000000.0,-10000000.0,245000000.0,1031000000.0,-156000000.0,1088000000.0,-1665000000.0,-1887000000.0,632000000.0,0.0,533000000.0,496000000.0,496000000.0,0.0,40000000.0,0.224,1385000000.0,829000000.0,6950000000.0,0.329,1.212,15.444,15.332,1854000000.0,37000000.0,40.17,3.13,3.139,0.0,11382000000.0,2214000000.0,2214000000.0,0.0,,,,,20000000.0,991000000.0,1.0,710891276.0,712842000.0,724283000.0,3.106,176273000000.0,0.0,256000000.0,0.0,247.282,
30,TFC,MRQ,2013-12-31,2013-12-31,2013-12-31,2021-09-09,-593000000.0,183010000000.0,,,,,32.33,0.0,2439000000.0,2439000000.0,0.0,589000000.0,,7.024,25631000000.0,,,25631000000.0,0.0,108000000.0,127475000000.0,0.03,0.23,976000000.0,1084000000.0,0.454,1084000000.0,976000000.0,976000000.0,0.76,0.75,0.76,22809000000.0,,22809000000.0,48697800701.0,15.0,13.327,3558000000.0,5.043,1.0,2386000000.0,1.0,8430000000.0,0.0,197772000000.0,,0.0,155760000000.0,,,160201000000.0,,,26307800701.0,-304000000.0,522000000.0,0.0,491000000.0,-155000000.0,330000000.0,-4192000000.0,-5020000000.0,3558000000.0,0.0,575000000.0,538000000.0,538000000.0,0.0,14000000.0,0.225,1396000000.0,990000000.0,7095000000.0,0.303,1.153,16.832,16.811,1869000000.0,37000000.0,37.32,2.904,2.896,0.0,11044000000.0,2386000000.0,2386000000.0,0.0,,,,,11000000.0,1047000000.0,1.0,704924992.0,705511000.0,717606000.0,3.382,174580000000.0,0.0,401000000.0,0.0,247.452,
31,TFC,MRQ,2013-09-30,2013-09-30,2013-09-30,2021-09-09,-860000000.0,181050000000.0,,,,,31.378,0.0,2825000000.0,2825000000.0,0.0,309000000.0,,7.195,25215000000.0,,,25215000000.0,0.0,106000000.0,127484000000.0,0.032,0.23,755000000.0,861000000.0,0.386,861000000.0,755000000.0,755000000.0,0.38,0.37,0.38,22094000000.0,,22094000000.0,43540566938.0,15.0,12.75,-558000000.0,-0.792,1.0,2230000000.0,1.0,8374000000.0,0.0,195066000000.0,,0.0,153819000000.0,,,158956000000.0,,,23755566938.0,90000000.0,0.0,0.0,2618000000.0,-155000000.0,-1126000000.0,1774000000.0,1576000000.0,-558000000.0,0.0,305000000.0,268000000.0,268000000.0,0.0,4000000.0,0.12,1471000000.0,759000000.0,6257000000.0,0.605,1.075,15.516,15.482,1876000000.0,37000000.0,33.75,2.664,2.665,245000000.0,10669000000.0,2230000000.0,2230000000.0,0.0,,,,,25000000.0,1042000000.0,1.0,703868650.0,704134000.0,716101000.0,3.167,172676000000.0,0.0,450000000.0,0.0,245.232,
32,TFC,MRQ,2013-06-30,2013-06-30,2013-06-30,2021-09-09,-784000000.0,182735000000.0,,,,,31.33,0.0,2769000000.0,2769000000.0,0.0,576000000.0,,7.308,22554000000.0,,,22554000000.0,0.0,106000000.0,131079000000.0,0.031,0.23,781000000.0,887000000.0,0.387,887000000.0,781000000.0,781000000.0,0.78,0.77,0.78,21996000000.0,,21996000000.0,42416284609.0,15.0,12.73,1877000000.0,2.673,1.0,2293000000.0,1.0,8336000000.0,0.0,194184000000.0,,0.0,155341000000.0,,,160739000000.0,,,23773284609.0,-189000000.0,0.0,15000000.0,1076000000.0,-154000000.0,1288000000.0,-3354000000.0,-3595000000.0,1877000000.0,0.0,560000000.0,547000000.0,547000000.0,0.0,16000000.0,0.239,1496000000.0,797000000.0,7106000000.0,0.295,1.081,13.726,13.717,1893000000.0,13000000.0,33.88,2.674,2.676,299000000.0,10564000000.0,2293000000.0,2293000000.0,0.0,,,,,35000000.0,1061000000.0,1.0,701690809.0,702082000.0,712861000.0,3.266,174399000000.0,0.0,221000000.0,0.0,248.403,
33,TFC,MRQ,2013-03-31,2013-03-31,2013-03-31,2021-09-09,-612000000.0,180837000000.0,,,,,30.315,0.0,2912000000.0,2912000000.0,0.0,256000000.0,,7.518,21555000000.0,,,21555000000.0,0.0,101000000.0,131352000000.0,0.033,0.43,721000000.0,822000000.0,0.382,822000000.0,721000000.0,721000000.0,0.3,0.29,0.3,21229000000.0,,21229000000.0,40278542283.0,14.0,12.393,431000000.0,0.615,1.0,2151000000.0,1.0,8205000000.0,0.0,191275000000.0,,0.0,153871000000.0,,,159608000000.0,,,21967542283.0,-471000000.0,-6000000.0,-15000000.0,-381000000.0,-301000000.0,-2465000000.0,1563000000.0,1386000000.0,431000000.0,0.0,240000000.0,210000000.0,210000000.0,0.0,16000000.0,0.098,1414000000.0,737000000.0,6701000000.0,1.433,1.035,12.96,12.971,1880000000.0,30000000.0,31.39,2.51,2.512,368000000.0,10178000000.0,2151000000.0,2151000000.0,0.0,,,,,25000000.0,1024000000.0,1.0,699826132.0,700275000.0,711020000.0,3.072,172632000000.0,0.0,481000000.0,0.0,246.52,
34,TFC,MRQ,2012-12-31,2012-12-31,2012-12-31,2021-09-09,-559000000.0,184499000000.0,,,,,30.336,117000000.0,3667000000.0,3667000000.0,0.0,549000000.0,,7.693,21978000000.0,,,21978000000.0,0.0,102000000.0,133075000000.0,0.026,0.2,743000000.0,845000000.0,0.377,845000000.0,743000000.0,743000000.0,0.72,0.71,0.72,21223000000.0,,21223000000.0,39336544358.0,14.0,12.552,1161000000.0,1.66,1.0,2244000000.0,1.0,8104000000.0,0.0,194706000000.0,,0.0,155696000000.0,,,163276000000.0,,,20366544358.0,304000000.0,-17000000.0,0.0,-304000000.0,-140000000.0,3033000000.0,-3773000000.0,-3876000000.0,1044000000.0,0.0,536000000.0,506000000.0,506000000.0,0.0,13000000.0,0.225,1486000000.0,758000000.0,8223000000.0,0.278,0.96,10.63,10.624,1888000000.0,30000000.0,29.11,2.363,2.36,0.0,10129000000.0,2244000000.0,2244000000.0,0.0,,,,,18000000.0,1041000000.0,1.0,699640823.0,699594000.0,710191000.0,3.208,176395000000.0,0.0,207000000.0,0.0,252.139,
35,TFC,MRQ,2012-09-30,2012-09-30,2012-09-30,2021-09-09,-409000000.0,182021000000.0,,,,,29.37,-56000000.0,3344000000.0,3344000000.0,0.0,496000000.0,,7.865,22314000000.0,,,22314000000.0,0.0,107000000.0,130018000000.0,0.022,0.2,671000000.0,778000000.0,0.353,778000000.0,671000000.0,671000000.0,0.67,0.66,0.67,20532000000.0,,20532000000.0,45281096418.0,18.0,15.855,-5000000.0,-0.007,1.0,2202000000.0,1.0,7999000000.0,0.0,192992000000.0,,0.0,153528000000.0,,,161489000000.0,,,23183096418.0,-228000000.0,1247000000.0,0.0,-3688000000.0,-140000000.0,-2224000000.0,1945000000.0,440000000.0,51000000.0,0.0,494000000.0,469000000.0,469000000.0,0.0,2000000.0,0.213,1529000000.0,673000000.0,9157000000.0,0.299,1.129,12.872,12.853,1940000000.0,25000000.0,33.16,2.735,2.734,656000000.0,9761000000.0,2202000000.0,2202000000.0,0.0,,,,,28000000.0,999000000.0,1.0,699128360.0,699091000.0,709875000.0,3.15,174022000000.0,0.0,177000000.0,0.0,248.926,
36,TFC,MRQ,2012-06-30,2012-06-30,2012-06-30,2021-09-09,-541000000.0,178529000000.0,,,,,27.092,-40000000.0,3659000000.0,3659000000.0,0.0,538000000.0,,8.433,25757000000.0,,,25757000000.0,0.0,96000000.0,126059000000.0,0.022,0.2,709000000.0,805000000.0,0.374,805000000.0,709000000.0,709000000.0,0.73,0.72,0.73,18926000000.0,,18926000000.0,43937022528.0,20.0,16.879,706000000.0,1.011,1.0,2155000000.0,1.0,7689000000.0,0.0,192938000000.0,,0.0,150073000000.0,,,159603000000.0,,,21553022528.0,-321000000.0,-555000000.0,9000000.0,-414000000.0,-139000000.0,1897000000.0,-2964000000.0,-2575000000.0,746000000.0,0.0,518000000.0,510000000.0,510000000.0,0.0,20000000.0,0.237,1426000000.0,729000000.0,7787000000.0,0.274,1.139,12.693,12.695,1816000000.0,8000000.0,30.85,2.65,2.65,831000000.0,9433000000.0,2155000000.0,2155000000.0,0.0,,,,,26000000.0,973000000.0,1.0,698639304.0,698579000.0,708454000.0,3.085,170840000000.0,0.0,191000000.0,0.0,244.554,
37,TFC,MRQ,2012-03-31,2012-03-31,2012-03-31,2021-09-09,-616000000.0,174752000000.0,,,,,25.63,-21000000.0,3820000000.0,3820000000.0,0.0,445000000.0,,8.773,26204000000.0,,,26204000000.0,0.0,86000000.0,124157000000.0,0.021,0.16,620000000.0,706000000.0,0.35,706000000.0,620000000.0,620000000.0,0.62,0.61,0.62,17882000000.0,,17882000000.0,43027010902.0,22.0,18.83,1852000000.0,2.654,1.0,2019000000.0,1.0,7195000000.0,0.0,189941000000.0,,0.0,147211000000.0,,,156870000000.0,,,21886010902.0,-292000000.0,0.0,-9000000.0,919000000.0,-112000000.0,90000000.0,-2255000000.0,-2486000000.0,1873000000.0,0.0,431000000.0,431000000.0,431000000.0,0.0,14000000.0,0.213,1385000000.0,634000000.0,6509000000.0,0.258,1.224,14.639,14.668,1822000000.0,0.0,31.39,2.81,2.811,949000000.0,9064000000.0,2019000000.0,2019000000.0,0.0,,,,,25000000.0,918000000.0,1.0,697228764.0,697685000.0,707369000.0,2.894,167557000000.0,0.0,189000000.0,0.0,240.161,
38,TFC,MRQ,2011-12-31,2011-12-31,2011-12-31,2021-09-09,-713000000.0,174579000000.0,,,,,25.074,176000000.0,4228000000.0,4228000000.0,0.0,400000000.0,,8.987,25369000000.0,,,25369000000.0,0.0,92000000.0,124939000000.0,0.025,0.16,475000000.0,567000000.0,0.27,567000000.0,475000000.0,475000000.0,0.56,0.56,0.56,17480000000.0,,17480000000.0,39414519512.0,25.0,20.233,104000000.0,0.149,1.0,2102000000.0,1.0,7085000000.0,0.0,188635000000.0,,0.0,146026000000.0,,,157099000000.0,,,17546519512.0,-530000000.0,-86000000.0,-22000000.0,-704000000.0,-112000000.0,6711000000.0,-7169000000.0,-7172000000.0,-72000000.0,0.0,391000000.0,391000000.0,391000000.0,0.0,9000000.0,0.186,1618000000.0,484000000.0,6791000000.0,0.286,1.004,13.613,13.605,1855000000.0,0.0,25.17,2.362,2.36,1100000000.0,8772000000.0,2102000000.0,2102000000.0,0.0,,,,,25000000.0,887000000.0,1.0,697120362.0,697123000.0,705942000.0,3.015,167494000000.0,0.0,84000000.0,0.0,240.265,
39,TFC,MRQ,2011-09-30,2011-09-30,2011-09-30,2021-09-09,-356000000.0,167677000000.0,,,,,25.165,-72000000.0,4238000000.0,4238000000.0,0.0,371000000.0,,8.559,26106000000.0,,,26106000000.0,0.0,91000000.0,117567000000.0,0.03,0.16,434000000.0,525000000.0,0.283,525000000.0,434000000.0,434000000.0,0.52,0.52,0.52,17541000000.0,,17541000000.0,40535030683.0,30.0,23.872,423000000.0,0.607,1.0,1856000000.0,1.0,7022000000.0,0.0,182523000000.0,,0.0,138491000000.0,,,150136000000.0,,,14868030683.0,1618000000.0,0.0,5000000.0,-2359000000.0,-111000000.0,7022000000.0,-5899000000.0,-6099000000.0,495000000.0,0.0,366000000.0,366000000.0,366000000.0,0.0,5000000.0,0.197,1417000000.0,439000000.0,6463000000.0,0.308,0.848,13.443,13.5,1864000000.0,0.0,21.33,2.13,2.13,1221000000.0,8493000000.0,1856000000.0,1856000000.0,0.0,,,,,24000000.0,878000000.0,1.0,697047852.0,697052000.0,705604000.0,2.663,160655000000.0,0.0,68000000.0,0.0,230.478,
40,TFC,MRQ,2011-06-30,2011-06-30,2011-06-30,2021-09-09,-574000000.0,159310000000.0,,,,,24.474,-56000000.0,2555000000.0,2555000000.0,0.0,327000000.0,,8.344,28222000000.0,,,28222000000.0,0.0,89000000.0,108064000000.0,0.023,0.17,398000000.0,487000000.0,0.269,487000000.0,398000000.0,398000000.0,0.44,0.44,0.44,17049000000.0,,17049000000.0,44422180158.0,39.0,29.536,1766000000.0,2.535,1.0,1813000000.0,1.0,7352000000.0,0.0,177625000000.0,,0.0,131609000000.0,,,142261000000.0,,,18693180158.0,586000000.0,0.0,13000000.0,391000000.0,-119000000.0,1428000000.0,-2664000000.0,-2932000000.0,1822000000.0,0.0,307000000.0,307000000.0,307000000.0,0.0,20000000.0,0.169,1395000000.0,418000000.0,5975000000.0,0.386,1.096,19.677,19.735,1846000000.0,0.0,26.84,2.758,2.758,1446000000.0,8241000000.0,1813000000.0,1813000000.0,0.0,,,,,25000000.0,873000000.0,1.0,696467219.0,696625000.0,704969000.0,2.603,151958000000.0,0.0,91000000.0,0.0,218.135,
41,TFC,MRQ,2011-03-31,2011-03-31,2011-03-31,2021-09-09,-706000000.0,157039000000.0,,,,,23.975,-48000000.0,2048000000.0,2048000000.0,0.0,234000000.0,,8.42,27777000000.0,,,27777000000.0,0.0,91000000.0,106913000000.0,0.022,0.15,278000000.0,369000000.0,0.222,369000000.0,278000000.0,278000000.0,0.32,0.32,0.32,16670000000.0,,16670000000.0,44102876643.0,45.0,32.693,1983000000.0,2.852,1.0,1659000000.0,1.0,7425000000.0,0.0,175343000000.0,,0.0,129501000000.0,,,140369000000.0,,,19066876643.0,-185000000.0,0.0,4000000.0,385000000.0,-104000000.0,59000000.0,-2275000000.0,-2436000000.0,2031000000.0,0.0,225000000.0,225000000.0,225000000.0,0.0,9000000.0,0.136,1372000000.0,287000000.0,5679000000.0,0.469,1.144,22.353,22.5,1830000000.0,0.0,27.45,2.839,2.842,1580000000.0,8042000000.0,1659000000.0,1659000000.0,0.0,,,,,24000000.0,879000000.0,1.0,694603885.0,695309000.0,704101000.0,2.386,149614000000.0,0.0,53000000.0,0.0,215.176,
42,TFC,MRQ,2010-12-31,2010-12-31,2010-12-31,2021-09-09,-747000000.0,157081000000.0,,,,,23.772,-58000000.0,2367000000.0,2367000000.0,0.0,217000000.0,,8.521,27403000000.0,,,27403000000.0,0.0,94000000.0,107213000000.0,0.023,0.15,223000000.0,317000000.0,0.192,317000000.0,223000000.0,223000000.0,0.3,0.29,0.3,16498000000.0,,16498000000.0,43731227004.0,47.0,33.306,496000000.0,0.715,1.0,1653000000.0,1.0,7346000000.0,0.0,174771000000.0,,0.0,128685000000.0,,,140583000000.0,,,18238227004.0,-69000000.0,-7000000.0,18000000.0,-400000000.0,-104000000.0,448000000.0,-1071000000.0,-1282000000.0,554000000.0,0.0,208000000.0,208000000.0,208000000.0,0.0,9000000.0,0.126,1421000000.0,232000000.0,5967000000.0,0.5,1.105,22.351,22.28,1840000000.0,0.0,26.29,2.747,2.742,1922000000.0,7935000000.0,1653000000.0,1653000000.0,0.0,,,,,21000000.0,762000000.0,1.0,693732484.0,694010000.0,702503000.0,2.382,149735000000.0,0.0,15000000.0,0.0,215.753,
43,TFC,MRQ,2010-09-30,2010-09-30,2010-09-30,2021-09-09,-335000000.0,157230000000.0,,,,,24.223,-44000000.0,2438000000.0,2438000000.0,0.0,219000000.0,,8.366,27931000000.0,,,27931000000.0,0.0,94000000.0,106419000000.0,0.025,0.15,237000000.0,331000000.0,0.2,331000000.0,237000000.0,237000000.0,0.3,0.3,0.3,16787000000.0,,16787000000.0,42396361385.0,47.0,32.891,227000000.0,0.328,1.0,1654000000.0,1.0,7133000000.0,0.0,175590000000.0,,0.0,128753000000.0,,,140443000000.0,,,16686361385.0,-55000000.0,0.0,16000000.0,-318000000.0,-104000000.0,1565000000.0,-1891000000.0,-2160000000.0,271000000.0,0.0,210000000.0,210000000.0,210000000.0,0.0,9000000.0,0.127,1408000000.0,246000000.0,6093000000.0,0.5,0.994,21.042,21.123,1831000000.0,0.0,24.08,2.546,2.546,1924000000.0,7833000000.0,1654000000.0,1654000000.0,0.0,,,,,21000000.0,883000000.0,1.0,692955207.0,693017000.0,701535000.0,2.387,150097000000.0,0.0,27000000.0,0.0,216.585,
44,TFC,MRQ,2010-06-30,2010-06-30,2010-06-30,2021-09-09,-237000000.0,155083000000.0,,,,,24.187,-63000000.0,2456000000.0,2456000000.0,0.0,224000000.0,,8.264,28166000000.0,,,28166000000.0,0.0,97000000.0,104451000000.0,0.023,0.15,235000000.0,332000000.0,0.19,332000000.0,235000000.0,235000000.0,0.3,0.3,0.3,16740000000.0,,16740000000.0,44549203830.0,55.0,37.531,1373000000.0,1.984,1.0,1749000000.0,1.0,7301000000.0,0.0,173492000000.0,,0.0,126553000000.0,,,138343000000.0,,,18209203830.0,271000000.0,5000000.0,25000000.0,-464000000.0,-104000000.0,-9653000000.0,8488000000.0,8259000000.0,1436000000.0,0.0,210000000.0,210000000.0,210000000.0,0.0,14000000.0,0.12,1500000000.0,249000000.0,5726000000.0,0.5,1.088,24.774,24.589,1835000000.0,0.0,26.31,2.859,2.86,2230000000.0,7729000000.0,1749000000.0,1749000000.0,0.0,,,,,21000000.0,893000000.0,1.0,692102008.0,692113000.0,701322000.0,2.527,147782000000.0,0.0,25000000.0,0.0,213.523,
45,TFC,MRQ,2010-03-31,2010-03-31,2010-03-31,2021-09-09,-292000000.0,163700000000.0,,,,,23.926,-263000000.0,2108000000.0,2108000000.0,0.0,194000000.0,,8.904,28448000000.0,,,28448000000.0,0.0,97000000.0,113723000000.0,0.028,0.15,236000000.0,333000000.0,0.21,333000000.0,236000000.0,236000000.0,0.27,0.27,0.27,16528000000.0,,16528000000.0,49332097992.0,60.0,41.842,374000000.0,0.541,1.0,1583000000.0,1.0,7531000000.0,0.0,182509000000.0,,0.0,135391000000.0,,,147172000000.0,,,22371097992.0,-411000000.0,-837000000.0,51000000.0,-1088000000.0,-103000000.0,-1501000000.0,453000000.0,1374000000.0,637000000.0,0.0,188000000.0,188000000.0,188000000.0,0.0,6000000.0,0.119,1341000000.0,242000000.0,5001000000.0,0.556,1.354,34.63,33.392,1798000000.0,0.0,32.39,3.698,3.699,2611000000.0,7624000000.0,1583000000.0,1583000000.0,0.0,,,,,16000000.0,856000000.0,1.0,690679160.0,690792000.0,698675000.0,2.292,156169000000.0,0.0,48000000.0,0.0,226.072,
46,TFC,MRQ,2009-12-31,2009-12-31,2009-12-31,2021-09-09,-417000000.0,165764000000.0,,,,,23.564,-46000000.0,2521000000.0,2521000000.0,0.0,194000000.0,,9.207,29482000000.0,,,29482000000.0,0.0,95000000.0,114965000000.0,0.049,0.15,198000000.0,293000000.0,0.187,293000000.0,198000000.0,198000000.0,0.27,0.27,0.27,16241000000.0,,16241000000.0,44961843721.0,44.0,33.28,328000000.0,0.476,1.0,1568000000.0,1.0,7525000000.0,0.0,185200000000.0,,0.0,137894000000.0,,,149523000000.0,,,17444843721.0,258000000.0,24000000.0,19000000.0,-61000000.0,-103000000.0,333000000.0,-449000000.0,-576000000.0,374000000.0,0.0,185000000.0,185000000.0,185000000.0,0.0,9000000.0,0.118,1361000000.0,207000000.0,5076000000.0,0.556,1.074,23.93,21.871,1583000000.0,0.0,25.37,2.924,2.677,3062000000.0,7539000000.0,1568000000.0,1568000000.0,0.0,,,,,12000000.0,768000000.0,1.0,687617017.0,689238000.0,696555000.0,2.275,158239000000.0,0.0,13000000.0,0.0,229.585,
47,TFC,MRQ,2009-09-30,2009-09-30,2009-09-30,2021-09-09,-364000000.0,165328000000.0,,,,,24.259,-46000000.0,2157000000.0,2157000000.0,0.0,157000000.0,,9.242,29674000000.0,,,29674000000.0,0.0,86000000.0,114510000000.0,0.057,0.15,143000000.0,229000000.0,0.156,229000000.0,143000000.0,143000000.0,0.23,0.23,0.23,16142000000.0,,16142000000.0,46142285549.0,40.0,31.539,4424000000.0,6.649,1.0,1468000000.0,1.0,7467000000.0,0.0,185378000000.0,,0.0,139987000000.0,,,149186000000.0,,,17655285549.0,157000000.0,5178000000.0,985000000.0,-4882000000.0,-98000000.0,-10970000000.0,6657000000.0,1598000000.0,4470000000.0,0.0,152000000.0,152000000.0,152000000.0,0.0,5000000.0,0.104,1320000000.0,148000000.0,5002000000.0,0.652,1.094,21.323,19.183,1591000000.0,0.0,27.24,3.074,3.156,3336000000.0,7458000000.0,1468000000.0,1468000000.0,0.0,,,,,14000000.0,861000000.0,1.0,648138236.0,665408000.0,672457000.0,2.206,157861000000.0,0.0,-9000000.0,0.0,237.239,
48,TFC,MRQ,2009-06-30,2009-06-30,2009-06-30,2021-09-09,-730000000.0,152398000000.0,,,,,24.542,-41000000.0,2254000000.0,2254000000.0,0.0,208000000.0,,9.303,30741000000.0,,,30741000000.0,0.0,79000000.0,102164000000.0,0.086,0.47,245000000.0,324000000.0,0.227,324000000.0,245000000.0,245000000.0,0.2,0.2,0.2,14792000000.0,,14792000000.0,42016886432.0,28.0,23.099,3893000000.0,6.459,1.0,1430000000.0,1.0,6603000000.0,0.0,174282000000.0,,0.0,130026000000.0,,,137606000000.0,,,12322886432.0,234000000.0,17000000.0,1701000000.0,-714000000.0,-263000000.0,9169000000.0,-12869000000.0,-12954000000.0,3934000000.0,0.0,204000000.0,121000000.0,121000000.0,0.0,4000000.0,0.085,1181000000.0,249000000.0,4701000000.0,2.35,0.833,11.918,11.946,1577000000.0,83000000.0,21.98,2.128,2.288,0.0,7409000000.0,1430000000.0,1430000000.0,0.0,,,,,17000000.0,815000000.0,1.0,560640875.0,602726000.0,608797000.0,2.373,145795000000.0,0.0,41000000.0,0.0,241.893,
49,TFC,MRQ,2009-03-31,2009-03-31,2009-03-31,2021-09-09,-683000000.0,143425000000.0,,,,,28.907,-41000000.0,1982000000.0,1982000000.0,0.0,318000000.0,,7.863,31676000000.0,,,31676000000.0,0.0,79000000.0,90617000000.0,0.111,0.47,426000000.0,505000000.0,0.336,505000000.0,426000000.0,426000000.0,0.48,0.48,0.48,16182000000.0,,16182000000.0,35514325239.0,19.0,16.366,-9312000000.0,-16.634,1.0,1501000000.0,1.0,6378000000.0,0.0,166741000000.0,,0.0,118160000000.0,,,127243000000.0,,,9463325239.0,-740000000.0,-717000000.0,22000000.0,2910000000.0,-263000000.0,-5363000000.0,13894000000.0,14608000000.0,-9271000000.0,0.0,312000000.0,271000000.0,271000000.0,0.0,6000000.0,0.181,1069000000.0,432000000.0,4950000000.0,0.979,0.585,7.057,6.992,1583000000.0,41000000.0,16.92,1.597,1.598,0.0,7385000000.0,1501000000.0,1501000000.0,0.0,,,,,19000000.0,782000000.0,1.0,559298182.0,559801000.0,563566000.0,2.681,137047000000.0,0.0,114000000.0,0.0,244.814,
50,TFC,MRQ,2008-12-31,2008-12-31,2008-12-31,2021-09-09,-732000000.0,152015000000.0,,,,,29.092,-71000000.0,2769000000.0,2769000000.0,0.0,307000000.0,,8.453,28820000000.0,,,28820000000.0,0.0,75000000.0,98613000000.0,0.068,0.47,330000000.0,405000000.0,0.301,405000000.0,330000000.0,330000000.0,0.51,0.51,0.51,16081000000.0,,16081000000.0,44181305624.0,21.0,18.666,4848000000.0,8.771,1.0,1344000000.0,1.0,6395000000.0,0.0,171671000000.0,,0.0,130664000000.0,,,135934000000.0,,,15171305624.0,348000000.0,470000000.0,32000000.0,-3280000000.0,-259000000.0,9607000000.0,-14178000000.0,-14506000000.0,4919000000.0,0.0,305000000.0,284000000.0,284000000.0,0.0,2000000.0,0.211,1012000000.0,332000000.0,8501000000.0,0.922,0.943,10.128,10.059,1580000000.0,21000000.0,27.46,2.533,2.516,0.0,7381000000.0,1344000000.0,1344000000.0,0.0,,,,,14000000.0,736000000.0,1.0,552487459.0,552759000.0,556560000.0,2.431,145620000000.0,0.0,25000000.0,0.0,263.442,
51,TFC,MRQ,2008-09-30,2008-09-30,2008-09-30,2021-09-09,-461000000.0,137041000000.0,,,,,23.528,-43000000.0,2402000000.0,2402000000.0,0.0,362000000.0,,9.595,31412000000.0,,,31412000000.0,0.0,78000000.0,88387000000.0,0.049,0.47,507000000.0,585000000.0,0.386,585000000.0,507000000.0,507000000.0,0.65,0.65,0.65,12935000000.0,,12935000000.0,49469709299.0,21.0,18.896,-664000000.0,-1.208,1.0,1516000000.0,1.0,6448000000.0,0.0,159603000000.0,,0.0,116684000000.0,,,124106000000.0,,,20770709299.0,-251000000.0,-13000000.0,102000000.0,-16000000.0,-257000000.0,3000000.0,367000000.0,378000000.0,-621000000.0,0.0,358000000.0,358000000.0,358000000.0,0.0,4000000.0,0.236,1005000000.0,511000000.0,4307000000.0,0.723,1.606,12.782,12.77,1557000000.0,0.0,37.8,3.366,3.368,0.0,7357000000.0,1516000000.0,1516000000.0,0.0,,,,,23000000.0,734000000.0,1.0,549489664.0,549761000.0,553544000.0,2.758,130593000000.0,0.0,149000000.0,0.0,237.545,
52,TFC,MRQ,2008-06-30,2008-06-30,2008-06-30,2021-09-09,-339000000.0,136465000000.0,,,,,23.416,-52000000.0,2661000000.0,2661000000.0,0.0,431000000.0,,9.661,31360000000.0,,,31360000000.0,0.0,72000000.0,88214000000.0,0.081,0.46,603000000.0,675000000.0,0.431,675000000.0,603000000.0,603000000.0,0.78,0.78,0.78,12800000000.0,,12800000000.0,41041639542.0,17.0,14.849,1149000000.0,2.102,1.0,1565000000.0,1.0,6422000000.0,0.0,158742000000.0,,0.0,117807000000.0,,,123665000000.0,,,12451639542.0,62000000.0,-107000000.0,1000000.0,423000000.0,-252000000.0,902000000.0,-2041000000.0,-1982000000.0,1201000000.0,0.0,428000000.0,428000000.0,428000000.0,0.0,3000000.0,0.273,959000000.0,606000000.0,4091000000.0,0.59,0.973,7.277,7.298,1557000000.0,0.0,22.77,2.007,2.007,0.0,7258000000.0,1565000000.0,1565000000.0,0.0,,,,,22000000.0,737000000.0,1.0,546844073.0,546628000.0,549758000.0,2.863,130043000000.0,0.0,175000000.0,0.0,237.9,
53,TFC,MRQ,2008-03-31,2008-03-31,2008-03-31,2021-09-09,-103000000.0,136417000000.0,,,,,23.511,-53000000.0,2564000000.0,2564000000.0,0.0,429000000.0,,9.623,31154000000.0,,,31154000000.0,0.0,73000000.0,87481000000.0,0.056,0.46,629000000.0,702000000.0,0.449,702000000.0,629000000.0,629000000.0,0.78,0.78,0.78,12842000000.0,,12842000000.0,44192646969.0,17.0,15.544,-199000000.0,-0.364,1.0,1565000000.0,1.0,6106000000.0,0.0,158901000000.0,,0.0,117292000000.0,,,123575000000.0,,,17511646969.0,-536000000.0,-39000000.0,25000000.0,1593000000.0,-251000000.0,2081000000.0,-2471000000.0,-2435000000.0,-146000000.0,0.0,428000000.0,428000000.0,428000000.0,0.0,1000000.0,0.273,935000000.0,630000000.0,4940000000.0,0.59,1.364,10.058,10.082,1544000000.0,0.0,32.06,2.804,2.804,0.0,7087000000.0,1565000000.0,1565000000.0,0.0,,,,,16000000.0,707000000.0,1.0,546214815.0,546214000.0,548946000.0,2.865,130311000000.0,0.0,201000000.0,0.0,238.571,
54,TFC,MRQ,2007-12-31,2007-12-31,2007-12-31,2021-09-09,-104000000.0,132618000000.0,,,,,23.059,-87000000.0,2646000000.0,2646000000.0,0.0,423000000.0,,9.499,29327000000.0,,,29327000000.0,0.0,73000000.0,86766000000.0,0.057,0.46,583000000.0,656000000.0,0.43,656000000.0,583000000.0,583000000.0,0.75,0.74,0.75,12632000000.0,,12632000000.0,44311847171.0,17.0,15.532,1367000000.0,2.495,1.0,1525000000.0,1.0,6155000000.0,0.0,153144000000.0,,0.0,114789000000.0,,,119986000000.0,,,16851847171.0,649000000.0,-164000000.0,-125000000.0,-561000000.0,-253000000.0,586000000.0,-1391000000.0,-1180000000.0,1454000000.0,0.0,411000000.0,411000000.0,411000000.0,0.0,12000000.0,0.27,930000000.0,595000000.0,3893000000.0,0.613,1.334,9.718,9.675,1529000000.0,0.0,30.67,2.715,2.704,0.0,6919000000.0,1525000000.0,1525000000.0,0.0,,,,,14000000.0,682000000.0,1.0,549457032.0,547802000.0,550561000.0,2.784,126463000000.0,0.0,172000000.0,0.0,230.855,
55,TFC,MRQ,2007-09-30,2007-09-30,2007-09-30,2021-09-09,-268000000.0,130781000000.0,,,,,22.524,-58000000.0,2217000000.0,2217000000.0,0.0,444000000.0,,9.545,29677000000.0,,,29677000000.0,0.0,71000000.0,85185000000.0,0.043,0.46,660000000.0,731000000.0,0.472,731000000.0,660000000.0,660000000.0,0.81,0.8,0.81,12402000000.0,,12402000000.0,47478796576.0,19.0,16.73,-736000000.0,-1.337,1.0,1548000000.0,1.0,6156000000.0,0.0,152085000000.0,,0.0,114250000000.0,,,118379000000.0,,,22269796576.0,-247000000.0,-22000000.0,-111000000.0,1776000000.0,-254000000.0,2517000000.0,-2086000000.0,-2024000000.0,-678000000.0,0.0,444000000.0,444000000.0,444000000.0,0.0,0.0,0.287,888000000.0,660000000.0,3517000000.0,0.568,1.796,14.149,13.928,1504000000.0,0.0,40.39,3.612,3.607,0.0,6759000000.0,1548000000.0,1548000000.0,0.0,,,,,14000000.0,668000000.0,1.0,551369066.0,550603000.0,555336000.0,2.811,124625000000.0,0.0,216000000.0,0.0,226.343,
56,TFC,MRQ,2007-06-30,2007-06-30,2007-06-30,2021-09-09,-452000000.0,127577000000.0,,,,,22.11,-56000000.0,2514000000.0,2514000000.0,0.0,458000000.0,,9.522,27723000000.0,,,27723000000.0,0.0,70000000.0,84079000000.0,0.041,0.42,684000000.0,754000000.0,0.469,754000000.0,684000000.0,684000000.0,0.84,0.83,0.84,12125000000.0,,12125000000.0,46542484400.0,19.0,16.593,-406000000.0,-0.74,1.0,1607000000.0,1.0,6195000000.0,0.0,146591000000.0,,0.0,111332000000.0,,,115452000000.0,,,22071484400.0,321000000.0,32000000.0,21000000.0,598000000.0,-227000000.0,3661000000.0,-2990000000.0,-2991000000.0,-350000000.0,0.0,458000000.0,458000000.0,458000000.0,0.0,0.0,0.285,923000000.0,684000000.0,3650000000.0,0.5,1.82,14.267,14.224,1485000000.0,0.0,40.68,3.587,3.625,0.0,6568000000.0,1607000000.0,1607000000.0,0.0,,,,,14000000.0,689000000.0,1.0,542563530.0,548385000.0,553935000.0,2.93,121382000000.0,0.0,226000000.0,0.0,221.344,
57,TFC,MRQ,2007-03-31,2007-03-31,2007-03-31,2021-09-09,-288000000.0,121694000000.0,,,,,21.5,-55000000.0,2235000000.0,2235000000.0,0.0,421000000.0,,9.446,26706000000.0,,,26706000000.0,0.0,69000000.0,79839000000.0,0.04,0.42,643000000.0,712000000.0,0.467,712000000.0,643000000.0,643000000.0,0.78,0.77,0.78,11650000000.0,,11650000000.0,43611275278.0,18.0,15.744,631000000.0,1.165,1.0,1526000000.0,1.0,5833000000.0,0.0,140332000000.0,,0.0,106495000000.0,,,110044000000.0,,,22232275278.0,-318000000.0,13000000.0,25000000.0,1313000000.0,-228000000.0,-9000000.0,-995000000.0,-974000000.0,686000000.0,0.0,421000000.0,421000000.0,421000000.0,0.0,0.0,0.276,883000000.0,643000000.0,3499000000.0,0.538,1.908,14.646,14.546,1431000000.0,0.0,41.02,3.671,3.67,0.0,6364000000.0,1526000000.0,1526000000.0,0.0,,,,,28000000.0,671000000.0,1.0,541986233.0,541851000.0,547230000.0,2.816,115861000000.0,0.0,222000000.0,0.0,213.824,
58,TFC,MRQ,2006-12-31,2006-12-31,2006-12-31,2021-09-09,-359000000.0,121351000000.0,,,,,21.717,-62000000.0,2612000000.0,2612000000.0,0.0,251000000.0,,9.332,23991000000.0,,,23991000000.0,0.0,78000000.0,80971000000.0,0.036,0.42,563000000.0,641000000.0,0.432,641000000.0,563000000.0,563000000.0,0.47,0.46,0.47,11745000000.0,,11745000000.0,44636080113.0,18.0,16.143,343000000.0,0.634,1.0,1485000000.0,1.0,5765000000.0,0.0,136965000000.0,,0.0,105824000000.0,,,109606000000.0,,,23763270113.0,-35000000.0,-30000000.0,13000000.0,565000000.0,-227000000.0,1256000000.0,-1696000000.0,-1618000000.0,405000000.0,0.0,251000000.0,251000000.0,251000000.0,0.0,0.0,0.169,922000000.0,563000000.0,4644000000.0,0.894,2.023,15.552,15.468,1410000000.0,0.0,43.93,3.968,3.955,0.0,6596000000.0,1485000000.0,1485000000.0,0.0,,,,,11000000.0,687000000.0,1.0,540934899.0,540826000.0,545076000.0,2.746,115586000000.0,0.0,312000000.0,0.0,213.721,
59,TFC,MRQ,2006-09-30,2006-09-30,2006-09-30,2021-09-09,-317966000.0,118523897000.0,,,,,21.773,-68000000.0,2521290000.0,2521290000.0,0.0,417000000.0,,9.101,23394100000.0,,,23394100000.0,0.0,77000000.0,80066203000.0,0.036,0.42,621000000.0,698000000.0,0.454,698000000.0,621000000.0,621000000.0,0.77,0.77,0.77,11733925000.0,,11733925000.0,42782381222.0,17.0,15.127,-664000000.0,-1.232,1.0,1536000000.0,1.0,5782505000.0,0.0,133614202000.0,,0.0,103026973000.0,,,106789972000.0,,,23511652222.0,-270000000.0,51000000.0,13000000.0,1109000000.0,-226000000.0,1898000000.0,-1572000000.0,-1554000000.0,-596000000.0,0.0,417000000.0,417000000.0,417000000.0,0.0,0.0,0.271,915000000.0,621000000.0,3329669000.0,0.545,2.004,13.775,13.854,1387080000.0,0.0,43.78,3.949,3.963,0.0,6572716000.0,1536000000.0,1536000000.0,0.0,,,,,10000000.0,667000000.0,1.0,537040937.0,538911000.0,544286000.0,2.85,112741392000.0,0.0,204000000.0,0.0,209.202,
60,TFC,MRQ,2006-06-30,2006-06-30,2006-06-30,2021-09-09,-551794000.0,116283730000.0,,,,,20.794,-62000000.0,2721524000.0,2721524000.0,0.0,429000000.0,,9.416,21992253000.0,,,21992253000.0,0.0,69000000.0,78512801000.0,0.037,0.38,650000000.0,719000000.0,0.476,719000000.0,650000000.0,650000000.0,0.8,0.79,0.8,11164113000.0,,11164113000.0,39378418568.0,15.0,13.772,332000000.0,0.618,1.0,1510000000.0,1.0,5723463000.0,0.0,129830996000.0,,0.0,100788589000.0,,,105119617000.0,,,22282822568.0,375000000.0,51000000.0,-553000000.0,2311000000.0,-203000000.0,2840000000.0,-2859000000.0,-2874000000.0,394000000.0,0.0,429000000.0,429000000.0,429000000.0,0.0,0.0,0.284,860000000.0,650000000.0,4614563000.0,0.475,1.996,12.867,12.997,1342229000.0,0.0,41.59,3.799,3.807,0.0,6382706000.0,1510000000.0,1510000000.0,0.0,,,,,10000000.0,644000000.0,1.0,535773565.0,536882000.0,541608000.0,2.813,110560267000.0,0.0,221000000.0,0.0,205.93,
61,TFC,MRQ,2006-03-31,2006-03-31,2006-03-31,2021-09-09,-464731000.0,110033689000.0,,,,,20.317,26000000.0,2305792000.0,2305792000.0,0.0,431000000.0,,9.03,19401388000.0,,,19401388000.0,0.0,68000000.0,75564129000.0,0.038,0.38,639000000.0,707000000.0,0.485,707000000.0,639000000.0,639000000.0,0.8,0.79,0.8,10969972000.0,,10969972000.0,38072739021.0,15.0,13.526,590000000.0,1.093,1.0,1458000000.0,1.0,5242547000.0,0.0,121886738000.0,,0.0,96034914000.0,,,99063717000.0,,,20988412021.0,-155000000.0,-34000000.0,-318000000.0,-321000000.0,-207000000.0,441000000.0,-1160000000.0,-1180000000.0,564000000.0,0.0,431000000.0,431000000.0,431000000.0,0.0,0.0,0.296,819000000.0,639000000.0,4098200000.0,0.475,1.913,12.422,12.605,1267647000.0,0.0,39.2,3.639,3.67,0.0,6179559000.0,1458000000.0,1458000000.0,0.0,,,,,27000000.0,648000000.0,1.0,535418674.0,539952669.0,543435830.0,2.7,104791142000.0,0.0,208000000.0,0.0,194.075,
62,TFC,MRQ,2005-12-31,2005-12-31,2005-12-31,2021-09-09,-356000000.0,109170000000.0,,,,,20.464,-52537000.0,2596000000.0,2596000000.0,0.0,429805000.0,,8.81,19681000000.0,,,19681000000.0,0.0,72661000.0,74282000000.0,0.035,0.38,631604000.0,704265000.0,0.486,704265000.0,631604000.0,631604000.0,0.79,0.78,0.79,11129000000.0,,11129000000.0,39315776507.0,16.0,14.193,415888000.0,0.765,1.0,1450134000.0,1.0,5175000000.0,0.0,121080000000.0,,0.0,94974000000.0,,,98041000000.0,,,22727643507.0,299390000.0,4461000.0,-246082000.0,776754000.0,-208346000.0,1424923000.0,-1593958000.0,-1565725000.0,468425000.0,0.0,429805000.0,429805000.0,429805000.0,0.0,0.0,0.296,821473000.0,628661000.0,4078000000.0,0.481,2.042,13.741,13.877,1287000000.0,0.0,41.91,4.034,4.068,0.0,5951000000.0,1450134000.0,1450134000.0,0.0,,,,,3812000.0,611253000.0,1.0,542296433.0,543844900.0,548578990.0,2.666,103995000000.0,0.0,201799000.0,0.0,191.222,
63,TFC,MRQ,2005-09-30,2005-09-30,2005-09-30,2021-09-09,-286556000.0,107080153000.0,,,,,20.45,-42465000.0,2322081000.0,2322081000.0,0.0,442006000.0,,8.564,18910214000.0,,,18910214000.0,0.0,68956000.0,73180274000.0,0.037,0.38,660171000.0,729127000.0,0.504,729127000.0,660171000.0,660171000.0,0.81,0.8,0.81,11195918000.0,,11195918000.0,38009058310.0,15.0,13.792,708261000.0,1.294,1.0,1446647000.0,1.0,4741137000.0,0.0,118927149000.0,,0.0,93434920000.0,,,95884235000.0,,,21380467310.0,-176424000.0,-1410000.0,23330000.0,-92683000.0,-207909000.0,1073851000.0,-2001001000.0,-1981277000.0,750726000.0,0.0,442006000.0,442006000.0,442006000.0,0.0,0.0,0.306,786476000.0,660171000.0,3793747000.0,0.469,1.91,13.031,13.06,1269224000.0,0.0,39.05,3.878,3.878,0.0,5731162000.0,1446647000.0,1446647000.0,0.0,,,,,3530000.0,580194000.0,1.0,547515168.0,547467864.0,552058757.0,2.642,102339016000.0,0.0,218165000.0,0.0,186.932,
64,TFC,MRQ,2005-06-30,2005-06-30,2005-06-30,2021-09-09,-128611000.0,105835324000.0,,,,,20.272,-26234000.0,2464854000.0,2464854000.0,0.0,386805000.0,,8.543,19093445000.0,,,19093445000.0,0.0,93281000.0,71830359000.0,0.035,0.35,581172000.0,674453000.0,0.478,674453000.0,581172000.0,581172000.0,0.71,0.7,0.71,11090367000.0,,11090367000.0,40063877917.0,17.0,14.769,-126389000.0,-0.231,1.0,1412460000.0,1.0,4769684000.0,0.0,117694231000.0,,0.0,92093947000.0,,,94744957000.0,,,21837693917.0,467753000.0,-115595000.0,-78867000.0,-1349833000.0,-192049000.0,3374470000.0,-2806562000.0,-2667785000.0,-100155000.0,0.0,386805000.0,386805000.0,386805000.0,0.0,0.0,0.274,828345000.0,584115000.0,3821153000.0,0.493,1.969,13.55,13.642,1263467000.0,0.0,39.97,4.046,4.051,0.0,5494527000.0,1412460000.0,1412460000.0,0.0,,,,,2562000.0,621404000.0,1.0,546352112.0,547089165.0,551245112.0,2.582,101065640000.0,0.0,194367000.0,0.0,184.733,
65,TFC,MRQ,2005-03-31,2005-03-31,2005-03-31,2021-09-09,-290611000.0,102015086000.0,,,,,19.708,-45764000.0,2052903000.0,2052903000.0,0.0,395384000.0,,8.424,20279087000.0,,,20279087000.0,0.0,68102000.0,66836339000.0,0.035,0.35,594053000.0,662155000.0,0.5,662155000.0,594053000.0,594053000.0,0.72,0.71,0.72,10825284000.0,,10825284000.0,36755698515.0,15.0,13.583,543240000.0,0.989,1.0,1324759000.0,1.0,4670800000.0,0.0,115570470000.0,,0.0,88902721000.0,,,91189802000.0,,,21433650515.0,-697719000.0,-11456000.0,-104381000.0,2211762000.0,-192696000.0,1053756000.0,-2340479000.0,-2306213000.0,589004000.0,0.0,395384000.0,395384000.0,395384000.0,0.0,0.0,0.298,730706000.0,594053000.0,4074376000.0,0.486,1.98,13.191,13.293,1274167000.0,0.0,39.08,4.026,4.032,0.0,5315138000.0,1324759000.0,1324759000.0,0.0,,,,,6096000.0,537149000.0,1.0,548455745.0,549282008.0,553654679.0,2.412,97344286000.0,0.0,198669000.0,0.0,177.221,
66,TFC,MRQ,2004-12-31,2004-12-31,2004-12-31,2021-09-09,-111201000.0,100508641000.0,,,,,19.698,40039000.0,2785448000.0,2785448000.0,0.0,416509000.0,,8.243,18107496000.0,,,18107496000.0,0.0,72205000.0,67699337000.0,0.032,0.35,617866000.0,690071000.0,0.519,690071000.0,617866000.0,617866000.0,0.75,0.75,0.75,10874474000.0,,10874474000.0,38750656538.0,17.0,14.95,348202000.0,0.631,1.0,1328842000.0,1.0,4637780000.0,0.0,111192909000.0,,0.0,86770633000.0,,,89634167000.0,,,23227057538.0,621261000.0,-68680000.0,-127784000.0,468615000.0,-193384000.0,2099186000.0,-1786088000.0,-1790388000.0,308163000.0,0.0,416509000.0,416509000.0,416509000.0,0.0,0.0,0.313,710976000.0,617866000.0,3827334000.0,0.467,2.136,14.908,14.911,1283546000.0,0.0,42.05,4.451,4.446,0.0,5112034000.0,1328842000.0,1328842000.0,0.0,,,,,5168000.0,510713000.0,1.0,552367599.0,552056477.0,557521299.0,2.407,95870861000.0,0.0,201357000.0,0.0,173.661,
67,TFC,MRQ,2004-09-30,2004-09-30,2004-09-30,2021-09-09,-68849000.0,97880397000.0,,,,,19.487,-65438000.0,2086609000.0,2086609000.0,0.0,412885000.0,,8.067,17610208000.0,,,17610208000.0,0.0,65192000.0,65753596000.0,0.033,0.35,620912000.0,686104000.0,0.515,686104000.0,620912000.0,620912000.0,0.75,0.74,0.75,10794881000.0,,10794881000.0,36480758345.0,16.0,14.444,1088166000.0,1.964,1.0,1331320000.0,1.0,4622172000.0,0.0,108781824000.0,,0.0,85159855000.0,,,87085516000.0,,,22005464345.0,-115281000.0,1991000.0,-129936000.0,826233000.0,-194489000.0,-401885000.0,-867000000.0,-835337000.0,1153604000.0,0.0,412885000.0,412885000.0,412885000.0,0.0,0.0,0.31,710408000.0,620912000.0,3721712000.0,0.467,2.039,15.213,15.091,1280612000.0,0.0,39.69,4.298,4.294,0.0,4888070000.0,1331320000.0,1331320000.0,0.0,,,,,2234000.0,527694000.0,1.0,554433468.0,553944042.0,558576819.0,2.403,93258225000.0,0.0,208027000.0,0.0,168.353,
68,TFC,MRQ,2004-06-30,2004-06-30,2004-06-30,2021-09-09,-242429000.0,97348285000.0,,,,,18.996,-96772000.0,2281478000.0,2281478000.0,0.0,400106000.0,,8.249,16756772000.0,,,16756772000.0,0.0,68946000.0,66662890000.0,0.035,0.32,598707000.0,667653000.0,0.499,667653000.0,598707000.0,598707000.0,0.72,0.72,0.72,10524713000.0,,10524713000.0,34762562161.0,20.0,17.097,1048627000.0,1.893,1.0,1338946000.0,1.0,4663087000.0,0.0,107160492000.0,,0.0,84263581000.0,,,86823572000.0,,,20506700161.0,79782000.0,-66393000.0,-8498000.0,206199000.0,-177610000.0,14447000.0,-1080064000.0,-940124000.0,1145399000.0,0.0,400106000.0,400106000.0,400106000.0,0.0,0.0,0.299,740239000.0,598707000.0,3403910000.0,0.444,1.948,17.839,17.689,1270680000.0,0.0,36.97,4.067,4.062,0.0,4668657000.0,1338946000.0,1338946000.0,0.0,,,,,3715000.0,545763000.0,1.0,554684884.0,554041770.0,557485680.0,2.417,92685198000.0,0.0,198601000.0,0.0,167.289,
69,TFC,MRQ,2004-03-31,2004-03-31,2004-03-31,2021-09-09,151406000.0,94281503000.0,,,,,19.077,-70829000.0,2118092000.0,2118092000.0,0.0,328500000.0,,8.042,16373954000.0,,,16373954000.0,0.0,63657000.0,64124892000.0,0.035,0.32,484515000.0,548172000.0,0.45,548172000.0,484515000.0,484515000.0,0.6,0.6,0.6,10426828000.0,,10426828000.0,34784069441.0,21.0,18.7,211005000.0,0.386,1.0,1218892000.0,1.0,4390483000.0,0.0,104146882000.0,,0.0,81790221000.0,,,83854675000.0,,,19130587441.0,-443762000.0,75082000.0,-95782000.0,-1792047000.0,-173517000.0,2716252000.0,-3441848000.0,-3471151000.0,281834000.0,0.0,328500000.0,328500000.0,328500000.0,0.0,0.0,0.27,734377000.0,484515000.0,3355829000.0,0.533,1.835,17.952,17.304,1227251000.0,0.0,35.3,3.98,4.014,0.0,4462600000.0,1218892000.0,1218892000.0,0.0,,,,,4883000.0,539830000.0,1.0,541942987.0,546576484.0,550547045.0,2.23,89891020000.0,0.0,156015000.0,0.0,164.462,
70,TFC,MRQ,2003-12-31,2003-12-31,2003-12-31,2021-09-09,21879000.0,90466613000.0,,,,,18.22,-88096000.0,2489118000.0,2489118000.0,0.0,305027000.0,,8.106,18142600000.0,,,18142600000.0,0.0,65370000.0,59349785000.0,0.032,0.32,558328000.0,623698000.0,0.507,623698000.0,558328000.0,558328000.0,0.56,0.56,0.56,9934731000.0,,9934731000.0,34858716075.0,22.0,19.105,2119764000.0,3.888,1.0,1231083000.0,1.0,4018470000.0,0.0,102101625000.0,,0.0,78170193000.0,,,80531882000.0,,,21120890075.0,104902000.0,-6137000.0,-285219000.0,1991972000.0,-174927000.0,-399903000.0,-1703055000.0,-1642851000.0,2207860000.0,0.0,305027000.0,305027000.0,305027000.0,0.0,0.0,0.248,672755000.0,558328000.0,3039497000.0,0.571,2.126,19.834,18.488,1201342000.0,0.0,38.64,4.531,4.226,0.0,4309635000.0,1231083000.0,1231083000.0,0.0,,,,,3066000.0,432674000.0,1.0,546606886.0,545256757.0,550251547.0,2.258,86448143000.0,0.0,253301000.0,0.0,158.546,
71,TFC,MRQ,2003-09-30,2003-09-30,2003-09-30,2021-09-09,137412000.0,90355131000.0,,,,,18.538,-99273000.0,2395079000.0,2395079000.0,0.0,115891000.0,,7.845,16132905000.0,,,16132905000.0,0.0,57089000.0,61295298000.0,0.033,0.32,136595000.0,193684000.0,0.155,193684000.0,136595000.0,136595000.0,0.21,0.21,0.21,10214832000.0,,10214832000.0,34747988722.0,23.0,20.532,987203000.0,1.792,1.0,1253561000.0,1.0,4064784000.0,0.0,100028173000.0,,0.0,77503087000.0,,,80140299000.0,,,19679159722.0,120100000.0,917001000.0,-415898000.0,-1934578000.0,-179420000.0,-3016061000.0,2049685000.0,1213052000.0,1086476000.0,0.0,115891000.0,115891000.0,115891000.0,0.0,0.0,0.092,732068000.0,521493000.0,2712096000.0,1.524,1.927,17.937,15.681,1221089000.0,0.0,35.91,4.413,4.437,0.0,4180674000.0,1253561000.0,1253561000.0,0.0,,,,,2212000.0,527389000.0,1.0,548013359.0,551018984.0,555543993.0,2.275,86290347000.0,0.0,20704000.0,0.0,156.601,
72,TFC,MRQ,2003-06-30,2003-06-30,2003-06-30,2021-09-09,287049000.0,80444806000.0,,,,,16.331,-100584000.0,2390322000.0,2390322000.0,0.0,316237000.0,,9.443,17459151000.0,,,17459151000.0,0.0,42467000.0,52355766000.0,0.034,0.29,452096000.0,494563000.0,0.448,494563000.0,452096000.0,452096000.0,0.67,0.67,0.67,7703424000.0,,7703424000.0,31855959291.0,17.0,15.941,-860948000.0,-1.825,1.0,1103016000.0,1.0,1714938000.0,0.0,93798697000.0,,0.0,70697548000.0,,,72741382000.0,,,16165218291.0,230197000.0,-2662000.0,5679000.0,-346686000.0,-138225000.0,635505000.0,355056000.0,436478000.0,-760364000.0,0.0,316237000.0,316237000.0,316237000.0,0.0,0.0,0.287,650920000.0,452096000.0,2926465000.0,0.433,2.098,12.346,12.383,1068808000.0,0.0,34.3,3.815,3.818,0.0,4240597000.0,1103016000.0,1103016000.0,0.0,,,,,4273000.0,470688000.0,1.0,471289163.0,471713450.0,475293564.0,2.338,78729868000.0,0.0,135859000.0,0.0,166.902,
73,TFC,MRQ,2003-03-31,2003-03-31,2003-03-31,2021-09-09,308804000.0,79647890000.0,,,,,16.069,-110489000.0,2104196000.0,2104196000.0,0.0,327748000.0,,9.534,17794937000.0,,,17794937000.0,0.0,42671000.0,51241029000.0,0.036,0.29,470011000.0,512682000.0,0.477,512682000.0,470011000.0,470011000.0,0.7,0.69,0.7,7561078000.0,,7561078000.0,31708971728.0,17.0,15.828,1174315000.0,2.496,1.0,1074099000.0,1.0,1737617000.0,0.0,93601014000.0,,0.0,70275123000.0,,,72086812000.0,,,14801943728.0,-5452000.0,6444000.0,-53291000.0,-1306394000.0,-135546000.0,-1834523000.0,544267000.0,631498000.0,1284804000.0,0.0,327748000.0,327748000.0,327748000.0,0.0,0.0,0.305,604088000.0,470011000.0,3050846000.0,0.414,1.958,11.204,11.265,1071721000.0,0.0,31.43,3.566,3.563,0.0,4103670000.0,1074099000.0,1074099000.0,0.0,,,,,3447000.0,456474000.0,1.0,470949530.0,470529359.0,474348203.0,2.283,77910273000.0,0.0,142263000.0,0.0,165.58,
74,TFC,MRQ,2002-12-31,2002-12-31,2002-12-31,2021-09-09,330709000.0,80216816000.0,,,,,15.556,-258719000.0,2077772000.0,2077772000.0,0.0,337255000.0,,9.858,18984800000.0,,,18984800000.0,0.0,31031000.0,51280016000.0,0.03,0.29,460426000.0,491457000.0,0.478,491457000.0,460426000.0,460426000.0,0.71,0.7,0.71,7387914000.0,,7387914000.0,33829605652.0,19.0,17.299,-545770000.0,-1.149,1.0,1028844000.0,1.0,1872203000.0,0.0,95251641000.0,,0.0,70892264000.0,,,72828902000.0,,,17713998652.0,-62876000.0,61988000.0,-392838000.0,799779000.0,-139410000.0,1736076000.0,-1511901000.0,-1473890000.0,-287051000.0,0.0,337255000.0,337255000.0,337255000.0,0.0,0.0,0.328,568418000.0,460426000.0,2564086000.0,0.408,2.398,13.595,13.451,1072101000.0,0.0,36.99,4.401,4.35,0.0,3912320000.0,1028844000.0,1028844000.0,0.0,,,,,590000.0,409428000.0,1.0,478886149.0,474922831.0,480079642.0,2.166,78344613000.0,0.0,123171000.0,0.0,164.963,
75,TFC,MRQ,2002-09-30,2002-09-30,2002-09-30,2021-09-09,313424000.0,78186831000.0,,,,,15.793,-46472000.0,2067211000.0,2067211000.0,0.0,328157000.0,,9.377,18182818000.0,,,18182818000.0,0.0,45392000.0,49811471000.0,0.031,0.29,454278000.0,499670000.0,0.484,499670000.0,454278000.0,454278000.0,0.69,0.68,0.69,7534817000.0,,7534817000.0,30839628192.0,18.0,16.195,-848911000.0,-1.779,1.0,1031451000.0,1.0,1698563000.0,0.0,92603875000.0,,0.0,69298005000.0,,,70652014000.0,,,16687517192.0,429057000.0,154149000.0,-124004000.0,1953092000.0,-138096000.0,-459910000.0,1691406000.0,1611629000.0,-802439000.0,0.0,328157000.0,328157000.0,328157000.0,0.0,0.0,0.318,577173000.0,454278000.0,2657725000.0,0.42,2.215,13.418,13.173,1057360000.0,0.0,35.04,4.298,4.306,0.0,3711088000.0,1031451000.0,1031451000.0,0.0,,,,,3854000.0,426627000.0,1.0,476241929.0,477112074.0,482325535.0,2.162,76488268000.0,0.0,126121000.0,0.0,160.315,
76,TFC,MRQ,2002-06-30,2002-06-30,2002-06-30,2021-09-09,275172000.0,76333441000.0,,,,,14.909,26332000.0,1757815000.0,1757815000.0,0.0,327952000.0,,9.708,15909926000.0,,,15909926000.0,0.0,40749000.0,50909189000.0,0.027,0.26,458811000.0,499560000.0,0.492,499560000.0,458811000.0,458811000.0,0.69,0.68,0.69,7128356000.0,,7128356000.0,34451568550.0,22.0,19.614,940377000.0,1.967,1.0,1016395000.0,1.0,1457257000.0,0.0,89028295000.0,,0.0,68327770000.0,,,69205085000.0,,,18498581550.0,201877000.0,1025000.0,-250014000.0,-1593106000.0,-126076000.0,468754000.0,-1180922000.0,-1126319000.0,914045000.0,0.0,327952000.0,327952000.0,327952000.0,0.0,0.0,0.323,557584000.0,458811000.0,2385970000.0,0.377,2.595,16.262,15.691,1033590000.0,0.0,38.6,4.945,4.934,0.0,3522727000.0,1016395000.0,1016395000.0,0.0,,,,,9066000.0,422444000.0,1.0,479237864.0,478121878.0,484009961.0,2.126,74876184000.0,0.0,130859000.0,0.0,156.605,
77,TFC,MRQ,2002-03-31,2002-03-31,2002-03-31,2021-09-09,171169000.0,74949720000.0,,,,,15.242,-75279000.0,1534471000.0,1534471000.0,0.0,309645000.0,,9.623,17487458000.0,,,17487458000.0,0.0,37893000.0,48471239000.0,0.027,0.26,426962000.0,464855000.0,0.49,464855000.0,426962000.0,426962000.0,0.67,0.66,0.67,7055418000.0,,7055418000.0,33864454694.0,23.0,20.736,916624000.0,1.98,1.0,948317000.0,1.0,1567943000.0,0.0,89334764000.0,,0.0,67423756000.0,,,67894302000.0,,,17480464694.0,-428064000.0,610520000.0,26267000.0,-1585597000.0,-118296000.0,-1142886000.0,-277081000.0,-822706000.0,991903000.0,0.0,309645000.0,309645000.0,309645000.0,0.0,0.0,0.327,531135000.0,417182000.0,1935605000.0,0.388,2.478,16.699,16.57,1048825000.0,0.0,38.11,4.833,4.878,0.0,3334186000.0,948317000.0,948317000.0,0.0,,,,,2936000.0,402768000.0,1.0,458684458.0,462902144.0,468604312.0,2.049,73381777000.0,0.0,117317000.0,0.0,158.525,
78,TFC,MRQ,2001-12-31,2001-12-31,2001-12-31,2021-09-09,307399000.0,70869945000.0,,,,,13.546,-120957000.0,1986186000.0,1986186000.0,0.0,277943000.0,,10.523,18370176000.0,,,18370176000.0,0.0,52447000.0,44733275000.0,0.027,0.26,387725000.0,440172000.0,0.496,440172000.0,387725000.0,387725000.0,0.61,0.61,0.61,6150209000.0,,6150209000.0,31970743435.0,24.0,20.556,108840000.0,0.24,1.0,886714000.0,1.0,879903000.0,0.0,86374032000.0,,0.0,63804650000.0,,,64719736000.0,,,16359942435.0,246775000.0,140730000.0,-48587000.0,1034869000.0,-118335000.0,-42581000.0,59559000.0,25497000.0,229797000.0,0.0,277943000.0,277943000.0,277943000.0,0.0,0.0,0.313,498989000.0,387725000.0,1616285000.0,0.426,2.66,16.803,16.795,989611000.0,0.0,36.11,4.617,4.618,0.0,3148501000.0,886714000.0,886714000.0,0.0,,,,,3915000.0,421380000.0,1.0,453058500.0,454040655.0,459370367.0,1.953,69990042000.0,0.0,109782000.0,0.0,154.149,
79,TFC,MRQ,2001-09-30,2001-09-30,2001-09-30,2021-09-09,386112000.0,70309046000.0,,,,,13.139,-94789000.0,1720970000.0,1720970000.0,0.0,221966000.0,,10.777,17331771000.0,,,17331771000.0,0.0,44585000.0,45214229000.0,0.026,0.26,307262000.0,351847000.0,0.396,351847000.0,307262000.0,307262000.0,0.49,0.48,0.49,5969828000.0,,5969828000.0,30312856923.0,23.0,21.036,-608016000.0,-1.338,1.0,889173000.0,1.0,0.0,0.0,85919847000.0,,0.0,63614022000.0,,,64339218000.0,,,15459762923.0,-130321000.0,0.0,-172566000.0,669339000.0,-110501000.0,690594000.0,-307688000.0,-228957000.0,-513227000.0,0.0,221966000.0,221966000.0,221966000.0,0.0,0.0,0.25,581911000.0,307262000.0,1793218000.0,0.531,2.59,16.67,17.694,971337000.0,0.0,36.45,4.467,4.785,0.0,2989604000.0,889173000.0,889173000.0,0.0,,,,,-155000.0,361052000.0,1.0,424136157.0,454346907.0,460387879.0,1.957,70309046000.0,0.0,85296000.0,0.0,154.747,
80,TFC,MRQ,2001-06-30,2001-06-30,2001-06-30,2021-09-09,244985000.0,64733769000.0,,,,,12.047,-100906000.0,1565151000.0,1565151000.0,0.0,237229000.0,,10.896,16418245000.0,,,16418245000.0,0.0,47769000.0,41384758000.0,0.025,0.23,328494000.0,376263000.0,0.422,376263000.0,328494000.0,328494000.0,0.53,0.52,0.53,5441792000.0,,5441792000.0,30136079363.0,28.0,24.495,489624000.0,1.084,1.0,892336000.0,1.0,0.0,0.0,79586863000.0,,0.0,58807968000.0,,,59291977000.0,,,14946140363.0,-61199000.0,0.0,-36069000.0,-257386000.0,-101092000.0,278032000.0,-929761000.0,-841363000.0,590530000.0,0.0,237229000.0,237229000.0,237229000.0,0.0,0.0,0.266,563842000.0,328494000.0,1488974000.0,0.434,2.747,19.213,21.214,875846000.0,0.0,36.7,4.659,5.168,0.0,2655397000.0,892336000.0,892336000.0,0.0,,,,,13748000.0,357586000.0,1.0,407251781.0,451712342.0,457879467.0,1.975,64733769000.0,0.0,91265000.0,0.0,143.308,
81,TFC,MRQ,2001-03-31,2001-03-31,2001-03-31,2021-09-09,225122000.0,62120304000.0,,,,,11.15,-91851000.0,1459503000.0,1459503000.0,0.0,236500000.0,,11.309,16649442000.0,,,16649442000.0,0.0,50082000.0,39045800000.0,0.025,0.23,336947000.0,387029000.0,0.442,387029000.0,336947000.0,336947000.0,0.52,0.51,0.52,5046881000.0,,5046881000.0,28206645728.0,28.0,24.142,-305028000.0,-0.674,1.0,875445000.0,1.0,0.0,0.0,77310243000.0,,0.0,56651654000.0,,,57073423000.0,,,14405095728.0,70344000.0,0.0,-191724000.0,910499000.0,-103642000.0,157422000.0,126099000.0,205116000.0,-213177000.0,0.0,236500000.0,236500000.0,236500000.0,0.0,0.0,0.27,538498000.0,336947000.0,1378181000.0,0.442,2.854,20.153,21.845,827067000.0,0.0,35.17,4.74,5.238,0.0,2429660000.0,875445000.0,875445000.0,0.0,,,,,6506000.0,349481000.0,1.0,409584752.0,452634896.0,459429071.0,1.934,62120304000.0,0.0,100447000.0,0.0,137.242,
82,TFC,MRQ,2000-12-31,2000-12-31,2000-12-31,2021-09-09,104297000.0,66552823000.0,,,,,12.081,-93061000.0,1776990000.0,1776990000.0,0.0,231722000.0,,11.28,15955996000.0,,,15955996000.0,0.0,-4046000.0,43877319000.0,0.023,0.23,329915000.0,325869000.0,0.405,325869000.0,329915000.0,329915000.0,0.52,0.51,0.52,5419809000.0,,5419809000.0,28521604642.0,28.0,25.257,-155331000.0,-0.346,1.0,804075000.0,1.0,0.0,0.0,80731829000.0,,0.0,60528549000.0,,,61133014000.0,,,14796251642.0,123507000.0,239620000.0,-79939000.0,137001000.0,-102529000.0,1044201000.0,-858424000.0,-1037021000.0,-62270000.0,0.0,231722000.0,231722000.0,231722000.0,0.0,0.0,0.288,474160000.0,329915000.0,1299699000.0,0.442,2.73,21.183,24.071,928956000.0,0.0,37.31,4.909,5.58,0.0,2632642000.0,804075000.0,804075000.0,0.0,,,,,6289000.0,327940000.0,1.0,396576029.0,448614997.0,454816626.0,1.792,66552823000.0,0.0,98193000.0,0.0,148.352,
83,TFC,MRQ,2000-09-30,2000-09-30,2000-09-30,2021-09-09,-127661000.0,56671181000.0,,,,,9.604,-71572000.0,1310560000.0,1310560000.0,0.0,72474000.0,,12.067,15035913000.0,,,15035913000.0,0.0,41079000.0,36035076000.0,0.028,0.23,100071000.0,141150000.0,0.222,141150000.0,100071000.0,100071000.0,0.16,0.16,0.16,4337003000.0,,4337003000.0,23213228919.0,23.0,20.065,-133147000.0,-0.295,1.0,636155000.0,1.0,0.0,0.0,70396534000.0,,0.0,51556272000.0,,,52334178000.0,,,12044791919.0,-189949000.0,0.0,-95299000.0,1473705000.0,-113964000.0,1263421000.0,-1391795000.0,-1332668000.0,-61575000.0,0.0,72474000.0,72474000.0,72474000.0,0.0,0.0,0.114,536084000.0,100071000.0,1263189000.0,1.438,2.777,17.809,21.211,723609000.0,0.0,30.12,3.879,4.38,0.0,2146924000.0,636155000.0,636155000.0,0.0,,,,,1208000.0,349671000.0,1.0,399893490.0,451578894.0,456725224.0,1.409,56671181000.0,0.0,27597000.0,0.0,125.496,
84,TFC,MRQ,2000-06-30,2000-06-30,2000-06-30,2021-09-09,-293350000.0,48796118000.0,,,,,8.748,-44793000.0,1266809000.0,1266809000.0,0.0,174096000.0,,12.243,12435246000.0,,,12435246000.0,0.0,56461000.0,31825177000.0,0.034,0.2,257833000.0,314294000.0,0.434,314294000.0,257833000.0,257833000.0,0.41,0.41,0.41,3684552000.0,,3684552000.0,20235356318.0,18.0,15.501,364561000.0,0.866,1.0,723409000.0,1.0,0.0,0.0,59964555000.0,,0.0,44488775000.0,,,45111566000.0,,,8323546318.0,64071000.0,0.0,-4504000.0,-537452000.0,-78232000.0,931578000.0,-1276861000.0,-1237775000.0,409354000.0,0.0,174096000.0,174096000.0,174096000.0,0.0,0.0,0.241,465576000.0,257833000.0,851143000.0,0.488,2.259,10.703,14.047,620877000.0,0.0,23.88,2.635,3.183,0.0,1937846000.0,723409000.0,723409000.0,0.0,,,,,1991000.0,309773000.0,1.0,348557216.0,421190364.0,426399394.0,1.718,48796118000.0,0.0,83737000.0,0.0,115.853,
85,TFC,MRQ,2000-03-31,2000-03-31,2000-03-31,2021-09-09,-296390000.0,46629171000.0,,,,,8.534,-19451000.0,1096036000.0,1096036000.0,0.0,189835000.0,,12.393,13007846000.0,,,13007846000.0,0.0,22753000.0,29460681000.0,0.028,0.2,279293000.0,302046000.0,0.415,302046000.0,279293000.0,279293000.0,0.47,0.46,0.47,3481602000.0,,3481602000.0,20457252801.0,18.0,16.212,-5141000.0,-0.013,1.0,727979000.0,1.0,0.0,0.0,58540981000.0,,0.0,42567583000.0,,,43147569000.0,,,9300262801.0,-263769000.0,0.0,7021000.0,213610000.0,-79871000.0,911518000.0,-1189597000.0,-1178445000.0,14310000.0,0.0,189835000.0,189835000.0,189835000.0,0.0,0.0,0.261,448686000.0,279293000.0,679042000.0,0.426,2.671,12.055,15.853,579745000.0,0.0,28.06,3.058,3.764,0.0,1783543000.0,727979000.0,727979000.0,0.0,,,,,1287000.0,306118000.0,1.0,331442010.0,407978573.0,412608438.0,1.784,46629171000.0,0.0,89458000.0,0.0,114.293,
86,TFC,MRQ,1999-12-31,1999-12-31,1999-12-31,2021-09-09,-309406000.0,52999759000.0,,,,,12.757,-76351000.0,1547998000.0,1547998000.0,0.0,239942000.0,,12.043,14045301000.0,,,14045301000.0,0.0,39064000.0,34147643000.0,0.028,0.2,360327000.0,399391000.0,0.392,399391000.0,360327000.0,360327000.0,0.38,0.37,0.38,4063619000.0,,4063619000.0,19836230796.0,17.0,15.603,211248000.0,0.663,1.0,1017840000.0,1.0,0.0,0.0,65497062000.0,,0.0,48466750000.0,,,48936140000.0,,,8651516796.0,-104901000.0,0.0,-5941000.0,168056000.0,-115443000.0,545427000.0,-937927000.0,-882071000.0,287599000.0,0.0,239942000.0,239942000.0,239942000.0,0.0,0.0,0.236,657513000.0,360327000.0,743196000.0,0.526,2.129,11.11,15.609,713089000.0,0.0,27.16,2.859,2.859,0.0,2011627000.0,1017840000.0,1017840000.0,0.0,,,,,1216000.0,524186000.0,1.0,318538910.0,318538910.0,,3.195,52999759000.0,0.0,120385000.0,0.0,166.384,
87,TFC,MRQ,1999-09-30,1999-09-30,1999-09-30,2021-09-09,-135978000.0,41649596000.0,,,,,7.834,-293000.0,1031196000.0,1031196000.0,0.0,173779000.0,,12.462,12215910000.0,,,12215910000.0,0.0,33073000.0,25704746000.0,0.023,0.2,256622000.0,289695000.0,0.42,289695000.0,256622000.0,256622000.0,0.44,0.43,0.44,3093915000.0,,3093915000.0,20624522905.0,18.0,16.781,757091000.0,1.917,1.0,690205000.0,1.0,0.0,0.0,52834310000.0,,0.0,38292332000.0,,,38555681000.0,,,10092844905.0,-169608000.0,0.0,-81655000.0,683993000.0,-88990000.0,317365000.0,-1244357000.0,-1250122000.0,757384000.0,0.0,173779000.0,173779000.0,173779000.0,0.0,0.0,0.252,433583000.0,256622000.0,635025000.0,0.455,3.262,13.367,17.933,523231000.0,0.0,31.92,3.568,4.457,0.0,1467166000.0,690205000.0,690205000.0,0.0,,,,,1668000.0,281744000.0,1.0,316191883.0,394941799.0,401178084.0,1.748,41649596000.0,0.0,82843000.0,0.0,105.458,
88,TFC,MRQ,1999-06-30,1999-06-30,1999-06-30,2021-09-09,-112725000.0,39184864000.0,,,,,8.058,-62969000.0,974513000.0,974513000.0,0.0,167901000.0,,12.836,11506191000.0,,,11506191000.0,0.0,23261000.0,24270000000.0,0.019,0.175,247446000.0,270707000.0,0.447,270707000.0,247446000.0,247446000.0,0.48,0.47,0.48,2832039000.0,,2832039000.0,20270261238.0,19.0,17.518,287507000.0,0.818,1.0,605133000.0,1.0,0.0,0.0,49716542000.0,,0.0,36008730000.0,,,36352825000.0,,,11284499238.0,320297000.0,0.0,-107236000.0,1743355000.0,-61772000.0,1446414000.0,-1476593000.0,-1415962000.0,350476000.0,0.0,167901000.0,167901000.0,167901000.0,0.0,0.0,0.277,357687000.0,247446000.0,576634000.0,0.365,3.985,15.746,20.612,489290000.0,0.0,36.69,4.33,4.947,0.0,1323059000.0,605133000.0,605133000.0,0.0,,,,,1008000.0,242115000.0,1.0,307563348.0,351436110.0,358314342.0,1.722,39184864000.0,0.0,79545000.0,0.0,111.499,
89,TFC,MRQ,1999-03-31,1999-03-31,1999-03-31,2021-09-09,29737000.0,37791490000.0,,,,,8.586,-57524000.0,870843000.0,870843000.0,0.0,154008000.0,,11.818,9856605000.0,,,9856605000.0,0.0,20038000.0,24414135000.0,0.019,0.175,227080000.0,247118000.0,0.447,247118000.0,227080000.0,227080000.0,0.45,0.44,0.45,2948357000.0,,2948357000.0,17656601079.0,18.0,16.229,530552000.0,1.545,1.0,552330000.0,1.0,0.0,0.0,46777252000.0,,0.0,34901610000.0,,,34843133000.0,,,10494155079.0,-15541000.0,0.0,-154361000.0,1044794000.0,-58075000.0,1000702000.0,-1604319000.0,-1571155000.0,588076000.0,0.0,154008000.0,154008000.0,154008000.0,0.0,0.0,0.279,325250000.0,227080000.0,572393000.0,0.389,3.559,15.505,21.041,485961000.0,0.0,36.19,4.307,5.101,0.0,1233878000.0,552330000.0,552330000.0,0.0,,,,,14000.0,218377000.0,1.0,289973890.0,343404805.0,350333049.0,1.608,37791490000.0,0.0,73072000.0,0.0,110.049,
90,TFC,MRQ,1998-12-31,1998-12-31,1998-12-31,2021-09-09,64606000.0,39470135000.0,,,,,10.899,-66929000.0,1120130000.0,1120130000.0,0.0,259347000.0,,11.447,9298587000.0,,,9298587000.0,0.0,37406000.0,26449632000.0,0.016,0.175,384127000.0,421533000.0,0.43,421533000.0,384127000.0,384127000.0,0.41,0.41,0.41,3171145000.0,,3171145000.0,19427080204.0,20.0,18.545,-206348000.0,-0.709,1.0,981096000.0,1.0,0.0,0.0,47648592000.0,,0.0,36284407000.0,,,36298990000.0,,,11728936204.0,234317000.0,0.0,1148000.0,-178042000.0,-100813000.0,1058681000.0,-684945000.0,-578283000.0,-139419000.0,0.0,259347000.0,259347000.0,259347000.0,0.0,0.0,0.264,596969000.0,384127000.0,550771000.0,0.427,3.699,17.996,24.138,525239000.0,0.0,40.31,5.022,5.022,0.0,1272776000.0,981096000.0,981096000.0,0.0,,,,,986000.0,487804000.0,1.0,290968400.0,290968400.0,,3.372,39470135000.0,0.0,124780000.0,0.0,135.651,
91,TFC,MRQ,1998-09-30,1998-09-30,1998-09-30,2021-09-09,92472000.0,33875788000.0,,,,,8.819,-72583000.0,775820000.0,775820000.0,0.0,135409000.0,,11.37,8473964000.0,,,8473964000.0,0.0,19560000.0,22097655000.0,0.021,0.175,198182000.0,217742000.0,0.466,217742000.0,198182000.0,198182000.0,0.44,0.43,0.44,2738472000.0,,2738472000.0,15276342813.0,20.0,18.326,543037000.0,1.749,1.0,467758000.0,1.0,0.0,0.0,41573932000.0,,0.0,31270801000.0,,,31137316000.0,,,8569130813.0,-68809000.0,0.0,-122443000.0,626775000.0,-54147000.0,241076000.0,-925505000.0,-870249000.0,615620000.0,0.0,135409000.0,135409000.0,135409000.0,0.0,0.0,0.289,269576000.0,198182000.0,565697000.0,0.398,3.129,16.531,19.07,433165000.0,0.0,29.94,4.525,4.91,0.0,1006082000.0,467758000.0,467758000.0,0.0,,,,,0.0,180553000.0,1.0,286210114.0,310522891.0,316482193.0,1.506,33875788000.0,0.0,62773000.0,0.0,109.093,
92,TFC,MRQ,1998-06-30,1998-06-30,1998-06-30,2021-09-09,49166000.0,31543525000.0,,,,,7.996,-38071000.0,794217000.0,794217000.0,0.0,128039000.0,,12.029,7501429000.0,,,7501429000.0,0.0,14371000.0,21130040000.0,0.018,0.155,187182000.0,201553000.0,0.463,201553000.0,187182000.0,187182000.0,0.42,0.41,0.42,2420938000.0,,2420938000.0,16509012017.0,25.0,22.308,-984000.0,-0.003,1.0,435090000.0,1.0,0.0,0.0,38250737000.0,,0.0,29144106000.0,,,29122587000.0,,,9547042017.0,-128571000.0,0.0,-127534000.0,-306957000.0,-45829000.0,-171324000.0,5666000.0,34408000.0,37087000.0,0.0,128039000.0,128039000.0,128039000.0,0.0,0.0,0.294,247908000.0,187182000.0,491118000.0,0.369,3.944,21.253,24.86,430494000.0,0.0,33.81,5.169,5.543,0.0,920139000.0,435090000.0,435090000.0,0.0,,,,,102000.0,166507000.0,1.0,282373322.0,302781582.0,309028401.0,1.437,31543525000.0,0.0,59143000.0,0.0,104.179,
93,TFC,MRQ,1998-03-31,1998-03-31,1998-03-31,2021-09-09,47712000.0,31535710000.0,,,,,8.004,-24571000.0,846752000.0,846752000.0,0.0,120445000.0,,11.924,7808722000.0,,,7808722000.0,0.0,17729000.0,20794808000.0,0.018,0.155,176310000.0,194039000.0,0.461,194039000.0,176310000.0,176310000.0,0.4,0.39,0.4,2440046000.0,,2440046000.0,14660513053.0,23.0,20.724,-296998000.0,-0.974,1.0,421326000.0,1.0,0.0,0.0,38497680000.0,,0.0,29144614000.0,,,29095664000.0,,,9229008053.0,-50999000.0,0.0,-24804000.0,1033626000.0,-45572000.0,847300000.0,-625872000.0,-609158000.0,-272427000.0,0.0,120445000.0,120445000.0,120445000.0,0.0,0.0,0.286,245016000.0,176310000.0,492134000.0,0.388,3.782,21.816,26.035,425568000.0,0.0,33.845,5.208,5.823,0.0,1550116000.0,421326000.0,421326000.0,0.0,,,,,237000.0,162605000.0,1.0,272684534.0,304867015.0,311282640.0,1.382,31535710000.0,0.0,55865000.0,0.0,103.441,
94,TFC,MRQ,1997-12-31,1997-12-31,1997-12-31,2021-09-09,49368000.0,31290247000.0,,,,,9.109,-79273000.0,967625000.0,967625000.0,0.0,134602000.0,,11.829,7027402000.0,,,7027402000.0,0.0,21465000.0,21375974000.0,0.018,0.155,198796000.0,220261000.0,0.387,220261000.0,198796000.0,198796000.0,0.31,0.31,0.31,2439110000.0,,2439110000.0,13262434446.0,22.0,19.421,-139257000.0,-0.52,1.0,569497000.0,1.0,0.0,0.0,37350024000.0,,0.0,28773782000.0,,,28851137000.0,,,8576248446.0,399026000.0,0.0,-50770000.0,1150535000.0,-54420000.0,1577460000.0,-1118450000.0,-1053412000.0,-59984000.0,0.0,134602000.0,134489000.0,134489000.0,0.0,0.0,0.236,367890000.0,201607000.0,447761000.0,0.5,3.516,21.152,25.624,434260000.0,113000.0,32.03,5.007,5.007,0.0,1498493000.0,569497000.0,569497000.0,0.0,,,,,8315000.0,335241000.0,1.0,267756742.0,267756742.0,,2.127,31290247000.0,0.0,64194000.0,0.0,116.861,
95,TFC,MRQ,1997-09-30,1997-09-30,1997-09-30,2021-09-09,0.0,27212111000.0,,,,,7.301,-57818000.0,704698000.0,704698000.0,0.0,66235000.0,,12.056,5390884000.0,,,5390884000.0,0.0,18210000.0,19335274000.0,0.021,0.155,105994000.0,124204000.0,0.295,124204000.0,105994000.0,105994000.0,0.23,0.23,0.23,2084226000.0,,2084226000.0,11416536853.0,20.0,18.286,76698000.0,0.269,1.0,420960000.0,1.0,0.0,0.0,31898297000.0,,0.0,25349702000.0,,,25127885000.0,,,7231994853.0,-187979000.0,0.0,-91365000.0,405439000.0,-45605000.0,-455809000.0,133314000.0,198039000.0,134516000.0,0.0,66235000.0,66235000.0,66235000.0,0.0,0.0,0.157,314966000.0,105994000.0,401727000.0,0.674,3.47,19.478,21.206,385997000.0,0.0,26.72,4.788,5.05,0.0,1367196000.0,420960000.0,420960000.0,0.0,,,,,-315000.0,181530000.0,1.0,270658490.0,285456768.0,290857220.0,1.475,27212111000.0,0.0,39759000.0,0.0,95.328,
96,TFC,MRQ,1997-06-30,1997-06-30,1997-06-30,2021-09-09,0.0,22972164000.0,,,,,6.19,-28260000.0,658044000.0,658044000.0,0.0,101861000.0,,12.086,4842586000.0,,,4842586000.0,0.0,13891000.0,16087429000.0,0.024,0.135,155016000.0,168907000.0,0.469,168907000.0,155016000.0,155016000.0,0.36,0.35,0.36,1755431000.0,,1755431000.0,8808185910.0,16.0,14.312,59837000.0,0.211,1.0,360196000.0,1.0,0.0,0.0,27156706000.0,,0.0,21286461000.0,,,21216733000.0,,,4912244910.0,73501000.0,0.0,-79995000.0,539533000.0,-35021000.0,879800000.0,-894396000.0,-877872000.0,88097000.0,0.0,101861000.0,101861000.0,101861000.0,0.0,0.0,0.283,205180000.0,155016000.0,286718000.0,0.375,2.798,13.155,17.647,336740000.0,0.0,22.5,3.467,4.504,0.0,1136009000.0,360196000.0,360196000.0,0.0,,,,,44000.0,137905000.0,1.0,218321996.0,283572628.0,288680778.0,1.27,22972164000.0,0.0,53155000.0,0.0,81.01,
97,TFC,MRQ,1997-03-31,1997-03-31,1997-03-31,2021-09-09,0.0,22052195000.0,,,,,6.159,-21624000.0,560438000.0,560438000.0,0.0,100078000.0,,11.577,4456379000.0,,,4456379000.0,0.0,12486000.0,15556096000.0,0.028,0.135,152424000.0,164910000.0,0.47,164910000.0,152424000.0,152424000.0,0.35,0.345,0.35,1753437000.0,,1753437000.0,7752905993.0,15.0,13.624,144153000.0,0.506,1.0,351098000.0,1.0,0.0,0.0,25948136000.0,,0.0,20521298000.0,,,20298758000.0,,,4077629993.0,-122324000.0,0.0,-77434000.0,73819000.0,-35035000.0,306203000.0,-594304000.0,-582785000.0,165777000.0,0.0,100078000.0,100078000.0,100078000.0,0.0,0.0,0.285,198674000.0,152424000.0,286283000.0,0.386,2.326,11.727,14.782,328862000.0,0.0,18.625,3.081,4.006,0.0,1091507000.0,351098000.0,351098000.0,0.0,,,,,89000.0,136957000.0,1.0,218933154.0,284693316.0,289655264.0,1.233,22052195000.0,0.0,52346000.0,0.0,77.459,
98,TFC,MRQ,1996-12-31,1996-12-31,1996-12-31,2021-09-09,11739000.0,25707646000.0,,,,,9.462,-25175000.0,842401000.0,842401000.0,0.0,103121000.0,,11.41,4334864000.0,,,4334864000.0,0.0,13070000.0,19003340000.0,0.028,0.135,153228000.0,166298000.0,0.44,166298000.0,153228000.0,153228000.0,0.32,0.31,0.32,2071567000.0,,2071567000.0,,,,14137000.0,0.065,1.0,378268000.0,1.0,0.0,0.0,29200109000.0,,0.0,23786456000.0,,,23636079000.0,,,3968163416.0,27040000.0,0.0,-40254000.0,436038000.0,-38337000.0,526111000.0,-538383000.0,-519017000.0,39312000.0,0.0,103121000.0,103121000.0,103121000.0,0.0,0.0,0.273,225040000.0,153228000.0,297875000.0,0.422,1.916,11.579,15.231,374954000.0,0.0,18.125,2.963,2.963,0.0,1231592000.0,378268000.0,378268000.0,0.0,,,,,1107000.0,203185000.0,1.0,218933154.0,218933154.0,,1.728,25707646000.0,0.0,50107000.0,0.0,117.422,
99,TFC,MRQ,1996-09-30,1996-09-30,1996-09-30,2021-09-09,,,,,,,,-7983000.0,,,0.0,68341000.0,,,,,,,,14968000.0,,0.029,0.135,100340000.0,115308000.0,0.353,115308000.0,100340000.0,100340000.0,0.245,0.245,0.245,,,,,,,249243000.0,0.9,1.0,327110000.0,1.0,,0.0,,,,,,,,,,,102783000.0,0.0,-10319000.0,267717000.0,-40629000.0,542495000.0,-696938000.0,-701971000.0,257226000.0,0.0,68341000.0,68341000.0,68341000.0,0.0,0.0,0.209,226770000.0,100340000.0,,0.551,,,,,0.0,16.625,,,,,327110000.0,327110000.0,0.0,,,,,595000.0,127466000.0,1.0,,277053716.0,277410126.0,1.181,,,31999000.0,,,
100,TFC,MRQ,1996-06-30,1996-06-30,1996-06-30,2021-09-09,,,,,,,,-33736000.0,,,0.0,76167000.0,,,,,,,,8854000.0,,0.029,0.115,113675000.0,122529000.0,0.459,122529000.0,113675000.0,113675000.0,0.345,0.34,0.345,,,,,,,28719000.0,0.129,1.0,267146000.0,1.0,,0.0,,,,,,,,,,,-76594000.0,0.0,1022000.0,581262000.0,-24414000.0,385241000.0,-524290000.0,-487555000.0,62455000.0,0.0,76167000.0,76167000.0,76167000.0,0.0,0.0,0.285,153471000.0,113675000.0,,0.333,,,,,0.0,15.875,,,,,267146000.0,267146000.0,0.0,,,,,335000.0,100878000.0,1.0,,221888786.0,222461260.0,1.204,,,37508000.0,,,
101,TFC,MRQ,1996-03-31,1996-03-31,1996-03-31,2021-09-09,,,,,,,,-21821000.0,,,0.0,71851000.0,,,,,,,,9506000.0,,0.032,0.115,107580000.0,117086000.0,0.455,117086000.0,107580000.0,107580000.0,0.33,0.32,0.33,,,,,,,26107000.0,0.12,1.0,257224000.0,1.0,,0.0,,,,,,,,,,,-33017000.0,0.0,-124950000.0,-699025000.0,-24391000.0,-369109000.0,288164000.0,304180000.0,47928000.0,0.0,71851000.0,71241000.0,71241000.0,0.0,0.0,0.277,149644000.0,107580000.0,,0.348,,,,,610000.0,13.875,,,,,257224000.0,257224000.0,0.0,,,,,413000.0,100035000.0,1.0,,216669318.0,224219796.0,1.187,,,35729000.0,,,
102,TFC,MRQ,1995-12-31,1995-12-31,1995-12-31,2021-09-09,31167000.0,20636430000.0,,,,,,,586699000.0,586699000.0,,,,11.059,3979351000.0,,,3979351000.0,0.0,,14684056000.0,0.033,0.115,,,,,,,,,,1711342000.0,,1711342000.0,,,,,,1.0,,,0.0,,24029082000.0,,0.0,19250693000.0,,,18925088000.0,,,,,,,,,,,,,,,,,,,,,,261681000.0,,,,16.104,313858000.0,,13.125,,,0.0,865658000.0,,,,,,,,,,1.0,,,,,20636430000.0,0.0,,0.0,,
0,TFC,MRT,2021-06-30,2021-06-30,2021-06-30,2021-09-09,-1048000000.0,521964000000.0,511978000000.0,,,0.043,51.062,-404000000.0,26557000000.0,26557000000.0,0.0,5602000000.0,,6.638,43621000000.0,,,43621000000.0,0.0,1476000000.0,398279000000.0,0.032,1.8,6933000000.0,8409000000.0,0.38,8409000000.0,6933000000.0,6933000000.0,3.85,3.83,3.85,68336000000.0,69274250000.0,68336000000.0,86148907157.0,12.0,10.245,5732000000.0,4.283,1.0,22143000000.0,1.0,29270000000.0,0.0,509758000000.0,499618000000.0,0.0,462438000000.0,,,453628000000.0,,,74638907157.0,-14640000000.0,-1230000000.0,-1116000000.0,-2779000000.0,-2421000000.0,17932000000.0,-38708000000.0,-36304000000.0,6136000000.0,0.0,5601000000.0,5189000000.0,5189000000.0,0.0,1000000.0,0.234,15212000000.0,6931000000.0,0.0,0.468,1.092,14.384,14.416,3699000000.0,412000000.0,55.5,3.371,3.354,0.0,21139000000.0,22143000000.0,22143000000.0,0.0,0.01,0.075,0.014,0.313,363000000.0,11501000000.0,1.0,1344845174.0,1338302000.0,1349492000.0,16.546,492694000000.0,0.0,1332000000.0,0.0,368.149,
1,TFC,MRT,2021-03-31,2021-03-31,2021-03-31,2021-09-09,-1516000000.0,517537000000.0,507571000000.0,,,0.042,50.44,-450000000.0,32132000000.0,32132000000.0,0.0,4902000000.0,,6.625,43642000000.0,,,43642000000.0,0.0,1554000000.0,395562000000.0,0.031,1.8,6007000000.0,7561000000.0,0.359,7561000000.0,6007000000.0,6007000000.0,3.36,3.34,3.36,67876000000.0,69411000000.0,67876000000.0,105389617162.0,18.0,13.939,2326000000.0,1.729,1.0,21086000000.0,1.0,29546000000.0,0.0,499501000000.0,493197000000.0,0.0,452072000000.0,,,449661000000.0,,,78568617162.0,-4216000000.0,-1247000000.0,-506000000.0,-33678000000.0,-2424000000.0,14026000000.0,-21018000000.0,-19397000000.0,2776000000.0,0.0,4899000000.0,4532000000.0,4532000000.0,0.0,3000000.0,0.215,14844000000.0,6242000000.0,0.0,0.536,1.158,17.336,17.357,3787000000.0,367000000.0,58.32,3.726,3.722,0.0,20184000000.0,21086000000.0,21086000000.0,0.0,0.009,0.065,0.012,0.285,360000000.0,11299000000.0,1.0,1347198511.0,1345666000.0,1358932000.0,15.67,487991000000.0,0.0,1108000000.0,0.0,362.639,
2,TFC,MRT,2020-12-31,2020-12-31,2020-12-31,2021-09-09,716000000.0,509228000000.0,504744000000.0,,,0.04,52.641,-815000000.0,18868000000.0,18868000000.0,0.0,4492000000.0,,6.181,45689000000.0,,,45689000000.0,0.0,1608000000.0,381077000000.0,0.038,1.8,5463000000.0,7071000000.0,0.347,7071000000.0,5463000000.0,5463000000.0,3.11,3.08,3.11,70912000000.0,68957250000.0,70912000000.0,74759310886.0,14.0,10.573,6622000000.0,4.916,1.0,20370000000.0,1.0,29454000000.0,0.0,506595000000.0,498607750000.0,0.0,457036000000.0,,,438316000000.0,,,64615310886.0,-197000000.0,-2439000000.0,0.0,-13758000000.0,-2424000000.0,36018000000.0,-43652000000.0,-39692000000.0,7437000000.0,0.0,4482000000.0,4184000000.0,4184000000.0,0.0,10000000.0,0.205,14662000000.0,5708000000.0,0.0,0.579,0.911,15.443,15.412,3870000000.0,298000000.0,47.93,3.172,3.17,0.0,19455000000.0,20370000000.0,20370000000.0,0.0,0.008,0.061,0.011,0.268,353000000.0,11059000000.0,1.0,1348118316.0,1347080000.0,1358289000.0,15.122,479774000000.0,0.0,981000000.0,0.0,356.159,
3,TFC,MRT,2020-09-30,2020-09-30,2020-09-30,2021-09-09,470000000.0,499183000000.0,495706500000.0,,,0.037,51.912,-824000000.0,37108000000.0,37108000000.0,0.0,3888000000.0,,6.134,47252000000.0,,,47252000000.0,0.0,1420000000.0,370747000000.0,0.047,1.8,4697000000.0,6117000000.0,0.333,6117000000.0,4697000000.0,4697000000.0,2.91,2.9,2.91,69973000000.0,67868750000.0,69973000000.0,57912519863.0,12.0,9.467,3761000000.0,2.79,1.0,18350000000.0,1.0,26709000000.0,0.0,482618000000.0,493527500000.0,0.0,431398000000.0,,,429210000000.0,,,51276519863.0,34204000000.0,4478000000.0,0.0,-15668000000.0,-2162000000.0,25987000000.0,3632000000.0,-186000000.0,4585000000.0,0.0,3874000000.0,3658000000.0,3658000000.0,0.0,14000000.0,0.199,13404000000.0,4946000000.0,0.0,0.619,0.733,14.018,13.076,3968000000.0,216000000.0,38.05,2.794,2.795,0.0,18834000000.0,18350000000.0,18350000000.0,0.0,0.007,0.054,0.01,0.256,326000000.0,10073000000.0,1.0,1347608932.0,1347916000.0,1358122000.0,13.614,472474000000.0,0.0,823000000.0,0.0,350.522,
4,TFC,MRT,2020-06-30,2020-06-30,2020-06-30,2021-09-09,847000000.0,504336000000.0,430098250000.0,,,0.037,51.119,-746000000.0,41197000000.0,41197000000.0,0.0,3575000000.0,,6.322,47833000000.0,,,47833000000.0,0.0,1173000000.0,376235000000.0,0.048,1.8,4347000000.0,5520000000.0,0.343,5520000000.0,4347000000.0,4347000000.0,3.08,3.06,3.08,68883000000.0,58451250000.0,68883000000.0,92607436655.0,21.0,16.777,5189000000.0,3.851,1.0,16085000000.0,1.0,26898000000.0,0.0,484074000000.0,437430000000.0,0.0,432239000000.0,,,435453000000.0,,,50597436655.0,38644000000.0,6177000000.0,0.0,-12323000000.0,-1900000000.0,33518000000.0,-809000000.0,-6440000000.0,5935000000.0,0.0,3561000000.0,3325000000.0,3325000000.0,0.0,14000000.0,0.207,11489000000.0,4596000000.0,0.0,0.584,0.735,15.217,12.192,4002000000.0,236000000.0,37.55,3.146,3.146,0.0,18373000000.0,16085000000.0,16085000000.0,0.0,0.008,0.057,0.01,0.27,261000000.0,8742000000.0,1.0,1347468353.0,1347512000.0,1355834000.0,11.937,477438000000.0,0.0,786000000.0,0.0,354.311,
5,TFC,MRT,2020-03-31,2020-03-31,2020-03-31,2021-09-09,898000000.0,506229000000.0,361732250000.0,,,0.039,49.139,-654000000.0,36348000000.0,36348000000.0,0.0,3502000000.0,,6.663,78358000000.0,,,78358000000.0,0.0,892000000.0,350179000000.0,0.057,1.755,4321000000.0,5213000000.0,0.374,5213000000.0,4321000000.0,4321000000.0,3.51,3.48,3.51,66061000000.0,49171500000.0,66061000000.0,81903007340.0,19.0,15.711,6239000000.0,4.641,1.0,13928000000.0,1.0,27095000000.0,0.0,521144000000.0,378822250000.0,0.0,438787000000.0,,,440168000000.0,,,41411007340.0,33628000000.0,6194000000.0,0.0,20057000000.0,-1605000000.0,37316000000.0,-10581000000.0,-15809000000.0,6893000000.0,0.0,3492000000.0,3265000000.0,3265000000.0,0.0,10000000.0,0.234,9597000000.0,4331000000.0,0.0,0.5,0.627,12.683,8.786,3999000000.0,227000000.0,30.84,2.973,2.977,0.0,18076000000.0,13928000000.0,13928000000.0,0.0,0.009,0.066,0.011,0.31,212000000.0,7443000000.0,1.0,1342769369.0,1344372000.0,1357545000.0,10.36,479134000000.0,0.0,829000000.0,0.0,356.4,
6,TFC,MRT,2019-12-31,2019-12-31,2019-12-31,2021-09-09,-844000000.0,473078000000.0,292095750000.0,,,0.041,82.67,-224000000.0,19065000000.0,19065000000.0,0.0,3237000000.0,,6.108,59557000000.0,,,59557000000.0,0.0,630000000.0,334727000000.0,0.03,1.71,4006000000.0,4636000000.0,0.388,4636000000.0,4006000000.0,4006000000.0,3.76,3.71,3.76,66558000000.0,40377000000.0,66558000000.0,76065212557.0,19.0,16.408,1296000000.0,1.61,1.0,11953000000.0,1.0,27296000000.0,0.0,486274000000.0,309577500000.0,0.0,423005000000.0,,,406520000000.0,,,43158212557.0,15221000000.0,6256000000.0,0.0,4112000000.0,-1309000000.0,5353000000.0,8348000000.0,2233000000.0,1520000000.0,0.0,3224000000.0,3028000000.0,3028000000.0,0.0,13000000.0,0.253,7934000000.0,4019000000.0,0.0,0.455,0.648,14.253,14.979,3712000000.0,196000000.0,56.32,3.611,3.793,0.0,19806000000.0,11953000000.0,11953000000.0,0.0,0.01,0.075,0.013,0.335,165000000.0,6190000000.0,1.0,766303490.0,805104000.0,815204000.0,14.847,445782000000.0,0.0,782000000.0,0.0,553.695,
7,TFC,MRT,2019-09-30,2019-09-30,2019-09-30,2021-09-09,-1026000000.0,236750000000.0,230250500000.0,,,0.049,42.162,-479000000.0,3018000000.0,3018000000.0,0.0,3316000000.0,,6.329,35925000000.0,,,35925000000.0,0.0,559000000.0,162280000000.0,0.031,1.665,4135000000.0,4694000000.0,0.416,4694000000.0,4135000000.0,4135000000.0,4.02,3.98,4.02,32303000000.0,31282000000.0,32303000000.0,71164963307.0,17.0,15.161,2856000000.0,3.728,1.0,11293000000.0,1.0,11429000000.0,0.0,258228000000.0,248050000000.0,0.0,204047000000.0,,,204447000000.0,,,40881963307.0,-122000000.0,-329000000.0,-375000000.0,2548000000.0,-1273000000.0,8144000000.0,-11601000000.0,-11641000000.0,3335000000.0,0.0,3301000000.0,3080000000.0,3080000000.0,0.0,15000000.0,0.273,7143000000.0,4150000000.0,6242000000.0,0.414,1.266,13.273,13.276,2022000000.0,221000000.0,53.37,3.62,3.621,0.0,19440000000.0,11293000000.0,11293000000.0,0.0,0.013,0.098,0.017,0.366,147000000.0,5945000000.0,1.0,766010180.0,766167000.0,775791000.0,14.74,225321000000.0,0.0,834000000.0,0.0,294.089,
8,TFC,MRT,2019-06-30,2019-06-30,2019-06-30,2021-09-09,-1119000000.0,230872000000.0,226784250000.0,,,0.049,41.47,-427000000.0,2701000000.0,2701000000.0,0.0,3327000000.0,,6.268,32984000000.0,,,32984000000.0,0.0,557000000.0,159521000000.0,0.033,1.62,4134000000.0,4691000000.0,0.419,4691000000.0,4134000000.0,4134000000.0,4.08,4.04,4.08,31764000000.0,30708000000.0,31764000000.0,65691645768.0,16.0,14.004,2684000000.0,3.504,1.0,11198000000.0,1.0,11512000000.0,0.0,249643000000.0,243698000000.0,0.0,197517000000.0,,,199108000000.0,,,37629645768.0,-373000000.0,-296000000.0,-575000000.0,4930000000.0,-1241000000.0,2728000000.0,-6212000000.0,-5739000000.0,3111000000.0,0.0,3308000000.0,3134000000.0,3134000000.0,0.0,19000000.0,0.28,7045000000.0,4153000000.0,6603000000.0,0.397,1.185,12.007,12.042,2029000000.0,174000000.0,49.13,3.36,3.361,0.0,19050000000.0,11198000000.0,11198000000.0,0.0,0.014,0.102,0.017,0.369,145000000.0,5786000000.0,1.0,765919922.0,765958000.0,774603000.0,14.62,219360000000.0,0.0,826000000.0,0.0,286.386,
9,TFC,MRT,2019-03-31,2019-03-31,2019-03-31,2021-09-09,-1421000000.0,227683000000.0,224736500000.0,,,0.049,40.416,-397000000.0,2972000000.0,2972000000.0,0.0,3264000000.0,,6.372,31034000000.0,,,31034000000.0,0.0,554000000.0,159766000000.0,0.034,1.59,4035000000.0,4589000000.0,0.414,4589000000.0,4035000000.0,4035000000.0,3.98,3.94,3.98,30883000000.0,30225000000.0,30883000000.0,60430263052.0,15.0,13.169,2899000000.0,3.794,1.0,11072000000.0,1.0,11580000000.0,0.0,244165000000.0,240256750000.0,0.0,194740000000.0,,,196800000000.0,,,35530263052.0,-264000000.0,-296000000.0,-885000000.0,3166000000.0,-1221000000.0,2192000000.0,-5752000000.0,-5342000000.0,3296000000.0,0.0,3241000000.0,3067000000.0,3067000000.0,0.0,23000000.0,0.277,7014000000.0,4058000000.0,6000000000.0,0.399,1.15,11.585,11.691,2078000000.0,174000000.0,46.53,3.209,3.211,0.0,18518000000.0,11072000000.0,11072000000.0,0.0,0.014,0.101,0.017,0.364,142000000.0,5662000000.0,1.0,763599034.0,764135000.0,774071000.0,14.49,216103000000.0,0.0,794000000.0,0.0,282.807,
10,TFC,MRT,2018-12-31,2018-12-31,2018-12-31,2021-09-09,-1715000000.0,225697000000.0,222998000000.0,,,0.049,39.042,-363000000.0,3844000000.0,3844000000.0,0.0,3257000000.0,,6.479,28887000000.0,,,28887000000.0,0.0,555000000.0,161199000000.0,0.036,1.56,4040000000.0,4595000000.0,0.418,4595000000.0,4040000000.0,4040000000.0,3.96,3.91,3.96,30178000000.0,29919750000.0,30178000000.0,63118247483.0,16.0,13.736,3986000000.0,5.157,1.0,10992000000.0,1.0,10576000000.0,0.0,240164000000.0,237699000000.0,0.0,209159000000.0,,,195519000000.0,,,33383247483.0,888000000.0,-296000000.0,-1205000000.0,476000000.0,-1204000000.0,1502000000.0,-4963000000.0,-4536000000.0,4349000000.0,0.0,3237000000.0,3063000000.0,3063000000.0,0.0,20000000.0,0.279,6932000000.0,4060000000.0,0.0,0.394,1.106,10.899,10.939,2118000000.0,174000000.0,43.32,3.037,3.046,0.0,18118000000.0,10992000000.0,10992000000.0,0.0,0.014,0.102,0.017,0.368,141000000.0,5538000000.0,1.0,770619748.0,772963000.0,783484000.0,14.221,215121000000.0,0.0,803000000.0,0.0,278.307,
11,TFC,MRT,2018-09-30,2018-09-30,2018-09-30,2021-09-09,-1852000000.0,222885000000.0,221984250000.0,,,0.049,38.891,0.0,3153000000.0,3153000000.0,0.0,3119000000.0,,6.428,32888000000.0,,,32888000000.0,0.0,550000000.0,154556000000.0,0.031,1.485,3904000000.0,4454000000.0,0.408,4454000000.0,3904000000.0,3904000000.0,3.76,3.71,3.76,30007000000.0,29799000000.0,30007000000.0,62195651410.0,16.0,13.964,4654000000.0,6.032,1.0,10929000000.0,1.0,11800000000.0,0.0,240820000000.0,236598000000.0,0.0,191542000000.0,,,192878000000.0,,,37591651410.0,43000000.0,0.0,-1203000000.0,4575000000.0,-1153000000.0,330000000.0,-4941000000.0,-4459000000.0,4654000000.0,0.0,3097000000.0,2923000000.0,2923000000.0,0.0,22000000.0,0.267,7003000000.0,3926000000.0,5434000000.0,0.395,1.253,12.861,12.91,2154000000.0,174000000.0,48.54,3.44,3.427,0.0,17673000000.0,10929000000.0,10929000000.0,0.0,0.013,0.098,0.017,0.357,136000000.0,5525000000.0,1.0,774446877.0,771562000.0,781867000.0,14.165,211085000000.0,0.0,807000000.0,0.0,273.581,
12,TFC,MRT,2018-06-30,2018-06-30,2018-06-30,2021-09-09,-1706000000.0,222681000000.0,221348000000.0,,,0.049,38.451,0.0,3053000000.0,3053000000.0,0.0,2928000000.0,,6.465,27657000000.0,,,27657000000.0,0.0,550000000.0,159475000000.0,0.028,1.41,3796000000.0,4346000000.0,0.401,4346000000.0,3796000000.0,3796000000.0,3.49,3.44,3.49,29832000000.0,29760500000.0,29832000000.0,63950683818.0,17.0,14.715,4574000000.0,5.896,1.0,10825000000.0,1.0,11407000000.0,0.0,235878000000.0,235039250000.0,0.0,191936000000.0,,,192849000000.0,,,39330683818.0,-358000000.0,0.0,-1923000000.0,196000000.0,-1102000000.0,-585000000.0,-4347000000.0,-4240000000.0,4574000000.0,0.0,2905000000.0,2731000000.0,2731000000.0,0.0,23000000.0,0.252,7006000000.0,3819000000.0,5717000000.0,0.404,1.318,14.402,14.453,2154000000.0,174000000.0,50.44,3.633,3.615,0.0,17197000000.0,10825000000.0,10825000000.0,0.0,0.012,0.092,0.016,0.351,134000000.0,5475000000.0,1.0,779751860.0,775836000.0,785750000.0,13.953,211274000000.0,0.0,891000000.0,0.0,272.318,
13,TFC,MRT,2018-03-31,2018-03-31,2018-03-31,2021-09-09,-1645000000.0,220729000000.0,220975750000.0,,,0.049,38.047,0.0,3111000000.0,3111000000.0,0.0,2780000000.0,,6.441,27731000000.0,,,27731000000.0,0.0,551000000.0,158196000000.0,0.026,1.335,3754000000.0,4305000000.0,0.399,4305000000.0,3754000000.0,3754000000.0,3.27,3.22,3.27,29662000000.0,29889750000.0,29662000000.0,66005287266.0,18.0,15.332,4785000000.0,6.138,1.0,10801000000.0,1.0,11415000000.0,0.0,233934000000.0,234617750000.0,0.0,190115000000.0,,,191067000000.0,,,40502287266.0,-1352000000.0,0.0,-1859000000.0,4396000000.0,-1054000000.0,-1677000000.0,-4460000000.0,-4167000000.0,4785000000.0,0.0,2761000000.0,2587000000.0,2587000000.0,0.0,19000000.0,0.24,7028000000.0,3773000000.0,5140000000.0,0.408,1.365,15.656,15.914,2078000000.0,174000000.0,52.04,3.75,3.756,0.0,16712000000.0,10801000000.0,10801000000.0,0.0,0.012,0.087,0.016,0.348,133000000.0,5486000000.0,1.0,778291454.0,779617000.0,791005000.0,13.854,209314000000.0,0.0,993000000.0,0.0,268.483,
14,TFC,MRT,2017-12-31,2017-12-31,2017-12-31,2021-09-09,-1467000000.0,221642000000.0,220918750000.0,,,0.049,37.155,0.0,3083000000.0,3083000000.0,0.0,2415000000.0,,6.464,28586000000.0,,,28586000000.0,0.0,550000000.0,157371000000.0,0.025,1.26,3305000000.0,3855000000.0,0.358,3855000000.0,3305000000.0,3305000000.0,2.78,2.74,2.78,29695000000.0,29980500000.0,29695000000.0,64877154705.0,20.0,16.829,4635000000.0,5.799,1.0,10770000000.0,1.0,11385000000.0,0.0,235760000000.0,233172000000.0,0.0,190884000000.0,,,191947000000.0,,,39225154705.0,-1324000000.0,0.0,-1613000000.0,4962000000.0,-1005000000.0,-549000000.0,-5410000000.0,-5278000000.0,4635000000.0,0.0,2394000000.0,2220000000.0,2220000000.0,0.0,21000000.0,0.206,7052000000.0,3718000000.0,5990000000.0,0.453,1.321,17.669,17.885,2055000000.0,174000000.0,49.72,3.642,3.69,0.0,16259000000.0,10770000000.0,10770000000.0,0.0,0.01,0.074,0.014,0.307,132000000.0,5473000000.0,1.0,788921052.0,799217000.0,810977000.0,13.476,210257000000.0,0.0,911000000.0,0.0,263.079,
15,TFC,MRT,2017-09-30,2017-09-30,2017-09-30,2021-09-09,-1036000000.0,220340000000.0,220327250000.0,,,0.048,37.572,0.0,3127000000.0,3127000000.0,0.0,2391000000.0,,6.381,28779000000.0,,,28779000000.0,0.0,558000000.0,156135000000.0,0.026,1.23,3361000000.0,3919000000.0,0.368,3919000000.0,3361000000.0,3361000000.0,2.73,2.69,2.73,29853000000.0,30038250000.0,29853000000.0,62383862091.0,19.0,15.918,5437000000.0,6.843,1.0,10637000000.0,1.0,11407000000.0,0.0,234585000000.0,230901750000.0,0.0,189164000000.0,,,190487000000.0,,,37931862091.0,-301000000.0,63000000.0,-1616000000.0,1942000000.0,-990000000.0,-4267000000.0,-1471000000.0,-1451000000.0,5437000000.0,0.0,2372000000.0,2198000000.0,2198000000.0,0.0,19000000.0,0.207,6865000000.0,3772000000.0,5573000000.0,0.451,1.271,17.257,17.194,2043000000.0,174000000.0,46.94,3.566,3.506,0.0,15656000000.0,10637000000.0,10637000000.0,0.0,0.01,0.073,0.015,0.316,128000000.0,5124000000.0,1.0,808092503.0,794558000.0,806124000.0,13.387,208933000000.0,0.0,989000000.0,0.0,262.955,
16,TFC,MRT,2017-06-30,2017-06-30,2017-06-30,2021-09-09,-1073000000.0,221192000000.0,220897750000.0,,,0.048,37.515,0.0,3428000000.0,3428000000.0,0.0,2385000000.0,,6.288,27880000000.0,,,27880000000.0,0.0,560000000.0,156968000000.0,0.026,1.2,3342000000.0,3902000000.0,0.369,3902000000.0,3342000000.0,3342000000.0,2.72,2.68,2.72,30349000000.0,30097750000.0,30349000000.0,56018321509.0,17.0,14.356,3742000000.0,4.626,1.0,10576000000.0,1.0,11452000000.0,0.0,234192000000.0,230925750000.0,0.0,188914000000.0,,,190843000000.0,,,36844321509.0,359000000.0,63000000.0,-831000000.0,2058000000.0,-971000000.0,-1835000000.0,-1548000000.0,-2008000000.0,3742000000.0,0.0,2374000000.0,2200000000.0,2200000000.0,0.0,11000000.0,0.208,6831000000.0,3745000000.0,5995000000.0,0.441,1.214,16.747,16.695,2084000000.0,174000000.0,45.41,3.484,3.474,0.0,15321000000.0,10576000000.0,10576000000.0,0.0,0.01,0.073,0.014,0.316,124000000.0,5084000000.0,1.0,811370216.0,808980000.0,819389000.0,13.073,209740000000.0,0.0,968000000.0,0.0,259.265,
17,TFC,MRT,2017-03-31,2017-03-31,2017-03-31,2021-09-09,-1125000000.0,220501000000.0,221064500000.0,,,0.047,37.072,0.0,4480000000.0,4480000000.0,0.0,2298000000.0,,6.344,23654000000.0,,,23654000000.0,0.0,565000000.0,161333000000.0,0.026,1.18,3199000000.0,3764000000.0,0.359,3764000000.0,3199000000.0,3199000000.0,2.61,2.57,2.61,30025000000.0,29946250000.0,30025000000.0,55226220248.0,17.0,14.672,3403000000.0,4.202,1.0,10492000000.0,1.0,11524000000.0,0.0,228151000000.0,230652750000.0,0.0,187286000000.0,,,190476000000.0,,,36135220248.0,1246000000.0,-726000000.0,-576000000.0,-5037000000.0,-957000000.0,-2215000000.0,58000000.0,140000000.0,3403000000.0,0.0,2283000000.0,2110000000.0,2110000000.0,0.0,15000000.0,0.201,6886000000.0,3606000000.0,5489000000.0,0.452,1.204,17.126,17.126,2104000000.0,173000000.0,44.7,3.444,3.451,0.0,14933000000.0,10492000000.0,10492000000.0,0.0,0.01,0.07,0.014,0.305,118000000.0,5039000000.0,1.0,808394189.0,809903000.0,822719000.0,12.955,208977000000.0,0.0,916000000.0,0.0,258.027,
18,TFC,MRT,2016-12-31,2016-12-31,2016-12-31,2021-09-09,-1132000000.0,219276000000.0,219040500000.0,,,0.047,37.19,0.0,4424000000.0,4424000000.0,0.0,2442000000.0,,6.327,23371000000.0,,,23371000000.0,0.0,555000000.0,160234000000.0,0.024,1.15,3484000000.0,4039000000.0,0.395,4039000000.0,3484000000.0,3484000000.0,2.81,2.77,2.81,29926000000.0,29499750000.0,29926000000.0,61559170633.0,18.0,15.241,3115000000.0,3.871,1.0,10221000000.0,1.0,11544000000.0,0.0,226679000000.0,230116500000.0,0.0,187155000000.0,,,189350000000.0,,,38153170633.0,257000000.0,-726000000.0,-520000000.0,-5552000000.0,-925000000.0,-1882000000.0,-976000000.0,-621000000.0,3115000000.0,0.0,2426000000.0,2259000000.0,2259000000.0,0.0,16000000.0,0.221,6722000000.0,3499000000.0,5745000000.0,0.409,1.275,16.889,16.733,2107000000.0,167000000.0,47.02,3.733,3.702,0.0,14809000000.0,10221000000.0,10221000000.0,0.0,0.01,0.077,0.015,0.341,115000000.0,4917000000.0,1.0,811424301.0,804680000.0,814916000.0,12.702,207732000000.0,0.0,1058000000.0,0.0,258.155,
19,TFC,MRT,2016-09-30,2016-09-30,2016-09-30,2021-09-09,-750000000.0,222622000000.0,216708250000.0,,,0.046,37.034,0.0,3434000000.0,3434000000.0,0.0,2341000000.0,,6.398,26840000000.0,,,26840000000.0,0.0,533000000.0,159915000000.0,0.03,1.12,3351000000.0,3884000000.0,0.388,3884000000.0,3351000000.0,3351000000.0,2.72,2.7,2.72,30091000000.0,28853250000.0,30091000000.0,53315948110.0,16.0,13.727,1866000000.0,2.297,1.0,10013000000.0,1.0,11347000000.0,0.0,234681000000.0,229242000000.0,0.0,190992000000.0,,,192531000000.0,,,30722948110.0,192000000.0,-1041000000.0,-135000000.0,-2425000000.0,-892000000.0,2420000000.0,-4094000000.0,-3735000000.0,1866000000.0,0.0,2329000000.0,2169000000.0,2169000000.0,0.0,12000000.0,0.217,6651000000.0,3362000000.0,5776000000.0,0.412,1.021,14.165,13.868,2059000000.0,160000000.0,37.72,3.068,3.061,0.0,14459000000.0,10013000000.0,10013000000.0,0.0,0.01,0.075,0.015,0.335,114000000.0,4737000000.0,1.0,814500215.0,812521000.0,823106000.0,12.323,211275000000.0,0.0,1022000000.0,0.0,260.024,
20,TFC,MRT,2016-06-30,2016-06-30,2016-06-30,2021-09-09,-837000000.0,221859000000.0,213255000000.0,,,0.046,36.528,0.0,3314000000.0,3314000000.0,0.0,2232000000.0,,6.459,25907000000.0,,,25907000000.0,0.0,513000000.0,159238000000.0,0.031,1.09,3187000000.0,3700000000.0,0.38,3700000000.0,3187000000.0,3187000000.0,2.62,2.61,2.62,29743000000.0,28146500000.0,29743000000.0,51536516048.0,16.0,13.929,3970000000.0,4.876,1.0,9736000000.0,1.0,11352000000.0,0.0,233100000000.0,226320750000.0,0.0,190355000000.0,,,192116000000.0,,,27860516048.0,-8000000.0,-1476000000.0,59000000.0,-4532000000.0,-860000000.0,756000000.0,-4734000000.0,-3581000000.0,3970000000.0,0.0,2216000000.0,2062000000.0,2062000000.0,0.0,16000000.0,0.212,6534000000.0,3202000000.0,6971000000.0,0.416,0.937,13.511,13.592,2088000000.0,154000000.0,35.61,2.862,2.978,0.0,14104000000.0,9736000000.0,9736000000.0,0.0,0.01,0.073,0.014,0.327,113000000.0,4608000000.0,1.0,782378996.0,814261000.0,823682000.0,11.957,210507000000.0,0.0,971000000.0,0.0,258.525,
21,TFC,MRT,2016-03-31,2016-03-31,2016-03-31,2021-09-09,-917000000.0,212405000000.0,205544500000.0,,,0.045,36.149,0.0,3277000000.0,3277000000.0,0.0,2146000000.0,,6.522,26953000000.0,,,26953000000.0,0.0,481000000.0,150500000000.0,0.032,1.08,2922000000.0,3403000000.0,0.365,3403000000.0,2922000000.0,2922000000.0,2.58,2.57,2.58,28239000000.0,26993750000.0,28239000000.0,49313619076.0,17.0,14.491,3594000000.0,4.601,1.0,9334000000.0,1.0,10075000000.0,0.0,226006000000.0,219744250000.0,0.0,181830000000.0,,,184166000000.0,,,25965619076.0,779000000.0,-861000000.0,50000000.0,-1154000000.0,-827000000.0,1608000000.0,-4423000000.0,-3924000000.0,3594000000.0,0.0,2123000000.0,1975000000.0,1975000000.0,0.0,23000000.0,0.212,6218000000.0,3116000000.0,6713000000.0,0.419,0.919,13.147,12.895,2001000000.0,148000000.0,33.27,2.782,2.784,0.0,13791000000.0,9334000000.0,9334000000.0,0.0,0.01,0.073,0.013,0.313,110000000.0,4414000000.0,1.0,780451430.0,781193000.0,790176000.0,11.948,202330000000.0,0.0,799000000.0,0.0,259.001,
22,TFC,MRT,2015-12-31,2015-12-31,2015-12-31,2021-09-09,-1028000000.0,209947000000.0,199750250000.0,,,0.046,36.55,0.0,4014000000.0,4014000000.0,0.0,2123000000.0,,6.679,27362000000.0,,,27362000000.0,0.0,461000000.0,149124000000.0,0.028,1.05,2878000000.0,3339000000.0,0.364,3339000000.0,2878000000.0,2878000000.0,2.59,2.56,2.59,27340000000.0,26118500000.0,27340000000.0,53730482276.0,19.0,16.092,3131000000.0,4.186,1.0,9183000000.0,1.0,10114000000.0,0.0,223181000000.0,214558000000.0,0.0,179506000000.0,,,182607000000.0,,,29497482276.0,1386000000.0,1055000000.0,68000000.0,-1143000000.0,-789000000.0,104000000.0,-1849000000.0,-3294000000.0,3131000000.0,0.0,2084000000.0,1936000000.0,1936000000.0,0.0,39000000.0,0.211,6094000000.0,3089000000.0,6121000000.0,0.405,1.079,15.236,14.598,2007000000.0,148000000.0,37.81,3.212,3.08,0.0,13464000000.0,9183000000.0,9183000000.0,0.0,0.01,0.074,0.013,0.313,106000000.0,4307000000.0,1.0,780150285.0,748010000.0,757765000.0,12.277,199833000000.0,0.0,794000000.0,0.0,267.153,
23,TFC,MRT,2015-09-30,2015-09-30,2015-09-30,2021-09-09,-796000000.0,208809000000.0,193972000000.0,,,0.047,35.666,0.0,3231000000.0,3231000000.0,0.0,2184000000.0,,6.659,27464000000.0,,,27464000000.0,0.0,446000000.0,147827000000.0,0.029,1.02,2953000000.0,3399000000.0,0.375,3399000000.0,2953000000.0,2953000000.0,2.71,2.68,2.71,27264000000.0,25377750000.0,27264000000.0,50455908862.0,17.0,14.844,3608000000.0,4.72,1.0,9067000000.0,1.0,10046000000.0,0.0,222996000000.0,209538500000.0,0.0,179130000000.0,,,181545000000.0,,,26111908862.0,763000000.0,1307000000.0,357000000.0,1000000.0,-752000000.0,-1856000000.0,-989000000.0,-2350000000.0,3608000000.0,0.0,2133000000.0,1985000000.0,1985000000.0,0.0,51000000.0,0.219,5891000000.0,3176000000.0,6254000000.0,0.376,0.958,13.155,13.137,2038000000.0,148000000.0,35.6,2.88,3.001,0.0,13172000000.0,9067000000.0,9067000000.0,0.0,0.01,0.078,0.014,0.326,106000000.0,4193000000.0,1.0,733480586.0,764435000.0,774023000.0,11.861,198763000000.0,0.0,820000000.0,0.0,260.013,
24,TFC,MRT,2015-06-30,2015-06-30,2015-06-30,2021-09-09,-748000000.0,191017000000.0,188525250000.0,,,0.048,34.671,0.0,2810000000.0,2810000000.0,0.0,2204000000.0,,6.601,27154000000.0,,,27154000000.0,0.0,434000000.0,132783000000.0,0.025,0.99,2923000000.0,3357000000.0,0.374,3357000000.0,2923000000.0,2923000000.0,2.78,2.74,2.78,25132000000.0,24640250000.0,25132000000.0,53427559405.0,18.0,15.915,2355000000.0,3.249,1.0,8982000000.0,1.0,8567000000.0,0.0,206794000000.0,204353250000.0,0.0,164123000000.0,,,165885000000.0,,,29150559405.0,173000000.0,1742000000.0,298000000.0,863000000.0,-713000000.0,-2540000000.0,358000000.0,-1635000000.0,2355000000.0,0.0,2153000000.0,2005000000.0,2005000000.0,0.0,51000000.0,0.223,5714000000.0,3268000000.0,5948000000.0,0.356,1.16,14.539,14.5,1900000000.0,148000000.0,40.31,3.245,3.253,0.0,12891000000.0,8982000000.0,8982000000.0,0.0,0.011,0.081,0.014,0.325,104000000.0,4085000000.0,1.0,723159499.0,724880000.0,734527000.0,12.391,182450000000.0,0.0,770000000.0,0.0,251.697,
25,TFC,MRT,2015-03-31,2015-03-31,2015-03-31,2021-09-09,-733000000.0,189228000000.0,187774000000.0,,,0.048,34.28,0.0,2290000000.0,2290000000.0,0.0,2180000000.0,,6.649,26567000000.0,,,26567000000.0,0.0,427000000.0,131229000000.0,0.025,0.96,3029000000.0,3456000000.0,0.385,3456000000.0,3029000000.0,3029000000.0,2.74,2.7,2.74,24738000000.0,24348500000.0,24738000000.0,52591039529.0,17.0,15.217,1985000000.0,2.751,1.0,8975000000.0,1.0,8244000000.0,0.0,205261000000.0,203391000000.0,0.0,162874000000.0,,,164490000000.0,,,28104039529.0,-221000000.0,2951000000.0,53000000.0,-443000000.0,-683000000.0,-649000000.0,-1557000000.0,-4858000000.0,1985000000.0,0.0,2123000000.0,1975000000.0,1975000000.0,0.0,57000000.0,0.22,5767000000.0,3208000000.0,6694000000.0,0.35,1.136,14.23,14.23,1879000000.0,148000000.0,38.99,3.131,3.135,0.0,12632000000.0,8975000000.0,8975000000.0,0.0,0.011,0.081,0.015,0.337,105000000.0,4031000000.0,1.0,720801219.0,721639000.0,731511000.0,12.437,180984000000.0,0.0,906000000.0,0.0,250.796,
26,TFC,MRT,2014-12-31,2014-12-31,2014-12-31,2021-09-09,-751000000.0,186834000000.0,186629750000.0,,,0.048,33.945,0.0,2542000000.0,2542000000.0,0.0,2206000000.0,,6.664,27029000000.0,,,27029000000.0,0.0,424000000.0,129040000000.0,0.024,0.95,3052000000.0,3476000000.0,0.387,3476000000.0,3052000000.0,3052000000.0,2.76,2.72,2.76,24377000000.0,24053000000.0,24377000000.0,51584404582.0,17.0,14.84,3210000000.0,4.47,1.0,8979000000.0,1.0,8218000000.0,0.0,203103000000.0,202201500000.0,0.0,161137000000.0,,,162457000000.0,,,28012404582.0,160000000.0,1025000000.0,298000000.0,1177000000.0,-666000000.0,965000000.0,-4015000000.0,-5666000000.0,3210000000.0,0.0,2131000000.0,1983000000.0,1983000000.0,0.0,75000000.0,0.221,5730000000.0,3249000000.0,6388000000.0,0.344,1.149,14.126,14.091,1827000000.0,148000000.0,38.89,3.12,3.11,0.0,12317000000.0,8979000000.0,8979000000.0,0.0,0.011,0.082,0.015,0.34,102000000.0,4001000000.0,1.0,720298395.0,718140000.0,728372000.0,12.503,178616000000.0,0.0,921000000.0,0.0,248.72,
27,TFC,MRT,2014-09-30,2014-09-30,2014-09-30,2021-09-09,-442000000.0,187022000000.0,185673750000.0,,,0.049,33.764,0.0,2168000000.0,2168000000.0,0.0,2192000000.0,,6.692,25740000000.0,,,25740000000.0,0.0,424000000.0,130895000000.0,0.025,0.94,3163000000.0,3587000000.0,0.395,3587000000.0,3163000000.0,3163000000.0,2.76,2.71,2.76,24314000000.0,23661000000.0,24314000000.0,50082730166.0,16.0,13.962,5062000000.0,7.029,1.0,9091000000.0,1.0,8339000000.0,0.0,202255000000.0,200868750000.0,0.0,161218000000.0,,,162708000000.0,,,26775730166.0,-452000000.0,1547000000.0,0.0,481000000.0,-648000000.0,2166000000.0,-7680000000.0,-10078000000.0,5062000000.0,0.0,2118000000.0,1970000000.0,1970000000.0,0.0,74000000.0,0.217,5732000000.0,3359000000.0,6073000000.0,0.341,1.101,13.592,13.482,1842000000.0,148000000.0,37.21,2.945,2.947,0.0,11982000000.0,9091000000.0,9091000000.0,0.0,0.011,0.083,0.016,0.348,95000000.0,4048000000.0,1.0,719584256.0,720117000.0,729989000.0,12.624,178683000000.0,0.0,1045000000.0,0.0,248.131,
28,TFC,MRT,2014-06-30,2014-06-30,2014-06-30,2021-09-09,-406000000.0,188012000000.0,184180750000.0,,,0.049,33.327,0.0,2599000000.0,2599000000.0,0.0,1948000000.0,,6.845,25906000000.0,,,25906000000.0,0.0,421000000.0,131586000000.0,0.024,0.93,3197000000.0,3618000000.0,0.399,3618000000.0,3197000000.0,3197000000.0,2.43,2.38,2.43,23965000000.0,23106000000.0,23965000000.0,52560323225.0,16.0,14.527,3877000000.0,5.392,1.0,9057000000.0,1.0,8374000000.0,0.0,202945000000.0,199071500000.0,0.0,161134000000.0,,,164047000000.0,,,28330323225.0,69000000.0,1547000000.0,0.0,3317000000.0,-631000000.0,2152000000.0,-5960000000.0,-8415000000.0,3877000000.0,0.0,1874000000.0,1726000000.0,1726000000.0,0.0,74000000.0,0.191,5786000000.0,3271000000.0,6555000000.0,0.383,1.182,16.414,16.226,1857000000.0,148000000.0,39.43,3.128,3.131,0.0,11634000000.0,9057000000.0,9057000000.0,0.0,0.009,0.075,0.016,0.353,92000000.0,4091000000.0,1.0,718496658.0,719080000.0,728452000.0,12.595,179638000000.0,0.0,1323000000.0,0.0,249.816,
29,TFC,MRT,2014-03-31,2014-03-31,2014-03-31,2021-09-09,-500000000.0,184651000000.0,182861500000.0,,,0.05,33.045,0.0,2439000000.0,2439000000.0,0.0,2047000000.0,,6.839,26669000000.0,,,26669000000.0,0.0,424000000.0,127476000000.0,0.023,0.92,3301000000.0,3725000000.0,0.408,3725000000.0,3301000000.0,3301000000.0,2.62,2.57,2.62,23556000000.0,22613750000.0,23556000000.0,51748502557.0,16.0,13.892,5509000000.0,7.728,1.0,9123000000.0,1.0,8378000000.0,0.0,200503000000.0,196881250000.0,0.0,157967000000.0,,,161095000000.0,,,28556502557.0,-348000000.0,512000000.0,260000000.0,5216000000.0,-620000000.0,1580000000.0,-7437000000.0,-8926000000.0,5509000000.0,0.0,1973000000.0,1849000000.0,1849000000.0,0.0,74000000.0,0.203,5748000000.0,3375000000.0,6950000000.0,0.351,1.212,15.444,15.332,1854000000.0,124000000.0,40.17,3.13,3.139,0.0,11382000000.0,9123000000.0,9123000000.0,0.0,0.01,0.082,0.017,0.362,91000000.0,4141000000.0,1.0,710891276.0,712842000.0,724283000.0,12.798,176273000000.0,0.0,1328000000.0,0.0,247.282,
30,TFC,MRT,2013-12-31,2013-12-31,2013-12-31,2021-09-09,-593000000.0,183010000000.0,181908000000.0,,,0.05,32.443,0.0,2439000000.0,2439000000.0,0.0,1730000000.0,,7.024,25631000000.0,,,25631000000.0,0.0,421000000.0,127475000000.0,0.03,1.12,3233000000.0,3654000000.0,0.403,3654000000.0,3233000000.0,3233000000.0,2.22,2.19,2.22,22809000000.0,22032000000.0,22809000000.0,48697800701.0,15.0,13.327,5308000000.0,7.55,1.0,9060000000.0,1.0,8430000000.0,0.0,197772000000.0,194574250000.0,0.0,155760000000.0,,,160201000000.0,,,26307800701.0,-874000000.0,516000000.0,0.0,3804000000.0,-765000000.0,-1973000000.0,-4209000000.0,-5653000000.0,5308000000.0,0.0,1680000000.0,1563000000.0,1563000000.0,0.0,50000000.0,0.173,5777000000.0,3283000000.0,7095000000.0,0.505,1.153,16.832,16.811,1869000000.0,117000000.0,37.32,2.904,2.896,0.0,11044000000.0,9060000000.0,9060000000.0,0.0,0.009,0.071,0.017,0.357,96000000.0,4174000000.0,1.0,704924992.0,703042000.0,714363000.0,12.887,174580000000.0,0.0,1553000000.0,0.0,248.321,
31,TFC,MRT,2013-09-30,2013-09-30,2013-09-30,2021-09-09,-860000000.0,181050000000.0,182280250000.0,,,0.049,31.378,117000000.0,2825000000.0,2825000000.0,0.0,1690000000.0,,7.195,25215000000.0,,,25215000000.0,0.0,415000000.0,127484000000.0,0.032,1.09,3000000000.0,3415000000.0,0.383,3415000000.0,3000000000.0,3000000000.0,2.18,2.14,2.18,22094000000.0,21635500000.0,22094000000.0,43540566938.0,15.0,12.75,2911000000.0,4.134,1.0,8918000000.0,1.0,8374000000.0,0.0,195066000000.0,193807750000.0,0.0,153819000000.0,,,158956000000.0,,,23755566938.0,-266000000.0,-23000000.0,0.0,3009000000.0,-750000000.0,730000000.0,-3790000000.0,-4509000000.0,2794000000.0,0.0,1641000000.0,1531000000.0,1531000000.0,0.0,49000000.0,0.172,5867000000.0,3051000000.0,6257000000.0,0.5,1.075,15.516,15.482,1876000000.0,110000000.0,33.75,2.664,2.665,245000000.0,10669000000.0,8918000000.0,8918000000.0,0.0,0.008,0.071,0.015,0.336,103000000.0,4168000000.0,1.0,703868650.0,704134000.0,716101000.0,12.665,172676000000.0,0.0,1359000000.0,0.0,245.232,
32,TFC,MRT,2013-06-30,2013-06-30,2013-06-30,2021-09-09,-784000000.0,182735000000.0,182523000000.0,,,0.049,31.33,61000000.0,2769000000.0,2769000000.0,0.0,1877000000.0,,7.308,22554000000.0,,,22554000000.0,0.0,416000000.0,131079000000.0,0.031,1.06,2916000000.0,3332000000.0,0.375,3332000000.0,2916000000.0,2916000000.0,2.47,2.43,2.47,21996000000.0,21245000000.0,21996000000.0,42416284609.0,15.0,12.73,3464000000.0,4.934,1.0,8890000000.0,1.0,8336000000.0,0.0,194184000000.0,193289250000.0,0.0,155341000000.0,,,160739000000.0,,,23773284609.0,-584000000.0,1224000000.0,0.0,-3297000000.0,-735000000.0,-368000000.0,-3619000000.0,-5645000000.0,3403000000.0,0.0,1830000000.0,1732000000.0,1732000000.0,0.0,47000000.0,0.195,5925000000.0,2965000000.0,7106000000.0,0.429,1.081,13.726,13.717,1893000000.0,98000000.0,33.88,2.674,2.676,299000000.0,10564000000.0,8890000000.0,8890000000.0,0.0,0.009,0.082,0.015,0.328,106000000.0,4125000000.0,1.0,701690809.0,702082000.0,712861000.0,12.662,174399000000.0,0.0,1086000000.0,0.0,248.403,
33,TFC,MRT,2013-03-31,2013-03-31,2013-03-31,2021-09-09,-612000000.0,180837000000.0,181471500000.0,,,0.048,30.315,21000000.0,2912000000.0,2912000000.0,0.0,1839000000.0,,7.518,21555000000.0,,,21555000000.0,0.0,406000000.0,131352000000.0,0.033,1.03,2844000000.0,3250000000.0,0.371,3250000000.0,2844000000.0,2844000000.0,2.42,2.38,2.42,21229000000.0,20477500000.0,21229000000.0,40278542283.0,14.0,12.393,2293000000.0,3.274,1.0,8752000000.0,1.0,8205000000.0,0.0,191275000000.0,192977750000.0,0.0,153871000000.0,,,159608000000.0,,,21967542283.0,-716000000.0,669000000.0,-6000000.0,-4787000000.0,-720000000.0,241000000.0,-3229000000.0,-4625000000.0,2272000000.0,0.0,1788000000.0,1695000000.0,1695000000.0,0.0,51000000.0,0.194,5855000000.0,2897000000.0,6701000000.0,0.426,1.035,12.96,12.971,1880000000.0,93000000.0,31.39,2.51,2.512,368000000.0,10178000000.0,8752000000.0,8752000000.0,0.0,0.009,0.083,0.015,0.325,97000000.0,4037000000.0,1.0,699826132.0,700275000.0,711020000.0,12.498,172632000000.0,0.0,1056000000.0,0.0,246.52,
34,TFC,MRT,2012-12-31,2012-12-31,2012-12-31,2021-09-09,-559000000.0,184499000000.0,179950250000.0,,,0.048,30.373,0.0,3667000000.0,3667000000.0,0.0,2028000000.0,,7.693,21978000000.0,,,21978000000.0,0.0,391000000.0,133075000000.0,0.026,0.76,2743000000.0,3134000000.0,0.364,3134000000.0,2743000000.0,2743000000.0,2.74,2.7,2.74,21223000000.0,19640750000.0,21223000000.0,39336544358.0,14.0,12.552,3714000000.0,5.315,1.0,8620000000.0,1.0,8104000000.0,0.0,194706000000.0,192644250000.0,0.0,155696000000.0,,,163276000000.0,,,20366544358.0,-537000000.0,675000000.0,0.0,-3487000000.0,-531000000.0,2796000000.0,-7047000000.0,-8497000000.0,3714000000.0,0.0,1979000000.0,1916000000.0,1916000000.0,0.0,49000000.0,0.222,5826000000.0,2794000000.0,8223000000.0,0.277,0.96,10.63,10.624,1888000000.0,63000000.0,29.11,2.363,2.36,0.0,10129000000.0,8620000000.0,8620000000.0,0.0,0.011,0.098,0.014,0.318,97000000.0,3931000000.0,1.0,699640823.0,698739000.0,708877000.0,12.337,176395000000.0,0.0,764000000.0,0.0,252.448,
35,TFC,MRT,2012-09-30,2012-09-30,2012-09-30,2021-09-09,-409000000.0,182021000000.0,177470250000.0,,,0.048,29.37,59000000.0,3344000000.0,3344000000.0,0.0,1879000000.0,,7.865,22314000000.0,,,22314000000.0,0.0,381000000.0,130018000000.0,0.022,0.72,2475000000.0,2856000000.0,0.337,2856000000.0,2475000000.0,2475000000.0,2.58,2.55,2.58,20532000000.0,18705000000.0,20532000000.0,45281096418.0,18.0,15.855,2657000000.0,3.801,1.0,8478000000.0,1.0,7999000000.0,0.0,192992000000.0,191126500000.0,0.0,153528000000.0,,,161489000000.0,,,23183096418.0,-1371000000.0,606000000.0,-22000000.0,-3887000000.0,-503000000.0,6474000000.0,-10443000000.0,-11793000000.0,2598000000.0,0.0,1834000000.0,1801000000.0,1801000000.0,0.0,45000000.0,0.212,5958000000.0,2520000000.0,9157000000.0,0.279,1.129,12.872,12.853,1940000000.0,33000000.0,33.16,2.735,2.734,656000000.0,9761000000.0,8478000000.0,8478000000.0,0.0,0.01,0.096,0.013,0.292,104000000.0,3777000000.0,1.0,699128360.0,699091000.0,709875000.0,12.127,174022000000.0,0.0,641000000.0,0.0,248.926,
36,TFC,MRT,2012-06-30,2012-06-30,2012-06-30,2021-09-09,-541000000.0,178529000000.0,173884250000.0,,,0.047,27.092,43000000.0,3659000000.0,3659000000.0,0.0,1754000000.0,,8.433,25757000000.0,,,25757000000.0,0.0,365000000.0,126059000000.0,0.022,0.68,2238000000.0,2603000000.0,0.32,2603000000.0,2238000000.0,2238000000.0,2.43,2.41,2.43,18926000000.0,17957250000.0,18926000000.0,43937022528.0,20.0,16.879,3085000000.0,4.416,1.0,8132000000.0,1.0,7689000000.0,0.0,192938000000.0,188509250000.0,0.0,150073000000.0,,,159603000000.0,,,21553022528.0,475000000.0,-641000000.0,-17000000.0,-2558000000.0,-474000000.0,15720000000.0,-18287000000.0,-18332000000.0,3042000000.0,0.0,1706000000.0,1698000000.0,1698000000.0,0.0,48000000.0,0.209,5846000000.0,2286000000.0,7787000000.0,0.28,1.139,12.693,12.695,1816000000.0,8000000.0,30.85,2.65,2.65,831000000.0,9433000000.0,8132000000.0,8132000000.0,0.0,0.01,0.095,0.012,0.275,100000000.0,3656000000.0,1.0,698639304.0,698579000.0,708454000.0,11.641,170840000000.0,0.0,532000000.0,0.0,244.554,
37,TFC,MRT,2012-03-31,2012-03-31,2012-03-31,2021-09-09,-616000000.0,174752000000.0,169079500000.0,,,0.046,25.63,27000000.0,3820000000.0,3820000000.0,0.0,1543000000.0,,8.773,26204000000.0,,,26204000000.0,0.0,358000000.0,124157000000.0,0.021,0.65,1927000000.0,2285000000.0,0.293,2285000000.0,1927000000.0,1927000000.0,2.14,2.13,2.14,17882000000.0,17488000000.0,17882000000.0,43027010902.0,22.0,18.83,4145000000.0,5.941,1.0,7790000000.0,1.0,7195000000.0,0.0,189941000000.0,184681000000.0,0.0,147211000000.0,,,156870000000.0,,,21886010902.0,1382000000.0,-86000000.0,-13000000.0,-1753000000.0,-454000000.0,15251000000.0,-17987000000.0,-18689000000.0,4118000000.0,0.0,1495000000.0,1495000000.0,1495000000.0,0.0,48000000.0,0.192,5815000000.0,1975000000.0,6509000000.0,0.304,1.224,14.639,14.668,1822000000.0,0.0,31.39,2.81,2.811,949000000.0,9064000000.0,7790000000.0,7790000000.0,0.0,0.009,0.085,0.01,0.247,99000000.0,3556000000.0,1.0,697228764.0,697685000.0,707369000.0,11.165,167557000000.0,0.0,432000000.0,0.0,240.161,
38,TFC,MRT,2011-12-31,2011-12-31,2011-12-31,2021-09-09,-713000000.0,174579000000.0,164651250000.0,,,0.045,25.096,0.0,4228000000.0,4228000000.0,0.0,1332000000.0,,8.987,25369000000.0,,,25369000000.0,0.0,363000000.0,124939000000.0,0.025,0.64,1585000000.0,1948000000.0,0.262,1948000000.0,1585000000.0,1585000000.0,1.85,1.83,1.85,17480000000.0,17185000000.0,17480000000.0,39414519512.0,25.0,20.233,4276000000.0,6.139,1.0,7430000000.0,1.0,7085000000.0,0.0,188635000000.0,181031500000.0,0.0,146026000000.0,,,157099000000.0,,,17546519512.0,1489000000.0,-86000000.0,0.0,-2287000000.0,-446000000.0,15220000000.0,-18007000000.0,-18639000000.0,4276000000.0,0.0,1289000000.0,1289000000.0,1289000000.0,0.0,43000000.0,0.173,5802000000.0,1628000000.0,6791000000.0,0.346,1.004,13.613,13.605,1855000000.0,0.0,25.17,2.362,2.36,1100000000.0,8772000000.0,7430000000.0,7430000000.0,0.0,0.008,0.075,0.009,0.213,98000000.0,3517000000.0,1.0,697120362.0,696532000.0,705168000.0,10.667,167494000000.0,0.0,296000000.0,0.0,240.468,
39,TFC,MRT,2011-09-30,2011-09-30,2011-09-30,2021-09-09,-356000000.0,167677000000.0,160276750000.0,,,0.044,25.165,-234000000.0,4238000000.0,4238000000.0,0.0,1149000000.0,,8.559,26106000000.0,,,26106000000.0,0.0,365000000.0,117567000000.0,0.03,0.63,1333000000.0,1698000000.0,0.243,1698000000.0,1333000000.0,1333000000.0,1.58,1.57,1.58,17541000000.0,16939500000.0,17541000000.0,40535030683.0,30.0,23.872,4668000000.0,6.697,1.0,6981000000.0,1.0,7022000000.0,0.0,182523000000.0,177565500000.0,0.0,138491000000.0,,,150136000000.0,,,14868030683.0,1950000000.0,-7000000.0,40000000.0,-1983000000.0,-438000000.0,8957000000.0,-11909000000.0,-12749000000.0,4902000000.0,0.0,1106000000.0,1106000000.0,1106000000.0,0.0,43000000.0,0.158,5605000000.0,1376000000.0,6463000000.0,0.399,0.848,13.443,13.5,1864000000.0,0.0,21.33,2.13,2.13,1221000000.0,8493000000.0,6981000000.0,6981000000.0,0.0,0.007,0.065,0.008,0.191,94000000.0,3392000000.0,1.0,697047852.0,697052000.0,705604000.0,10.015,160655000000.0,0.0,227000000.0,0.0,230.478,
40,TFC,MRT,2011-06-30,2011-06-30,2011-06-30,2021-09-09,-574000000.0,159310000000.0,157665000000.0,,,0.043,24.474,-206000000.0,2555000000.0,2555000000.0,0.0,997000000.0,,8.344,28222000000.0,,,28222000000.0,0.0,368000000.0,108064000000.0,0.023,0.62,1136000000.0,1504000000.0,0.222,1504000000.0,1136000000.0,1136000000.0,1.36,1.35,1.36,17049000000.0,16751000000.0,17049000000.0,44422180158.0,39.0,29.536,4472000000.0,6.42,1.0,6779000000.0,1.0,7352000000.0,0.0,177625000000.0,175832250000.0,0.0,131609000000.0,,,142261000000.0,,,18693180158.0,277000000.0,-7000000.0,51000000.0,58000000.0,-431000000.0,3500000000.0,-7901000000.0,-8810000000.0,4678000000.0,0.0,950000000.0,950000000.0,950000000.0,0.0,47000000.0,0.14,5596000000.0,1183000000.0,5975000000.0,0.456,1.096,19.677,19.735,1846000000.0,0.0,26.84,2.758,2.758,1446000000.0,8241000000.0,6779000000.0,6779000000.0,0.0,0.006,0.057,0.006,0.168,91000000.0,3397000000.0,1.0,696467219.0,696625000.0,704969000.0,9.731,151958000000.0,0.0,186000000.0,0.0,218.135,
41,TFC,MRT,2011-03-31,2011-03-31,2011-03-31,2021-09-09,-706000000.0,157039000000.0,156608250000.0,,,0.043,23.975,-213000000.0,2048000000.0,2048000000.0,0.0,894000000.0,,8.42,27777000000.0,,,27777000000.0,0.0,376000000.0,106913000000.0,0.022,0.6,973000000.0,1349000000.0,0.201,1349000000.0,973000000.0,973000000.0,1.22,1.21,1.22,16670000000.0,16673750000.0,16670000000.0,44102876643.0,45.0,32.693,4079000000.0,5.866,1.0,6715000000.0,1.0,7425000000.0,0.0,175343000000.0,174799000000.0,0.0,129501000000.0,,,140369000000.0,,,19066876643.0,-38000000.0,-2000000.0,63000000.0,-797000000.0,-416000000.0,-7581000000.0,3251000000.0,2381000000.0,4292000000.0,0.0,853000000.0,853000000.0,853000000.0,0.0,41000000.0,0.127,5701000000.0,1014000000.0,5679000000.0,0.492,1.144,22.353,22.5,1830000000.0,0.0,27.45,2.839,2.842,1580000000.0,8042000000.0,6715000000.0,6715000000.0,0.0,0.005,0.051,0.006,0.145,87000000.0,3417000000.0,1.0,694603885.0,695309000.0,704101000.0,9.658,149614000000.0,0.0,120000000.0,0.0,215.176,
42,TFC,MRT,2010-12-31,2010-12-31,2010-12-31,2021-09-09,-747000000.0,157081000000.0,158273500000.0,,,0.042,23.824,-428000000.0,2367000000.0,2367000000.0,0.0,854000000.0,,8.521,27403000000.0,,,27403000000.0,0.0,382000000.0,107213000000.0,0.023,0.6,931000000.0,1313000000.0,0.198,1313000000.0,931000000.0,931000000.0,1.18,1.16,1.18,16498000000.0,16638250000.0,16498000000.0,43731227004.0,47.0,33.306,2470000000.0,3.567,1.0,6639000000.0,1.0,7346000000.0,0.0,174771000000.0,176590500000.0,0.0,128685000000.0,,,140583000000.0,,,18238227004.0,-264000000.0,-839000000.0,110000000.0,-2270000000.0,-415000000.0,-9141000000.0,5979000000.0,6191000000.0,2898000000.0,0.0,816000000.0,816000000.0,816000000.0,0.0,38000000.0,0.123,5670000000.0,969000000.0,5967000000.0,0.508,1.105,22.351,22.28,1840000000.0,0.0,26.29,2.747,2.742,1922000000.0,7935000000.0,6639000000.0,6639000000.0,0.0,0.005,0.049,0.005,0.14,79000000.0,3394000000.0,1.0,693732484.0,692489000.0,701039000.0,9.587,149735000000.0,0.0,115000000.0,0.0,216.227,
43,TFC,MRT,2010-09-30,2010-09-30,2010-09-30,2021-09-09,-335000000.0,157230000000.0,160444250000.0,,,0.041,24.223,-416000000.0,2438000000.0,2438000000.0,0.0,831000000.0,,8.366,27931000000.0,,,27931000000.0,0.0,383000000.0,106419000000.0,0.025,0.6,906000000.0,1289000000.0,0.197,1289000000.0,906000000.0,906000000.0,1.14,1.14,1.14,16787000000.0,16574000000.0,16787000000.0,42396361385.0,47.0,32.891,2302000000.0,3.322,1.0,6554000000.0,1.0,7133000000.0,0.0,175590000000.0,179197750000.0,0.0,128753000000.0,,,140443000000.0,,,16686361385.0,63000000.0,-808000000.0,111000000.0,-1931000000.0,-414000000.0,-9256000000.0,6601000000.0,6897000000.0,2718000000.0,0.0,793000000.0,793000000.0,793000000.0,0.0,38000000.0,0.121,5610000000.0,944000000.0,6093000000.0,0.526,0.994,21.042,21.123,1831000000.0,0.0,24.08,2.546,2.546,1924000000.0,7833000000.0,6554000000.0,6554000000.0,0.0,0.005,0.048,0.005,0.138,70000000.0,3400000000.0,1.0,692955207.0,693017000.0,701535000.0,9.457,150097000000.0,0.0,113000000.0,0.0,216.585,
44,TFC,MRT,2010-06-30,2010-06-30,2010-06-30,2021-09-09,-237000000.0,155083000000.0,162468750000.0,,,0.039,24.187,-418000000.0,2456000000.0,2456000000.0,0.0,769000000.0,,8.264,28166000000.0,,,28166000000.0,0.0,375000000.0,104451000000.0,0.023,0.6,812000000.0,1187000000.0,0.186,1187000000.0,812000000.0,812000000.0,1.07,1.07,1.07,16740000000.0,16412750000.0,16740000000.0,44549203830.0,55.0,37.531,6499000000.0,9.39,1.0,6368000000.0,1.0,7301000000.0,0.0,173492000000.0,181644750000.0,0.0,126553000000.0,,,138343000000.0,,,18209203830.0,275000000.0,4370000000.0,1080000000.0,-6495000000.0,-408000000.0,-21791000000.0,15149000000.0,10655000000.0,6917000000.0,0.0,735000000.0,735000000.0,735000000.0,0.0,34000000.0,0.115,5522000000.0,846000000.0,5726000000.0,0.561,1.088,24.774,24.589,1835000000.0,0.0,26.31,2.859,2.86,2230000000.0,7729000000.0,6368000000.0,6368000000.0,0.0,0.005,0.045,0.004,0.128,63000000.0,3378000000.0,1.0,692102008.0,692113000.0,701322000.0,9.201,147782000000.0,0.0,77000000.0,0.0,213.523,
45,TFC,MRT,2010-03-31,2010-03-31,2010-03-31,2021-09-09,-292000000.0,163700000000.0,161797500000.0,,,0.037,23.926,-396000000.0,2108000000.0,2108000000.0,0.0,753000000.0,,8.904,28448000000.0,,,28448000000.0,0.0,357000000.0,113723000000.0,0.028,0.92,822000000.0,1179000000.0,0.195,1179000000.0,822000000.0,822000000.0,0.97,0.97,0.97,16528000000.0,15925750000.0,16528000000.0,49332097992.0,60.0,41.842,9019000000.0,13.056,1.0,6049000000.0,1.0,7531000000.0,0.0,182509000000.0,181842250000.0,0.0,135391000000.0,,,147172000000.0,,,22371097992.0,238000000.0,4382000000.0,2756000000.0,-6745000000.0,-567000000.0,-2969000000.0,-6208000000.0,-10558000000.0,9415000000.0,0.0,729000000.0,646000000.0,646000000.0,0.0,24000000.0,0.107,5203000000.0,846000000.0,5001000000.0,0.948,1.354,34.63,33.392,1798000000.0,83000000.0,32.39,3.698,3.699,2611000000.0,7624000000.0,6049000000.0,6049000000.0,0.0,0.004,0.041,0.005,0.136,59000000.0,3300000000.0,1.0,690679160.0,690792000.0,698675000.0,8.757,156169000000.0,0.0,93000000.0,0.0,226.072,
46,TFC,MRT,2009-12-31,2009-12-31,2009-12-31,2021-09-09,-417000000.0,165764000000.0,156728750000.0,,,0.038,25.796,-174000000.0,2521000000.0,2521000000.0,0.0,877000000.0,,9.207,29482000000.0,,,29482000000.0,0.0,339000000.0,114965000000.0,0.049,1.24,1012000000.0,1351000000.0,0.226,1351000000.0,1012000000.0,1012000000.0,1.16,1.15,1.16,16241000000.0,15839250000.0,16241000000.0,44961843721.0,44.0,33.28,-667000000.0,-1.059,1.0,5967000000.0,1.0,7525000000.0,0.0,185200000000.0,177900250000.0,0.0,137894000000.0,,,149523000000.0,,,17444843721.0,-91000000.0,4502000000.0,2727000000.0,-2747000000.0,-727000000.0,-6831000000.0,7233000000.0,2676000000.0,-493000000.0,0.0,853000000.0,729000000.0,729000000.0,0.0,24000000.0,0.122,4931000000.0,1036000000.0,5076000000.0,1.069,1.074,23.93,21.871,1583000000.0,124000000.0,25.37,2.924,2.677,3062000000.0,7539000000.0,5967000000.0,5967000000.0,0.0,0.005,0.046,0.006,0.17,62000000.0,3226000000.0,1.0,687617017.0,629583000.0,635619000.0,9.478,158239000000.0,0.0,159000000.0,0.0,251.339,
47,TFC,MRT,2009-09-30,2009-09-30,2009-09-30,2021-09-09,-364000000.0,165328000000.0,153291500000.0,,,0.037,24.259,-199000000.0,2157000000.0,2157000000.0,0.0,990000000.0,,9.242,29674000000.0,,,29674000000.0,0.0,319000000.0,114510000000.0,0.057,1.56,1144000000.0,1463000000.0,0.255,1463000000.0,1144000000.0,1144000000.0,1.42,1.42,1.42,16142000000.0,15799250000.0,16142000000.0,46142285549.0,40.0,31.539,3853000000.0,5.79,1.0,5743000000.0,1.0,7467000000.0,0.0,185378000000.0,174518000000.0,0.0,139987000000.0,,,149186000000.0,,,17655285549.0,-1000000.0,4948000000.0,2740000000.0,-5966000000.0,-883000000.0,2443000000.0,-6496000000.0,-11254000000.0,4052000000.0,0.0,973000000.0,828000000.0,828000000.0,0.0,17000000.0,0.144,4582000000.0,1161000000.0,5002000000.0,1.099,1.094,21.323,19.183,1591000000.0,145000000.0,27.24,3.074,3.156,3336000000.0,7458000000.0,5743000000.0,5743000000.0,0.0,0.005,0.052,0.007,0.199,64000000.0,3194000000.0,1.0,648138236.0,665408000.0,672457000.0,8.631,157861000000.0,0.0,171000000.0,0.0,237.239,
48,TFC,MRT,2009-06-30,2009-06-30,2009-06-30,2021-09-09,-730000000.0,152398000000.0,146219750000.0,,,0.04,24.542,-196000000.0,2254000000.0,2254000000.0,0.0,1195000000.0,,9.303,30741000000.0,,,30741000000.0,0.0,311000000.0,102164000000.0,0.086,1.88,1508000000.0,1819000000.0,0.314,1819000000.0,1508000000.0,1508000000.0,1.84,1.84,1.84,14792000000.0,14997500000.0,14792000000.0,42016886432.0,28.0,23.099,-1235000000.0,-2.049,1.0,5791000000.0,1.0,6603000000.0,0.0,174282000000.0,168074250000.0,0.0,130026000000.0,,,137606000000.0,,,12322886432.0,-409000000.0,-243000000.0,1857000000.0,-1100000000.0,-1042000000.0,13416000000.0,-12786000000.0,-12474000000.0,-1039000000.0,0.0,1179000000.0,1034000000.0,1034000000.0,0.0,16000000.0,0.179,4267000000.0,1524000000.0,4701000000.0,1.022,0.833,11.918,11.946,1577000000.0,145000000.0,21.98,2.128,2.288,0.0,7409000000.0,5791000000.0,5791000000.0,0.0,0.007,0.069,0.009,0.26,73000000.0,3067000000.0,1.0,560640875.0,602726000.0,608797000.0,9.608,145795000000.0,0.0,329000000.0,0.0,241.893,
49,TFC,MRT,2009-03-31,2009-03-31,2009-03-31,2021-09-09,-683000000.0,143425000000.0,142236500000.0,,,0.042,28.907,-207000000.0,1982000000.0,1982000000.0,0.0,1418000000.0,,7.863,31676000000.0,,,31676000000.0,0.0,304000000.0,90617000000.0,0.111,1.87,1866000000.0,2170000000.0,0.366,2170000000.0,1866000000.0,1866000000.0,2.42,2.42,2.42,16182000000.0,14499500000.0,16182000000.0,35514325239.0,19.0,16.366,-3979000000.0,-7.108,1.0,5926000000.0,1.0,6378000000.0,0.0,166741000000.0,164189250000.0,0.0,118160000000.0,,,127243000000.0,,,9463325239.0,-581000000.0,-367000000.0,157000000.0,37000000.0,-1031000000.0,5149000000.0,-1958000000.0,-1502000000.0,-3772000000.0,0.0,1403000000.0,1341000000.0,1341000000.0,0.0,15000000.0,0.226,4045000000.0,1881000000.0,4950000000.0,0.773,0.585,7.057,6.992,1583000000.0,62000000.0,16.92,1.597,1.598,0.0,7385000000.0,5926000000.0,5926000000.0,0.0,0.009,0.092,0.011,0.315,78000000.0,2989000000.0,1.0,559298182.0,559801000.0,563566000.0,10.586,137047000000.0,0.0,463000000.0,0.0,244.814,
50,TFC,MRT,2008-12-31,2008-12-31,2008-12-31,2021-09-09,-732000000.0,152015000000.0,140484500000.0,,,0.043,29.3,-219000000.0,2769000000.0,2769000000.0,0.0,1529000000.0,,8.453,28820000000.0,,,28820000000.0,0.0,298000000.0,98613000000.0,0.068,1.86,2069000000.0,2367000000.0,0.395,2367000000.0,2069000000.0,2069000000.0,2.73,2.71,2.73,16081000000.0,13664500000.0,16081000000.0,44181305624.0,21.0,18.666,5134000000.0,9.354,1.0,5990000000.0,1.0,6395000000.0,0.0,171671000000.0,162229250000.0,0.0,130664000000.0,,,135934000000.0,,,15171305624.0,-377000000.0,311000000.0,160000000.0,-1280000000.0,-1019000000.0,12593000000.0,-18323000000.0,-18545000000.0,5353000000.0,0.0,1519000000.0,1498000000.0,1498000000.0,0.0,10000000.0,0.25,3911000000.0,2079000000.0,8501000000.0,0.681,0.943,10.128,10.059,1580000000.0,21000000.0,27.46,2.533,2.516,0.0,7381000000.0,5990000000.0,5990000000.0,0.0,0.011,0.11,0.013,0.345,75000000.0,2914000000.0,1.0,552487459.0,548847000.0,552498000.0,10.914,145620000000.0,0.0,550000000.0,0.0,265.32,
51,TFC,MRT,2008-09-30,2008-09-30,2008-09-30,2021-09-09,-461000000.0,137041000000.0,135635250000.0,,,0.045,23.528,-235000000.0,2402000000.0,2402000000.0,0.0,1645000000.0,,9.595,31412000000.0,,,31412000000.0,0.0,296000000.0,88387000000.0,0.049,1.85,2322000000.0,2618000000.0,0.424,2618000000.0,2322000000.0,2322000000.0,2.96,2.95,2.96,12935000000.0,12802250000.0,12935000000.0,49469709299.0,21.0,18.896,1653000000.0,3.007,1.0,6171000000.0,1.0,6448000000.0,0.0,159603000000.0,157597500000.0,0.0,116684000000.0,,,124106000000.0,,,20770709299.0,-76000000.0,-323000000.0,3000000.0,1439000000.0,-1013000000.0,3572000000.0,-5536000000.0,-5219000000.0,1888000000.0,0.0,1625000000.0,1625000000.0,1625000000.0,0.0,20000000.0,0.263,3829000000.0,2342000000.0,4307000000.0,0.625,1.606,12.782,12.77,1557000000.0,0.0,37.8,3.366,3.368,0.0,7357000000.0,6171000000.0,6171000000.0,0.0,0.012,0.127,0.015,0.376,75000000.0,2860000000.0,1.0,549489664.0,549761000.0,553544000.0,11.225,130593000000.0,0.0,697000000.0,0.0,237.545,
52,TFC,MRT,2008-06-30,2008-06-30,2008-06-30,2021-09-09,-339000000.0,136465000000.0,134070250000.0,,,0.046,23.416,-250000000.0,2661000000.0,2661000000.0,0.0,1727000000.0,,9.661,31360000000.0,,,31360000000.0,0.0,289000000.0,88214000000.0,0.081,1.84,2475000000.0,2764000000.0,0.446,2764000000.0,2475000000.0,2475000000.0,3.12,3.1,3.12,12800000000.0,12669000000.0,12800000000.0,41041639542.0,17.0,14.849,1581000000.0,2.892,1.0,6203000000.0,1.0,6422000000.0,0.0,158742000000.0,155718000000.0,0.0,117807000000.0,,,123665000000.0,,,12451639542.0,-72000000.0,-332000000.0,-210000000.0,3231000000.0,-1010000000.0,6086000000.0,-7989000000.0,-7621000000.0,1831000000.0,0.0,1711000000.0,1711000000.0,1711000000.0,0.0,16000000.0,0.276,3712000000.0,2491000000.0,4091000000.0,0.59,0.973,7.277,7.298,1557000000.0,0.0,22.77,2.007,2.007,0.0,7258000000.0,6203000000.0,6203000000.0,0.0,0.013,0.135,0.016,0.399,66000000.0,2794000000.0,1.0,546844073.0,546628000.0,549758000.0,11.348,130043000000.0,0.0,764000000.0,0.0,237.9,
53,TFC,MRT,2008-03-31,2008-03-31,2008-03-31,2021-09-09,-103000000.0,136417000000.0,131848250000.0,,,0.047,23.511,-254000000.0,2564000000.0,2564000000.0,0.0,1754000000.0,,9.623,31154000000.0,,,31154000000.0,0.0,287000000.0,87481000000.0,0.056,1.8,2556000000.0,2843000000.0,0.455,2843000000.0,2556000000.0,2556000000.0,3.18,3.15,3.18,12842000000.0,12500250000.0,12842000000.0,44192646969.0,17.0,15.544,26000000.0,0.048,1.0,6245000000.0,1.0,6106000000.0,0.0,158901000000.0,152680250000.0,0.0,117292000000.0,,,123575000000.0,,,17511646969.0,187000000.0,-193000000.0,-190000000.0,3406000000.0,-985000000.0,8845000000.0,-8938000000.0,-8630000000.0,280000000.0,0.0,1741000000.0,1741000000.0,1741000000.0,0.0,13000000.0,0.279,3676000000.0,2569000000.0,4940000000.0,0.566,1.364,10.058,10.082,1544000000.0,0.0,32.06,2.804,2.804,0.0,7087000000.0,6245000000.0,6245000000.0,0.0,0.013,0.139,0.017,0.409,58000000.0,2746000000.0,1.0,546214815.0,546214000.0,548946000.0,11.433,130311000000.0,0.0,815000000.0,0.0,238.571,
54,TFC,MRT,2007-12-31,2007-12-31,2007-12-31,2021-09-09,-104000000.0,132618000000.0,128167500000.0,,,0.048,23.085,-256000000.0,2646000000.0,2646000000.0,0.0,1746000000.0,,9.499,29327000000.0,,,29327000000.0,0.0,283000000.0,86766000000.0,0.057,1.76,2570000000.0,2853000000.0,0.46,2853000000.0,2570000000.0,2570000000.0,3.17,3.14,3.17,12632000000.0,12202250000.0,12632000000.0,44311847171.0,17.0,15.532,856000000.0,1.564,1.0,6206000000.0,1.0,6155000000.0,0.0,153144000000.0,148038000000.0,0.0,114789000000.0,,,119986000000.0,,,16851847171.0,405000000.0,-141000000.0,-190000000.0,3126000000.0,-962000000.0,6755000000.0,-7462000000.0,-7169000000.0,1112000000.0,0.0,1734000000.0,1734000000.0,1734000000.0,0.0,12000000.0,0.279,3624000000.0,2582000000.0,3893000000.0,0.555,1.334,9.718,9.675,1529000000.0,0.0,30.67,2.715,2.704,0.0,6919000000.0,6206000000.0,6206000000.0,0.0,0.014,0.142,0.017,0.414,70000000.0,2710000000.0,1.0,549457032.0,547184000.0,551755000.0,11.342,126463000000.0,0.0,836000000.0,0.0,231.116,
55,TFC,MRT,2007-09-30,2007-09-30,2007-09-30,2021-09-09,-268000000.0,130781000000.0,125350750000.0,,,0.049,22.524,-231000000.0,2217000000.0,2217000000.0,0.0,1574000000.0,,9.545,29677000000.0,,,29677000000.0,0.0,288000000.0,85185000000.0,0.043,1.72,2550000000.0,2838000000.0,0.46,2838000000.0,2550000000.0,2550000000.0,2.9,2.86,2.9,12402000000.0,11980500000.0,12402000000.0,47478796576.0,19.0,16.73,-168000000.0,-0.305,1.0,6166000000.0,1.0,6156000000.0,0.0,152085000000.0,143993250000.0,0.0,114250000000.0,,,118379000000.0,,,22269796576.0,-279000000.0,-7000000.0,-52000000.0,4252000000.0,-936000000.0,7425000000.0,-7767000000.0,-7607000000.0,63000000.0,0.0,1574000000.0,1574000000.0,1574000000.0,0.0,0.0,0.255,3616000000.0,2550000000.0,3517000000.0,0.593,1.796,14.149,13.928,1504000000.0,0.0,40.39,3.612,3.607,0.0,6759000000.0,6166000000.0,6166000000.0,0.0,0.013,0.131,0.018,0.414,67000000.0,2715000000.0,1.0,551369066.0,550603000.0,555336000.0,11.199,124625000000.0,0.0,976000000.0,0.0,226.343,
56,TFC,MRT,2007-06-30,2007-06-30,2007-06-30,2021-09-09,-452000000.0,127577000000.0,122286474250.0,,,0.05,22.11,-241000000.0,2514000000.0,2514000000.0,0.0,1547000000.0,,9.522,27723000000.0,,,27723000000.0,0.0,294000000.0,84079000000.0,0.041,1.68,2511000000.0,2805000000.0,0.456,2805000000.0,2511000000.0,2511000000.0,2.86,2.83,2.86,12125000000.0,11813481250.0,12125000000.0,46542484400.0,19.0,16.593,-96000000.0,-0.175,1.0,6154000000.0,1.0,6195000000.0,0.0,146591000000.0,139375550500.0,0.0,111332000000.0,,,115452000000.0,,,22071484400.0,-302000000.0,66000000.0,72000000.0,3585000000.0,-908000000.0,6806000000.0,-7253000000.0,-7137000000.0,145000000.0,0.0,1547000000.0,1547000000.0,1547000000.0,0.0,0.0,0.251,3643000000.0,2511000000.0,3650000000.0,0.587,1.82,14.267,14.224,1485000000.0,0.0,40.68,3.587,3.625,0.0,6568000000.0,6154000000.0,6154000000.0,0.0,0.013,0.131,0.018,0.408,63000000.0,2714000000.0,1.0,542563530.0,548385000.0,553935000.0,11.222,121382000000.0,0.0,964000000.0,0.0,221.344,
57,TFC,MRT,2007-03-31,2007-03-31,2007-03-31,2021-09-09,-288000000.0,121694000000.0,119463156750.0,,,0.051,21.5,-247000000.0,2235000000.0,2235000000.0,0.0,1518000000.0,,9.446,26706000000.0,,,26706000000.0,0.0,293000000.0,79839000000.0,0.04,1.64,2477000000.0,2770000000.0,0.457,2770000000.0,2477000000.0,2477000000.0,2.82,2.79,2.82,11650000000.0,11573259500.0,11650000000.0,43611275278.0,18.0,15.744,642000000.0,1.185,1.0,6057000000.0,1.0,5833000000.0,0.0,140332000000.0,135185549500.0,0.0,106495000000.0,,,110044000000.0,,,22232275278.0,-248000000.0,85000000.0,-502000000.0,5298000000.0,-884000000.0,5985000000.0,-7122000000.0,-7020000000.0,889000000.0,0.0,1518000000.0,1518000000.0,1518000000.0,0.0,0.0,0.251,3580000000.0,2477000000.0,3499000000.0,0.582,1.908,14.646,14.546,1431000000.0,0.0,41.02,3.671,3.67,0.0,6364000000.0,6057000000.0,6057000000.0,0.0,0.013,0.131,0.018,0.409,59000000.0,2669000000.0,1.0,541986233.0,541851000.0,547230000.0,11.178,115861000000.0,0.0,959000000.0,0.0,213.824,
58,TFC,MRT,2006-12-31,2006-12-31,2006-12-31,2021-09-09,-359000000.0,121351000000.0,116548079000.0,,,0.051,21.785,-166000000.0,2612000000.0,2612000000.0,0.0,1528000000.0,,9.332,23991000000.0,,,23991000000.0,0.0,292000000.0,80971000000.0,0.036,1.6,2473000000.0,2765000000.0,0.462,2765000000.0,2473000000.0,2473000000.0,2.84,2.81,2.84,11745000000.0,11403252500.0,11745000000.0,44636080113.0,18.0,16.143,601000000.0,1.115,1.0,5989000000.0,1.0,5765000000.0,0.0,136965000000.0,130574234000.0,0.0,105824000000.0,,,109606000000.0,,,23763270113.0,-85000000.0,38000000.0,-845000000.0,3664000000.0,-863000000.0,6435000000.0,-7287000000.0,-7226000000.0,767000000.0,0.0,1528000000.0,1528000000.0,1528000000.0,0.0,0.0,0.255,3516000000.0,2473000000.0,4644000000.0,0.563,2.023,15.552,15.468,1410000000.0,0.0,43.93,3.968,3.955,0.0,6596000000.0,5989000000.0,5989000000.0,0.0,0.013,0.134,0.019,0.413,58000000.0,2646000000.0,1.0,540934899.0,539140000.0,543891000.0,11.108,115586000000.0,0.0,945000000.0,0.0,214.39,
59,TFC,MRT,2006-09-30,2006-09-30,2006-09-30,2021-09-09,-317966000.0,118523897000.0,113502829000.0,,,0.052,21.773,-156537000.0,2521290000.0,2521290000.0,0.0,1706805000.0,,9.101,23394100000.0,,,23394100000.0,0.0,286661000.0,80066203000.0,0.036,1.56,2541604000.0,2828265000.0,0.475,2828265000.0,2541604000.0,2541604000.0,3.16,3.13,3.16,11733925000.0,11249252500.0,11733925000.0,42782381222.0,17.0,15.127,673888000.0,1.25,1.0,5954134000.0,1.0,5782505000.0,0.0,133614202000.0,126602984000.0,0.0,103026973000.0,,,106789972000.0,,,23511652222.0,249390000.0,72461000.0,-1104082000.0,3875754000.0,-844346000.0,6603923000.0,-7184958000.0,-7173725000.0,830425000.0,0.0,1706805000.0,1706805000.0,1706805000.0,0.0,0.0,0.287,3415473000.0,2538661000.0,3329669000.0,0.494,2.004,13.775,13.854,1387080000.0,0.0,43.78,3.949,3.963,0.0,6572716000.0,5954134000.0,5954134000.0,0.0,0.015,0.152,0.02,0.427,50812000.0,2570253000.0,1.0,537040937.0,538911000.0,544286000.0,11.048,112741392000.0,0.0,834799000.0,0.0,209.202,
60,TFC,MRT,2006-06-30,2006-06-30,2006-06-30,2021-09-09,-551794000.0,116283730000.0,110641893000.0,,,0.053,20.794,-131002000.0,2721524000.0,2721524000.0,0.0,1731811000.0,,9.416,21992253000.0,,,21992253000.0,0.0,278617000.0,78512801000.0,0.037,1.52,2580775000.0,2859392000.0,0.488,2859392000.0,2580775000.0,2580775000.0,3.2,3.16,3.2,11164113000.0,11114750750.0,11164113000.0,39378418568.0,15.0,13.772,2046149000.0,3.811,1.0,5864781000.0,1.0,5723463000.0,0.0,129830996000.0,122931220750.0,0.0,100788589000.0,,,105119617000.0,,,22282822568.0,342966000.0,20051000.0,-1093752000.0,2674071000.0,-826255000.0,5779774000.0,-7613959000.0,-7601002000.0,2177151000.0,0.0,1731811000.0,1731811000.0,1731811000.0,0.0,0.0,0.295,3286949000.0,2577832000.0,4614563000.0,0.475,1.996,12.867,12.997,1342229000.0,0.0,41.59,3.799,3.807,0.0,6382706000.0,5864781000.0,5864781000.0,0.0,0.016,0.156,0.021,0.44,44342000.0,2483447000.0,1.0,535773565.0,536882000.0,541608000.0,10.924,110560267000.0,0.0,848964000.0,0.0,205.93,
61,TFC,MRT,2006-03-31,2006-03-31,2006-03-31,2021-09-09,-464731000.0,110033689000.0,108029791500.0,,,0.053,20.317,-95236000.0,2305792000.0,2305792000.0,0.0,1689616000.0,,9.03,19401388000.0,,,19401388000.0,0.0,302898000.0,75564129000.0,0.038,1.49,2511947000.0,2814845000.0,0.488,2814845000.0,2511947000.0,2511947000.0,3.11,3.07,3.11,10969972000.0,11096314250.0,10969972000.0,38072739021.0,15.0,13.526,1587760000.0,2.941,1.0,5767241000.0,1.0,5242547000.0,0.0,121886738000.0,119897029500.0,0.0,96034914000.0,,,99063717000.0,,,20988412021.0,435719000.0,-146544000.0,-619619000.0,-986762000.0,-815304000.0,6314244000.0,-7561521000.0,-7394787000.0,1682996000.0,0.0,1689616000.0,1689616000.0,1689616000.0,0.0,0.0,0.293,3255294000.0,2511947000.0,4098200000.0,0.479,1.913,12.422,12.605,1267647000.0,0.0,39.2,3.639,3.67,0.0,6179559000.0,5767241000.0,5767241000.0,0.0,0.016,0.152,0.021,0.436,36904000.0,2460851000.0,1.0,535418674.0,539952669.0,543435830.0,10.681,104791142000.0,0.0,822331000.0,0.0,194.075,
62,TFC,MRT,2005-12-31,2005-12-31,2005-12-31,2021-09-09,-356000000.0,109170000000.0,106025140750.0,,,0.053,20.349,-167000000.0,2596000000.0,2596000000.0,0.0,1654000000.0,,8.81,19681000000.0,,,19681000000.0,0.0,303000000.0,74282000000.0,0.035,1.46,2467000000.0,2770000000.0,0.492,2770000000.0,2467000000.0,2467000000.0,3.02,3.0,3.02,11129000000.0,11060142250.0,11129000000.0,39315776507.0,16.0,14.193,1541000000.0,2.818,1.0,5634000000.0,1.0,5175000000.0,0.0,121080000000.0,118317962500.0,0.0,94974000000.0,,,98041000000.0,,,22727643507.0,-107000000.0,-124000000.0,-406000000.0,1546000000.0,-801000000.0,6927000000.0,-8742000000.0,-8521000000.0,1708000000.0,0.0,1654000000.0,1654000000.0,1654000000.0,0.0,0.0,0.294,3167000000.0,2467000000.0,4078000000.0,0.483,2.042,13.741,13.877,1287000000.0,0.0,41.91,4.034,4.068,0.0,5951000000.0,5634000000.0,5634000000.0,0.0,0.016,0.15,0.021,0.438,16000000.0,2350000000.0,1.0,542296433.0,546916000.0,551380000.0,10.301,103995000000.0,0.0,813000000.0,0.0,190.148,
63,TFC,MRT,2005-09-30,2005-09-30,2005-09-30,2021-09-09,-286556000.0,107080153000.0,103859801000.0,,,0.053,20.45,-74424000.0,2322081000.0,2322081000.0,0.0,1640704000.0,,8.564,18910214000.0,,,18910214000.0,0.0,302544000.0,73180274000.0,0.037,1.43,2453262000.0,2755806000.0,0.5,2755806000.0,2453262000.0,2453262000.0,2.99,2.96,2.99,11195918000.0,10996510750.0,11195918000.0,38009058310.0,15.0,13.792,1473314000.0,2.691,1.0,5512708000.0,1.0,4741137000.0,0.0,118927149000.0,115846189750.0,0.0,93434920000.0,,,95884235000.0,,,21380467310.0,214871000.0,-197141000.0,-287702000.0,1237861000.0,-786038000.0,7601263000.0,-8934130000.0,-8745663000.0,1547738000.0,0.0,1640704000.0,1640704000.0,1640704000.0,0.0,0.0,0.298,3056503000.0,2456205000.0,3793747000.0,0.478,1.91,13.031,13.06,1269224000.0,0.0,39.05,3.878,3.878,0.0,5731162000.0,5512708000.0,5512708000.0,0.0,0.016,0.149,0.021,0.445,17356000.0,2249460000.0,1.0,547515168.0,547467864.0,552058757.0,10.069,102339016000.0,0.0,812558000.0,0.0,186.932,
64,TFC,MRT,2005-06-30,2005-06-30,2005-06-30,2021-09-09,-128611000.0,105835324000.0,101559862000.0,,,0.053,20.272,-97397000.0,2464854000.0,2464854000.0,0.0,1611583000.0,,8.543,19093445000.0,,,19093445000.0,0.0,298780000.0,71830359000.0,0.035,1.4,2414003000.0,2712783000.0,0.503,2712783000.0,2414003000.0,2414003000.0,2.93,2.9,2.93,11090367000.0,10896251500.0,11090367000.0,40063877917.0,17.0,14.769,1853219000.0,3.387,1.0,5397381000.0,1.0,4769684000.0,0.0,117694231000.0,113309858500.0,0.0,92093947000.0,,,94744957000.0,,,21837693917.0,276014000.0,-193740000.0,-440968000.0,2156777000.0,-772618000.0,6125527000.0,-7800129000.0,-7599723000.0,1950616000.0,0.0,1611583000.0,1611583000.0,1611583000.0,0.0,0.0,0.299,2980435000.0,2416946000.0,3821153000.0,0.478,1.969,13.55,13.642,1263467000.0,0.0,39.97,4.046,4.051,0.0,5494527000.0,5397381000.0,5397381000.0,0.0,0.016,0.148,0.021,0.447,16060000.0,2196960000.0,1.0,546352112.0,547089165.0,551245112.0,9.866,101065640000.0,0.0,802420000.0,0.0,184.733,
65,TFC,MRT,2005-03-31,2005-03-31,2005-03-31,2021-09-09,-290611000.0,102015086000.0,99438102250.0,,,0.054,19.708,-167935000.0,2052903000.0,2052903000.0,0.0,1624884000.0,,8.424,20279087000.0,,,20279087000.0,0.0,274445000.0,66836339000.0,0.035,1.37,2431538000.0,2705983000.0,0.508,2705983000.0,2431538000.0,2431538000.0,2.94,2.92,2.94,10825284000.0,10754838000.0,10825284000.0,36755698515.0,15.0,13.583,3028235000.0,5.513,1.0,5323867000.0,1.0,4670800000.0,0.0,115570470000.0,110676423750.0,0.0,88902721000.0,,,91189802000.0,,,21433650515.0,-111957000.0,-144538000.0,-370599000.0,3712809000.0,-758179000.0,2765504000.0,-6073631000.0,-5872062000.0,3196170000.0,0.0,1624884000.0,1624884000.0,1624884000.0,0.0,0.0,0.305,2892329000.0,2431538000.0,4074376000.0,0.466,1.98,13.191,13.293,1274167000.0,0.0,39.08,4.026,4.032,0.0,5315138000.0,5323867000.0,5323867000.0,0.0,0.016,0.151,0.022,0.457,17213000.0,2121319000.0,1.0,548455745.0,549282008.0,553654679.0,9.692,97344286000.0,0.0,806654000.0,0.0,177.221,
66,TFC,MRT,2004-12-31,2004-12-31,2004-12-31,2021-09-09,-111201000.0,100508641000.0,97504706500.0,,,0.054,19.712,-193000000.0,2785448000.0,2785448000.0,0.0,1558000000.0,,8.243,18107496000.0,,,18107496000.0,0.0,270000000.0,67699337000.0,0.032,1.34,2322000000.0,2592000000.0,0.497,2592000000.0,2322000000.0,2322000000.0,2.82,2.8,2.82,10874474000.0,10655224000.0,10874474000.0,38750656538.0,17.0,14.95,2696000000.0,4.887,1.0,5218000000.0,1.0,4637780000.0,0.0,111192909000.0,107820526750.0,0.0,86770633000.0,,,89634167000.0,,,23227057538.0,142000000.0,-58000000.0,-362000000.0,-291000000.0,-739000000.0,4428000000.0,-7175000000.0,-7037000000.0,2889000000.0,0.0,1558000000.0,1558000000.0,1558000000.0,0.0,0.0,0.299,2896000000.0,2322000000.0,3827334000.0,0.475,2.136,14.908,14.911,1283546000.0,0.0,42.05,4.451,4.446,0.0,5112034000.0,5218000000.0,5218000000.0,0.0,0.016,0.146,0.022,0.445,16000000.0,2124000000.0,1.0,552367599.0,551661326.0,556041033.0,9.459,95870861000.0,0.0,764000000.0,0.0,173.786,
67,TFC,MRT,2004-09-30,2004-09-30,2004-09-30,2021-09-09,-68849000.0,97880397000.0,94994199500.0,,,0.054,19.487,-321135000.0,2086609000.0,2086609000.0,0.0,1446518000.0,,8.067,17610208000.0,,,17610208000.0,0.0,263165000.0,65753596000.0,0.033,1.31,2262462000.0,2525627000.0,0.493,2525627000.0,2262462000.0,2262462000.0,2.63,2.62,2.63,10794881000.0,10420288250.0,10794881000.0,36480758345.0,16.0,14.444,4467562000.0,8.065,1.0,5120241000.0,1.0,4622172000.0,0.0,108781824000.0,105547705750.0,0.0,85159855000.0,,,87085516000.0,,,22005464345.0,-374359000.0,4543000.0,-519435000.0,1232357000.0,-720543000.0,1928911000.0,-7091967000.0,-6889463000.0,4788697000.0,0.0,1446518000.0,1446518000.0,1446518000.0,0.0,0.0,0.283,2857779000.0,2262462000.0,3721712000.0,0.498,2.039,15.213,15.091,1280612000.0,0.0,39.69,4.298,4.294,0.0,4888070000.0,5120241000.0,5120241000.0,0.0,0.015,0.139,0.021,0.442,13898000.0,2045961000.0,1.0,554433468.0,553944042.0,558576819.0,9.243,93258225000.0,0.0,815944000.0,0.0,168.353,
68,TFC,MRT,2004-06-30,2004-06-30,2004-06-30,2021-09-09,-242429000.0,97348285000.0,93112883000.0,,,0.054,18.996,-354970000.0,2281478000.0,2281478000.0,0.0,1149524000.0,,8.249,16756772000.0,,,16756772000.0,0.0,255062000.0,66662890000.0,0.035,1.28,1778145000.0,2033207000.0,0.403,2033207000.0,1778145000.0,1778145000.0,2.09,2.09,2.09,10524713000.0,10275276000.0,10524713000.0,34762562161.0,20.0,17.097,4366599000.0,7.881,1.0,5042482000.0,1.0,4663087000.0,0.0,107160492000.0,103359293000.0,0.0,84263581000.0,,,86823572000.0,,,20506700161.0,-138978000.0,919553000.0,-805397000.0,-1528454000.0,-705474000.0,-685265000.0,-4175282000.0,-4841074000.0,4721569000.0,0.0,1149524000.0,1149524000.0,1149524000.0,0.0,0.0,0.228,2879439000.0,2163043000.0,3403910000.0,0.612,1.948,17.839,17.689,1270680000.0,0.0,36.97,4.067,4.062,0.0,4668657000.0,5042482000.0,5042482000.0,0.0,0.012,0.112,0.017,0.353,13876000.0,2045656000.0,1.0,554684884.0,554041770.0,557485680.0,9.101,92685198000.0,0.0,628621000.0,0.0,167.289,
69,TFC,MRT,2004-03-31,2004-03-31,2004-03-31,2021-09-09,151406000.0,94281503000.0,88887013250.0,,,0.054,19.077,-358782000.0,2118092000.0,2118092000.0,0.0,1065655000.0,,8.042,16373954000.0,,,16373954000.0,0.0,228583000.0,64124892000.0,0.035,1.25,1631534000.0,1860117000.0,0.387,1860117000.0,1631534000.0,1631534000.0,2.04,2.04,2.04,10426828000.0,9569953750.0,10426828000.0,34784069441.0,21.0,18.7,2457024000.0,4.495,1.0,4806552000.0,1.0,4390483000.0,0.0,104146882000.0,100018844250.0,0.0,81790221000.0,,,83854675000.0,,,19130587441.0,11437000.0,983284000.0,-791220000.0,-2081339000.0,-666089000.0,-64207000.0,-2740162000.0,-3464472000.0,2815806000.0,0.0,1065655000.0,1065655000.0,1065655000.0,0.0,0.0,0.222,2790120000.0,2016432000.0,3355829000.0,0.613,1.835,17.952,17.304,1227251000.0,0.0,35.3,3.98,4.014,0.0,4462600000.0,4806552000.0,4806552000.0,0.0,0.012,0.111,0.016,0.339,14434000.0,1970581000.0,1.0,541942987.0,546576484.0,550547045.0,8.794,89891020000.0,0.0,565879000.0,0.0,164.462,
70,TFC,MRT,2003-12-31,2003-12-31,2003-12-31,2021-09-09,21879000.0,90466613000.0,85228610000.0,,,0.055,19.486,-398442000.0,2489118000.0,2489118000.0,0.0,1064903000.0,,8.106,18142600000.0,,,18142600000.0,0.0,207597000.0,59349785000.0,0.032,1.22,1617030000.0,1824627000.0,0.391,1824627000.0,1617030000.0,1617030000.0,2.09,2.07,2.09,9934731000.0,8853516250.0,9934731000.0,34858716075.0,22.0,19.105,3420334000.0,6.709,1.0,4661759000.0,1.0,4018470000.0,0.0,102101625000.0,97382377250.0,0.0,78170193000.0,,,80531882000.0,,,21120890075.0,449747000.0,914646000.0,-748729000.0,-1595686000.0,-628118000.0,-4614982000.0,1245953000.0,638177000.0,3818776000.0,0.0,1064903000.0,1064903000.0,1064903000.0,0.0,0.0,0.228,2659831000.0,2001928000.0,3039497000.0,0.584,2.126,19.834,18.488,1201342000.0,0.0,38.64,4.531,4.226,0.0,4309635000.0,4661759000.0,4661759000.0,0.0,0.012,0.12,0.017,0.347,12998000.0,1887225000.0,1.0,546606886.0,509850763.0,514082392.0,9.143,86448143000.0,0.0,552127000.0,0.0,169.556,
71,TFC,MRT,2003-09-30,2003-09-30,2003-09-30,2021-09-09,137412000.0,90355131000.0,82666160750.0,,,0.054,18.538,-569065000.0,2395079000.0,2395079000.0,0.0,1097131000.0,,7.845,16132905000.0,,,16132905000.0,0.0,173258000.0,61295298000.0,0.033,1.19,1519128000.0,1692386000.0,0.379,1692386000.0,1519128000.0,1519128000.0,2.29,2.27,2.29,10214832000.0,8216812000.0,10214832000.0,34747988722.0,23.0,20.532,754800000.0,1.37,1.0,4459520000.0,1.0,4064784000.0,0.0,100028173000.0,95669881250.0,0.0,77503087000.0,,,80140299000.0,,,19679159722.0,281969000.0,982771000.0,-856348000.0,-2787879000.0,-592601000.0,-2479003000.0,1437107000.0,807138000.0,1323865000.0,0.0,1097131000.0,1097131000.0,1097131000.0,0.0,0.0,0.246,2555494000.0,1904026000.0,2712096000.0,0.52,1.927,17.937,15.681,1221089000.0,0.0,35.91,4.413,4.437,0.0,4180674000.0,4459520000.0,4459520000.0,0.0,0.013,0.134,0.016,0.341,10522000.0,1863979000.0,1.0,548013359.0,551018984.0,555543993.0,8.093,86290347000.0,0.0,421997000.0,0.0,156.601,
72,TFC,MRT,2003-06-30,2003-06-30,2003-06-30,2021-09-09,287049000.0,80444806000.0,79624085750.0,,,0.053,16.331,-516264000.0,2390322000.0,2390322000.0,0.0,1309397000.0,,9.443,17459151000.0,,,17459151000.0,0.0,161561000.0,52355766000.0,0.034,1.16,1836811000.0,1998372000.0,0.472,1998372000.0,1836811000.0,1836811000.0,2.77,2.74,2.77,7703424000.0,7546808250.0,7703424000.0,31855959291.0,17.0,15.941,-1081314000.0,-2.292,1.0,4237410000.0,1.0,1714938000.0,0.0,93798697000.0,93813806750.0,0.0,70697548000.0,,,72741382000.0,,,16165218291.0,590926000.0,219919000.0,-564454000.0,1099791000.0,-551277000.0,77148000.0,1078828000.0,1205715000.0,-565050000.0,0.0,1309397000.0,1309397000.0,1309397000.0,0.0,0.0,0.309,2400599000.0,1836811000.0,2926465000.0,0.419,2.098,12.346,12.383,1068808000.0,0.0,34.3,3.815,3.818,0.0,4240597000.0,4237410000.0,4237410000.0,0.0,0.016,0.174,0.02,0.433,12164000.0,1763217000.0,1.0,471289163.0,471713450.0,475293564.0,8.983,78729868000.0,0.0,527414000.0,0.0,166.902,
73,TFC,MRT,2003-03-31,2003-03-31,2003-03-31,2021-09-09,308804000.0,79647890000.0,78596244500.0,,,0.053,16.069,-389348000.0,2104196000.0,2104196000.0,0.0,1321112000.0,,9.534,17794937000.0,,,17794937000.0,0.0,159843000.0,51241029000.0,0.036,1.13,1843526000.0,2003369000.0,0.483,2003369000.0,1843526000.0,1843526000.0,2.79,2.75,2.79,7561078000.0,7403041250.0,7561078000.0,31708971728.0,17.0,15.828,720011000.0,1.53,1.0,4150789000.0,1.0,1737617000.0,0.0,93601014000.0,92621206250.0,0.0,70275123000.0,,,72086812000.0,,,14801943728.0,562606000.0,223606000.0,-820147000.0,-146629000.0,-539128000.0,-89603000.0,-457150000.0,-357082000.0,1109359000.0,0.0,1321112000.0,1321112000.0,1321112000.0,0.0,0.0,0.318,2307263000.0,1843526000.0,3050846000.0,0.405,1.958,11.204,11.265,1071721000.0,0.0,31.43,3.566,3.563,0.0,4103670000.0,4150789000.0,4150789000.0,0.0,0.017,0.178,0.02,0.444,16957000.0,1714973000.0,1.0,470949530.0,470529359.0,474348203.0,8.822,77910273000.0,0.0,522414000.0,0.0,165.58,
74,TFC,MRT,2002-12-31,2002-12-31,2002-12-31,2021-09-09,330709000.0,80216816000.0,77421702000.0,,,0.052,15.609,-354138000.0,2077772000.0,2077772000.0,0.0,1303009000.0,,9.858,18984800000.0,,,18984800000.0,0.0,155065000.0,51280016000.0,0.03,1.1,1800477000.0,1955542000.0,0.486,1955542000.0,1800477000.0,1800477000.0,2.75,2.72,2.75,7387914000.0,7276626250.0,7387914000.0,33829605652.0,19.0,17.299,462320000.0,0.977,1.0,4025007000.0,1.0,1872203000.0,0.0,95251641000.0,91554643750.0,0.0,70892264000.0,,,72828902000.0,,,17713998652.0,139994000.0,827682000.0,-740589000.0,-425832000.0,-521878000.0,602034000.0,-1278498000.0,-1811286000.0,816458000.0,0.0,1303009000.0,1303009000.0,1303009000.0,0.0,0.0,0.324,2234310000.0,1790697000.0,2564086000.0,0.4,2.398,13.595,13.451,1072101000.0,0.0,36.99,4.401,4.35,0.0,3912320000.0,4025007000.0,4025007000.0,0.0,0.017,0.179,0.02,0.447,16446000.0,1661267000.0,1.0,478886149.0,473303770.0,478792558.0,8.504,78344613000.0,0.0,497468000.0,0.0,165.527,
75,TFC,MRT,2002-09-30,2002-09-30,2002-09-30,2021-09-09,313424000.0,78186831000.0,75084984250.0,,,0.052,15.793,-216376000.0,2067211000.0,2067211000.0,0.0,1243697000.0,,9.377,18182818000.0,,,18182818000.0,0.0,176481000.0,49811471000.0,0.031,1.07,1727776000.0,1904257000.0,0.49,1904257000.0,1727776000.0,1727776000.0,2.66,2.63,2.66,7534817000.0,6967200000.0,7534817000.0,30839628192.0,18.0,16.195,1116930000.0,2.341,1.0,3882877000.0,1.0,1698563000.0,0.0,92603875000.0,89335241500.0,0.0,69298005000.0,,,70652014000.0,,,16687517192.0,449645000.0,906424000.0,-396338000.0,-190742000.0,-500803000.0,-1176623000.0,292962000.0,-311899000.0,1333306000.0,0.0,1243697000.0,1243697000.0,1243697000.0,0.0,0.0,0.32,2164881000.0,1717996000.0,2657725000.0,0.402,2.215,13.418,13.173,1057360000.0,0.0,35.04,4.298,4.306,0.0,3711088000.0,3882877000.0,3882877000.0,0.0,0.017,0.179,0.019,0.445,19771000.0,1673219000.0,1.0,476241929.0,477112074.0,482325535.0,8.138,76488268000.0,0.0,484079000.0,0.0,160.315,
76,TFC,MRT,2002-06-30,2002-06-30,2002-06-30,2021-09-09,275172000.0,76333441000.0,73115538000.0,,,0.051,14.909,-264693000.0,1757815000.0,1757815000.0,0.0,1137506000.0,,9.708,15909926000.0,,,15909926000.0,0.0,175674000.0,50909189000.0,0.027,1.04,1580760000.0,1756434000.0,0.47,1756434000.0,1580760000.0,1580760000.0,2.46,2.43,2.46,7128356000.0,6575952750.0,7128356000.0,34451568550.0,22.0,19.614,1357825000.0,2.84,1.0,3740599000.0,1.0,1457257000.0,0.0,89028295000.0,87664234500.0,0.0,68327770000.0,,,69205085000.0,,,18498581550.0,-109733000.0,752275000.0,-444900000.0,-1474495000.0,-473208000.0,-26119000.0,-1706132000.0,-2152485000.0,1622518000.0,0.0,1137506000.0,1137506000.0,1137506000.0,0.0,0.0,0.304,2169619000.0,1570980000.0,2385970000.0,0.423,2.595,16.262,15.691,1033590000.0,0.0,38.6,4.945,4.934,0.0,3522727000.0,3740599000.0,3740599000.0,0.0,0.016,0.173,0.018,0.423,15762000.0,1607644000.0,1.0,479237864.0,478121878.0,484009961.0,7.824,74876184000.0,0.0,443254000.0,0.0,156.605,
77,TFC,MRT,2002-03-31,2002-03-31,2002-03-31,2021-09-09,171169000.0,74949720000.0,70215620000.0,,,0.052,15.242,-391931000.0,1534471000.0,1534471000.0,0.0,1046783000.0,,9.623,17487458000.0,,,17487458000.0,0.0,182694000.0,48471239000.0,0.027,1.01,1450443000.0,1633137000.0,0.452,1633137000.0,1450443000.0,1450443000.0,2.3,2.27,2.3,7055418000.0,6154311750.0,7055418000.0,33864454694.0,23.0,20.736,907072000.0,1.96,1.0,3616540000.0,1.0,1567943000.0,0.0,89334764000.0,85303876500.0,0.0,67423756000.0,,,67894302000.0,,,17480464694.0,-372809000.0,751250000.0,-230955000.0,-138775000.0,-448224000.0,-216841000.0,-1454971000.0,-1867529000.0,1299003000.0,0.0,1046783000.0,1046783000.0,1046783000.0,0.0,0.0,0.289,2175877000.0,1440663000.0,1935605000.0,0.439,2.478,16.699,16.57,1048825000.0,0.0,38.11,4.833,4.878,0.0,3334186000.0,3616540000.0,3616540000.0,0.0,0.015,0.17,0.017,0.401,20444000.0,1542786000.0,1.0,458684458.0,462902144.0,468604312.0,7.813,73381777000.0,0.0,403660000.0,0.0,158.525,
78,TFC,MRT,2001-12-31,2001-12-31,2001-12-31,2021-09-09,307399000.0,70869945000.0,67008266000.0,,,0.053,13.571,-408503000.0,1986186000.0,1986186000.0,0.0,973638000.0,,10.523,18370176000.0,,,18370176000.0,0.0,194883000.0,44733275000.0,0.027,0.98,1360428000.0,1555311000.0,0.439,1555311000.0,1360428000.0,1360428000.0,2.15,2.12,2.15,6150209000.0,5652177500.0,6150209000.0,31970743435.0,24.0,20.556,-314580000.0,-0.694,1.0,3543668000.0,1.0,879903000.0,0.0,86374032000.0,82297746250.0,0.0,63804650000.0,,,64719736000.0,,,16359942435.0,125599000.0,140730000.0,-448946000.0,2357321000.0,-433570000.0,1083467000.0,-1051791000.0,-839707000.0,93923000.0,0.0,973638000.0,973638000.0,973638000.0,0.0,0.0,0.275,2183240000.0,1360428000.0,1616285000.0,0.456,2.66,16.803,16.795,989611000.0,0.0,36.11,4.617,4.618,0.0,3148501000.0,3543668000.0,3543668000.0,0.0,0.015,0.172,0.017,0.384,24014000.0,1489499000.0,1.0,453058500.0,453188403.0,459269330.0,7.819,69990042000.0,0.0,386790000.0,0.0,154.439,
79,TFC,MRT,2001-09-30,2001-09-30,2001-09-30,2021-09-09,386112000.0,70309046000.0,65928985500.0,,,0.052,13.139,-380607000.0,1720970000.0,1720970000.0,0.0,927417000.0,,10.777,17331771000.0,,,17331771000.0,0.0,138390000.0,45214229000.0,0.026,0.95,1302618000.0,1441008000.0,0.416,1441008000.0,1302618000.0,1302618000.0,2.06,2.02,2.06,5969828000.0,5469577500.0,5969828000.0,30312856923.0,23.0,21.036,-578751000.0,-1.274,1.0,3461029000.0,1.0,0.0,0.0,85919847000.0,80887195500.0,0.0,63614022000.0,,,64339218000.0,,,15459762923.0,2331000.0,239620000.0,-480298000.0,1459453000.0,-417764000.0,2170249000.0,-1969774000.0,-1902225000.0,-198144000.0,0.0,927417000.0,927417000.0,927417000.0,0.0,0.0,0.268,2158411000.0,1302618000.0,1793218000.0,0.461,2.59,16.67,17.694,971337000.0,0.0,36.45,4.467,4.785,0.0,2989604000.0,3461029000.0,3461029000.0,0.0,0.014,0.17,0.016,0.376,26388000.0,1396059000.0,1.0,424136157.0,454346907.0,460387879.0,7.618,70309046000.0,0.0,375201000.0,0.0,154.747,
80,TFC,MRT,2001-06-30,2001-06-30,2001-06-30,2021-09-09,244985000.0,64733769000.0,62519519250.0,,,0.051,12.047,-357390000.0,1565151000.0,1565151000.0,0.0,777925000.0,,10.896,16418245000.0,,,16418245000.0,0.0,134884000.0,41384758000.0,0.025,0.92,1095427000.0,1230311000.0,0.384,1230311000.0,1095427000.0,1095427000.0,1.73,1.7,1.73,5441792000.0,5061371250.0,5441792000.0,30136079363.0,28.0,24.495,-103882000.0,-0.23,1.0,3208011000.0,1.0,0.0,0.0,79586863000.0,77006367250.0,0.0,58807968000.0,,,59291977000.0,,,14946140363.0,-57297000.0,239620000.0,-403031000.0,2263819000.0,-421227000.0,2743076000.0,-3053881000.0,-3005936000.0,253508000.0,0.0,777925000.0,777925000.0,777925000.0,0.0,0.0,0.242,2112584000.0,1095427000.0,1488974000.0,0.532,2.747,19.213,21.214,875846000.0,0.0,36.7,4.659,5.168,0.0,2655397000.0,3208011000.0,3208011000.0,0.0,0.012,0.154,0.014,0.341,27751000.0,1384678000.0,1.0,407251781.0,451712342.0,457879467.0,7.102,64733769000.0,0.0,317502000.0,0.0,143.308,
81,TFC,MRT,2001-03-31,2001-03-31,2001-03-31,2021-09-09,225122000.0,62120304000.0,58535106500.0,,,0.052,11.15,-301277000.0,1459503000.0,1459503000.0,0.0,714792000.0,,11.309,16649442000.0,,,16649442000.0,0.0,143576000.0,39045800000.0,0.025,0.89,1024766000.0,1168342000.0,0.384,1168342000.0,1024766000.0,1024766000.0,1.61,1.59,1.61,5046881000.0,4622061250.0,5046881000.0,28206645728.0,28.0,24.142,-228945000.0,-0.506,1.0,3039084000.0,1.0,0.0,0.0,77310243000.0,72100790250.0,0.0,56651654000.0,,,57073423000.0,,,14405095728.0,67973000.0,239620000.0,-371466000.0,1983753000.0,-398367000.0,3396622000.0,-3400981000.0,-3402348000.0,72332000.0,0.0,714792000.0,714792000.0,714792000.0,0.0,0.0,0.235,2014318000.0,1024766000.0,1378181000.0,0.553,2.854,20.153,21.845,827067000.0,0.0,35.17,4.74,5.238,0.0,2429660000.0,3039084000.0,3039084000.0,0.0,0.012,0.155,0.014,0.337,15994000.0,1336865000.0,1.0,409584752.0,452634896.0,459429071.0,6.714,62120304000.0,0.0,309974000.0,0.0,137.242,
82,TFC,MRT,2000-12-31,2000-12-31,2000-12-31,2021-09-09,104297000.0,66552823000.0,54662323250.0,,,0.055,12.023,-228877000.0,1776990000.0,1776990000.0,0.0,698488000.0,,11.28,15955996000.0,,,15955996000.0,0.0,116247000.0,43877319000.0,0.023,0.86,1013006000.0,1129253000.0,0.375,1129253000.0,1013006000.0,1013006000.0,1.55,1.53,1.55,5419809000.0,4230741500.0,5419809000.0,28521604642.0,28.0,25.257,70942000.0,0.157,1.0,3014097000.0,1.0,0.0,0.0,80731829000.0,67408474750.0,0.0,60528549000.0,,,61133014000.0,,,14796251642.0,-266140000.0,239620000.0,-172721000.0,1286864000.0,-374596000.0,4150718000.0,-4716677000.0,-4785909000.0,299819000.0,0.0,698488000.0,698488000.0,698488000.0,0.0,0.0,0.232,2001091000.0,1013006000.0,1299699000.0,0.555,2.73,21.183,24.071,928956000.0,0.0,37.31,4.909,5.58,0.0,2632642000.0,3014097000.0,3014097000.0,0.0,0.013,0.165,0.015,0.336,10775000.0,1348321000.0,1.0,396576029.0,450789079.0,456213609.0,6.686,66552823000.0,0.0,314518000.0,0.0,147.636,
83,TFC,MRT,2000-09-30,2000-09-30,2000-09-30,2021-09-09,-127661000.0,56671181000.0,51274057250.0,,,0.061,9.604,-212167000.0,1310560000.0,1310560000.0,0.0,676347000.0,,12.067,15035913000.0,,,15035913000.0,0.0,159357000.0,36035076000.0,0.028,0.83,997524000.0,1156881000.0,0.373,1156881000.0,997524000.0,997524000.0,1.42,1.4,1.42,4337003000.0,3891694000.0,4337003000.0,23213228919.0,23.0,20.065,437521000.0,0.969,1.0,3105383000.0,1.0,0.0,0.0,70396534000.0,63599783000.0,0.0,51556272000.0,,,52334178000.0,,,12044791919.0,-494548000.0,0.0,-98723000.0,1317919000.0,-387510000.0,3651944000.0,-4796180000.0,-4630959000.0,649688000.0,0.0,676347000.0,676347000.0,676347000.0,0.0,0.0,0.218,2107859000.0,997524000.0,1263189000.0,0.585,2.777,17.809,21.211,723609000.0,0.0,30.12,3.879,4.38,0.0,2146924000.0,3105383000.0,3105383000.0,0.0,0.013,0.174,0.016,0.321,5702000.0,1489748000.0,1.0,399893490.0,451578894.0,,6.877,56671181000.0,0.0,321177000.0,0.0,125.496,
84,TFC,MRT,2000-06-30,2000-06-30,2000-06-30,2021-09-09,-293350000.0,48796118000.0,47518661000.0,,,0.066,8.748,-140888000.0,1266809000.0,1266809000.0,0.0,777652000.0,,12.243,12435246000.0,,,12435246000.0,0.0,151351000.0,31825177000.0,0.034,0.8,1154075000.0,1305426000.0,0.413,1305426000.0,1154075000.0,1154075000.0,1.7,1.67,1.7,3684552000.0,3580922000.0,3684552000.0,20235356318.0,18.0,15.501,1327759000.0,3.152,1.0,3159433000.0,1.0,0.0,0.0,59964555000.0,59209227000.0,0.0,44488775000.0,,,45111566000.0,,,8323546318.0,-474207000.0,0.0,-85079000.0,528207000.0,-362536000.0,2705888000.0,-4648742000.0,-4548413000.0,1468647000.0,0.0,777652000.0,777652000.0,777652000.0,0.0,0.0,0.246,2005358000.0,1154075000.0,851143000.0,0.471,2.259,10.703,14.047,620877000.0,0.0,23.88,2.635,3.183,0.0,1937846000.0,3159433000.0,3159433000.0,0.0,0.016,0.217,0.019,0.365,6162000.0,1421821000.0,1.0,348557216.0,421190364.0,,7.501,48796118000.0,0.0,376423000.0,0.0,115.853,
85,TFC,MRT,2000-03-31,2000-03-31,2000-03-31,2021-09-09,-296390000.0,46629171000.0,45115847500.0,,,0.067,8.534,-159064000.0,1096036000.0,1096036000.0,0.0,771457000.0,,12.393,13007846000.0,,,13007846000.0,0.0,118151000.0,29460681000.0,0.028,0.775,1143688000.0,1261839000.0,0.415,1261839000.0,1143688000.0,1143688000.0,1.77,1.73,1.77,3481602000.0,3367793750.0,3481602000.0,20457252801.0,18.0,16.212,1250705000.0,3.066,1.0,3041157000.0,1.0,0.0,0.0,58540981000.0,56647223750.0,0.0,42567583000.0,,,43147569000.0,,,9300262801.0,-217981000.0,0.0,-187811000.0,2809014000.0,-346076000.0,3220724000.0,-4848474000.0,-4726600000.0,1409769000.0,0.0,771457000.0,771457000.0,771457000.0,0.0,0.0,0.254,1897469000.0,1143688000.0,679042000.0,0.438,2.671,12.055,15.853,579745000.0,0.0,28.06,3.058,3.764,0.0,1783543000.0,3041157000.0,3041157000.0,0.0,0.017,0.229,0.02,0.376,5179000.0,1354163000.0,1.0,331442010.0,407978573.0,,7.454,46629171000.0,0.0,372231000.0,0.0,114.293,
86,TFC,MRT,1999-12-31,1999-12-31,1999-12-31,2021-09-09,-309406000.0,52999759000.0,42906427250.0,,,0.071,12.757,-197137000.0,1547998000.0,1547998000.0,0.0,778725000.0,,12.043,14045301000.0,,,14045301000.0,0.0,115436000.0,34147643000.0,0.028,0.75,1155910000.0,1271346000.0,0.42,1271346000.0,1155910000.0,1155910000.0,1.74,1.71,1.74,4063619000.0,3234482500.0,4063619000.0,19836230796.0,17.0,15.603,1786398000.0,5.608,1.0,3025578000.0,1.0,0.0,0.0,65497062000.0,53706291500.0,0.0,48466750000.0,,,48936140000.0,,,8651516796.0,30247000.0,0.0,-349193000.0,3640198000.0,-324280000.0,3309908000.0,-5263196000.0,-5119310000.0,1983535000.0,0.0,778725000.0,778725000.0,778725000.0,0.0,0.0,0.257,1869668000.0,1155910000.0,743196000.0,0.431,2.129,11.11,15.609,713089000.0,0.0,27.16,2.859,2.859,0.0,2011627000.0,3025578000.0,3025578000.0,0.0,0.018,0.241,0.022,0.382,3906000.0,1327098000.0,1.0,318538910.0,318538910.0,,9.498,52999759000.0,0.0,377185000.0,0.0,166.384,
87,TFC,MRT,1999-09-30,1999-09-30,1999-09-30,2021-09-09,-135978000.0,41649596000.0,39524021250.0,,,0.072,7.834,-187715000.0,1031196000.0,1031196000.0,0.0,755035000.0,,12.462,12215910000.0,,,12215910000.0,0.0,113778000.0,25704746000.0,0.023,0.725,1115275000.0,1229053000.0,0.434,1229053000.0,1115275000.0,1115275000.0,1.78,1.75,1.78,3093915000.0,3011364000.0,3093915000.0,20624522905.0,18.0,16.781,1368802000.0,3.466,1.0,2828764000.0,1.0,0.0,0.0,52834310000.0,49244174000.0,0.0,38292332000.0,,,38555681000.0,,,10092844905.0,369465000.0,0.0,-342104000.0,3294100000.0,-309650000.0,3823162000.0,-5010214000.0,-4815522000.0,1556517000.0,0.0,755035000.0,755035000.0,755035000.0,0.0,0.0,0.267,1713489000.0,1115275000.0,635025000.0,0.407,3.262,13.367,17.933,523231000.0,0.0,31.92,3.568,4.457,0.0,1467166000.0,2828764000.0,2828764000.0,0.0,0.019,0.251,0.023,0.394,3676000.0,1230040000.0,1.0,316191883.0,394941799.0,,7.162,41649596000.0,0.0,360240000.0,0.0,105.458,
88,TFC,MRT,1999-06-30,1999-06-30,1999-06-30,2021-09-09,-112725000.0,39184864000.0,37580569250.0,,,0.069,8.058,-260005000.0,974513000.0,974513000.0,0.0,716665000.0,,12.836,11506191000.0,,,11506191000.0,0.0,100265000.0,24270000000.0,0.019,0.7,1056835000.0,1157100000.0,0.444,1157100000.0,1056835000.0,1056835000.0,1.78,1.75,1.78,2832039000.0,2922503250.0,2832039000.0,20270261238.0,19.0,17.518,1154748000.0,3.286,1.0,2606317000.0,1.0,0.0,0.0,49716542000.0,46429079500.0,0.0,36008730000.0,,,36352825000.0,,,11284499238.0,470264000.0,0.0,-382892000.0,3236882000.0,-274807000.0,3746873000.0,-4691362000.0,-4435649000.0,1414753000.0,0.0,716665000.0,716665000.0,716665000.0,0.0,0.0,0.275,1549482000.0,1056835000.0,576634000.0,0.393,3.985,15.746,20.612,489290000.0,0.0,36.69,4.33,4.947,0.0,1323059000.0,2606317000.0,2606317000.0,0.0,0.019,0.245,0.023,0.405,2008000.0,1128849000.0,1.0,307563348.0,351436110.0,,7.416,39184864000.0,0.0,340170000.0,0.0,111.499,
89,TFC,MRT,1999-03-31,1999-03-31,1999-03-31,2021-09-09,29737000.0,37791490000.0,35670234500.0,,,0.068,8.586,-235107000.0,870843000.0,870843000.0,0.0,676803000.0,,11.818,9856605000.0,,,9856605000.0,0.0,91375000.0,24414135000.0,0.019,0.68,996571000.0,1087946000.0,0.447,1087946000.0,996571000.0,996571000.0,1.72,1.69,1.72,2948357000.0,2819728000.0,2948357000.0,17656601079.0,18.0,16.229,866257000.0,2.523,1.0,2436274000.0,1.0,0.0,0.0,46777252000.0,43562628250.0,0.0,34901610000.0,,,34843133000.0,,,10494155079.0,21396000.0,0.0,-403190000.0,1186570000.0,-258864000.0,2129135000.0,-3209103000.0,-2985279000.0,1101364000.0,0.0,676803000.0,676803000.0,676803000.0,0.0,0.0,0.278,1439703000.0,996571000.0,572393000.0,0.395,3.559,15.505,21.041,485961000.0,0.0,36.19,4.307,5.101,0.0,1233878000.0,2436274000.0,2436274000.0,0.0,0.019,0.24,0.023,0.409,1102000.0,1053241000.0,1.0,289973890.0,343404805.0,,7.094,37791490000.0,0.0,319768000.0,0.0,110.049,
90,TFC,MRT,1998-12-31,1998-12-31,1998-12-31,2021-09-09,64606000.0,39470135000.0,34106289500.0,,,0.068,10.899,-202154000.0,1120130000.0,1120130000.0,0.0,651744000.0,,11.447,9298587000.0,,,9298587000.0,0.0,89066000.0,26449632000.0,0.016,0.66,958488000.0,1047554000.0,0.449,1047554000.0,958488000.0,958488000.0,1.67,1.64,1.67,3171145000.0,2692650250.0,3171145000.0,19427080204.0,20.0,18.545,38707000.0,0.133,1.0,2335403000.0,1.0,0.0,0.0,47648592000.0,41492735250.0,0.0,36284407000.0,,,36298990000.0,,,11728936204.0,-14062000.0,0.0,-273633000.0,1175402000.0,-246361000.0,1975733000.0,-2230656000.0,-2023282000.0,240861000.0,0.0,651744000.0,651744000.0,651744000.0,0.0,0.0,0.279,1376915000.0,958488000.0,550771000.0,0.395,3.699,17.996,24.138,525239000.0,0.0,40.31,5.022,5.022,0.0,1272776000.0,2335403000.0,2335403000.0,0.0,0.019,0.242,0.023,0.41,1325000.0,1013253000.0,1.0,290968400.0,290968400.0,,8.026,39470135000.0,0.0,306744000.0,0.0,135.651,
91,TFC,MRT,1998-09-30,1998-09-30,1998-09-30,2021-09-09,92472000.0,33875788000.0,32061317500.0,,,0.059,8.819,-214498000.0,775820000.0,775820000.0,0.0,518495000.0,,11.37,8473964000.0,,,8473964000.0,0.0,73125000.0,22097655000.0,0.021,0.64,760470000.0,833595000.0,0.44,833595000.0,760470000.0,760470000.0,1.57,1.54,1.57,2738472000.0,2509641500.0,2738472000.0,15276342813.0,20.0,18.326,105798000.0,0.341,1.0,1893671000.0,1.0,0.0,0.0,41573932000.0,38918093250.0,0.0,31270801000.0,,,31137316000.0,,,8569130813.0,150647000.0,0.0,-325551000.0,2503979000.0,-199968000.0,2494512000.0,-2664161000.0,-2498411000.0,320296000.0,0.0,518495000.0,518382000.0,518382000.0,0.0,0.0,0.274,1130390000.0,763281000.0,565697000.0,0.408,3.129,16.531,19.07,433165000.0,113000.0,29.94,4.525,4.91,0.0,1006082000.0,1893671000.0,1893671000.0,0.0,0.016,0.207,0.02,0.402,8654000.0,844906000.0,1.0,286210114.0,310522891.0,,6.098,33875788000.0,0.0,241975000.0,0.0,109.093,
92,TFC,MRT,1998-06-30,1998-06-30,1998-06-30,2021-09-09,49166000.0,31543525000.0,30395398250.0,,,0.061,7.996,-199733000.0,794217000.0,794217000.0,0.0,449321000.0,,12.029,7501429000.0,,,7501429000.0,0.0,71775000.0,21130040000.0,0.018,0.62,668282000.0,740057000.0,0.401,740057000.0,668282000.0,668282000.0,1.36,1.34,1.36,2420938000.0,2346080000.0,2420938000.0,16509012017.0,25.0,22.308,-360541000.0,-1.191,1.0,1846873000.0,1.0,0.0,0.0,38250737000.0,36499184500.0,0.0,29144106000.0,,,29122587000.0,,,9547042017.0,31477000.0,0.0,-294473000.0,2282643000.0,-191426000.0,1797627000.0,-1605342000.0,-1430123000.0,-160808000.0,0.0,449321000.0,449208000.0,449208000.0,0.0,0.0,0.243,1175780000.0,671093000.0,491118000.0,0.456,3.944,21.253,24.86,430494000.0,113000.0,33.81,5.169,5.543,0.0,920139000.0,1846873000.0,1846873000.0,0.0,0.015,0.191,0.018,0.362,8339000.0,845883000.0,1.0,282373322.0,302781582.0,,6.1,31543525000.0,0.0,218961000.0,0.0,104.179,
93,TFC,MRT,1998-03-31,1998-03-31,1998-03-31,2021-09-09,47712000.0,31535710000.0,28252558000.0,,,0.063,8.004,-189922000.0,846752000.0,846752000.0,0.0,423143000.0,,11.924,7808722000.0,,,7808722000.0,0.0,71295000.0,20794808000.0,0.018,0.6,636116000.0,707411000.0,0.399,707411000.0,636116000.0,636116000.0,1.3,1.28,1.3,2440046000.0,2179703250.0,2440046000.0,14660513053.0,23.0,20.724,-299720000.0,-0.983,1.0,1771979000.0,1.0,0.0,0.0,38497680000.0,33725676750.0,0.0,29144614000.0,,,29095664000.0,,,9229008053.0,233549000.0,0.0,-246934000.0,3129133000.0,-180618000.0,2848751000.0,-2505404000.0,-2342403000.0,-109798000.0,0.0,423143000.0,423030000.0,423030000.0,0.0,0.0,0.239,1133052000.0,638927000.0,492134000.0,0.462,3.782,21.816,26.035,425568000.0,113000.0,33.845,5.208,5.823,0.0,1550116000.0,1771979000.0,1771979000.0,0.0,0.015,0.194,0.019,0.359,8281000.0,817281000.0,1.0,272684534.0,304867015.0,,5.812,31535710000.0,0.0,212973000.0,0.0,103.441,
94,TFC,MRT,1997-12-31,1997-12-31,1997-12-31,2021-09-09,49368000.0,31290247000.0,25881679250.0,,,0.066,9.109,-186975000.0,967625000.0,967625000.0,0.0,405580000.0,,11.829,7027402000.0,,,7027402000.0,0.0,66052000.0,21375974000.0,0.018,0.58,616832000.0,682884000.0,0.399,682884000.0,616832000.0,616832000.0,1.25,1.24,1.25,2439110000.0,2008051000.0,2439110000.0,13262434446.0,22.0,19.421,141431000.0,0.528,1.0,1712711000.0,1.0,0.0,0.0,37350024000.0,30588290750.0,0.0,28773782000.0,,,28851137000.0,,,8576248446.0,162224000.0,0.0,-299564000.0,2169326000.0,-170081000.0,2307654000.0,-2473836000.0,-2316030000.0,328406000.0,0.0,405580000.0,405467000.0,405467000.0,0.0,0.0,0.237,1093068000.0,619643000.0,447761000.0,0.464,3.516,21.152,25.624,434260000.0,113000.0,32.03,5.007,5.007,0.0,1498493000.0,1712711000.0,1712711000.0,0.0,0.016,0.202,0.02,0.36,8133000.0,795941000.0,1.0,267756742.0,267756742.0,,6.397,31290247000.0,0.0,211252000.0,0.0,116.861,
95,TFC,MRT,1997-09-30,1997-09-30,1997-09-30,2021-09-09,0.0,27212111000.0,24486029000.0,,,0.062,7.301,-132877000.0,704698000.0,704698000.0,0.0,371295000.0,,12.056,5390884000.0,,,5390884000.0,0.0,57657000.0,19335274000.0,0.021,0.56,566662000.0,624319000.0,0.413,624319000.0,566662000.0,566662000.0,1.26,1.235,1.26,2084226000.0,1916165250.0,2084226000.0,11416536853.0,20.0,18.286,294825000.0,1.033,1.0,1510522000.0,1.0,0.0,0.0,31898297000.0,28550812000.0,0.0,25349702000.0,,,25127885000.0,,,7231994853.0,-209762000.0,0.0,-289048000.0,1454829000.0,-153998000.0,1256305000.0,-1893769000.0,-1781635000.0,427702000.0,0.0,371295000.0,371295000.0,371295000.0,0.0,0.0,0.246,943860000.0,566662000.0,401727000.0,0.444,3.47,19.478,21.206,385997000.0,0.0,26.72,4.788,5.05,0.0,1367196000.0,1510522000.0,1510522000.0,0.0,0.015,0.194,0.02,0.375,925000.0,659577000.0,1.0,270658490.0,285456768.0,,5.292,27212111000.0,0.0,195367000.0,0.0,95.328,
96,TFC,MRT,1997-06-30,1997-06-30,1997-06-30,2021-09-09,0.0,22972164000.0,,,,,6.19,-83042000.0,658044000.0,658044000.0,0.0,373401000.0,,12.086,4842586000.0,,,4842586000.0,0.0,54415000.0,16087429000.0,0.024,0.54,561008000.0,615423000.0,0.434,615423000.0,561008000.0,561008000.0,1.275,1.25,1.275,1755431000.0,,1755431000.0,8808185910.0,16.0,14.312,467370000.0,1.648,1.0,1416672000.0,1.0,0.0,0.0,27156706000.0,,0.0,21286461000.0,,,21216733000.0,,,4912244910.0,81000000.0,0.0,-208002000.0,1317107000.0,-149022000.0,2254609000.0,-2724021000.0,-2681645000.0,550412000.0,0.0,373401000.0,373401000.0,373401000.0,0.0,0.0,0.264,855664000.0,561008000.0,286718000.0,0.424,2.798,13.155,17.647,336740000.0,0.0,22.5,3.467,4.504,0.0,1136009000.0,1416672000.0,1416672000.0,0.0,,,,0.396,1835000.0,605513000.0,1.0,218321996.0,283572628.0,,4.996,22972164000.0,0.0,187607000.0,0.0,81.01,
97,TFC,MRT,1997-03-31,1997-03-31,1997-03-31,2021-09-09,0.0,22052195000.0,,,,,6.159,-88518000.0,560438000.0,560438000.0,0.0,347707000.0,,11.577,4456379000.0,,,4456379000.0,0.0,49378000.0,15556096000.0,0.028,0.52,519667000.0,569045000.0,0.43,569045000.0,519667000.0,519667000.0,1.26,1.24,1.26,1753437000.0,,1753437000.0,7752905993.0,15.0,13.624,436252000.0,1.532,1.0,1323622000.0,1.0,0.0,0.0,25948136000.0,,0.0,20521298000.0,,,20298758000.0,,,4077629993.0,-69095000.0,0.0,-126985000.0,1358836000.0,-138415000.0,1760050000.0,-2353915000.0,-2291328000.0,524770000.0,0.0,347707000.0,347707000.0,347707000.0,0.0,0.0,0.263,803955000.0,519667000.0,286283000.0,0.413,2.326,11.727,14.782,328862000.0,0.0,18.625,3.081,4.006,0.0,1091507000.0,1323622000.0,1323622000.0,0.0,,,,0.393,2126000.0,568486000.0,1.0,218933154.0,284693316.0,,4.649,22052195000.0,0.0,171960000.0,0.0,77.459,
98,TFC,MRT,1996-12-31,1996-12-31,1996-12-31,2021-09-09,11739000.0,25707646000.0,23172038000.0,,,0.058,9.462,-88715000.0,842401000.0,842401000.0,0.0,343312000.0,,11.41,4334864000.0,,,4334864000.0,0.0,46398000.0,19003340000.0,0.028,0.5,511818000.0,558216000.0,0.417,558216000.0,511818000.0,511818000.0,1.19,1.17,1.19,2071567000.0,1891454500.0,2071567000.0,,,,318206000.0,1.453,1.0,1339180000.0,1.0,0.0,0.0,29200109000.0,26614595500.0,0.0,23786456000.0,,,23636079000.0,,,3968163416.0,20212000.0,0.0,-174501000.0,585992000.0,-127771000.0,1084738000.0,-1471447000.0,-1404363000.0,406921000.0,0.0,343312000.0,342702000.0,342702000.0,0.0,0.0,0.256,827362000.0,511818000.0,297875000.0,0.42,1.916,11.579,15.231,374954000.0,610000.0,18.125,2.963,2.963,0.0,1231592000.0,1339180000.0,1339180000.0,0.0,0.015,0.181,0.019,0.382,2450000.0,582952000.0,1.0,218933154.0,218933154.0,,6.117,25707646000.0,0.0,168506000.0,0.0,117.422,
99,TFC,MRT,1996-09-30,1996-09-30,1996-09-30,2021-09-09,,,,,,,,,,,,,,,,,,,,,,0.029,0.48,,,,,,,,,,,,,,,,,,1.0,,,,,,,,,,,,,,,,,,,,,,,,,,,,,,,,,,,,,,,,16.625,,,,,,,,,,,,,,1.0,,277053716.0,,,,,,,,
100,TFC,MRT,1996-06-30,1996-06-30,1996-06-30,2021-09-09,,,,,,,,,,,,,,,,,,,,,,0.029,0.46,,,,,,,,,,,,,,,,,,1.0,,,,,,,,,,,,,,,,,,,,,,,,,,,,,,,,,,,,,,,,15.875,,,,,,,,,,,,,,1.0,,221888786.0,,,,,,,,
101,TFC,MRT,1996-03-31,1996-03-31,1996-03-31,2021-09-09,,,,,,,,,,,,,,,,,,,,,,0.032,0.445,,,,,,,,,,,,,,,,,,1.0,,,,,,,,,,,,,,,,,,,,,,,,,,,,,,,,,,,,,,,,13.875,,,,,,,,,,,,,,1.0,,216669318.0,,,,,,,,
102,TFC,MRT,1995-12-31,1995-12-31,1995-12-31,2021-09-09,31167000.0,20636430000.0,,,,,,-62286000.0,586699000.0,586699000.0,0.0,227268000.0,,11.059,3979351000.0,,,3979351000.0,0.0,42099000.0,14684056000.0,0.033,0.43,340386000.0,382485000.0,0.329,382485000.0,340386000.0,340386000.0,0.815,0.8,0.815,1711342000.0,,1711342000.0,,,,226928000.0,,1.0,1161104000.0,1.0,0.0,0.0,24029082000.0,,0.0,19250693000.0,,,18925088000.0,,,,44686000.0,0.0,1931000.0,47040000.0,-107869000.0,812742000.0,-1057270000.0,-1002229000.0,289214000.0,0.0,227268000.0,222189000.0,222189000.0,0.0,0.0,0.191,820718000.0,340386000.0,261681000.0,0.528,,,16.104,313858000.0,5079000.0,13.125,,,0.0,865658000.0,1161104000.0,1161104000.0,0.0,,,,0.293,3128000.0,590390000.0,1.0,,,,,20636430000.0,0.0,113118000.0,0.0,,
103,TFC,MRT,1994-12-31,1994-12-31,1994-12-31,2021-09-09,,,,,,,,-67226000.0,,,0.0,243842000.0,,,,,,,,35730000.0,,0.039,0.37,373131000.0,408861000.0,0.425,408861000.0,373131000.0,373131000.0,1.105,1.08,1.105,,,,,,,446902000.0,,1.0,962926000.0,1.0,,0.0,,,,,,,,,,,-187855000.0,0.0,106000.0,1209660000.0,-76805000.0,852163000.0,-1554146000.0,-1546548000.0,514128000.0,0.0,243842000.0,238644000.0,238644000.0,0.0,0.0,0.248,589795000.0,373131000.0,,0.335,,,8.652,,5198000.0,9.56,,,,,962926000.0,962926000.0,0.0,,,,0.387,1711000.0,385125000.0,1.0,,,,,,,129289000.0,,,
