None,ticker,dimension,calendardate,datekey,reportperiod,lastupdated,accoci,assets,assetsavg,assetsc,assetsnc,assetturnover,bvps,capex,cashneq,cashnequsd,cor,consolinc,currentratio,de,debt,debtc,debtnc,debtusd,deferredrev,depamor,deposits,divyield,dps,ebit,ebitda,ebitdamargin,ebitdausd,ebitusd,ebt,eps,epsdil,epsusd,equity,equityavg,equityusd,ev,evebit,evebitda,fcf,fcfps,fxusd,gp,grossmargin,intangibles,intexp,invcap,invcapavg,inventory,investments,investmentsc,investmentsnc,liabilities,liabilitiesc,liabilitiesnc,marketcap,ncf,ncfbus,ncfcommon,ncfdebt,ncfdiv,ncff,ncfi,ncfinv,ncfo,ncfx,netinc,netinccmn,netinccmnusd,netincdis,netincnci,netmargin,opex,opinc,payables,payoutratio,pb,pe,pe1,ppnenet,prefdivis,price,ps,ps1,receivables,retearn,revenue,revenueusd,rnd,roa,roe,roic,ros,sbcomp,sgna,sharefactor,sharesbas,shareswa,shareswadil,sps,tangibles,taxassets,taxexp,taxliabilities,tbvps,workingcapital
0,DG,ARY,2020-12-31,2021-03-19,2021-01-29,2021-08-26,-2163000,25862624000,25677953000,6914219000,18948405000,1.314,26.841,-1024910000.0,1376577000,1376577000,23027977000.0,2655050000.0,1.211,2.883,13590442000,1074079000,12516363000,13590442000,0,574237000.0,0,0.008,1.44,3554765000.0,4129002000.0,0.122,4129002000.0,3554765000.0,3404380000.0,10.7,10.62,10.7,6661238000,7053070500,6661238000,57142906241.0,16.0,13.839,2851249000.0,11.489,1.0,10718862000.0,0.318,5538459000,150385000.0,26827247000,25673372500,5247477000,0,0,0,19201386000,5710783000,13490603000,44929041241.0,1136257000.0,0.0,-2409967000.0,1064475000.0,-355926000.0,-1714992000.0,-1024910000.0,0.0,3876159000.0,0.0,2655050000.0,2655050000.0,2655050000.0,0.0,0.0,0.079,7164097000.0,3554765000.0,3614089000,0.135,6.745,16.922,17.55,13373327000,0.0,187.78,1.331,1.381,0,3006102000,33746839000.0,33746839000.0,0.0,0.103,0.376,0.138,0.105,68609000.0,7164097000.0,1.0,239264252,248171000.0,250076000.0,135.982,20324165000,90760000,749330000.0,726612000,81.896,1203436000
1,DG,ARY,2019-12-31,2020-03-19,2020-01-31,2021-08-26,-3135000,22825084000,22114921750,5177868000,17647216000,1.255,26.125,-782485000.0,240320000,240320000,19264912000.0,1712555000.0,1.14,2.405,11696481000,965360000,10731121000,11696481000,0,504804000.0,0,0.009,1.28,2302304000.0,2807108000.0,0.101,2807108000.0,2302304000.0,2201730000.0,6.68,6.64,6.68,6702500000,6668156000,6702500000,47483768616.0,21.0,16.916,1455513000.0,5.673,1.0,8489061000.0,0.306,5538595000,100574000.0,24199090000,23216085750,4676848000,0,0,0,16122584000,4543560000,11579024000,36027607616.0,4833000.0,0.0,-1178272000.0,56835000.0,-327568000.0,-1450680000.0,-782485000.0,0.0,2237998000.0,0.0,1712555000.0,1712555000.0,1712555000.0,0.0,0.0,0.062,6186757000.0,2302304000.0,2860682000,0.192,5.375,21.037,21.407,12074542000,0.0,143.0,1.298,1.322,0,3162660000,27753973000.0,27753973000.0,0.0,0.077,0.257,0.099,0.083,48589000.0,6186757000.0,1.0,251941312,256553000.0,258053000.0,108.18,17286489000,76537000,489175000.0,683589000,67.38,634308000
2,DG,ARY,2018-12-31,2019-03-22,2019-02-01,2021-08-26,-3207000,13204038000,12940559500,4663020000,8541018000,1.98,24.202,-731603000.0,235487000,235487000,17821173000.0,1589472000.0,1.546,1.058,2864690000,1950000,2862740000,2864690000,0,454134000.0,0,0.01,1.16,2115287000.0,2569421000.0,0.1,2569421000.0,2115287000.0,2015416000.0,5.99,5.97,5.99,6417393000,6347135250,6417393000,33114876553.0,16.0,12.888,1411947000.0,5.325,1.0,7803870000.0,0.305,5538806000,99871000.0,7278578000,7133628500,4097004000,0,0,0,6786645000,3015857000,3770788000,30485673553.0,-31954000.0,0.0,-991868000.0,-141126000.0,-306523000.0,-1443901000.0,-731603000.0,0.0,2143550000.0,0.0,1589472000.0,1589472000.0,1589472000.0,0.0,0.0,0.062,5687564000.0,2116306000.0,2385469000,0.194,4.75,19.18,19.611,2970806000,0.0,117.47,1.19,1.216,0,2941107000,25625043000.0,25625043000.0,0.0,0.123,0.25,0.297,0.083,40879000.0,5687564000.0,1.0,259518801,265155000.0,266105000.0,96.642,7665232000,57804000,425944000.0,619720000,28.908,1647163000
3,DG,ARY,2017-12-31,2018-03-23,2018-02-02,2021-08-26,-4181000,12516911000,12202211500,4247852000,8269059000,1.924,22.459,-645028000.0,267441000,267441000,16249608000.0,1538960000.0,1.433,1.043,3005958000,401345000,2604613000,3005958000,0,404231000.0,0,0.012,1.04,2004316000.0,2408547000.0,0.103,2408547000.0,2004316000.0,1907280000.0,5.64,5.63,5.64,6125774000,5771476250,6125774000,26941367484.0,13.0,11.186,1157080000.0,4.242,1.0,7221359000.0,0.308,5539017000,97036000.0,6751533000,6645506750,3609025000,0,0,0,6391137000,2964878000,3426259000,24202850484.0,79526000.0,0.0,-571679000.0,-213420000.0,-282931000.0,-1077554000.0,-645028000.0,0.0,1802108000.0,0.0,1538960000.0,1538960000.0,1538960000.0,0.0,0.0,0.066,5213541000.0,2007818000.0,2009771000,0.184,3.951,15.727,15.968,2701282000,0.0,90.06,1.031,1.047,0,2698352000,23470967000.0,23470967000.0,0.0,0.126,0.267,0.302,0.085,34323000.0,5213541000.0,1.0,268741400,272751000.0,273362000.0,86.053,6977894000,108265000,368320000.0,519806000,25.583,1282974000
4,DG,ARY,2016-12-31,2017-03-24,2017-02-03,2021-08-26,-4990000,11672298000,11630782000,3677771000,7994527000,1.89,19.218,-550936000.0,187915000,187915000,15203960000.0,1251133000.0,1.402,1.159,3211526000,500950000,2710576000,3211526000,0,379931000.0,0,0.011,1.0,2063449000.0,2443380000.0,0.111,2443380000.0,2063449000.0,1965628000.0,4.45,4.43,4.45,5406294000,5392472500,5406294000,22137232027.0,11.0,9.06,1054105000.0,3.747,1.0,6782638000.0,0.308,5539248000,97821000.0,6533856000,6431665250,3258785000,0,0,0,6266004000,2622805000,3643199000,19113621027.0,29968000.0,0.0,-979364000.0,236362000.0,-281135000.0,-1024137000.0,-550936000.0,0.0,1605041000.0,0.0,1251133000.0,1251133000.0,1251133000.0,0.0,0.0,0.057,4719189000.0,2063449000.0,1557596000,0.169,3.535,15.277,15.613,2434456000,0.0,69.48,0.869,0.889,0,2015867000,21986598000.0,21986598000.0,0.0,0.108,0.232,0.321,0.094,36967000.0,4719189000.0,1.0,275095294,281317000.0,282261000.0,78.156,6133050000,11050000,714495000.0,716234000,21.801,1054966000
5,DG,ARY,2015-12-31,2016-03-22,2016-01-29,2021-08-26,-5807000,11257885000,11174480750,3432410000,7825475000,1.823,18.272,-503383000.0,157947000,157947000,14062471000.0,1165080000.0,1.72,1.093,2970554000,1379000,2969175000,2970554000,0,352431000.0,0,0.01,0.88,1939968000.0,2292399000.0,0.113,2292399000.0,1939968000.0,1853024000.0,3.96,3.95,3.96,5377876000,5381565250,5377876000,26847345361.0,14.0,11.711,874605000.0,2.972,1.0,6306091000.0,0.31,5539583000,86944000.0,6535313000,6308374500,3074153000,0,0,0,5880009000,1995596000,3884413000,24034738361.0,-421876000.0,0.0,-1292679000.0,240828000.0,-258328000.0,-1296481000.0,-503383000.0,0.0,1377988000.0,0.0,1165080000.0,1165080000.0,1165080000.0,0.0,0.0,0.057,4365797000.0,1940294000.0,1494225000,0.222,4.469,20.629,21.187,2264062000,0.0,83.9,1.18,1.212,0,2025545000,20368562000.0,20368562000.0,0.0,0.104,0.216,0.308,0.095,24849000.0,4365797000.0,1.0,286468872,294330000.0,295211000.0,69.203,5718302000,6843000,687944000.0,672825000,19.428,1436814000
6,DG,ARY,2014-12-31,2015-03-20,2015-01-30,2021-08-26,-7327000,11224104000,10882288500,3532609000,7691495000,1.738,18.744,-371699000.0,579823000,579823000,13107081000.0,1065345000.0,1.777,0.966,2740585000,101158000,2639427000,2740585000,0,342353000.0,0,0.0,0.0,1769093000.0,2111446000.0,0.112,2111446000.0,1769093000.0,1680861000.0,3.5,3.49,3.5,5710038000,5245473750,5710038000,25153584725.0,14.0,11.913,943045000.0,3.096,1.0,5802507000.0,0.307,5540459000,88232000.0,5856667000,5997985500,2782521000,0,0,0,5514066000,1987740000,3526326000,22992822725.0,74257000.0,0.0,-802468000.0,-78467000.0,0.0,-868788000.0,-371699000.0,0.0,1314744000.0,0.0,1065345000.0,1065345000.0,1065345000.0,0.0,0.0,0.056,4033414000.0,1769093000.0,1388154000,0.0,4.027,21.583,21.651,2116075000,0.0,75.78,1.216,1.221,0,2403045000,18909588000.0,18909588000.0,0.0,0.098,0.203,0.295,0.094,25191000.0,4033414000.0,1.0,303415449,304633000.0,305681000.0,62.073,5683645000,0,615516000.0,686258000,18.657,1544869000
7,DG,ARY,2013-12-31,2014-03-20,2014-01-31,2021-08-26,-9910000,10867524000,10709206250,3205607000,7661917000,1.634,16.731,-249978000.0,505566000,505566000,12068425000.0,1025116000.0,1.769,1.012,2818754000,75966000,2742788000,2818754000,0,332837000.0,0,0.0,0.0,1717314000.0,2050151000.0,0.117,2050151000.0,1717314000.0,1628330000.0,3.17,3.17,3.17,5402193000,5271880500,5402193000,20370102281.0,12.0,9.936,963087000.0,2.983,1.0,5435742000.0,0.311,5546234000,88984000.0,5822507000,6046307250,2552993000,0,0,0,5465331000,1811971000,3653360000,18056914281.0,364757000.0,0.0,-646393000.0,30290000.0,0.0,-598330000.0,-249978000.0,0.0,1213065000.0,0.0,1025116000.0,1025116000.0,1025116000.0,0.0,0.0,0.059,3699557000.0,1736185000.0,1286484000,0.0,3.343,17.615,18.164,2080305000,0.0,57.58,1.032,1.062,0,2125453000,17504167000.0,17504167000.0,0.0,0.096,0.194,0.284,0.098,-10029000.0,3699557000.0,1.0,313596983,322886000.0,323854000.0,54.212,5321290000,0,603214000.0,694969000,16.48,1393636000
8,DG,ARY,2012-12-31,2013-03-25,2013-02-01,2021-08-26,-2938000,10367682000,10128760250,2677113000,7690569000,1.582,15.005,-569836000.0,140809000,140809000,10936727000.0,952662000.0,1.54,1.08,2772228000,892000,2771336000,2772228000,0,302911000.0,0,0.0,0.0,1625320000.0,1928231000.0,0.12,1928231000.0,1625320000.0,1497394000.0,2.87,2.85,2.87,4985330000,4780508500,4985330000,19339244852.0,12.0,10.03,561516000.0,1.69,1.0,5085401000.0,0.317,5558132000,127926000.0,5702422000,5740858000,2397175000,0,0,0,5382352000,1738547000,3643805000,16707825852.0,14683000.0,0.0,-742852000.0,108267000.0,0.0,-546833000.0,-569836000.0,0.0,1131352000.0,0.0,952662000.0,952662000.0,952662000.0,0.0,0.0,0.059,3430125000.0,1655276000.0,1261607000,0.0,3.351,17.538,17.798,2088665000,0.0,51.08,1.043,1.059,0,1710732000,16022128000.0,16022128000.0,0.0,0.094,0.199,0.283,0.101,-66088000.0,3430125000.0,1.0,327091344,332254000.0,334469000.0,48.223,4809550000,0,544732000.0,765680000,14.476,938566000
9,DG,ARY,2011-12-31,2012-03-22,2012-02-03,2021-08-26,-5191000,9688520000,9667092250,2275074000,7413446000,1.532,13.681,-513835000.0,126126000,126126000,10109278000.0,766685000.0,1.507,1.075,2618481000,590000,2617891000,2618481000,0,275408000.0,0,0.0,0.0,1430280000.0,1705688000.0,0.115,1705688000.0,1430280000.0,1225289000.0,2.25,2.22,2.25,4668495000,4453931750,4668495000,18091881814.0,13.0,10.607,536645000.0,1.573,1.0,4697910000.0,0.317,5574543000,204991000.0,5096430000,5192013250,2009206000,0,0,0,5020025000,1509902000,3510123000,15599526814.0,-371320000.0,0.0,-213816000.0,-727251000.0,0.0,-907965000.0,-513835000.0,0.0,1050480000.0,0.0,766685000.0,766685000.0,766685000.0,0.0,0.0,0.052,3207106000.0,1490804000.0,1064087000,0.0,3.341,20.347,20.507,1794960000,0.0,46.14,1.054,1.063,0,1416918000,14807188000.0,14807188000.0,0.0,0.079,0.172,0.275,0.097,-17852000.0,3207106000.0,1.0,338091175,341234000.0,345117000.0,43.393,4113977000,0,458604000.0,705146000,12.056,765172000
10,DG,ARY,2010-12-31,2011-03-22,2011-01-28,2021-08-26,-20296000,9546222000,9263086500,2367825000,7178397000,1.407,11.888,-418947000.0,497446000,497446000,8858444000.0,627857000.0,1.734,1.354,3288227000,1157000,3287070000,3288227000,0,254927000.0,0,0.0,0.0,1259184000.0,1514111000.0,0.116,1514111000.0,1259184000.0,984972000.0,1.84,1.82,1.84,4054479000,3772809750,4054479000,13323315101.0,11.0,8.799,405737000.0,1.19,1.0,4176556000.0,0.32,5595511000,274212000.0,5376119000,5356257250,1765433000,0,0,0,5491743000,1365373000,4126370000,10532534101.0,275370000.0,0.0,-13092000.0,-131180000.0,0.0,-130367000.0,-418947000.0,0.0,824684000.0,0.0,627857000.0,627857000.0,627857000.0,0.0,0.0,0.048,2902491000.0,1274065000.0,953641000,0.0,2.598,16.775,16.761,1524575000,0.0,30.84,0.808,0.807,0,830932000,13035000000.0,13035000000.0,0.0,0.068,0.166,0.235,0.097,2051000.0,2902491000.0,1.0,341521858,341047000.0,344800000.0,38.221,3950711000,0,357115000.0,661399000,11.584,1002452000
11,DG,ARY,2009-12-31,2010-03-31,2010-01-29,2021-08-26,-34167000,8863519000,9028699000,1845449000,7018070000,1.307,10.503,-248046000.0,222076000,222076000,8106509000.0,339442000.0,1.53,1.614,3403386000,3671000,3399715000,3403386000,0,256771000.0,0,0.0,0.0,897860000.0,1154631000.0,0.098,1154631000.0,897860000.0,552116000.0,1.05,1.04,1.05,3390298000,3044708750,3390298000,11786939149.0,13.0,10.208,420597000.0,1.303,1.0,3689871000.0,0.313,5622872000,345744000.0,5215457000,5772554500,1519578000,0,0,0,5473221000,1206500000,4266721000,8605629149.0,-155919000.0,0.0,442005000.0,-784180000.0,-239731000.0,-576516000.0,-248046000.0,0.0,668643000.0,0.0,339442000.0,339442000.0,339442000.0,0.0,0.0,0.029,2736613000.0,953258000.0,830953000,0.0,2.538,25.352,24.048,1328386000,0.0,25.25,0.73,0.691,0,203075000,11796380000.0,11796380000.0,0.0,0.038,0.111,0.156,0.076,11905000.0,2736613000.0,1.0,340816996,322778000.0,324836000.0,36.546,3240647000,7543000,212674000.0,575758000,10.04,638949000
12,DG,ARY,2008-12-31,2009-03-24,2009-01-30,2021-08-26,-39430000,8889199000,8850522250,1870125000,7019074000,1.182,8.317,-204280000.0,377995000,377995000,7396571000.0,108182000.0,1.739,2.139,4137114000,14158000,4122956000,4137114000,0,247899000.0,0,,0.0,586335000.0,834234000.0,0.08,834234000.0,586335000.0,194403000.0,,,,2831695000,2773142250,2831695000,,,,370898000.0,1.089,1.0,3061097000.0,0.293,5664147000,391932000.0,5908936000,6012811500,1414955000,0,0,0,6057504000,1075235000,4982269000,,277786000.0,0.0,1219000.0,-146925000.0,0.0,-144756000.0,-152636000.0,51644000.0,575178000.0,0.0,108182000.0,108182000.0,108182000.0,0.0,0.0,0.01,2480611000.0,580486000.0,678421000,,,,,1268960000,0.0,,,,0,103364000,10457668000.0,10457668000.0,0.0,0.012,0.039,0.098,0.056,9008000.0,2448611000.0,1.0,340462484,340462484.0,,30.716,3225052000,10992000,86221000.0,563712000,9.473,794890000
0,DG,ARQ,2021-06-30,2021-08-26,2021-07-30,2021-08-26,-1678000,25487808000,,5992718000,19495090000,,26.124,-239738000.0,313666000,313666000,5912539000.0,637019000.0,1.094,3.153,13946322000,1127841000,12818481000,13946322000,0,158536000.0,0,0.007,0.42,849568000.0,1008104000.0,0.117,1008104000.0,849568000.0,810138000.0,2.71,2.69,2.71,6137135000,,6137135000,68399896573.0,20.0,17.049,374815000.0,1.595,1.0,2737659000.0,0.316,5538399000,39430000.0,28102981000,,5279273000,0,0,0,19350673000,5479084000,13871589000,54767240573.0,-374389000.0,0.0,-668146000.0,17217000.0,-98275000.0,-749204000.0,-239738000.0,0.0,614553000.0,0.0,637019000.0,637019000.0,637019000.0,0.0,0.0,0.074,1888091000.0,849568000.0,3369984000,0.155,8.924,21.632,22.335,13909274000,0.0,234.74,1.627,1.638,0,2429821000,8650198000.0,8650198000.0,0.0,,,,,16370000.0,1888091000.0,1.0,233310218,234924000.0,236406000.0,36.821,19949409000,127011000,173119000.0,789711000,84.919,513634000
1,DG,ARQ,2021-03-31,2021-05-27,2021-04-30,2021-08-26,-1921000,25236698000,,6041745000,19194953000,,26.2,-276923000.0,688055000,688055000,5645296000.0,677749000.0,1.137,3.038,13731521000,1101369000,12630152000,13731521000,0,154146000.0,0,0.007,0.42,908850000.0,1062996000.0,0.127,1062996000.0,908850000.0,868458000.0,2.84,2.82,2.84,6249925000,,6249925000,61321506101.0,17.0,14.644,426068000.0,1.786,1.0,2755668000.0,0.328,5538429000,40392000.0,27426337000,,5099465000,0,0,0,18986773000,5315398000,13671375000,48278040101.0,-688522000.0,0.0,-1013005000.0,-1753000.0,-99832000.0,-1114590000.0,-276923000.0,0.0,702991000.0,0.0,677749000.0,677749000.0,677749000.0,0.0,0.0,0.081,1846818000.0,908850000.0,3294423000,0.148,7.725,17.998,18.666,13614144000,0.0,204.39,1.433,1.447,0,2588006000,8400964000.0,8400964000.0,0.0,,,,,23533000.0,1846818000.0,1.0,236205490,238548000.0,240301000.0,35.217,19698269000,16637000,190709000.0,827383000,82.576,726347000
2,DG,ARQ,2020-12-31,2021-03-19,2021-01-29,2021-08-26,-2163000,25862624000,,6914219000,18948405000,,27.357,-328899000.0,1376577000,1376577000,5677829000.0,642743000.0,1.211,2.883,13590442000,1074079000,12516363000,13590442000,0,149771000.0,0,0.008,0.36,872224000.0,1021995000.0,0.121,1021995000.0,872224000.0,831956000.0,2.64,2.62,2.64,6661238000,,6661238000,57142906241.0,16.0,13.839,163720000.0,0.672,1.0,2736695000.0,0.325,5538459000,40268000.0,26827247000,,5247477000,0,0,0,19201386000,5710783000,13490603000,44929041241.0,-822866000.0,0.0,-897214000.0,-2076000.0,-87296000.0,-986586000.0,-328899000.0,0.0,492619000.0,0.0,642743000.0,642743000.0,642743000.0,0.0,0.0,0.076,1864471000.0,872224000.0,3614089000,0.136,6.745,16.922,17.55,13373327000,0.0,187.78,1.331,1.381,0,3006102000,8414524000.0,8414524000.0,0.0,,,,,17243000.0,1864471000.0,1.0,239264252,243491000.0,245423000.0,34.558,20324165000,90760000,189213000.0,726612000,83.47,1203436000
3,DG,ARQ,2020-09-30,2020-12-03,2020-10-30,2021-08-26,-2406000,26153442000,,7533432000,18620010000,,28.266,-272895000.0,2199443000,2199443000,5631385000.0,574260000.0,1.28,2.744,13460968000,1044368000,12416600000,13460968000,0,145849000.0,0,0.007,0.36,773130000.0,918979000.0,0.112,918979000.0,773130000.0,732832000.0,2.32,2.31,2.32,6985519000,,6985519000,63811768684.0,19.0,16.113,203310000.0,0.823,1.0,2568240000.0,0.313,5538489000,40298000.0,25990267000,,5025810000,0,0,0,19167923000,5886211000,13281712000,52550243684.0,-760161000.0,0.0,-873582000.0,-1527000.0,-88362000.0,-963471000.0,-272895000.0,0.0,476205000.0,0.0,574260000.0,574260000.0,574260000.0,0.0,0.0,0.07,1795110000.0,773130000.0,3770528000,0.155,7.523,20.626,21.111,13045157000,0.0,214.49,1.617,1.631,0,3346821000,8199625000.0,8199625000.0,0.0,,,,,16889000.0,1795110000.0,1.0,245000903,247131000.0,249063000.0,33.179,20614953000,111139000,158572000.0,697407000,83.417,1647221000
4,DG,ARQ,2020-06-30,2020-08-27,2020-07-31,2021-08-26,-2649000,25847433000,,7597408000,18250025000,,29.391,-228148000.0,2959604000,2959604000,5866006000.0,787601000.0,1.404,2.514,13229618000,1015733000,12213885000,13229618000,0,140962000.0,0,0.007,0.36,1042627000.0,1183589000.0,0.136,1183589000.0,1042627000.0,1003301000.0,3.15,3.12,3.15,7356071000,,7356071000,60410458755.0,19.0,16.509,942861000.0,3.767,1.0,2818235000.0,0.325,5538520000,39326000.0,25167739000,,4391157000,0,0,0,18491362000,5411188000,13080174000,50140444755.0,285692000.0,0.0,-567085000.0,-482000.0,-89651000.0,-657169000.0,-228148000.0,0.0,1171009000.0,0.0,787601000.0,787601000.0,787601000.0,0.0,0.0,0.091,1775608000.0,1042627000.0,3400642000,0.114,6.816,21.436,21.72,12675787000,0.0,201.34,1.603,1.611,0,3758995000,8684241000.0,8684241000.0,0.0,,,,,15509000.0,1775608000.0,1.0,249033698,250281000.0,252190000.0,34.698,20308913000,36176000,215700000.0,706139000,81.144,2186220000
5,DG,ARQ,2020-03-31,2020-05-28,2020-05-01,2021-08-26,-2892000,24848313000,,6992483000,17855830000,,28.634,-194968000.0,2673912000,2673912000,5852757000.0,650446000.0,1.444,2.447,12915614000,991634000,11923980000,12915614000,0,137655000.0,0,0.007,0.36,866784000.0,1004439000.0,0.119,1004439000.0,866784000.0,836291000.0,2.58,2.56,2.58,7209454000,,7209454000,56586207753.0,21.0,17.812,1541358000.0,6.122,1.0,2595692000.0,0.307,5538550000,30493000.0,24708237000,,4107331000,0,0,0,17638859000,4843228000,12795631000,46344505753.0,2433592000.0,0.0,-72086000.0,1068560000.0,-90617000.0,892234000.0,-194968000.0,0.0,1736326000.0,0.0,650446000.0,650446000.0,650446000.0,0.0,0.0,0.077,1728908000.0,866784000.0,2954361000,0.14,6.428,23.43,23.695,12280946000,0.0,184.11,1.567,1.567,0,3659804000,8448449000.0,8448449000.0,0.0,,,,,18968000.0,1728908000.0,1.0,251721828,251780000.0,253627000.0,33.555,19309763000,17191000,185845000.0,805963000,76.693,2149255000
6,DG,ARQ,2019-12-31,2020-03-19,2020-01-31,2021-08-26,-3135000,22825084000,,5177868000,17647216000,,26.455,-266344000.0,240320000,240320000,4884879000.0,535437000.0,1.14,2.405,11696481000,965360000,10731121000,11696481000,0,132426000.0,0,0.009,0.32,720875000.0,853301000.0,0.119,853301000.0,720875000.0,695308000.0,2.11,2.1,2.11,6702500000,,6702500000,47483768616.0,21.0,16.916,310544000.0,1.226,1.0,2272763000.0,0.318,5538595000,25567000.0,24199090000,,4676848000,0,0,0,16122584000,4543560000,11579024000,36027607616.0,-35756000.0,0.0,-413668000.0,148160000.0,-80792000.0,-346300000.0,-266344000.0,0.0,576888000.0,0.0,535437000.0,535437000.0,535437000.0,0.0,0.0,0.075,1551888000.0,720875000.0,2860682000,0.152,5.375,21.037,21.407,12074542000,0.0,143.0,1.298,1.322,0,3162660000,7157642000.0,7157642000.0,0.0,,,,,12984000.0,1551888000.0,1.0,251941312,253358000.0,255146000.0,28.251,17286489000,76537000,159871000.0,683589000,68.229,634308000
7,DG,ARQ,2019-09-30,2019-12-05,2019-11-01,2021-08-26,-3378000,22412790000,,5068542000,17344248000,,25.966,-224548000.0,276076000,276076000,4926307000.0,365550000.0,1.125,2.371,11392472000,941059000,10451413000,11392472000,0,126470000.0,0,0.008,0.32,491417000.0,617887000.0,0.088,617887000.0,491417000.0,467153000.0,1.43,1.42,1.43,6648295000,,6648295000,50604877249.0,23.0,18.673,306041000.0,1.195,1.0,2065086000.0,0.295,5538648000,24264000.0,23484500000,,4496377000,0,0,0,15764495000,4506038000,11258457000,39488481249.0,16508000.0,0.0,-396118000.0,189900000.0,-81640000.0,-289533000.0,-224548000.0,0.0,530589000.0,0.0,365550000.0,365550000.0,365550000.0,0.0,0.0,0.052,1573669000.0,491417000.0,2844171000,0.224,5.94,23.783,24.197,11770451000,0.0,155.1,1.449,1.458,0,3120738000,6991393000.0,6991393000.0,0.0,,,,,11100000.0,1573669000.0,1.0,254600137,256041000.0,257699000.0,27.306,16874142000,103188000,101603000.0,637382000,65.904,562504000
8,DG,ARQ,2019-06-30,2019-08-29,2019-08-02,2021-08-26,-3621000,21917529000,,4919138000,16998391000,,26.181,-147289000.0,259568000,259568000,4832817000.0,426555000.0,1.141,2.247,10969984000,915630000,10054354000,10969984000,0,123423000.0,0,0.008,0.32,577775000.0,701198000.0,0.1,701198000.0,577775000.0,552965000.0,1.65,1.65,1.65,6749160000,,6749160000,50836206323.0,23.0,19.189,409037000.0,1.587,1.0,2148936000.0,0.308,5538700000,24810000.0,22776975000,,4419628000,0,0,0,15168369000,4312270000,10856099000,40125790323.0,-11543000.0,0.0,-178800000.0,-159400000.0,-82380000.0,-420580000.0,-147289000.0,0.0,556326000.0,0.0,426555000.0,426555000.0,426555000.0,0.0,0.0,0.061,1571161000.0,577775000.0,2727079000,0.194,5.945,24.633,25.014,11425752000,0.0,156.09,1.504,1.509,0,3234944000,6981753000.0,6981753000.0,0.0,,,,,10874000.0,1571161000.0,1.0,257068296,257793000.0,259102000.0,27.083,16378829000,61692000,126410000.0,631075000,63.535,606868000
9,DG,ARQ,2019-03-31,2019-05-30,2019-05-03,2021-08-26,-3864000,21304284000,,4583769000,16720515000,,25.375,-144304000.0,271111000,271111000,4620909000.0,385013000.0,1.158,2.241,10866074000,895024000,9971050000,10866074000,0,122485000.0,0,0.009,0.32,512237000.0,634722000.0,0.096,634722000.0,512237000.0,486304000.0,1.49,1.48,1.49,6572669000,,6572669000,43401959616.0,20.0,16.663,429891000.0,1.66,1.0,2002276000.0,0.302,5538753000,25933000.0,22403778000,,4109759000,0,0,0,14731615000,3956716000,10774899000,32806996616.0,35624000.0,0.0,-189686000.0,-121825000.0,-82756000.0,-394267000.0,-144304000.0,0.0,574195000.0,0.0,385013000.0,385013000.0,385013000.0,0.0,0.0,0.058,1490039000.0,512237000.0,2452898000,0.215,4.991,20.382,20.752,11148751000,0.0,127.0,1.255,1.259,0,3074584000,6623185000.0,6623185000.0,0.0,,,,,13631000.0,1490039000.0,1.0,258322808,259021000.0,260265000.0,25.57,15765531000,25164000,101291000.0,678651000,60.866,627053000
10,DG,ARQ,2018-12-31,2019-03-22,2019-02-01,2021-08-26,-3207000,13204038000,,4663020000,8541018000,,24.549,-182522000.0,235487000,235487000,4578120000.0,483241000.0,1.546,1.058,2864690000,1950000,2862740000,2864690000,0,117771000.0,0,0.01,0.29,638503000.0,756274000.0,0.114,756274000.0,638503000.0,613442000.0,1.84,1.83,1.84,6417393000,,6417393000,33114876553.0,16.0,12.888,446911000.0,1.71,1.0,2071689000.0,0.312,5538806000,25061000.0,7278578000,,4097004000,0,0,0,6786645000,3015857000,3770788000,30485673553.0,-25201000.0,0.0,-356373000.0,-40444000.0,-75295000.0,-472112000.0,-182522000.0,0.0,629433000.0,0.0,483241000.0,483241000.0,483241000.0,0.0,0.0,0.073,1433186000.0,638503000.0,2385469000,0.158,4.75,19.18,19.611,2970806000,0.0,117.47,1.19,1.216,0,2941107000,6649809000.0,6649809000.0,0.0,,,,,9688000.0,1433186000.0,1.0,259518801,261408000.0,262538000.0,25.438,7665232000,57804000,130201000.0,619720000,29.323,1647163000
11,DG,ARQ,2018-09-30,2018-12-04,2018-11-02,2021-08-26,-3451000,13121021000,,4630344000,8490677000,,24.031,-179462000.0,260688000,260688000,4522403000.0,334142000.0,1.553,1.064,2904368000,1929000,2902439000,2904368000,0,114852000.0,0,0.011,0.29,442143000.0,556995000.0,0.087,556995000.0,442143000.0,417557000.0,1.26,1.26,1.26,6355888000,,6355888000,30009938857.0,14.0,11.804,237366000.0,0.897,1.0,1895059000.0,0.295,5538859000,24586000.0,7243660000,,3979105000,0,0,0,6765133000,2982182000,3782951000,27366258857.0,-4600000.0,0.0,-290333000.0,124887000.0,-76520000.0,-241966000.0,-179462000.0,0.0,416828000.0,0.0,334142000.0,334142000.0,334142000.0,0.0,0.0,0.052,1452916000.0,442143000.0,2336772000,0.23,4.306,15.05,15.377,2921943000,0.0,104.1,1.09,1.097,0,2890147000,6417462000.0,6417462000.0,0.0,,,,,9412000.0,1452916000.0,1.0,262884331,264490000.0,265522000.0,24.264,7582162000,114647000,83415000.0,587903000,28.667,1648162000
12,DG,ARQ,2018-06-30,2018-08-30,2018-08-03,2021-08-26,-3695000,12943949000,,4517826000,8426123000,,23.94,-205620000.0,265288000,265288000,4468436000.0,407237000.0,1.55,1.029,2778720000,1909000,2776811000,2778720000,0,112176000.0,0,0.01,0.29,544457000.0,656633000.0,0.102,656633000.0,544457000.0,519006000.0,1.53,1.52,1.53,6378942000,,6378942000,30569796810.0,15.0,12.21,343021000.0,1.287,1.0,1974873000.0,0.306,5538911000,25451000.0,7002926000,,3896432000,0,0,0,6565007000,2915544000,3649463000,28056364810.0,-18682000.0,0.0,-197178000.0,-87534000.0,-77051000.0,-361703000.0,-205620000.0,0.0,548641000.0,0.0,407237000.0,407237000.0,407237000.0,0.0,0.0,0.063,1429397000.0,545476000.0,2294996000,0.19,4.398,16.154,16.407,2857274000,0.0,105.66,1.141,1.145,0,2928064000,6443309000.0,6443309000.0,0.0,,,,,9373000.0,1429397000.0,1.0,265534401,266457000.0,267226000.0,24.181,7405038000,68353000,111769000.0,576940000,27.791,1602282000
13,DG,ARQ,2018-03-31,2018-05-31,2018-05-04,2021-08-26,-3938000,12493230000,,4166036000,8327194000,,23.247,-163999000.0,283970000,283970000,4252214000.0,364852000.0,1.65,1.003,2864386000,1889000,2862497000,2864386000,0,109335000.0,0,0.012,0.29,490184000.0,599519000.0,0.098,599519000.0,490184000.0,465411000.0,1.36,1.36,1.36,6236318000,,6236318000,25986346450.0,13.0,10.654,384649000.0,1.434,1.0,1862249000.0,0.305,5538964000,24773000.0,7009350000,,3594529000,0,0,0,6256912000,2525332000,3731580000,23405930450.0,16529000.0,0.0,-147984000.0,-138035000.0,-77657000.0,-368120000.0,-163999000.0,0.0,548648000.0,0.0,364852000.0,364852000.0,364852000.0,0.0,0.0,0.06,1372065000.0,490184000.0,2018320000,0.213,3.753,14.41,14.604,2758369000,0.0,87.48,0.976,0.979,0,2795620000,6114463000.0,6114463000.0,0.0,,,,,12406000.0,1372065000.0,1.0,267557504,268267000.0,269135000.0,22.792,6954266000,28637000,100559000.0,574902000,25.923,1640704000
14,DG,ARQ,2017-12-31,2018-03-23,2018-02-02,2021-08-26,-4181000,12516911000,,4247852000,8269059000,,22.663,-157417000.0,267441000,267441000,4164033000.0,712155000.0,1.433,1.043,3005958000,401345000,2604613000,3005958000,0,105660000.0,0,0.012,0.26,623446000.0,729106000.0,0.119,729106000.0,623446000.0,599157000.0,2.62,2.61,2.62,6125774000,,6125774000,26941367484.0,13.0,11.186,501811000.0,1.856,1.0,1965398000.0,0.321,5539017000,24289000.0,6751533000,,3609025000,0,0,0,6391137000,2964878000,3426259000,24202850484.0,41249000.0,0.0,-270116000.0,-120449000.0,-69997000.0,-460562000.0,-157417000.0,0.0,659228000.0,0.0,712155000.0,712155000.0,712155000.0,0.0,0.0,0.116,1341952000.0,623446000.0,2009771000,0.099,3.951,15.727,15.968,2701282000,0.0,90.06,1.031,1.047,0,2698352000,6129431000.0,6129431000.0,0.0,,,,,9375000.0,1341952000.0,1.0,268741400,270303000.0,271220000.0,22.676,6977894000,108265000,-112998000.0,519806000,25.815,1282974000
15,DG,ARQ,2017-09-30,2017-12-07,2017-11-03,2021-08-26,-4383000,12374756000,,4153334000,8221422000,,21.093,-173904000.0,226192000,226192000,4137150000.0,252533000.0,1.414,1.154,3121100000,401532000,2719568000,3121100000,0,100955000.0,0,0.011,0.26,417431000.0,518386000.0,0.088,518386000.0,417431000.0,393436000.0,0.93,0.93,0.93,5744155000,,5744155000,28250801052.0,14.0,11.495,182746000.0,0.671,1.0,1766456000.0,0.299,5539070000,23995000.0,6792788000,,3597195000,0,0,0,6630601000,2937806000,3692795000,25355893052.0,12019000.0,0.0,-133189000.0,33057000.0,-70595000.0,-170727000.0,-173904000.0,0.0,356650000.0,0.0,252533000.0,252533000.0,252533000.0,0.0,0.0,0.043,1349025000.0,417431000.0,1978032000,0.28,4.414,20.432,20.657,2654936000,0.0,93.37,1.086,1.089,0,2334534000,5903606000.0,5903606000.0,0.0,,,,,8109000.0,1349025000.0,1.0,271563597,272319000.0,272881000.0,21.679,6835686000,99678000,140903000.0,695441000,25.102,1215528000
16,DG,ARQ,2017-06-30,2017-08-31,2017-08-04,2021-08-26,-4584000,12120824000,,3979991000,8140833000,,20.779,-170319000.0,214173000,214173000,4037783000.0,294783000.0,1.418,1.131,3084507000,401402000,2683105000,3084507000,0,99030000.0,0,0.014,0.26,493146000.0,592176000.0,0.102,592176000.0,493146000.0,469398000.0,1.08,1.08,1.08,5687095000,,5687095000,22698007403.0,11.0,9.35,105449000.0,0.385,1.0,1790522000.0,0.307,5539126000,23748000.0,6645277000,,3463004000,0,0,0,6433729000,2806755000,3626974000,19827673403.0,8196000.0,0.0,-73635000.0,47491000.0,-71045000.0,-97253000.0,-170319000.0,0.0,275768000.0,0.0,294783000.0,294783000.0,294783000.0,0.0,0.0,0.051,1297376000.0,493146000.0,1880668000,0.241,3.486,16.202,16.379,2574816000,0.0,72.56,0.871,0.872,0,2286060000,5828305000.0,5828305000.0,0.0,,,,,7907000.0,1297376000.0,1.0,273259005,273690000.0,274132000.0,21.295,6581698000,44255000,174615000.0,663502000,24.048,1173236000
17,DG,ARQ,2017-03-31,2017-06-01,2017-05-05,2021-08-26,-4789000,11796355000,,3748949000,8047406000,,20.128,-143388000.0,205977000,205977000,3910642000.0,279489000.0,1.393,1.134,3033278000,401188000,2632090000,3033278000,0,98586000.0,0,0.013,0.26,470293000.0,568879000.0,0.101,568879000.0,470293000.0,445289000.0,1.02,1.02,1.02,5528881000,,5528881000,24268963524.0,12.0,9.95,367074000.0,1.336,1.0,1698983000.0,0.303,5539186000,25004000.0,6392429000,,3300082000,0,0,0,6267474000,2692041000,3575433000,21441662524.0,18062000.0,0.0,-94739000.0,-173519000.0,-71294000.0,-349012000.0,-143388000.0,0.0,510462000.0,0.0,279489000.0,279489000.0,279489000.0,0.0,0.0,0.05,1225188000.0,473795000.0,1622776000,0.255,3.878,17.355,17.65,2487292000,0.0,78.19,0.96,0.962,0,2136401000,5609625000.0,5609625000.0,0.0,,,,,8932000.0,1225188000.0,1.0,274225125,274692000.0,275215000.0,20.422,6257169000,10492000,165800000.0,871457000,22.779,1056908000
18,DG,ARQ,2016-12-31,2017-03-24,2017-02-03,2021-08-26,-4990000,11672298000,,3677771000,7994527000,,19.601,-149370000.0,187915000,187915000,4108499000.0,414176000.0,1.402,1.159,3211526000,500950000,2710576000,3211526000,0,97545000.0,0,0.011,0.25,680618000.0,778163000.0,0.129,778163000.0,680618000.0,655107000.0,1.49,1.48,1.49,5406294000,,5406294000,22137232027.0,11.0,9.06,331257000.0,1.201,1.0,1900747000.0,0.316,5539248000,25511000.0,6533856000,,3258785000,0,0,0,6266004000,2622805000,3643199000,19113621027.0,-12321000.0,0.0,-310356000.0,35664000.0,-68886000.0,-343578000.0,-149370000.0,0.0,480627000.0,0.0,414176000.0,414176000.0,414176000.0,0.0,0.0,0.069,1220129000.0,680618000.0,1557596000,0.168,3.535,15.277,15.613,2434456000,0.0,69.48,0.869,0.889,0,2015867000,6009246000.0,6009246000.0,0.0,,,,,9291000.0,1220129000.0,1.0,275095294,275812000.0,276666000.0,21.787,6133050000,11050000,240931000.0,716234000,22.236,1054966000
19,DG,ARQ,2016-09-30,2016-12-01,2016-10-28,2021-08-26,-5206000,11917076000,,3968512000,7948564000,,19.119,-136180000.0,200236000,200236000,3732519000.0,235315000.0,1.341,1.223,3174690000,501480000,2673210000,3174690000,0,95444000.0,0,0.013,0.25,392991000.0,488435000.0,0.092,488435000.0,392991000.0,369114000.0,0.84,0.84,0.84,5361852000,,5361852000,23274351825.0,12.0,9.834,194900000.0,0.695,1.0,1587510000.0,0.298,5539323000,23877000.0,6392468000,,3488247000,0,0,0,6555224000,2959739000,3595485000,20299897825.0,15203000.0,0.0,-225123000.0,115514000.0,-70088000.0,-179697000.0,-136180000.0,0.0,331080000.0,0.0,235315000.0,235315000.0,235315000.0,0.0,0.0,0.044,1194519000.0,392991000.0,1948111000,0.298,3.786,16.733,17.289,2388463000,0.0,73.48,0.955,0.969,0,1977969000,5320029000.0,5320029000.0,0.0,,,,,8188000.0,1194519000.0,1.0,276264260,280441000.0,281283000.0,18.97,6377753000,54586000,133799000.0,642856000,22.742,1008773000
20,DG,ARQ,2016-06-30,2016-08-25,2016-07-29,2021-08-26,-5406000,11617370000,,3708051000,7909319000,,19.12,-166741000.0,185033000,185033000,3710124000.0,306518000.0,1.364,1.146,3058012000,501548000,2556464000,3058012000,0,94618000.0,0,0.012,0.25,509097000.0,603715000.0,0.112,603715000.0,509097000.0,484745000.0,1.08,1.08,1.08,5413361000,,5413361000,24175662877.0,12.0,10.113,222640000.0,0.786,1.0,1681767000.0,0.312,5539405000,24352000.0,6231538000,,3270685000,0,0,0,6204009000,2719406000,3484603000,21302683877.0,-2654000.0,0.0,-220122000.0,65681000.0,-70853000.0,-225294000.0,-166741000.0,0.0,389381000.0,0.0,306518000.0,306518000.0,306518000.0,0.0,0.0,0.057,1172670000.0,509097000.0,1720772000,0.231,3.935,17.303,17.666,2349119000,0.0,75.61,1.014,1.019,0,2035101000,5391891000.0,5391891000.0,0.0,,,,,9235000.0,1172670000.0,1.0,281744265,283130000.0,284116000.0,19.044,6077965000,22985000,178227000.0,670032000,21.467,988645000
21,DG,ARQ,2016-03-31,2016-05-26,2016-04-29,2021-08-26,-5607000,11316384000,,3477346000,7839038000,,18.848,-98645000.0,187687000,187687000,3652818000.0,295124000.0,1.729,1.1,2991189000,1526000,2989663000,2991189000,0,92324000.0,0,0.01,0.25,480743000.0,573067000.0,0.109,573067000.0,480743000.0,456662000.0,1.03,1.03,1.03,5388383000,,5388383000,27778828863.0,14.0,11.82,305308000.0,1.068,1.0,1612614000.0,0.306,5539493000,24081000.0,6568799000,,3072063000,0,0,0,5928001000,2011594000,3916407000,24975326863.0,29740000.0,0.0,-223763000.0,19503000.0,-71308000.0,-275568000.0,-98645000.0,0.0,403953000.0,0.0,295124000.0,295124000.0,295124000.0,0.0,0.0,0.056,1131871000.0,480743000.0,1447223000,0.243,4.635,20.693,21.207,2278081000,0.0,88.01,1.206,1.215,0,2020784000,5265432000.0,5265432000.0,0.0,,,,,10253000.0,1131871000.0,1.0,283778285,285886000.0,286978000.0,18.418,5776891000,6827000,161538000.0,769774000,20.207,1465752000
22,DG,ARQ,2015-12-31,2016-03-22,2016-01-29,2021-08-26,-5807000,11257885000,,3432410000,7825475000,,18.647,-117310000.0,157947000,157947000,3604669000.0,376175000.0,1.72,1.093,2970554000,1379000,2969175000,2970554000,0,89144000.0,0,0.01,0.22,612429000.0,701573000.0,0.133,701573000.0,612429000.0,589154000.0,1.3,1.3,1.3,5377876000,,5377876000,26847345361.0,14.0,11.711,480135000.0,1.665,1.0,1682269000.0,0.318,5539583000,23275000.0,6535313000,,3074153000,0,0,0,5880009000,1995596000,3884413000,24034738361.0,-24567000.0,0.0,-289411000.0,-137261000.0,-63159000.0,-504702000.0,-117310000.0,0.0,597445000.0,0.0,376175000.0,376175000.0,376175000.0,0.0,0.0,0.071,1069840000.0,612429000.0,1494225000,0.169,4.469,20.629,21.187,2264062000,0.0,83.9,1.18,1.212,0,2025545000,5286938000.0,5286938000.0,0.0,,,,,24528000.0,1069840000.0,1.0,286468872,288399000.0,289322000.0,18.332,5718302000,6843000,212979000.0,672825000,19.828,1436814000
23,DG,ARQ,2015-09-30,2015-12-03,2015-10-30,2021-08-26,-6013000,11288293000,,3488775000,7799518000,,18.298,-139279000.0,182514000,182514000,3530086000.0,253321000.0,1.752,1.112,3106690000,1358000,3105332000,3106690000,0,88553000.0,0,0.01,0.22,423533000.0,512086000.0,0.101,512086000.0,423533000.0,402139000.0,0.87,0.86,0.87,5343593000,,5343593000,22742634821.0,12.0,10.134,84212000.0,0.288,1.0,1536962000.0,0.303,5539699000,21394000.0,6681187000,,3101908000,0,0,0,5944700000,1991583000,3953117000,19818458821.0,1989000.0,0.0,-274592000.0,255694000.0,-63965000.0,-82223000.0,-139279000.0,0.0,223491000.0,0.0,253321000.0,253321000.0,253321000.0,0.0,0.0,0.05,1113103000.0,423859000.0,1470107000,0.253,3.709,17.32,17.786,2237068000,0.0,68.12,0.99,0.994,0,1999119000,5067048000.0,5067048000.0,0.0,,,,,8608000.0,1113103000.0,1.0,290934510,292037000.0,292904000.0,17.351,5748594000,11877000,148818000.0,614828000,19.684,1497192000
24,DG,ARQ,2015-06-30,2015-08-27,2015-07-31,2021-08-26,-6214000,11195195000,,3424847000,7770348000,,18.327,-147028000.0,180525000,180525000,3507749000.0,282349000.0,1.589,1.066,2863129000,101335000,2761794000,2863129000,0,87582000.0,0,0.006,0.22,475812000.0,563394000.0,0.111,563394000.0,475812000.0,455113000.0,0.95,0.95,0.95,5418934000,,5418934000,24566970858.0,13.0,11.104,66131000.0,0.224,1.0,1588155000.0,0.312,5539830000,20699000.0,6183206000,,3029731000,0,0,0,5776261000,2154763000,3621498000,21884366858.0,-44591000.0,0.0,-194908000.0,147741000.0,-65167000.0,-110722000.0,-147028000.0,0.0,213159000.0,0.0,282349000.0,282349000.0,282349000.0,0.0,0.0,0.055,1112343000.0,475812000.0,1536610000,0.232,4.039,19.414,19.858,2195857000,0.0,74.27,1.112,1.116,0,2081543000,5095904000.0,5095904000.0,0.0,,,,,7905000.0,1112343000.0,1.0,294659578,295679000.0,296528000.0,17.235,5655365000,14646000,172764000.0,651738000,19.127,1270084000
25,DG,ARQ,2015-03-31,2015-06-02,2015-05-01,2021-08-26,-6569000,10956550000,,3244900000,7711650000,,17.881,-99766000.0,225116000,225116000,3419967000.0,253235000.0,1.565,1.034,2715314000,101309000,2614005000,2715314000,0,87152000.0,0,0.003,0.22,428194000.0,515346000.0,0.105,515346000.0,428194000.0,406618000.0,0.84,0.84,0.84,5385858000,,5385858000,24767393330.0,14.0,11.451,244127000.0,0.811,1.0,1498705000.0,0.305,5540017000,21576000.0,5833792000,,2839198000,0,0,0,5570692000,2072939000,3497753000,22277195330.0,-354707000.0,0.0,-533768000.0,-25346000.0,-66037000.0,-598834000.0,-99766000.0,0.0,343893000.0,0.0,253235000.0,253235000.0,253235000.0,0.0,0.0,0.051,1070511000.0,428194000.0,1435367000,0.262,4.136,20.323,20.713,2135436000,0.0,74.98,1.154,1.17,0,2061798000,4918672000.0,4918672000.0,0.0,,,,,-16192000.0,1070511000.0,1.0,297108500,301202000.0,302089000.0,16.33,5416533000,0,153383000.0,741004000,17.983,1171961000
26,DG,ARQ,2014-12-31,2015-03-20,2015-01-30,2021-08-26,-7327000,11224104000,,3532609000,7691495000,,18.838,-84750000.0,579823000,579823000,3373620000.0,355371000.0,1.777,0.966,2740585000,101158000,2639427000,2740585000,0,86594000.0,0,0.0,0.0,566716000.0,653310000.0,0.132,653310000.0,566716000.0,545184000.0,1.17,1.17,1.17,5710038000,,5710038000,25153584725.0,14.0,11.913,389447000.0,1.285,1.0,1565439000.0,0.317,5540459000,21532000.0,5856667000,,2782521000,0,0,0,5514066000,1987740000,3526326000,22992822725.0,363668000.0,0.0,286000.0,-26553000.0,0.0,-25779000.0,-84750000.0,0.0,474197000.0,0.0,355371000.0,355371000.0,355371000.0,0.0,0.0,0.072,998723000.0,566716000.0,1388154000,0.0,4.027,21.583,21.651,2116075000,0.0,75.78,1.216,1.221,0,2403045000,4939059000.0,4939059000.0,0.0,,,,,9152000.0,998723000.0,1.0,303415449,303106000.0,304433000.0,16.295,5683645000,0,189813000.0,686258000,18.751,1544869000
27,DG,ARQ,2014-09-30,2014-12-04,2014-10-31,2021-08-26,-8153000,10877372000,,3179132000,7698240000,,17.631,-96227000.0,216155000,216155000,3300661000.0,236316000.0,1.581,1.036,2767063000,101041000,2666022000,2767063000,0,86261000.0,0,0.0,0.0,394143000.0,480404000.0,0.102,480404000.0,394143000.0,372308000.0,0.78,0.78,0.78,5343637000,,5343637000,23120151117.0,13.0,11.108,257396000.0,0.849,1.0,1423748000.0,0.301,5541240000,21835000.0,5876194000,,2788996000,0,0,0,5533735000,2010846000,3522889000,20569243117.0,43681000.0,0.0,862000.0,-215242000.0,0.0,-213715000.0,-96227000.0,0.0,353623000.0,0.0,236316000.0,236316000.0,236316000.0,0.0,0.0,0.05,1029605000.0,394143000.0,1394873000,0.0,3.849,19.929,20.357,2120572000,0.0,67.79,1.114,1.113,0,2047674000,4724409000.0,4724409000.0,0.0,,,,,8713000.0,1029605000.0,1.0,303425920,303080000.0,304108000.0,15.588,5336132000,0,135992000.0,641128000,17.606,1168286000
28,DG,ARQ,2014-06-30,2014-08-28,2014-08-01,2021-08-26,-8808000,10825794000,,3140631000,7685163000,,16.818,-106737000.0,172474000,172474000,3268465000.0,251260000.0,1.595,1.124,2982230000,101013000,2881217000,2982230000,0,85340000.0,0,0.0,0.0,428526000.0,513866000.0,0.109,513866000.0,428526000.0,405928000.0,0.83,0.83,0.83,5095993000,,5095993000,22287850205.0,13.0,10.738,128727000.0,0.425,1.0,1455574000.0,0.308,5542493000,22598000.0,6123639000,,2788872000,0,0,0,5729801000,1969418000,3760383000,19478094205.0,6144000.0,0.0,1059000.0,-125238000.0,0.0,-122583000.0,-106737000.0,0.0,235464000.0,0.0,251260000.0,251260000.0,251260000.0,0.0,0.0,0.053,1027048000.0,428526000.0,1395780000,0.0,3.822,18.852,19.514,2106963000,0.0,64.2,1.075,1.073,0,1811358000,4724039000.0,4724039000.0,0.0,,,,,7972000.0,1027048000.0,1.0,303397106,303015000.0,303888000.0,15.59,5283301000,4237000,154668000.0,628239000,17.436,1171213000
29,DG,ARQ,2014-03-31,2014-06-03,2014-05-02,2021-08-26,-9512000,10601884000,,2943346000,7658538000,,15.622,-83985000.0,166330000,166330000,3164335000.0,222398000.0,1.58,1.194,3107393000,100989000,3006404000,3107393000,0,84158000.0,0,0.0,0.0,379708000.0,463866000.0,0.103,463866000.0,379708000.0,357441000.0,0.72,0.72,0.72,4832227000,,4832227000,20050422179.0,12.0,9.746,167475000.0,0.541,1.0,1357746000.0,0.3,5544187000,22267000.0,6135442000,,2605356000,0,0,0,5769657000,1863318000,3906339000,17109359179.0,-339236000.0,0.0,-804675000.0,288566000.0,0.0,-506711000.0,-83985000.0,0.0,251460000.0,0.0,222398000.0,222398000.0,222398000.0,0.0,0.0,0.049,978038000.0,379708000.0,1222680000,0.0,3.541,16.653,17.519,2079832000,0.0,56.41,0.962,0.981,0,1560098000,4522081000.0,4522081000.0,0.0,,,,,-646000.0,978038000.0,1.0,303303655,309331000.0,310295000.0,14.619,5057697000,0,135043000.0,745061000,16.35,1080028000
30,DG,ARQ,2013-12-31,2014-03-20,2014-01-31,2021-08-26,-9910000,10867524000,,3205607000,7661917000,,16.983,193050000.0,505566000,505566000,3059134000.0,322173000.0,1.769,1.012,2818754000,75966000,2742788000,2818754000,0,85165000.0,0,0.0,0.0,538122000.0,623287000.0,0.139,623287000.0,538122000.0,515809000.0,1.0,1.01,1.0,5402193000,,5402193000,20370102281.0,12.0,9.936,645540000.0,2.029,1.0,1434811000.0,0.319,5546234000,22313000.0,5822507000,,2552993000,0,0,0,5465331000,1811971000,3653360000,18056914281.0,339849000.0,0.0,-202287000.0,-106231000.0,0.0,-305691000.0,193050000.0,0.0,452490000.0,0.0,322173000.0,322173000.0,322173000.0,0.0,0.0,0.072,896689000.0,538122000.0,1286484000,0.0,3.343,17.615,18.164,2080305000,0.0,57.58,1.032,1.062,0,2125453000,4493945000.0,4493945000.0,0.0,,,,,1762000.0,896689000.0,1.0,313596983,318089000.0,319102000.0,14.128,5321290000,0,193636000.0,694969000,16.729,1393636000
31,DG,ARQ,2013-09-30,2013-12-05,2013-11-01,2021-08-26,-10331000,10775974000,,2904302000,7871672000,,16.397,-134760000.0,165717000,165717000,3053345000.0,237385000.0,1.657,1.043,2924912000,50945000,2873967000,2924912000,0,84435000.0,0,0.0,0.0,390241000.0,474676000.0,0.108,474676000.0,390241000.0,368717000.0,0.74,0.74,0.74,5274954000,,5274954000,21913656837.0,13.0,10.796,141700000.0,0.44,1.0,1328493000.0,0.303,5548666000,21524000.0,6233454000,,2591552000,0,0,0,5501020000,1753049000,3747971000,19154461837.0,-3503000.0,0.0,-203425000.0,53776000.0,0.0,-145203000.0,-134760000.0,0.0,276460000.0,0.0,237385000.0,237385000.0,237385000.0,0.0,0.0,0.054,938252000.0,390241000.0,1251394000,0.0,3.631,18.772,19.048,2287410000,0.0,59.81,1.112,1.118,0,2000488000,4381838000.0,4381838000.0,0.0,,,,,1083000.0,938252000.0,1.0,320255172,321711000.0,322543000.0,13.62,5227308000,9786000,131332000.0,679035000,16.248,1151253000
32,DG,ARQ,2013-06-30,2013-09-04,2013-08-02,2021-08-26,-10497000,10699630000,,2864743000,7834887000,,16.108,-158691000.0,169220000,169220000,3017361000.0,245475000.0,1.646,1.045,2871065000,25927000,2845138000,2871065000,0,82744000.0,0,0.0,0.0,412822000.0,495566000.0,0.113,495566000.0,412822000.0,392191000.0,0.76,0.75,0.76,5231476000,,5231476000,20950103334.0,13.0,10.523,178198000.0,0.549,1.0,1377290000.0,0.313,5551410000,20631000.0,6109875000,,2533766000,0,0,0,5468154000,1740190000,3727964000,18248258334.0,13694000.0,0.0,-201310000.0,34722000.0,0.0,-164504000.0,-158691000.0,0.0,336889000.0,0.0,245475000.0,245475000.0,245475000.0,0.0,0.0,0.056,964468000.0,412822000.0,1254856000,0.0,3.488,18.42,18.672,2244651000,0.0,56.39,1.086,1.09,0,1960068000,4394651000.0,4394651000.0,0.0,,,,,3449000.0,964468000.0,1.0,323608057,324770000.0,325639000.0,13.532,5148220000,7894000,146716000.0,694333000,15.852,1124553000
33,DG,ARQ,2013-03-31,2013-06-04,2013-05-03,2021-08-26,-11706000,10493697000,,2724476000,7769221000,,15.839,-149577000.0,155526000,155526000,2938585000.0,220083000.0,1.702,1.026,2836212000,909000,2835303000,2836212000,0,80493000.0,0,0.0,0.0,376129000.0,456622000.0,0.108,456622000.0,376129000.0,351613000.0,0.67,0.67,0.67,5178899000,,5178899000,18605184734.0,11.0,9.64,-2351000.0,-0.007,1.0,1295148000.0,0.306,5554588000,24516000.0,6019393000,,2414411000,0,0,0,5314798000,1600402000,3714396000,15924498734.0,14717000.0,0.0,-39371000.0,48023000.0,0.0,17068000.0,-149577000.0,0.0,147226000.0,0.0,220083000.0,220083000.0,220083000.0,0.0,0.0,0.052,900148000.0,395000000.0,1138395000,0.0,3.075,16.6,16.772,2177264000,0.0,48.64,0.974,0.972,0,1911160000,4233733000.0,4233733000.0,0.0,,,,,-16323000.0,900148000.0,1.0,327395122,326975000.0,328132000.0,12.948,4939109000,0,131530000.0,748522000,15.105,1124074000
34,DG,ARQ,2012-12-31,2013-03-25,2013-02-01,2021-08-26,-2938000,10367682000,,2677113000,7690569000,,15.218,-117354000.0,140809000,140809000,2839822000.0,317422000.0,1.54,1.08,2772228000,892000,2771336000,2772228000,0,80513000.0,0,0.0,0.0,522349000.0,602862000.0,0.143,602862000.0,522349000.0,494889000.0,0.97,0.96,0.97,4985330000,,4985330000,19339244852.0,12.0,10.03,323112000.0,0.986,1.0,1367799000.0,0.325,5558132000,27460000.0,5702422000,,2397175000,0,0,0,5382352000,1738547000,3643805000,16707825852.0,-1771000.0,0.0,-75271000.0,-252029000.0,0.0,-324883000.0,-117354000.0,0.0,440466000.0,0.0,317422000.0,317422000.0,317422000.0,0.0,0.0,0.075,845450000.0,522349000.0,1261607000,0.0,3.351,17.538,17.798,2088665000,0.0,51.08,1.043,1.059,0,1710732000,4207621000.0,4207621000.0,0.0,,,,,3890000.0,845450000.0,1.0,327091344,327598000.0,328859000.0,12.844,4809550000,0,177467000.0,765680000,14.681,938566000
35,DG,ARQ,2012-09-30,2012-12-11,2012-11-02,2021-08-26,-4608000,10273677000,,2618192000,7655485000,,14.247,-148920000.0,142580000,142580000,2738524000.0,207685000.0,1.602,1.17,3024258000,891000,3023367000,3024258000,0,76138000.0,0,0.0,0.0,359661000.0,435799000.0,0.11,435799000.0,359661000.0,331935000.0,0.62,0.62,0.62,4734862000,,4734862000,16996594854.0,11.0,8.926,168474000.0,0.507,1.0,1226123000.0,0.309,5561996000,27726000.0,5959520000,,2330436000,0,0,0,5538815000,1633839000,3904976000,14114916854.0,8423000.0,0.0,-319160000.0,133009000.0,0.0,-160051000.0,-148920000.0,0.0,317394000.0,0.0,207685000.0,207685000.0,207685000.0,0.0,0.0,0.052,864734000.0,361389000.0,1199727000,0.0,2.981,15.214,15.558,2047434000,0.0,42.94,0.882,0.892,0,1468534000,3964647000.0,3964647000.0,0.0,,,,,-20967000.0,864734000.0,1.0,328712549,332337000.0,334004000.0,11.93,4711681000,13554000,124250000.0,696692000,14.177,984353000
36,DG,ARQ,2012-06-30,2012-09-05,2012-08-03,2021-08-26,-5171000,10103474000,,2514444000,7589030000,,14.446,-157824000.0,134157000,134157000,2685432000.0,214140000.0,1.647,1.1,2887595000,344000,2887251000,2887595000,0,73989000.0,0,0.0,0.0,360657000.0,434646000.0,0.11,434646000.0,360657000.0,324991000.0,0.64,0.64,0.64,4810410000,,4810410000,19791948509.0,13.0,10.709,23029000.0,0.069,1.0,1263223000.0,0.32,5566088000,35666000.0,5764141000,,2147837000,0,0,0,5293064000,1526683000,3766381000,17038510509.0,1627000.0,0.0,-34100000.0,-27948000.0,0.0,-21402000.0,-157824000.0,0.0,180853000.0,0.0,214140000.0,214140000.0,214140000.0,0.0,0.0,0.054,876009000.0,387214000.0,1143857000,0.0,3.542,19.118,19.341,1972205000,0.0,51.06,1.09,1.088,0,1550438000,3948655000.0,3948655000.0,0.0,,,,,-35181000.0,876009000.0,1.0,333695858,333001000.0,335521000.0,11.858,4537386000,89473000,110851000.0,667732000,13.626,987761000
37,DG,ARQ,2012-03-31,2012-06-04,2012-05-04,2021-08-26,-2662000,9770208000,,2273735000,7496473000,,13.662,-145738000.0,132530000,132530000,2672949000.0,213415000.0,1.611,1.128,2881379000,459000,2880920000,2881379000,0,72271000.0,0,0.0,0.0,382653000.0,454924000.0,0.117,454924000.0,382653000.0,345579000.0,0.64,0.63,0.64,4591432000,,4591432000,18863383872.0,13.0,10.635,46901000.0,0.14,1.0,1228256000.0,0.315,5570455000,37074000.0,5537349000,,2000864000,0,0,0,5178776000,1411253000,3767523000,16114534872.0,6404000.0,0.0,-314321000.0,255235000.0,0.0,-40497000.0,-145738000.0,0.0,192639000.0,0.0,213415000.0,213415000.0,213415000.0,0.0,0.0,0.055,843932000.0,384324000.0,985924000,0.0,3.51,19.577,19.955,1878172000,0.0,48.49,1.056,1.068,0,1336298000,3901205000.0,3901205000.0,0.0,,,,,-13830000.0,843932000.0,1.0,332326972,336080000.0,339490000.0,11.608,4199753000,5210000,132164000.0,714053000,12.496,862482000
38,DG,ARQ,2011-12-31,2012-03-22,2012-02-03,2021-08-26,-5191000,9688520000,,2275074000,7413446000,,13.734,-151465000.0,126126000,126126000,2838704000.0,292510000.0,1.507,1.075,2618481000,590000,2617891000,2618481000,0,70637000.0,0,0.0,0.0,508225000.0,578862000.0,0.138,578862000.0,508225000.0,468120000.0,0.86,0.85,0.86,4668495000,,4668495000,18091881814.0,13.0,10.607,294516000.0,0.866,1.0,1346369000.0,0.322,5574543000,40105000.0,5096430000,,2009206000,0,0,0,5020025000,1509902000,3510123000,15599526814.0,7546000.0,0.0,-200628000.0,-103343000.0,0.0,-286970000.0,-151465000.0,0.0,445981000.0,0.0,292510000.0,292510000.0,292510000.0,0.0,0.0,0.07,838129000.0,508240000.0,1064087000,0.0,3.341,20.347,20.507,1794960000,0.0,46.14,1.054,1.063,0,1416918000,4185073000.0,4185073000.0,0.0,,,,,-12720000.0,838129000.0,1.0,338091175,339926000.0,343674000.0,12.312,4113977000,0,175610000.0,705146000,12.103,765172000
39,DG,ARQ,2011-09-30,2011-12-05,2011-10-28,2021-08-26,-7876000,9735882000,,2392855000,7343027000,,13.318,-144720000.0,118580000,118580000,2479422000.0,171164000.0,1.522,1.138,2721824000,763000,2721061000,2721824000,0,68900000.0,0,0.0,0.0,310874000.0,379774000.0,0.106,379774000.0,310874000.0,272232000.0,0.5,0.5,0.5,4554012000,,4554012000,16492310790.0,12.0,10.306,61340000.0,0.179,1.0,1115802000.0,0.31,5579322000,38642000.0,5187583000,,2089722000,0,0,0,5181870000,1572221000,3609649000,13889066790.0,5530000.0,0.0,-12914000.0,-58547000.0,0.0,-55810000.0,-144720000.0,0.0,206060000.0,0.0,171164000.0,171164000.0,171164000.0,0.0,0.0,0.048,804885000.0,310917000.0,1132544000,0.0,3.05,19.935,19.892,1716797000,0.0,40.58,0.984,0.984,0,1305107000,3595224000.0,3595224000.0,0.0,,,,,-11480000.0,804885000.0,1.0,342263844,341955000.0,345777000.0,10.514,4156560000,48807000,101068000.0,671266000,12.155,820634000
40,DG,ARQ,2011-06-30,2011-08-30,2011-07-29,2021-08-26,-10982000,9529103000,,2272781000,7256322000,,12.806,-126059000.0,113050000,113050000,2426852000.0,146042000.0,1.488,1.179,2780371000,963000,2779408000,2780371000,0,68385000.0,0,0.0,0.0,291816000.0,360201000.0,0.101,360201000.0,291816000.0,231163000.0,0.43,0.42,0.43,4373564000,,4373564000,14880515941.0,12.0,9.599,48808000.0,0.143,1.0,1148342000.0,0.321,5584362000,60653000.0,5085111000,,1973863000,0,0,0,5155539000,1526951000,3628588000,12213194941.0,-489413000.0,0.0,-27000.0,-538210000.0,0.0,-538221000.0,-126059000.0,0.0,174867000.0,0.0,146042000.0,146042000.0,146042000.0,0.0,0.0,0.041,798313000.0,350029000.0,1122949000,0.0,2.793,18.684,18.625,1622991000,0.0,35.76,0.889,0.889,0,1133943000,3575194000.0,3575194000.0,0.0,,,,,3263000.0,798313000.0,1.0,341532297,341534000.0,345625000.0,10.468,3944741000,43435000,85121000.0,660450000,11.55,745830000
41,DG,ARQ,2011-03-31,2011-06-01,2011-04-29,2021-08-26,-15595000,9714864000,,2506897000,7207967000,,12.355,-91591000.0,602463000,602463000,2364300000.0,156969000.0,1.807,1.302,3263636000,1039000,3262597000,3263636000,0,67486000.0,0,0.0,0.0,319365000.0,386851000.0,0.112,386851000.0,319365000.0,253774000.0,0.46,0.45,0.46,4219656000,,4219656000,13525416651.0,11.0,8.742,131981000.0,0.386,1.0,1087397000.0,0.315,5589878000,65591000.0,5398929000,,1767121000,0,0,0,5495208000,1387230000,4107978000,10864243651.0,105017000.0,0.0,-247000.0,-27151000.0,0.0,-26964000.0,-91591000.0,0.0,223572000.0,0.0,156969000.0,156969000.0,156969000.0,0.0,0.0,0.045,765779000.0,321618000.0,933710000,0.0,2.575,16.744,16.742,1562596000,0.0,31.81,0.812,0.812,0,987901000,3451697000.0,3451697000.0,0.0,,,,,3085000.0,765779000.0,1.0,341535481,341522000.0,345393000.0,10.107,4124986000,0,96805000.0,678130000,12.078,1119667000
42,DG,ARQ,2010-12-31,2011-03-22,2011-01-28,2021-08-26,-20296000,9546222000,,2367825000,7178397000,,11.879,-160572000.0,497446000,497446000,2355951000.0,222546000.0,1.734,1.354,3288227000,1157000,3287070000,3288227000,0,65188000.0,0,0.0,0.0,408225000.0,473413000.0,0.136,473413000.0,408225000.0,342596000.0,0.65,0.64,0.65,4054479000,,4054479000,13323315101.0,11.0,8.799,265490000.0,0.778,1.0,1130153000.0,0.324,5595511000,65629000.0,5376119000,,1765433000,0,0,0,5491743000,1365373000,4126370000,10532534101.0,259540000.0,0.0,-12916000.0,-526000.0,0.0,-5950000.0,-160572000.0,0.0,426062000.0,0.0,222546000.0,222546000.0,222546000.0,0.0,0.0,0.064,721902000.0,408251000.0,953641000,0.0,2.598,16.775,16.761,1524575000,0.0,30.84,0.808,0.807,0,830932000,3486104000.0,3486104000.0,0.0,,,,,-3156000.0,721902000.0,1.0,341521858,341305000.0,345316000.0,10.214,3950711000,0,120050000.0,661399000,11.575,1002452000
43,DG,ARQ,2010-09-30,2010-12-06,2010-10-29,2021-08-26,-26755000,9349574000,,2272758000,7076816000,,11.193,-95861000.0,237906000,237906000,2212759000.0,128120000.0,1.612,1.449,3288265000,1358000,3286907000,3288265000,0,63583000.0,0,0.0,0.0,266112000.0,329695000.0,0.102,329695000.0,266112000.0,198877000.0,0.38,0.37,0.38,3817390000,,3817390000,13621097584.0,13.0,10.268,27878000.0,0.082,1.0,1010668000.0,0.314,5601423000,67235000.0,5388195000,,1885753000,0,0,0,5532184000,1410315000,4121869000,10570738584.0,-43515000.0,0.0,98000.0,-72517000.0,0.0,-71393000.0,-95861000.0,0.0,123739000.0,0.0,128120000.0,128120000.0,128120000.0,0.0,0.0,0.04,736334000.0,274334000.0,971538000,0.0,2.769,21.463,21.372,1414700000,0.0,30.99,0.83,0.83,0,608386000,3223427000.0,3223427000.0,0.0,,,,,2228000.0,736334000.0,1.0,341101600,341062000.0,344739000.0,9.451,3748151000,27677000,70757000.0,624179000,10.99,862443000
44,DG,ARQ,2010-06-30,2010-08-31,2010-07-30,2021-08-26,-29667000,9179474000,,2134684000,7044790000,,10.8,-71774000.0,281421000,281421000,2178176000.0,141195000.0,1.618,1.492,3352402000,1595000,3350807000,3352402000,0,62904000.0,0,0.0,0.0,294263000.0,357167000.0,0.111,357167000.0,294263000.0,224933000.0,0.41,0.41,0.41,3682844000,,3682844000,12384744183.0,12.0,9.709,116136000.0,0.341,1.0,1035979000.0,0.322,5607579000,69330000.0,5323716000,,1738439000,0,0,0,5496630000,1319160000,4177470000,9313763183.0,58712000.0,0.0,-331000.0,-57674000.0,0.0,-57424000.0,-71774000.0,0.0,187910000.0,0.0,141195000.0,141195000.0,141195000.0,0.0,0.0,0.044,735222000.0,300757000.0,941742000,0.0,2.529,21.166,20.847,1377630000,0.0,27.31,0.749,0.749,0,480266000,3214155000.0,3214155000.0,0.0,,,,,2806000.0,735222000.0,1.0,341038564,341001000.0,344746000.0,9.426,3571895000,0,83738000.0,586464000,10.475,815524000
45,DG,ARQ,2010-03-31,2010-06-08,2010-04-30,2021-08-26,-29771000,8977076000,,1938578000,7038498000,,10.377,-90740000.0,222709000,222709000,2111558000.0,135996000.0,1.607,1.538,3403434000,3547000,3399887000,3403434000,0,63252000.0,0,0.0,0.0,290584000.0,353836000.0,0.114,353836000.0,290584000.0,218566000.0,0.4,0.39,0.4,3536526000,,3536526000,13352876975.0,14.0,10.939,-3767000.0,-0.011,1.0,999756000.0,0.321,5614762000,72018000.0,5336999000,,1604754000,0,0,0,5440550000,1206040000,4234510000,10172151975.0,633000.0,0.0,57000.0,-463000.0,0.0,4400000.0,-90740000.0,0.0,86973000.0,0.0,135996000.0,135996000.0,135996000.0,0.0,0.0,0.044,709033000.0,290723000.0,789274000,0.0,2.876,25.921,,1360868000,0.0,29.83,0.839,0.838,0,339071000,3111314000.0,3111314000.0,0.0,,,,,173000.0,709033000.0,1.0,341004089,340819000.0,344397000.0,9.129,3362314000,0,82570000.0,620978000,9.865,732538000
46,DG,ARQ,2009-12-31,2010-03-31,2010-01-29,2021-08-26,-34167000,8863519000,,1845449000,7018070000,,10.05,-61869000.0,222076000,222076000,2160396000.0,87197000.0,1.53,1.614,3403386000,3671000,3399715000,3403386000,0,62726000.0,0,0.0,0.0,223185000.0,285911000.0,0.09,285911000.0,223185000.0,144233000.0,0.26,0.25,0.26,3390298000,,3390298000,11786939149.0,13.0,10.208,215647000.0,0.639,1.0,1025389000.0,0.322,5622872000,78952000.0,5215457000,,1519578000,0,0,0,5473221000,1206500000,4266721000,8605629149.0,-114943000.0,0.0,441667000.0,-777339000.0,0.0,-330590000.0,-61869000.0,0.0,277516000.0,0.0,87197000.0,87197000.0,87197000.0,0.0,0.0,0.027,746456000.0,278933000.0,830953000,0.0,2.538,25.352,24.048,1328386000,0.0,25.25,0.73,0.691,0,203075000,3185785000.0,3185785000.0,0.0,,,,,2964000.0,746456000.0,1.0,340816996,337355000.0,340982000.0,9.443,3240647000,7543000,57036000.0,575758000,9.606,638949000
47,DG,ARQ,2009-09-30,2009-12-10,2009-10-30,2021-08-26,-36605000,9132532000,,2117314000,7015218000,,8.981,-79194000.0,337019000,337019000,2025669000.0,75649000.0,1.615,2.198,4132014000,26762000,4105252000,4132014000,0,62977000.0,0,0.0,0.0,215752000.0,278729000.0,0.095,278729000.0,215752000.0,128140000.0,0.24,0.24,0.24,2855414000,,2855414000,11866935458.0,13.0,10.237,68068000.0,0.214,1.0,903082000.0,0.308,5631869000,87612000.0,5984725000,,1680273000,0,0,0,6277118000,1310933000,4966185000,8071940458.0,-178356000.0,0.0,-353000.0,-6386000.0,-239731000.0,-246424000.0,-79194000.0,0.0,147262000.0,0.0,75649000.0,75649000.0,75649000.0,0.0,0.0,0.026,686843000.0,216239000.0,852988000,0.0,2.827,24.16,,1305858000,0.0,23.7,0.705,0.658,0,115878000,2928751000.0,2928751000.0,0.0,,,,,3097000.0,686843000.0,1.0,340588205,317945000.0,320558000.0,9.212,3500663000,31268000,52491000.0,597017000,11.01,806381000
48,DG,ARQ,2009-06-30,2009-09-10,2009-07-31,2021-08-26,-36623000,9139944000,,2145779000,6994165000,,8.857,-55310000.0,515375000,515375000,1995865000.0,93590000.0,1.841,2.03,4137820000,26797000,4111023000,4137820000,0,66537000.0,0,,0.0,235627000.0,302164000.0,0.104,302164000.0,235627000.0,145682000.0,,,,3016538000,,3016538000,,,,79662000.0,0.234,1.0,906042000.0,0.312,5641785000,89945000.0,5954779000,,1552586000,0,0,0,6123406000,1165825000,4957581000,,80791000.0,0.0,323000.0,544000.0,0.0,1129000.0,-55310000.0,0.0,134972000.0,0.0,93590000.0,93590000.0,93590000.0,0.0,0.0,0.032,672825000.0,233217000.0,800308000,,,,,1273452000,0.0,,,,0,279960000,2901907000.0,2901907000.0,0.0,,,,,2906000.0,672825000.0,1.0,340588205,340588205.0,,8.52,3498159000,5450000,52092000.0,584887000,10.271,979954000
49,DG,ARQ,2009-03-31,2009-06-02,2009-05-01,2021-08-26,-40426000,8978801000,,1962148000,7016653000,,8.565,-51673000.0,434584000,434584000,1924579000.0,83006000.0,1.796,2.079,4136716000,19526000,4117190000,4136716000,0,64531000.0,0,,0.0,223296000.0,287827000.0,0.104,287827000.0,223296000.0,134061000.0,,,,2916585000,,2916585000,,,,57220000.0,0.168,1.0,855358000.0,0.308,5653014000,89235000.0,5935257000,,1454692000,0,0,0,6062216000,1092662000,4969554000,,56589000.0,0.0,368000.0,-999000.0,0.0,-631000.0,-51673000.0,0.0,108893000.0,0.0,83006000.0,83006000.0,83006000.0,0.0,0.0,0.03,630489000.0,224869000.0,700438000,,,,,1280835000,0.0,,,,0,186370000,2779937000.0,2779937000.0,0.0,,,,,2938000.0,630489000.0,1.0,340517403,340517403.0,,8.164,3325787000,3479000,51055000.0,594074000,9.767,869486000
50,DG,ARQ,2008-12-31,2009-03-24,2009-01-30,2021-08-26,-39430000,8889199000,,1870125000,7019074000,,8.317,-45542000.0,377995000,377995000,2008150000.0,81854000.0,1.739,2.139,4137114000,14158000,4122956000,4137114000,0,63744000.0,0,,0.0,226740000.0,290484000.0,0.102,290484000.0,226740000.0,133506000.0,,,,2831695000,,2831695000,,,,268494000.0,0.789,1.0,837698000.0,0.294,5664147000,93234000.0,5908936000,,1414955000,0,0,0,6057504000,1075235000,4982269000,,227405000.0,0.0,-261000.0,-41202000.0,0.0,-41089000.0,-45542000.0,0.0,314036000.0,0.0,81854000.0,81854000.0,81854000.0,0.0,0.0,0.029,614572000.0,223126000.0,678421000,,,,,1268960000,0.0,,,,0,103364000,2845848000.0,2845848000.0,0.0,,,,,2378000.0,617072000.0,1.0,340462484,340462484.0,,8.359,3225052000,10992000,51652000.0,563712000,9.473,794890000
51,DG,ARQ,2008-09-30,2008-12-03,2008-10-31,2021-08-26,-23055000,8940101000,,1886297000,7053804000,,8.122,-79321000.0,150590000,150590000,1826651000.0,-7306000.0,1.582,2.235,4180922000,8455000,4172467000,4180922000,0,62132000.0,0,,0.0,104085000.0,166217000.0,0.064,166217000.0,104085000.0,5692000.0,,,,2763464000,,2763464000,,,,-114703000.0,-0.337,1.0,772287000.0,0.297,5673926000,98393000.0,6103850000,,1619922000,0,0,0,6176637000,1192657000,4983980000,,-111040000.0,0.0,1993000.0,-1028000.0,0.0,1066000.0,-76724000.0,2597000.0,-35382000.0,0.0,-7306000.0,-7306000.0,-7306000.0,0.0,0.0,-0.003,668555000.0,103732000.0,720126000,,,,,1288848000,0.0,,,,0,21510000,2598938000.0,2598938000.0,0.0,,,,,2589000.0,634055000.0,1.0,340247403,340247403.0,,7.638,3266175000,42986000,12998000.0,566753000,9.599,693640000
52,DG,ARQ,2008-06-30,2008-09-03,2008-08-01,2021-08-26,-24331000,8909790000,,1852801000,7056989000,,8.132,-44138000.0,261630000,261630000,1851349000.0,27718000.0,1.591,2.22,4180609000,2999000,4177610000,4180609000,0,60617000.0,0,,0.0,143980000.0,204597000.0,0.078,204597000.0,143980000.0,44546000.0,,,,2766803000,,2766803000,,,,100825000.0,0.296,1.0,758035000.0,0.291,5692878000,99434000.0,5971174000,,1490063000,2597000,2597000,0,6142987000,1164717000,4978270000,,145726000.0,0.0,-503000.0,-1150000.0,0.0,-1073000.0,1836000.0,45974000.0,144963000.0,0.0,27718000.0,27718000.0,27718000.0,0.0,0.0,0.011,614980000.0,143055000.0,818246000,,,,,1266722000,0.0,,,,0,28816000,2609384000.0,2609384000.0,0.0,,,,,1695000.0,614980000.0,1.0,340247403,340247403.0,,7.669,3216912000,30224000,16828000.0,485611000,9.455,688084000
53,DG,ARQ,2008-03-31,2008-06-16,2008-05-02,2021-08-26,-30639000,8662999000,,1595140000,7067859000,,8.031,-35279000.0,115904000,115904000,1710421000.0,5916000.0,1.671,2.173,4178951000,2830000,4176121000,4178951000,0,61406000.0,0,,0.0,111530000.0,172936000.0,0.072,172936000.0,111530000.0,10659000.0,,,,2730607000,,2730607000,,,,116282000.0,0.342,1.0,693077000.0,0.288,5704020000,100871000.0,6067286000,,1317097000,48571000,48571000,0,5932392000,954740000,4977652000,,15695000.0,0.0,-10000.0,-103545000.0,0.0,-103660000.0,-32206000.0,3073000.0,151561000.0,0.0,5916000.0,5916000.0,5916000.0,0.0,0.0,0.002,582504000.0,110573000.0,592071000,,,,,1250570000,0.0,,,,0,1097000,2403498000.0,2403498000.0,0.0,,,,,2346000.0,582504000.0,1.0,340004609,340004609.0,,7.069,2958979000,49060000,4743000.0,492959000,8.703,640400000
54,DG,ARQ,2007-12-31,2008-03-28,2008-02-01,2021-08-26,-49112000,8656431000,,1517744000,7138687000,,7.952,,100209000,100209000,,,1.768,2.201,4282002000,3246000,4278756000,4282002000,0,,0,,0.0,,,,,,,,,,2703873000,,2703873000,,,,,,1.0,,,5715487000,,6264496000,,1288661000,19611000,19611000,0,5952558000,858241000,5094317000,,,,,,,,,,,,,,,,,,,,551040000,,,,,1274245000,,,,,0,-4818000,,,,,,,,,,1.0,340005833,340005833.0,,,2940944000,49798000,,489724000,8.65,659503000
0,DG,ART,2021-06-30,2021-08-26,2021-07-30,2021-08-26,-1678000,25487808000,25685143000.0,5992718000,19495090000,1.311,26.124,-1118455000.0,313666000,313666000,22867049000.0,2531771000.0,1.094,3.153,13946322000,1127841000,12818481000,13946322000,0,608302000.0,0,0.007,1.56,3403772000.0,4012074000.0,0.119,4012074000.0,3403772000.0,3243384000.0,10.51,10.44,10.51,6137135000,6508454250.0,6137135000,68399896573.0,20.0,17.049,1167913000.0,4.971,1.0,10798262000.0,0.321,5538399000,160388000.0,28102981000,27086708000.0,5279273000,0,0,0,19350673000,5479084000,13871589000,54767240573.0,-2645938000.0,0.0,-3451947000.0,11861000.0,-373765000.0,-3813851000.0,-1118455000.0,0.0,2286368000.0,0.0,2531771000.0,2531771000.0,2531771000.0,0.0,0.0,0.075,7394490000.0,3403772000.0,3369984000,0.148,8.924,21.632,22.335,13909274000,0.0,234.74,1.627,1.638,0,2429821000,33665311000.0,33665311000.0,0.0,0.099,0.389,0.126,0.101,74035000.0,7394490000.0,1.0,233310218,234924000.0,236406000.0,143.303,19949409000,127011000,711613000.0,789711000,84.919,513634000
1,DG,ART,2021-03-31,2021-05-27,2021-04-30,2021-08-26,-1921000,25236698000,25775049250.0,6041745000,19194953000,1.307,26.2,-1106865000.0,688055000,688055000,22820516000.0,2682353000.0,1.137,3.038,13731521000,1101369000,12630152000,13731521000,0,590728000.0,0,0.007,1.5,3596831000.0,4187559000.0,0.124,4187559000.0,3596831000.0,3436547000.0,10.95,10.87,10.95,6249925000,6813188250.0,6249925000,61321506101.0,17.0,14.644,1735959000.0,7.277,1.0,10878838000.0,0.323,5538429000,160284000.0,27426337000,26352897500.0,5099465000,0,0,0,18986773000,5315398000,13671375000,48278040101.0,-1985857000.0,0.0,-3350886000.0,-5838000.0,-365141000.0,-3721816000.0,-1106865000.0,0.0,2842824000.0,0.0,2682353000.0,2682353000.0,2682353000.0,0.0,0.0,0.08,7282007000.0,3596831000.0,3294423000,0.137,7.725,17.998,18.666,13614144000,0.0,204.39,1.433,1.447,0,2588006000,33699354000.0,33699354000.0,0.0,0.104,0.394,0.136,0.107,73174000.0,7282007000.0,1.0,236205490,238548000.0,240301000.0,141.269,19698269000,16637000,754194000.0,827383000,82.576,726347000
2,DG,ART,2020-12-31,2021-03-19,2021-01-29,2021-08-26,-2163000,25862624000,25677953000.0,6914219000,18948405000,1.314,26.841,-1024910000.0,1376577000,1376577000,23027977000.0,2655050000.0,1.211,2.883,13590442000,1074079000,12516363000,13590442000,0,574237000.0,0,0.008,1.44,3554765000.0,4129002000.0,0.122,4129002000.0,3554765000.0,3404380000.0,10.7,10.62,10.7,6661238000,7053070500.0,6661238000,57142906241.0,16.0,13.839,2851249000.0,11.489,1.0,10718862000.0,0.318,5538459000,150385000.0,26827247000,25673372500.0,5247477000,0,0,0,19201386000,5710783000,13490603000,44929041241.0,1136257000.0,0.0,-2409967000.0,1064475000.0,-355926000.0,-1714992000.0,-1024910000.0,0.0,3876159000.0,0.0,2655050000.0,2655050000.0,2655050000.0,0.0,0.0,0.079,7164097000.0,3554765000.0,3614089000,0.135,6.745,16.922,17.55,13373327000,0.0,187.78,1.331,1.381,0,3006102000,33746839000.0,33746839000.0,0.0,0.103,0.376,0.138,0.105,68609000.0,7164097000.0,1.0,239264252,248171000.0,250076000.0,135.982,20324165000,90760000,749330000.0,726612000,81.896,1203436000
3,DG,ART,2020-09-30,2020-12-03,2020-10-30,2021-08-26,-2406000,26153442000,24918568000.0,7533432000,18620010000,1.304,28.266,-962355000.0,2199443000,2199443000,22235027000.0,2547744000.0,1.28,2.744,13460968000,1044368000,12416600000,13460968000,0,556892000.0,0,0.007,1.4,3403416000.0,3960308000.0,0.122,3960308000.0,3403416000.0,3267732000.0,10.16,10.09,10.16,6985519000,7063386000.0,6985519000,63811768684.0,19.0,16.113,2998073000.0,12.132,1.0,10254930000.0,0.316,5538489000,135684000.0,25990267000,25016333250.0,5025810000,0,0,0,19167923000,5886211000,13281712000,52550243684.0,1923367000.0,0.0,-1926421000.0,1214711000.0,-349422000.0,-1074706000.0,-962355000.0,0.0,3960428000.0,0.0,2547744000.0,2547744000.0,2547744000.0,0.0,0.0,0.078,6851514000.0,3403416000.0,3770528000,0.138,7.523,20.626,21.111,13045157000,0.0,214.49,1.617,1.631,0,3346821000,32489957000.0,32489957000.0,0.0,0.102,0.361,0.136,0.105,64350000.0,6851514000.0,1.0,245000903,247131000.0,249063000.0,131.469,20614953000,111139000,719988000.0,697407000,83.417,1647221000
4,DG,ART,2020-06-30,2020-08-27,2020-07-31,2021-08-26,-2649000,25847433000,23983405000.0,7597408000,18250025000,1.304,29.391,-914008000.0,2959604000,2959604000,21529949000.0,2339034000.0,1.404,2.514,13229618000,1015733000,12213885000,13229618000,0,537513000.0,0,0.007,1.36,3121703000.0,3659216000.0,0.117,3659216000.0,3121703000.0,3002053000.0,9.27,9.2,9.27,7356071000,6979080000.0,7356071000,60410458755.0,19.0,16.509,3100804000.0,12.389,1.0,9751776000.0,0.312,5538520000,119650000.0,25167739000,24389891500.0,4391157000,0,0,0,18491362000,5411188000,13080174000,50140444755.0,2700036000.0,0.0,-1448957000.0,1406138000.0,-342700000.0,-400768000.0,-914008000.0,0.0,4014812000.0,0.0,2339034000.0,2339034000.0,2339034000.0,0.0,0.0,0.075,6630073000.0,3121703000.0,3400642000,0.147,6.816,21.436,21.72,12675787000,0.0,201.34,1.603,1.611,0,3758995000,31281725000.0,31281725000.0,0.0,0.098,0.335,0.128,0.1,58561000.0,6630073000.0,1.0,249033698,250281000.0,252190000.0,124.986,20308913000,36176000,663019000.0,706139000,81.144,2186220000
5,DG,ART,2020-03-31,2020-05-28,2020-05-01,2021-08-26,-2892000,24848313000,23000929000.0,6992483000,17855830000,1.286,28.634,-833149000.0,2673912000,2673912000,20496760000.0,1977988000.0,1.444,2.447,12915614000,991634000,11923980000,12915614000,0,519974000.0,0,0.007,1.32,2656851000.0,3176825000.0,0.107,3176825000.0,2656851000.0,2551717000.0,7.77,7.73,7.77,7209454000,6827352250.0,7209454000,56586207753.0,21.0,17.812,2566980000.0,10.195,1.0,9082477000.0,0.307,5538550000,105134000.0,24708237000,23792200500.0,4107331000,0,0,0,17638859000,4843228000,12795631000,46344505753.0,2402801000.0,0.0,-1060672000.0,1247220000.0,-335429000.0,-164179000.0,-833149000.0,0.0,3400129000.0,0.0,1977988000.0,1977988000.0,1977988000.0,0.0,0.0,0.067,6425626000.0,2656851000.0,2954361000,0.17,6.428,23.43,23.695,12280946000,0.0,184.11,1.567,1.567,0,3659804000,29579237000.0,29579237000.0,0.0,0.086,0.29,0.112,0.09,53926000.0,6425626000.0,1.0,251721828,251780000.0,253627000.0,117.48,19309763000,17191000,573729000.0,805963000,76.693,2149255000
6,DG,ART,2019-12-31,2020-03-19,2020-01-31,2021-08-26,-3135000,22825084000,22114921750.0,5177868000,17647216000,1.255,26.125,-782485000.0,240320000,240320000,19264912000.0,1712555000.0,1.14,2.405,11696481000,965360000,10731121000,11696481000,0,504804000.0,0,0.009,1.28,2302304000.0,2807108000.0,0.101,2807108000.0,2302304000.0,2201730000.0,6.68,6.64,6.68,6702500000,6668156000.0,6702500000,47483768616.0,21.0,16.916,1455513000.0,5.673,1.0,8489061000.0,0.306,5538595000,100574000.0,24199090000,23216085750.0,4676848000,0,0,0,16122584000,4543560000,11579024000,36027607616.0,4833000.0,0.0,-1178272000.0,56835000.0,-327568000.0,-1450680000.0,-782485000.0,0.0,2237998000.0,0.0,1712555000.0,1712555000.0,1712555000.0,0.0,0.0,0.062,6186757000.0,2302304000.0,2860682000,0.192,5.375,21.037,21.407,12074542000,0.0,143.0,1.298,1.322,0,3162660000,27753973000.0,27753973000.0,0.0,0.077,0.257,0.099,0.083,48589000.0,6186757000.0,1.0,251941312,256553000.0,258053000.0,108.18,17286489000,76537000,489175000.0,683589000,67.38,634308000
7,DG,ART,2019-09-30,2019-12-05,2019-11-01,2021-08-26,-3378000,22412790000,19709660250.0,5068542000,17344248000,1.382,25.966,-698663000.0,276076000,276076000,18958153000.0,1660359000.0,1.125,2.371,11392472000,941059000,10451413000,11392472000,0,490149000.0,0,0.008,1.25,2219932000.0,2710081000.0,0.099,2710081000.0,2219932000.0,2119864000.0,6.41,6.38,6.41,6648295000,6596879250.0,6648295000,50604877249.0,23.0,18.673,1591880000.0,6.217,1.0,8287987000.0,0.304,5538648000,100068000.0,23484500000,18985957750.0,4496377000,0,0,0,15764495000,4506038000,11258457000,39488481249.0,15388000.0,0.0,-1120977000.0,-131769000.0,-322071000.0,-1576492000.0,-698663000.0,0.0,2290543000.0,0.0,1660359000.0,1660359000.0,1660359000.0,0.0,0.0,0.061,6068055000.0,2219932000.0,2844171000,0.195,5.94,23.783,24.197,11770451000,0.0,155.1,1.449,1.458,0,3120738000,27246140000.0,27246140000.0,0.0,0.084,0.252,0.117,0.081,45293000.0,6068055000.0,1.0,254600137,256041000.0,257699000.0,106.413,16874142000,103188000,459505000.0,637382000,65.904,562504000
8,DG,ART,2019-06-30,2019-08-29,2019-08-02,2021-08-26,-3621000,21917529000,17386718000.0,4919138000,16998391000,1.534,26.181,-653577000.0,259568000,259568000,18554249000.0,1628951000.0,1.141,2.247,10969984000,915630000,10054354000,10969984000,0,478531000.0,0,0.008,1.22,2170658000.0,2649189000.0,0.099,2649189000.0,2170658000.0,2070268000.0,6.24,6.22,6.24,6749160000,6523777500.0,6749160000,50836206323.0,23.0,19.189,1523205000.0,5.909,1.0,8117960000.0,0.304,5538700000,100390000.0,22776975000,14925747750.0,4419628000,0,0,0,15168369000,4312270000,10856099000,40125790323.0,-5720000.0,0.0,-1015192000.0,-196782000.0,-316951000.0,-1528925000.0,-653577000.0,0.0,2176782000.0,0.0,1628951000.0,1628951000.0,1628951000.0,0.0,0.0,0.061,5947302000.0,2170658000.0,2727079000,0.196,5.945,24.633,25.014,11425752000,0.0,156.09,1.504,1.509,0,3234944000,26672209000.0,26672209000.0,0.0,0.094,0.25,0.145,0.081,43605000.0,5947302000.0,1.0,257068296,257793000.0,259102000.0,103.464,16378829000,61692000,441317000.0,631075000,63.535,606868000
9,DG,ART,2019-03-31,2019-05-30,2019-05-03,2021-08-26,-3864000,21304284000,15143323000.0,4583769000,16720515000,1.726,25.375,-711908000.0,271111000,271111000,18189868000.0,1609633000.0,1.158,2.241,10866074000,895024000,9971050000,10866074000,0,467284000.0,0,0.009,1.19,2137340000.0,2604624000.0,0.1,2604624000.0,2137340000.0,2036309000.0,6.12,6.09,6.12,6572669000,6431223000.0,6572669000,43401959616.0,20.0,16.663,1457189000.0,5.626,1.0,7943897000.0,0.304,5538753000,101031000.0,22403778000,10982235500.0,4109759000,0,0,0,14731615000,3956716000,10774899000,32806996616.0,-12859000.0,0.0,-1033570000.0,-124916000.0,-311622000.0,-1470048000.0,-711908000.0,0.0,2169097000.0,0.0,1609633000.0,1609633000.0,1609633000.0,0.0,0.0,0.062,5805538000.0,2138359000.0,2452898000,0.194,4.991,20.382,20.752,11148751000,0.0,127.0,1.255,1.259,0,3074584000,26133765000.0,26133765000.0,0.0,0.106,0.25,0.195,0.082,42104000.0,5805538000.0,1.0,258322808,259021000.0,260265000.0,100.894,15765531000,25164000,426676000.0,678651000,60.866,627053000
10,DG,ART,2018-12-31,2019-03-22,2019-02-01,2021-08-26,-3207000,13204038000,12940559500.0,4663020000,8541018000,1.98,24.202,-731603000.0,235487000,235487000,17821173000.0,1589472000.0,1.546,1.058,2864690000,1950000,2862740000,2864690000,0,454134000.0,0,0.01,1.16,2115287000.0,2569421000.0,0.1,2569421000.0,2115287000.0,2015416000.0,5.99,5.97,5.99,6417393000,6347135250.0,6417393000,33114876553.0,16.0,12.888,1411947000.0,5.325,1.0,7803870000.0,0.305,5538806000,99871000.0,7278578000,7133628500.0,4097004000,0,0,0,6786645000,3015857000,3770788000,30485673553.0,-31954000.0,0.0,-991868000.0,-141126000.0,-306523000.0,-1443901000.0,-731603000.0,0.0,2143550000.0,0.0,1589472000.0,1589472000.0,1589472000.0,0.0,0.0,0.062,5687564000.0,2116306000.0,2385469000,0.194,4.75,19.18,19.611,2970806000,0.0,117.47,1.19,1.216,0,2941107000,25625043000.0,25625043000.0,0.0,0.123,0.25,0.297,0.083,40879000.0,5687564000.0,1.0,259518801,265155000.0,266105000.0,96.642,7665232000,57804000,425944000.0,619720000,28.908,1647163000
11,DG,ART,2018-09-30,2018-12-04,2018-11-02,2021-08-26,-3451000,13121021000,12768777750.0,4630344000,8490677000,1.966,24.031,-706498000.0,260688000,260688000,17407086000.0,1818386000.0,1.553,1.064,2904368000,1929000,2902439000,2904368000,0,442023000.0,0,0.011,1.13,2100230000.0,2542253000.0,0.101,2542253000.0,2100230000.0,2001131000.0,6.77,6.75,6.77,6355888000,6274230500.0,6355888000,30009938857.0,14.0,11.804,1466847000.0,5.546,1.0,7697579000.0,0.307,5538859000,99099000.0,7243660000,7001867250.0,3979105000,0,0,0,6765133000,2982182000,3782951000,27366258857.0,34496000.0,0.0,-905611000.0,-221131000.0,-301225000.0,-1432351000.0,-706498000.0,0.0,2173345000.0,0.0,1818386000.0,1818386000.0,1818386000.0,0.0,0.0,0.072,5596330000.0,2101249000.0,2336772000,0.167,4.306,15.05,15.377,2921943000,0.0,104.1,1.09,1.097,0,2890147000,25104665000.0,25104665000.0,0.0,0.142,0.29,0.3,0.084,40566000.0,5596330000.0,1.0,262884331,264490000.0,265522000.0,94.917,7582162000,114647000,182745000.0,587903000,28.667,1648162000
12,DG,ART,2018-06-30,2018-08-30,2018-08-03,2021-08-26,-3695000,12943949000,12582211500.0,4517826000,8426123000,1.954,23.94,-700940000.0,265288000,265288000,17021833000.0,1736777000.0,1.55,1.029,2778720000,1909000,2776811000,2778720000,0,428126000.0,0,0.01,1.1,2075518000.0,2503644000.0,0.102,2503644000.0,2075518000.0,1977010000.0,6.44,6.42,6.44,6378942000,6121297250.0,6378942000,30569796810.0,15.0,12.21,1412227000.0,5.3,1.0,7568976000.0,0.308,5538911000,98508000.0,7002926000,6889149250.0,3896432000,0,0,0,6565007000,2915544000,3649463000,28056364810.0,51115000.0,0.0,-748467000.0,-312961000.0,-295300000.0,-1361112000.0,-700940000.0,0.0,2113167000.0,0.0,1736777000.0,1736777000.0,1736777000.0,0.0,0.0,0.071,5492439000.0,2076537000.0,2294996000,0.171,4.398,16.154,16.407,2857274000,0.0,105.66,1.141,1.145,0,2928064000,24590809000.0,24590809000.0,0.0,0.138,0.284,0.301,0.084,39263000.0,5492439000.0,1.0,265534401,266457000.0,267226000.0,92.288,7405038000,68353000,240233000.0,576940000,27.791,1602282000
13,DG,ART,2018-03-31,2018-05-31,2018-05-04,2021-08-26,-3938000,12493230000,12376430250.0,4166036000,8327194000,1.937,23.247,-665639000.0,283970000,283970000,16591180000.0,1624323000.0,1.65,1.003,2864386000,1889000,2862497000,2864386000,0,414980000.0,0,0.012,1.07,2024207000.0,2439187000.0,0.102,2439187000.0,2024207000.0,1927402000.0,5.99,5.98,5.99,6236318000,5948335500.0,6236318000,25986346450.0,13.0,10.654,1174655000.0,4.379,1.0,7384625000.0,0.308,5538964000,96805000.0,7009350000,6799737000.0,3594529000,0,0,0,6256912000,2525332000,3731580000,23405930450.0,77993000.0,0.0,-624924000.0,-177936000.0,-289294000.0,-1096662000.0,-665639000.0,0.0,1840294000.0,0.0,1624323000.0,1624323000.0,1624323000.0,0.0,0.0,0.068,5360418000.0,2024207000.0,2018320000,0.179,3.753,14.41,14.604,2758369000,0.0,87.48,0.976,0.979,0,2795620000,23975805000.0,23975805000.0,0.0,0.131,0.273,0.298,0.084,37797000.0,5360418000.0,1.0,267557504,268267000.0,269135000.0,89.373,6954266000,28637000,303079000.0,574902000,25.923,1640704000
14,DG,ART,2017-12-31,2018-03-23,2018-02-02,2021-08-26,-4181000,12516911000,12202211500.0,4247852000,8269059000,1.924,22.459,-645028000.0,267441000,267441000,16249608000.0,1538960000.0,1.433,1.043,3005958000,401345000,2604613000,3005958000,0,404231000.0,0,0.012,1.04,2004316000.0,2408547000.0,0.103,2408547000.0,2004316000.0,1907280000.0,5.64,5.63,5.64,6125774000,5771476250.0,6125774000,26941367484.0,13.0,11.186,1157080000.0,4.242,1.0,7221359000.0,0.308,5539017000,97036000.0,6751533000,6645506750.0,3609025000,0,0,0,6391137000,2964878000,3426259000,24202850484.0,79526000.0,0.0,-571679000.0,-213420000.0,-282931000.0,-1077554000.0,-645028000.0,0.0,1802108000.0,0.0,1538960000.0,1538960000.0,1538960000.0,0.0,0.0,0.066,5213541000.0,2007818000.0,2009771000,0.184,3.951,15.727,15.968,2701282000,0.0,90.06,1.031,1.047,0,2698352000,23470967000.0,23470967000.0,0.0,0.126,0.267,0.302,0.085,34323000.0,5213541000.0,1.0,268741400,272751000.0,273362000.0,86.053,6977894000,108265000,368320000.0,519806000,25.583,1282974000
15,DG,ART,2017-09-30,2017-12-07,2017-11-03,2021-08-26,-4383000,12374756000,11991058250.0,4153334000,8221422000,1.947,21.093,-636981000.0,226192000,226192000,16194074000.0,1240981000.0,1.414,1.154,3121100000,401532000,2719568000,3121100000,0,396116000.0,0,0.011,1.03,2061488000.0,2457604000.0,0.105,2457604000.0,2061488000.0,1963230000.0,4.52,4.51,4.52,5744155000,5591606250.0,5744155000,28250801052.0,14.0,11.495,986526000.0,3.623,1.0,7156708000.0,0.306,5539070000,98258000.0,6792788000,6591087500.0,3597195000,0,0,0,6630601000,2937806000,3692795000,25355893052.0,25956000.0,0.0,-611919000.0,-57307000.0,-281820000.0,-960570000.0,-636981000.0,0.0,1623507000.0,0.0,1240981000.0,1240981000.0,1240981000.0,0.0,0.0,0.053,5091718000.0,2064990000.0,1978032000,0.228,4.414,20.432,20.657,2654936000,0.0,93.37,1.086,1.089,0,2334534000,23350782000.0,23350782000.0,0.0,0.103,0.222,0.313,0.088,34239000.0,5091718000.0,1.0,271563597,272319000.0,272881000.0,85.748,6835686000,99678000,722249000.0,695441000,25.102,1215528000
16,DG,ART,2017-06-30,2017-08-31,2017-08-04,2021-08-26,-4584000,12120824000,11876638250.0,3979991000,8140833000,1.917,20.779,-599257000.0,214173000,214173000,15789443000.0,1223763000.0,1.418,1.131,3084507000,401402000,2683105000,3084507000,0,390605000.0,0,0.014,1.02,2037048000.0,2427653000.0,0.107,2427653000.0,2037048000.0,1938908000.0,4.43,4.42,4.43,5687095000,5496030500.0,5687095000,22698007403.0,11.0,9.35,998680000.0,3.649,1.0,6977762000.0,0.306,5539126000,98140000.0,6645277000,6491007500.0,3463004000,0,0,0,6433729000,2806755000,3626974000,19827673403.0,29140000.0,0.0,-703853000.0,25150000.0,-281313000.0,-969540000.0,-599257000.0,0.0,1597937000.0,0.0,1223763000.0,1223763000.0,1223763000.0,0.0,0.0,0.054,4937212000.0,2040550000.0,1880668000,0.23,3.486,16.202,16.379,2574816000,0.0,72.56,0.871,0.872,0,2286060000,22767205000.0,22767205000.0,0.0,0.103,0.223,0.314,0.089,34318000.0,4937212000.0,1.0,273259005,273690000.0,274132000.0,83.186,6581698000,44255000,715145000.0,663502000,24.048,1173236000
17,DG,ART,2017-03-31,2017-06-01,2017-05-05,2021-08-26,-4789000,11796355000,11750774750.0,3748949000,8047406000,1.9,20.128,-595679000.0,205977000,205977000,15461784000.0,1235498000.0,1.393,1.134,3033278000,401188000,2632090000,3033278000,0,386193000.0,0,0.013,1.01,2052999000.0,2439192000.0,0.109,2439192000.0,2052999000.0,1954255000.0,4.43,4.42,4.43,5528881000,5427597000.0,5528881000,24268963524.0,12.0,9.95,1115871000.0,4.062,1.0,6869007000.0,0.308,5539186000,98744000.0,6392429000,6387572750.0,3300082000,0,0,0,6267474000,2692041000,3575433000,21441662524.0,18290000.0,0.0,-850340000.0,43340000.0,-281121000.0,-1097581000.0,-595679000.0,0.0,1711550000.0,0.0,1235498000.0,1235498000.0,1235498000.0,0.0,0.0,0.055,4812506000.0,2056501000.0,1622776000,0.228,3.878,17.355,17.65,2487292000,0.0,78.19,0.96,0.962,0,2136401000,22330791000.0,22330791000.0,0.0,0.105,0.228,0.321,0.092,35646000.0,4812506000.0,1.0,274225125,274692000.0,275215000.0,81.294,6257169000,10492000,718757000.0,871457000,22.779,1056908000
18,DG,ART,2016-12-31,2017-03-24,2017-02-03,2021-08-26,-4990000,11672298000,11630782000.0,3677771000,7994527000,1.89,19.218,-550936000.0,187915000,187915000,15203960000.0,1251133000.0,1.402,1.159,3211526000,500950000,2710576000,3211526000,0,379931000.0,0,0.011,0.75,2063449000.0,2443380000.0,0.111,2443380000.0,2063449000.0,1965628000.0,4.45,4.43,4.45,5406294000,5392472500.0,5406294000,22137232027.0,11.0,9.06,1054105000.0,3.747,1.0,6782638000.0,0.308,5539248000,97821000.0,6533856000,6431665250.0,3258785000,0,0,0,6266004000,2622805000,3643199000,19113621027.0,29968000.0,0.0,-979364000.0,236362000.0,-281135000.0,-1024137000.0,-550936000.0,0.0,1605041000.0,0.0,1251133000.0,1251133000.0,1251133000.0,0.0,0.0,0.057,4719189000.0,2063449000.0,1557596000,0.169,3.535,15.277,15.613,2434456000,0.0,69.48,0.869,0.889,0,2015867000,21986598000.0,21986598000.0,0.0,0.108,0.232,0.321,0.094,36967000.0,4719189000.0,1.0,275095294,281317000.0,282261000.0,78.156,6133050000,11050000,714495000.0,716234000,21.801,1054966000
19,DG,ART,2016-09-30,2016-12-01,2016-10-28,2021-08-26,-5206000,11917076000,11527178750.0,3968512000,7948564000,1.845,19.119,-518876000.0,200236000,200236000,14700130000.0,1213132000.0,1.341,1.223,3174690000,501480000,2673210000,3174690000,0,371530000.0,0,0.013,0.97,1995260000.0,2366790000.0,0.111,2366790000.0,1995260000.0,1899675000.0,4.25,4.25,4.25,5361852000,5385368000.0,5361852000,23274351825.0,12.0,9.834,1202983000.0,4.29,1.0,6564160000.0,0.309,5539323000,95585000.0,6392468000,6432029500.0,3488247000,0,0,0,6555224000,2959739000,3595485000,20299897825.0,17722000.0,0.0,-958419000.0,63437000.0,-275408000.0,-1185261000.0,-518876000.0,0.0,1721859000.0,0.0,1213132000.0,1213132000.0,1213132000.0,0.0,0.0,0.057,4568900000.0,1995260000.0,1948111000,0.228,3.786,16.733,17.289,2388463000,0.0,73.48,0.955,0.969,0,1977969000,21264290000.0,21264290000.0,0.0,0.105,0.225,0.31,0.094,52204000.0,4568900000.0,1.0,276264260,280441000.0,281283000.0,75.824,6377753000,54586000,686543000.0,642856000,22.742,1008773000
20,DG,ART,2016-06-30,2016-08-25,2016-07-29,2021-08-26,-5406000,11617370000,11369983000.0,3708051000,7909319000,1.848,19.12,-521975000.0,185033000,185033000,14497697000.0,1231138000.0,1.364,1.146,3058012000,501548000,2556464000,3058012000,0,364639000.0,0,0.012,0.94,2025802000.0,2390441000.0,0.114,2390441000.0,2025802000.0,1932700000.0,4.28,4.27,4.28,5413361000,5380803250.0,5413361000,24175662877.0,12.0,10.113,1092295000.0,3.858,1.0,6513612000.0,0.31,5539405000,93102000.0,6231538000,6504209250.0,3270685000,0,0,0,6204009000,2719406000,3484603000,21302683877.0,4508000.0,0.0,-1007888000.0,203617000.0,-269285000.0,-1087787000.0,-521975000.0,0.0,1614270000.0,0.0,1231138000.0,1231138000.0,1231138000.0,0.0,0.0,0.059,4487484000.0,2026128000.0,1720772000,0.22,3.935,17.303,17.666,2349119000,0.0,75.61,1.014,1.019,0,2035101000,21011309000.0,21011309000.0,0.0,0.108,0.229,0.311,0.096,52624000.0,4487484000.0,1.0,281744265,283130000.0,284116000.0,74.211,6077965000,22985000,701562000.0,670032000,21.467,988645000
21,DG,ART,2016-03-31,2016-05-26,2016-04-29,2021-08-26,-5607000,11316384000,11264439250.0,3477346000,7839038000,1.839,18.848,-502262000.0,187687000,187687000,14295322000.0,1206969000.0,1.729,1.1,2991189000,1526000,2989663000,2991189000,0,357603000.0,0,0.01,0.91,1992517000.0,2350120000.0,0.113,2350120000.0,1992517000.0,1903068000.0,4.15,4.14,4.15,5388383000,5382196500.0,5388383000,27778828863.0,14.0,11.82,935786000.0,3.273,1.0,6420000000.0,0.31,5539493000,89449000.0,6568799000,6492126250.0,3072063000,0,0,0,5928001000,2011594000,3916407000,24975326863.0,-37429000.0,0.0,-982674000.0,285677000.0,-263599000.0,-973215000.0,-502262000.0,0.0,1438048000.0,0.0,1206969000.0,1206969000.0,1206969000.0,0.0,0.0,0.058,4427157000.0,1992843000.0,1447223000,0.219,4.635,20.693,21.207,2278081000,0.0,88.01,1.206,1.215,0,2020784000,20715322000.0,20715322000.0,0.0,0.107,0.224,0.307,0.096,51294000.0,4427157000.0,1.0,283778285,285886000.0,286978000.0,72.46,5776891000,6827000,696099000.0,769774000,20.207,1465752000
22,DG,ART,2015-12-31,2016-03-22,2016-01-29,2021-08-26,-5807000,11257885000,11174480750.0,3432410000,7825475000,1.823,18.272,-503383000.0,157947000,157947000,14062471000.0,1165080000.0,1.72,1.093,2970554000,1379000,2969175000,2970554000,0,352431000.0,0,0.01,0.88,1939968000.0,2292399000.0,0.113,2292399000.0,1939968000.0,1853024000.0,3.96,3.95,3.96,5377876000,5381565250.0,5377876000,26847345361.0,14.0,11.711,874605000.0,2.972,1.0,6306091000.0,0.31,5539583000,86944000.0,6535313000,6308374500.0,3074153000,0,0,0,5880009000,1995596000,3884413000,24034738361.0,-421876000.0,0.0,-1292679000.0,240828000.0,-258328000.0,-1296481000.0,-503383000.0,0.0,1377988000.0,0.0,1165080000.0,1165080000.0,1165080000.0,0.0,0.0,0.057,4365797000.0,1940294000.0,1494225000,0.222,4.469,20.629,21.187,2264062000,0.0,83.9,1.18,1.212,0,2025545000,20368562000.0,20368562000.0,0.0,0.104,0.216,0.308,0.095,24849000.0,4365797000.0,1.0,286468872,294330000.0,295211000.0,69.203,5718302000,6843000,687944000.0,672825000,19.428,1436814000
23,DG,ART,2015-09-30,2015-12-03,2015-10-30,2021-08-26,-6013000,11288293000,11166035500.0,3488775000,7799518000,1.793,18.298,-470823000.0,182514000,182514000,13831422000.0,1144276000.0,1.752,1.112,3106690000,1358000,3105332000,3106690000,0,349881000.0,0,0.01,0.66,1894255000.0,2244136000.0,0.112,2244136000.0,1894255000.0,1809054000.0,3.83,3.82,3.83,5343593000,5464605750.0,5343593000,22742634821.0,12.0,10.134,783917000.0,2.684,1.0,6189261000.0,0.309,5539699000,85201000.0,6681187000,6138713000.0,3101908000,0,0,0,5944700000,1991583000,3953117000,19818458821.0,-33641000.0,0.0,-1002982000.0,351536000.0,-195169000.0,-817558000.0,-470823000.0,0.0,1254740000.0,0.0,1144276000.0,1144276000.0,1144276000.0,0.0,0.0,0.057,4294680000.0,1894581000.0,1470107000,0.172,3.709,17.32,17.786,2237068000,0.0,68.12,0.99,0.994,0,1999119000,20020683000.0,20020683000.0,0.0,0.102,0.209,0.309,0.095,9473000.0,4294680000.0,1.0,290934510,292037000.0,292904000.0,68.555,5748594000,11877000,664778000.0,614828000,19.684,1497192000
24,DG,ART,2015-06-30,2015-08-27,2015-07-31,2021-08-26,-6214000,11195195000,11063305250.0,3424847000,7770348000,1.779,18.327,-427771000.0,180525000,180525000,13601997000.0,1127271000.0,1.589,1.066,2863129000,101335000,2761794000,2863129000,0,347589000.0,0,0.006,0.44,1864865000.0,2212454000.0,0.112,2212454000.0,1864865000.0,1779223000.0,3.74,3.74,3.74,5418934000,5464616750.0,5418934000,24566970858.0,13.0,11.104,957101000.0,3.237,1.0,6076047000.0,0.309,5539830000,85642000.0,6183206000,5937464750.0,3029731000,0,0,0,5776261000,2154763000,3621498000,21884366858.0,8051000.0,0.0,-727528000.0,-119400000.0,-131204000.0,-949050000.0,-427771000.0,0.0,1384872000.0,0.0,1127271000.0,1127271000.0,1127271000.0,0.0,0.0,0.057,4211182000.0,1864865000.0,1536610000,0.118,4.039,19.414,19.858,2195857000,0.0,74.27,1.112,1.116,0,2081543000,19678044000.0,19678044000.0,0.0,0.102,0.206,0.314,0.095,9578000.0,4211182000.0,1.0,294659578,295679000.0,296528000.0,66.552,5655365000,14646000,651952000.0,651738000,19.127,1270084000
25,DG,ART,2015-03-31,2015-06-02,2015-05-01,2021-08-26,-6569000,10956550000,10970955000.0,3244900000,7711650000,1.76,17.881,-387480000.0,225116000,225116000,13362713000.0,1096182000.0,1.565,1.034,2715314000,101309000,2614005000,2715314000,0,345347000.0,0,0.003,0.22,1817579000.0,2162926000.0,0.112,2162926000.0,1817579000.0,1730038000.0,3.62,3.62,3.62,5385858000,5383881500.0,5385858000,24767393330.0,14.0,11.451,1019697000.0,3.385,1.0,5943466000.0,0.308,5540017000,87541000.0,5833792000,5922573000.0,2839198000,0,0,0,5570692000,2072939000,3497753000,22277195330.0,58786000.0,0.0,-531561000.0,-392379000.0,-66037000.0,-960911000.0,-387480000.0,0.0,1407177000.0,0.0,1096182000.0,1096182000.0,1096182000.0,0.0,0.0,0.057,4125887000.0,1817579000.0,1435367000,0.061,4.136,20.323,20.713,2135436000,0.0,74.98,1.154,1.17,0,2061798000,19306179000.0,19306179000.0,0.0,0.1,0.204,0.307,0.094,9645000.0,4125887000.0,1.0,297108500,301202000.0,302089000.0,64.097,5416533000,0,633856000.0,741004000,17.983,1171961000
26,DG,ART,2014-12-31,2015-03-20,2015-01-30,2021-08-26,-7327000,11224104000,10882288500.0,3532609000,7691495000,1.738,18.744,-371699000.0,579823000,579823000,13107081000.0,1065345000.0,1.777,0.966,2740585000,101158000,2639427000,2740585000,0,342353000.0,0,0.0,0.0,1769093000.0,2111446000.0,0.112,2111446000.0,1769093000.0,1680861000.0,3.5,3.49,3.5,5710038000,5245473750.0,5710038000,25153584725.0,14.0,11.913,943045000.0,3.096,1.0,5802507000.0,0.307,5540459000,88232000.0,5856667000,5997985500.0,2782521000,0,0,0,5514066000,1987740000,3526326000,22992822725.0,74257000.0,0.0,-802468000.0,-78467000.0,0.0,-868788000.0,-371699000.0,0.0,1314744000.0,0.0,1065345000.0,1065345000.0,1065345000.0,0.0,0.0,0.056,4033414000.0,1769093000.0,1388154000,0.0,4.027,21.583,21.651,2116075000,0.0,75.78,1.216,1.221,0,2403045000,18909588000.0,18909588000.0,0.0,0.098,0.203,0.295,0.094,25191000.0,4033414000.0,1.0,303415449,304633000.0,305681000.0,62.073,5683645000,0,615516000.0,686258000,18.657,1544869000
27,DG,ART,2014-09-30,2014-12-04,2014-10-31,2021-08-26,-8153000,10877372000,10793143500.0,3179132000,7698240000,1.711,17.631,-93899000.0,216155000,216155000,12792595000.0,1032147000.0,1.581,1.036,2767063000,101041000,2666022000,2767063000,0,340924000.0,0,0.0,0.0,1740499000.0,2081423000.0,0.113,2081423000.0,1740499000.0,1651486000.0,3.33,3.34,3.33,5343637000,5168512500.0,5343637000,23120151117.0,13.0,11.108,1199138000.0,3.957,1.0,5671879000.0,0.307,5541240000,89013000.0,5876194000,5989445500.0,2788996000,0,0,0,5533735000,2010846000,3522889000,20569243117.0,50438000.0,0.0,-1005041000.0,-158145000.0,0.0,-1148700000.0,-93899000.0,0.0,1293037000.0,0.0,1032147000.0,1032147000.0,1032147000.0,0.0,0.0,0.056,3931380000.0,1740499000.0,1394873000,0.0,3.849,19.929,20.357,2120572000,0.0,67.79,1.114,1.113,0,2047674000,18464474000.0,18464474000.0,0.0,0.096,0.2,0.291,0.094,17801000.0,3931380000.0,1.0,303425920,303080000.0,304108000.0,60.923,5336132000,0,619339000.0,641128000,17.606,1168286000
28,DG,ART,2014-06-30,2014-08-28,2014-08-01,2021-08-26,-8808000,10825794000,10767794000.0,3140631000,7685163000,1.683,16.818,-132432000.0,172474000,172474000,12545279000.0,1033216000.0,1.595,1.124,2982230000,101013000,2881217000,2982230000,0,339098000.0,0,0.0,0.0,1736597000.0,2075695000.0,0.115,2075695000.0,1736597000.0,1647895000.0,3.29,3.3,3.29,5095993000,5151341750.0,5095993000,22287850205.0,13.0,10.738,1083442000.0,3.576,1.0,5576624000.0,0.308,5542493000,88702000.0,6123639000,6078760500.0,2788872000,0,0,0,5729801000,1969418000,3760383000,19478094205.0,3254000.0,0.0,-1209328000.0,110873000.0,0.0,-1080188000.0,-132432000.0,0.0,1215874000.0,0.0,1033216000.0,1033216000.0,1033216000.0,0.0,0.0,0.057,3840027000.0,1736597000.0,1395780000,0.0,3.822,18.852,19.514,2106963000,0.0,64.2,1.075,1.073,0,1811358000,18121903000.0,18121903000.0,0.0,0.096,0.201,0.286,0.096,10171000.0,3840027000.0,1.0,303397106,303015000.0,303888000.0,59.805,5283301000,4237000,614679000.0,628239000,17.436,1171213000
29,DG,ART,2014-03-31,2014-06-03,2014-05-02,2021-08-26,-9512000,10601884000,10736253000.0,2943346000,7658538000,1.657,15.622,-184386000.0,166330000,166330000,12294175000.0,1027431000.0,1.58,1.194,3107393000,100989000,3006404000,3107393000,0,336502000.0,0,0.0,0.0,1720893000.0,2057395000.0,0.116,2057395000.0,1720893000.0,1634158000.0,3.22,3.22,3.22,4832227000,5185212500.0,4832227000,20050422179.0,12.0,9.746,1132913000.0,3.662,1.0,5498340000.0,0.309,5544187000,86735000.0,6135442000,6075319500.0,2605356000,0,0,0,5769657000,1863318000,3906339000,17109359179.0,10804000.0,0.0,-1411697000.0,270833000.0,0.0,-1122109000.0,-184386000.0,0.0,1317299000.0,0.0,1027431000.0,1027431000.0,1027431000.0,0.0,0.0,0.058,3777447000.0,1720893000.0,1222680000,0.0,3.541,16.653,17.519,2079832000,0.0,56.41,0.962,0.981,0,1560098000,17792515000.0,17792515000.0,0.0,0.096,0.198,0.283,0.097,5648000.0,3777447000.0,1.0,303303655,309331000.0,310295000.0,57.519,5057697000,0,606727000.0,745061000,16.35,1080028000
30,DG,ART,2013-12-31,2014-03-20,2014-01-31,2021-08-26,-9910000,10867524000,10709206250.0,3205607000,7661917000,1.634,16.731,-249978000.0,505566000,505566000,12068425000.0,1025116000.0,1.769,1.012,2818754000,75966000,2742788000,2818754000,0,332837000.0,0,0.0,0.0,1717314000.0,2050151000.0,0.117,2050151000.0,1717314000.0,1628330000.0,3.17,3.17,3.17,5402193000,5271880500.0,5402193000,20370102281.0,12.0,9.936,963087000.0,2.983,1.0,5435742000.0,0.311,5546234000,88984000.0,5822507000,6046307250.0,2552993000,0,0,0,5465331000,1811971000,3653360000,18056914281.0,364757000.0,0.0,-646393000.0,30290000.0,0.0,-598330000.0,-249978000.0,0.0,1213065000.0,0.0,1025116000.0,1025116000.0,1025116000.0,0.0,0.0,0.059,3699557000.0,1736185000.0,1286484000,0.0,3.343,17.615,18.164,2080305000,0.0,57.58,1.032,1.062,0,2125453000,17504167000.0,17504167000.0,0.0,0.096,0.194,0.284,0.098,-10029000.0,3699557000.0,1.0,313596983,322886000.0,323854000.0,54.212,5321290000,0,603214000.0,694969000,16.48,1393636000
31,DG,ART,2013-09-30,2013-12-05,2013-11-01,2021-08-26,-10331000,10775974000,10584245750.0,2904302000,7871672000,1.627,16.397,-560382000.0,165717000,165717000,11849113000.0,1020365000.0,1.657,1.043,2924912000,50945000,2873967000,2924912000,0,328185000.0,0,0.0,0.0,1701541000.0,2029726000.0,0.118,2029726000.0,1701541000.0,1607410000.0,3.14,3.12,3.14,5274954000,5167664750.0,5274954000,21913656837.0,13.0,10.796,640659000.0,1.991,1.0,5368730000.0,0.312,5548666000,94131000.0,6233454000,6016286000.0,2591552000,0,0,0,5501020000,1753049000,3747971000,19154461837.0,23137000.0,0.0,-519377000.0,-115508000.0,0.0,-617522000.0,-560382000.0,0.0,1201041000.0,0.0,1020365000.0,1020365000.0,1020365000.0,0.0,0.0,0.059,3648318000.0,1720412000.0,1251394000,0.0,3.631,18.772,19.048,2287410000,0.0,59.81,1.112,1.118,0,2000488000,17217843000.0,17217843000.0,0.0,0.096,0.197,0.283,0.099,-7901000.0,3648318000.0,1.0,320255172,321711000.0,322543000.0,53.52,5227308000,9786000,587045000.0,679035000,16.248,1151253000
32,DG,ART,2013-06-30,2013-09-04,2013-08-02,2021-08-26,-10497000,10699630000,10458671500.0,2864743000,7834887000,1.606,16.108,-574542000.0,169220000,169220000,11534292000.0,990665000.0,1.646,1.045,2871065000,25927000,2845138000,2871065000,0,319888000.0,0,0.0,0.0,1670961000.0,1990849000.0,0.118,1990849000.0,1670961000.0,1570628000.0,3.02,3.0,3.02,5231476000,5032641750.0,5231476000,20950103334.0,13.0,10.523,667433000.0,2.055,1.0,5266360000.0,0.313,5551410000,100333000.0,6109875000,5947802500.0,2533766000,0,0,0,5468154000,1740190000,3727964000,18248258334.0,35063000.0,0.0,-635112000.0,-36275000.0,0.0,-632370000.0,-574542000.0,0.0,1241975000.0,0.0,990665000.0,990665000.0,990665000.0,0.0,0.0,0.059,3574800000.0,1691560000.0,1254856000,0.0,3.488,18.42,18.672,2244651000,0.0,56.39,1.086,1.09,0,1960068000,16800652000.0,16800652000.0,0.0,0.095,0.197,0.281,0.099,-29951000.0,3574800000.0,1.0,323608057,324770000.0,325639000.0,51.731,5148220000,7894000,579963000.0,694333000,15.852,1124553000
33,DG,ART,2013-03-31,2013-06-04,2013-05-03,2021-08-26,-11706000,10493697000,10309632500.0,2724476000,7769221000,1.586,15.839,-573675000.0,155526000,155526000,11202363000.0,959330000.0,1.702,1.026,2836212000,909000,2835303000,2836212000,0,311133000.0,0,0.0,0.0,1618796000.0,1929929000.0,0.118,1929929000.0,1618796000.0,1503428000.0,2.9,2.89,2.9,5178899000,4927375250.0,5178899000,18605184734.0,11.0,9.64,512264000.0,1.567,1.0,5152293000.0,0.315,5554588000,115368000.0,6019393000,5861369000.0,2414411000,0,0,0,5314798000,1600402000,3714396000,15924498734.0,22996000.0,0.0,-467902000.0,-98945000.0,0.0,-489268000.0,-573675000.0,0.0,1085939000.0,0.0,959330000.0,959330000.0,959330000.0,0.0,0.0,0.059,3486341000.0,1665952000.0,1138395000,0.0,3.075,16.6,16.772,2177264000,0.0,48.64,0.974,0.972,0,1911160000,16354656000.0,16354656000.0,0.0,0.093,0.195,0.276,0.099,-68581000.0,3486341000.0,1.0,327395122,326975000.0,328132000.0,50.018,4939109000,0,544098000.0,748522000,15.105,1124074000
34,DG,ART,2012-12-31,2013-03-25,2013-02-01,2021-08-26,-2938000,10367682000,10128760250.0,2677113000,7690569000,1.582,15.005,-569836000.0,140809000,140809000,10936727000.0,952662000.0,1.54,1.08,2772228000,892000,2771336000,2772228000,0,302911000.0,0,0.0,0.0,1625320000.0,1928231000.0,0.12,1928231000.0,1625320000.0,1497394000.0,2.87,2.85,2.87,4985330000,4780508500.0,4985330000,19339244852.0,12.0,10.03,561516000.0,1.69,1.0,5085401000.0,0.317,5558132000,127926000.0,5702422000,5740858000.0,2397175000,0,0,0,5382352000,1738547000,3643805000,16707825852.0,14683000.0,0.0,-742852000.0,108267000.0,0.0,-546833000.0,-569836000.0,0.0,1131352000.0,0.0,952662000.0,952662000.0,952662000.0,0.0,0.0,0.059,3430125000.0,1655276000.0,1261607000,0.0,3.351,17.538,17.798,2088665000,0.0,51.08,1.043,1.059,0,1710732000,16022128000.0,16022128000.0,0.0,0.094,0.199,0.283,0.101,-66088000.0,3430125000.0,1.0,327091344,332254000.0,334469000.0,48.223,4809550000,0,544732000.0,765680000,14.476,938566000
35,DG,ART,2012-09-30,2012-12-11,2012-11-02,2021-08-26,-4608000,10273677000,9958969750.0,2618192000,7655485000,1.607,14.247,-603947000.0,142580000,142580000,10935609000.0,927750000.0,1.602,1.17,3024258000,891000,3023367000,3024258000,0,293035000.0,0,0.0,0.0,1611196000.0,1904231000.0,0.119,1904231000.0,1611196000.0,1470625000.0,2.76,2.74,2.76,4734862000,4701299750.0,4734862000,16996594854.0,11.0,8.926,532920000.0,1.604,1.0,5063971000.0,0.317,5561996000,140571000.0,5959520000,5589360000.0,2330436000,0,0,0,5538815000,1633839000,3904976000,14114916854.0,24000000.0,0.0,-868209000.0,256953000.0,0.0,-508920000.0,-603947000.0,0.0,1136867000.0,0.0,927750000.0,927750000.0,927750000.0,0.0,0.0,0.058,3422804000.0,1641167000.0,1199727000,0.0,2.981,15.214,15.558,2047434000,0.0,42.94,0.882,0.892,0,1468534000,15999580000.0,15999580000.0,0.0,0.093,0.197,0.288,0.101,-82698000.0,3422804000.0,1.0,328712549,332337000.0,334004000.0,48.143,4711681000,13554000,542875000.0,696692000,14.177,984353000
36,DG,ART,2012-06-30,2012-09-05,2012-08-03,2021-08-26,-5171000,10103474000,9824521000.0,2514444000,7589030000,1.591,14.446,-599747000.0,134157000,134157000,10676507000.0,891229000.0,1.647,1.1,2887595000,344000,2887251000,2887595000,0,285797000.0,0,0.0,0.0,1562409000.0,1848206000.0,0.118,1848206000.0,1562409000.0,1410922000.0,2.64,2.62,2.64,4810410000,4656087250.0,4810410000,19791948509.0,13.0,10.709,425786000.0,1.279,1.0,4953650000.0,0.317,5566088000,151487000.0,5764141000,5396375750.0,2147837000,0,0,0,5293064000,1526683000,3766381000,17038510509.0,21107000.0,0.0,-561963000.0,65397000.0,0.0,-404679000.0,-599747000.0,0.0,1025533000.0,0.0,891229000.0,891229000.0,891229000.0,0.0,0.0,0.057,3362955000.0,1590695000.0,1143857000,0.0,3.542,19.118,19.341,1972205000,0.0,51.06,1.09,1.088,0,1550438000,15630157000.0,15630157000.0,0.0,0.091,0.191,0.29,0.1,-73211000.0,3362955000.0,1.0,333695858,333001000.0,335521000.0,46.937,4537386000,89473000,519693000.0,667732000,13.626,987761000
37,DG,ART,2012-03-31,2012-06-04,2012-05-04,2021-08-26,-2662000,9770208000,9680928250.0,2273735000,7496473000,1.576,13.662,-567982000.0,132530000,132530000,10417927000.0,823131000.0,1.611,1.128,2881379000,459000,2880920000,2881379000,0,280193000.0,0,0.0,0.0,1493568000.0,1773761000.0,0.116,1773761000.0,1493568000.0,1317094000.0,2.43,2.4,2.43,4591432000,4546875750.0,4591432000,18863383872.0,13.0,10.635,451565000.0,1.344,1.0,4838769000.0,0.317,5570455000,176474000.0,5537349000,5226618250.0,2000864000,0,0,0,5178776000,1411253000,3767523000,16114534872.0,-469933000.0,0.0,-527890000.0,-444865000.0,0.0,-921498000.0,-567982000.0,0.0,1019547000.0,0.0,823131000.0,823131000.0,823131000.0,0.0,0.0,0.054,3285259000.0,1553510000.0,985924000,0.0,3.51,19.577,19.955,1878172000,0.0,48.49,1.056,1.068,0,1336298000,15256696000.0,15256696000.0,0.0,0.085,0.181,0.286,0.098,-34767000.0,3285259000.0,1.0,332326972,336080000.0,339490000.0,45.396,4199753000,5210000,493963000.0,714053000,12.496,862482000
38,DG,ART,2011-12-31,2012-03-22,2012-02-03,2021-08-26,-5191000,9688520000,9667092250.0,2275074000,7413446000,1.532,13.681,-513835000.0,126126000,126126000,10109278000.0,766685000.0,1.507,1.075,2618481000,590000,2617891000,2618481000,0,275408000.0,0,0.0,0.0,1430280000.0,1705688000.0,0.115,1705688000.0,1430280000.0,1225289000.0,2.25,2.22,2.25,4668495000,4453931750.0,4668495000,18091881814.0,13.0,10.607,536645000.0,1.573,1.0,4697910000.0,0.317,5574543000,204991000.0,5096430000,5192013250.0,2009206000,0,0,0,5020025000,1509902000,3510123000,15599526814.0,-371320000.0,0.0,-213816000.0,-727251000.0,0.0,-907965000.0,-513835000.0,0.0,1050480000.0,0.0,766685000.0,766685000.0,766685000.0,0.0,0.0,0.052,3207106000.0,1490804000.0,1064087000,0.0,3.341,20.347,20.507,1794960000,0.0,46.14,1.054,1.063,0,1416918000,14807188000.0,14807188000.0,0.0,0.079,0.172,0.275,0.097,-17852000.0,3207106000.0,1.0,338091175,341234000.0,345117000.0,43.393,4113977000,0,458604000.0,705146000,12.056,765172000
39,DG,ART,2011-09-30,2011-12-05,2011-10-28,2021-08-26,-7876000,9735882000,9631517750.0,2392855000,7343027000,1.465,13.318,-522942000.0,118580000,118580000,9626525000.0,696721000.0,1.522,1.138,2721824000,763000,2721061000,2721824000,0,269959000.0,0,0.0,0.0,1330280000.0,1600239000.0,0.113,1600239000.0,1330280000.0,1099765000.0,2.04,2.01,2.04,4554012000,4300427750.0,4554012000,16492310790.0,12.0,10.306,507619000.0,1.484,1.0,4481694000.0,0.318,5579322000,230515000.0,5187583000,5261935500.0,2089722000,0,0,0,5181870000,1572221000,3609649000,13889066790.0,-119326000.0,0.0,-26104000.0,-624434000.0,0.0,-626945000.0,-522942000.0,0.0,1030561000.0,0.0,696721000.0,696721000.0,696721000.0,0.0,0.0,0.049,3090879000.0,1390815000.0,1132544000,0.0,3.05,19.935,19.892,1716797000,0.0,40.58,0.984,0.984,0,1305107000,14108219000.0,14108219000.0,0.0,0.072,0.162,0.253,0.094,-8288000.0,3090879000.0,1.0,342263844,341955000.0,345777000.0,41.258,4156560000,48807000,403044000.0,671266000,12.155,820634000
40,DG,ART,2011-06-30,2011-08-30,2011-07-29,2021-08-26,-10982000,9529103000,9534940750.0,2272781000,7256322000,1.441,12.806,-474083000.0,113050000,113050000,9359862000.0,653677000.0,1.488,1.179,2780371000,963000,2779408000,2780371000,0,264642000.0,0,0.0,0.0,1285518000.0,1550160000.0,0.113,1550160000.0,1285518000.0,1026410000.0,1.92,1.88,1.92,4373564000,4116272250.0,4373564000,14880515941.0,12.0,9.599,474157000.0,1.388,1.0,4376560000.0,0.319,5584362000,259108000.0,5085111000,5312088500.0,1973863000,0,0,0,5155539000,1526951000,3628588000,12213194941.0,-168371000.0,0.0,-13092000.0,-638404000.0,0.0,-642528000.0,-474083000.0,0.0,948240000.0,0.0,653677000.0,653677000.0,653677000.0,0.0,0.0,0.048,3022328000.0,1354232000.0,1122949000,0.0,2.793,18.684,18.625,1622991000,0.0,35.76,0.889,0.889,0,1133943000,13736422000.0,13736422000.0,0.0,0.069,0.159,0.242,0.094,5420000.0,3022328000.0,1.0,341532297,341534000.0,345625000.0,40.22,3944741000,43435000,372733000.0,660450000,11.55,745830000
41,DG,ART,2011-03-31,2011-06-01,2011-04-29,2021-08-26,-15595000,9714864000,9447533500.0,2506897000,7207967000,1.416,12.355,-419798000.0,602463000,602463000,9111186000.0,648830000.0,1.807,1.302,3263636000,1039000,3262597000,3263636000,0,259161000.0,0,0.0,0.0,1287965000.0,1547126000.0,0.116,1547126000.0,1287965000.0,1020180000.0,1.9,1.87,1.9,4219656000,3943592250.0,4219656000,13525416651.0,11.0,8.742,541485000.0,1.586,1.0,4264197000.0,0.319,5589878000,267785000.0,5398929000,5371739750.0,1767121000,0,0,0,5495208000,1387230000,4107978000,10864243651.0,379754000.0,0.0,-13396000.0,-157868000.0,0.0,-161731000.0,-419798000.0,0.0,961283000.0,0.0,648830000.0,648830000.0,648830000.0,0.0,0.0,0.049,2959237000.0,1304960000.0,933710000,0.0,2.575,16.744,16.742,1562596000,0.0,31.81,0.812,0.812,0,987901000,13375383000.0,13375383000.0,0.0,0.069,0.165,0.24,0.096,4963000.0,2959237000.0,1.0,341535481,341522000.0,345393000.0,39.164,4124986000,0,371350000.0,678130000,12.078,1119667000
42,DG,ART,2010-12-31,2011-03-22,2011-01-28,2021-08-26,-20296000,9546222000,9263086500.0,2367825000,7178397000,1.407,11.888,-418947000.0,497446000,497446000,8858444000.0,627857000.0,1.734,1.354,3288227000,1157000,3287070000,3288227000,0,254927000.0,0,0.0,0.0,1259184000.0,1514111000.0,0.116,1514111000.0,1259184000.0,984972000.0,1.84,1.82,1.84,4054479000,3772809750.0,4054479000,13323315101.0,11.0,8.799,405737000.0,1.19,1.0,4176556000.0,0.32,5595511000,274212000.0,5376119000,5356257250.0,1765433000,0,0,0,5491743000,1365373000,4126370000,10532534101.0,275370000.0,0.0,-13092000.0,-131180000.0,0.0,-130367000.0,-418947000.0,0.0,824684000.0,0.0,627857000.0,627857000.0,627857000.0,0.0,0.0,0.048,2902491000.0,1274065000.0,953641000,0.0,2.598,16.775,16.761,1524575000,0.0,30.84,0.808,0.807,0,830932000,13035000000.0,13035000000.0,0.0,0.068,0.166,0.235,0.097,2051000.0,2902491000.0,1.0,341521858,341047000.0,344800000.0,38.221,3950711000,0,357115000.0,661399000,11.584,1002452000
43,DG,ART,2010-09-30,2010-12-06,2010-10-29,2021-08-26,-26755000,9349574000,9092410750.0,2272758000,7076816000,1.401,11.193,-320244000.0,237906000,237906000,8662889000.0,492508000.0,1.612,1.449,3288265000,1358000,3286907000,3288265000,0,252465000.0,0,0.0,0.0,1074144000.0,1326609000.0,0.104,1326609000.0,1074144000.0,786609000.0,1.45,1.42,1.45,3817390000,3606764500.0,3817390000,13621097584.0,13.0,10.268,355894000.0,1.043,1.0,4071792000.0,0.32,5601423000,287535000.0,5388195000,5316091750.0,1885753000,0,0,0,5532184000,1410315000,4121869000,10570738584.0,-99113000.0,0.0,441491000.0,-907993000.0,0.0,-455007000.0,-320244000.0,0.0,676138000.0,0.0,492508000.0,492508000.0,492508000.0,0.0,0.0,0.039,2927045000.0,1144747000.0,971538000,0.0,2.769,21.463,21.372,1414700000,0.0,30.99,0.83,0.83,0,608386000,12734681000.0,12734681000.0,0.0,0.054,0.137,0.202,0.084,8171000.0,2927045000.0,1.0,341101600,341062000.0,344739000.0,37.338,3748151000,27677000,294101000.0,624179000,10.99,862443000
44,DG,ART,2010-06-30,2010-08-31,2010-07-30,2021-08-26,-29667000,9179474000,9038150250.0,2134684000,7044790000,1.376,10.8,-303577000.0,281421000,281421000,8475799000.0,440037000.0,1.618,1.492,3352402000,1595000,3350807000,3352402000,0,251859000.0,0,0.0,0.0,1023784000.0,1275643000.0,0.103,1275643000.0,1023784000.0,715872000.0,1.31,1.29,1.31,3682844000,3366270500.0,3682844000,12384744183.0,12.0,9.709,396084000.0,1.162,1.0,3964206000.0,0.319,5607579000,307912000.0,5323716000,5465224250.0,1738439000,0,0,0,5496630000,1319160000,4177470000,9313763183.0,-233954000.0,0.0,441040000.0,-841862000.0,-239731000.0,-630038000.0,-303577000.0,0.0,699661000.0,0.0,440037000.0,440037000.0,440037000.0,0.0,0.0,0.035,2877554000.0,1086652000.0,941742000,0.0,2.529,21.166,20.847,1377630000,0.0,27.31,0.749,0.749,0,480266000,12440005000.0,12440005000.0,0.0,0.049,0.131,0.187,0.082,9040000.0,2877554000.0,1.0,341038564,341001000.0,344746000.0,36.481,3571895000,0,275835000.0,586464000,10.475,815524000
45,DG,ART,2010-03-31,2010-06-08,2010-04-30,2021-08-26,-29771000,8977076000,9028267750.0,1938578000,7038498000,1.343,10.377,-287113000.0,222709000,222709000,8293488000.0,392432000.0,1.607,1.538,3403434000,3547000,3399887000,3403434000,0,255492000.0,0,0.0,0.0,965148000.0,1220640000.0,0.101,1220640000.0,965148000.0,636621000.0,,,,3536526000,3199694000.0,3536526000,13352876975.0,14.0,10.939,359610000.0,1.055,1.0,3834269000.0,0.316,5614762000,328527000.0,5336999000,5622990000.0,1604754000,0,0,0,5440550000,1206040000,4234510000,10172151975.0,-211875000.0,0.0,441694000.0,-783644000.0,-239731000.0,-571485000.0,-287113000.0,0.0,646723000.0,0.0,392432000.0,392432000.0,392432000.0,0.0,0.0,0.032,2815157000.0,1019112000.0,789274000,,2.876,25.921,,1360868000,0.0,29.83,0.839,0.838,0,339071000,12127757000.0,12127757000.0,0.0,0.043,0.123,0.172,0.08,9140000.0,2815157000.0,1.0,341004089,340819000.0,,35.584,3362314000,0,244189000.0,620978000,9.865,732538000
46,DG,ART,2009-12-31,2010-03-31,2010-01-29,2021-08-26,-34167000,8863519000,9028699000.0,1845449000,7018070000,1.307,10.503,-248046000.0,222076000,222076000,8106509000.0,339442000.0,1.53,1.614,3403386000,3671000,3399715000,3403386000,0,256771000.0,0,0.0,0.0,897860000.0,1154631000.0,0.098,1154631000.0,897860000.0,552116000.0,1.05,1.04,1.05,3390298000,3044708750.0,3390298000,11786939149.0,13.0,10.208,420597000.0,1.303,1.0,3689871000.0,0.313,5622872000,345744000.0,5215457000,5772554500.0,1519578000,0,0,0,5473221000,1206500000,4266721000,8605629149.0,-155919000.0,0.0,442005000.0,-784180000.0,-239731000.0,-576516000.0,-248046000.0,0.0,668643000.0,0.0,339442000.0,339442000.0,339442000.0,0.0,0.0,0.029,2736613000.0,953258000.0,830953000,0.0,2.538,25.352,24.048,1328386000,0.0,25.25,0.73,0.691,0,203075000,11796380000.0,11796380000.0,0.0,0.038,0.111,0.156,0.076,11905000.0,2736613000.0,1.0,340816996,322778000.0,324836000.0,36.546,3240647000,7543000,212674000.0,575758000,10.04,638949000
47,DG,ART,2009-09-30,2009-12-10,2009-10-30,2021-08-26,-36605000,9132532000,9035119000.0,2117314000,7015218000,1.268,8.981,-231719000.0,337019000,337019000,7954263000.0,334099000.0,1.615,2.198,4132014000,26762000,4105252000,4132014000,0,257789000.0,0,0.0,0.0,901415000.0,1159204000.0,0.101,1159204000.0,901415000.0,541389000.0,,,,2855414000,2905058000.0,2855414000,11866935458.0,13.0,10.237,473444000.0,1.489,1.0,3502180000.0,0.306,5631869000,360026000.0,5984725000,5945924250.0,1680273000,0,0,0,6277118000,1310933000,4966185000,8071940458.0,186429000.0,0.0,77000.0,-48043000.0,-239731000.0,-287015000.0,-231719000.0,0.0,705163000.0,0.0,334099000.0,334099000.0,334099000.0,0.0,0.0,0.029,2605027000.0,897153000.0,852988000,,2.827,24.16,,1305858000,0.0,23.7,0.705,0.658,0,115878000,11456443000.0,11456443000.0,0.0,0.037,0.115,0.152,0.079,11319000.0,2607527000.0,1.0,340588205,317945000.0,,36.033,3500663000,31268000,207290000.0,597017000,11.01,806381000
48,DG,ART,2009-06-30,2009-09-10,2009-07-31,2021-08-26,-36623000,9139944000,8987011250.0,2145779000,6994165000,1.238,8.857,-231846000.0,515375000,515375000,7755245000.0,251144000.0,1.841,2.03,4137820000,26797000,4111023000,4137820000,0,256944000.0,0,,0.0,789748000.0,1046692000.0,0.094,1046692000.0,789748000.0,418941000.0,,,,3016538000,2882070500.0,3016538000,,,,290673000.0,0.853,1.0,3371385000.0,0.303,5641785000,370807000.0,5954779000,5975705500.0,1552586000,0,0,0,6123406000,1165825000,4957581000,,253745000.0,0.0,2423000.0,-42685000.0,0.0,-39525000.0,-229249000.0,2597000.0,522519000.0,0.0,251144000.0,251144000.0,251144000.0,0.0,0.0,0.023,2586441000.0,784944000.0,800308000,,,,,1273452000,0.0,,,,0,279960000,11126630000.0,11126630000.0,0.0,0.028,0.087,0.132,0.071,10811000.0,2554441000.0,1.0,340588205,340588205.0,,32.669,3498159000,5450000,167797000.0,584887000,10.271,979954000
49,DG,ART,2009-03-31,2009-06-02,2009-05-01,2021-08-26,-40426000,8978801000,8929472750.0,1962148000,7016653000,1.213,8.565,-220674000.0,434584000,434584000,7610729000.0,185272000.0,1.796,2.079,4136716000,19526000,4117190000,4136716000,0,251024000.0,0,,0.0,698101000.0,949125000.0,0.088,949125000.0,698101000.0,317805000.0,,,,2916585000,2819636750.0,2916585000,,,,311836000.0,0.916,1.0,3223378000.0,0.298,5653014000,380296000.0,5935257000,5979804250.0,1454692000,0,0,0,6062216000,1092662000,4969554000,,318680000.0,0.0,1597000.0,-44379000.0,0.0,-41727000.0,-172103000.0,48571000.0,532510000.0,0.0,185272000.0,185272000.0,185272000.0,0.0,0.0,0.017,2528596000.0,694782000.0,700438000,,,,,1280835000,0.0,,,,0,186370000,10834107000.0,10834107000.0,0.0,0.021,0.066,0.117,0.064,9600000.0,2496596000.0,1.0,340517403,340517403.0,,31.817,3325787000,3479000,132533000.0,594074000,9.767,869486000
50,DG,ART,2008-12-31,2009-03-24,2009-01-30,2021-08-26,-39430000,8889199000,8850522250.0,1870125000,7019074000,1.182,8.317,-204280000.0,377995000,377995000,7396571000.0,108182000.0,1.739,2.139,4137114000,14158000,4122956000,4137114000,0,247899000.0,0,,0.0,586335000.0,834234000.0,0.08,834234000.0,586335000.0,194403000.0,,,,2831695000,2773142250.0,2831695000,,,,370898000.0,1.089,1.0,3061097000.0,0.293,5664147000,391932000.0,5908936000,6012811500.0,1414955000,0,0,0,6057504000,1075235000,4982269000,,277786000.0,0.0,1219000.0,-146925000.0,0.0,-144756000.0,-152636000.0,51644000.0,575178000.0,0.0,108182000.0,108182000.0,108182000.0,0.0,0.0,0.01,2480611000.0,580486000.0,678421000,,,,,1268960000,0.0,,,,0,103364000,10457668000.0,10457668000.0,0.0,0.012,0.039,0.098,0.056,9008000.0,2448611000.0,1.0,340462484,340462484.0,,30.716,3225052000,10992000,86221000.0,563712000,9.473,794890000
51,DG,ART,2008-09-30,2008-12-03,2008-10-31,2021-08-26,-23055000,8940101000,8792330250.0,1886297000,7053804000,,8.122,,150590000,150590000,,,1.582,2.235,4180922000,8455000,4172467000,4180922000,0,,0,,0.0,,,,,,,,,,2763464000,2741186750.0,2763464000,,,,,,1.0,,,5673926000,,6103850000,6101701500.0,1619922000,0,0,0,6176637000,1192657000,4983980000,,,,,,,,,,,,,,,,,,,,720126000,,,,,1288848000,,,,,0,21510000,,,,,,,,,,1.0,340247403,340247403.0,,,3266175000,42986000,,566753000,9.599,693640000
52,DG,ART,2008-06-30,2008-09-03,2008-08-01,2021-08-26,-24331000,8909790000,,1852801000,7056989000,,8.132,-162525000.0,261630000,261630000,,,1.591,2.22,4180609000,2999000,4177610000,4180609000,0,272236000.0,0,,0.0,,,,,,,,,,2766803000,,2766803000,,,,373603000.0,1.098,1.0,,,5692878000,,5971174000,,1490063000,2597000,2597000,0,6142987000,1164717000,4978270000,,261630000.0,-6738391000.0,2758486000.0,3845285000.0,0.0,6604246000.0,-6878744000.0,22172000.0,536128000.0,0.0,,,,,,,,,818246000,,,,,1266722000,,,,,0,28816000,,,,,,,,7868000.0,,1.0,340247403,340247403.0,,,3216912000,30224000,,485611000,9.455,688084000
53,DG,ART,2008-03-31,2008-06-16,2008-05-02,2021-08-26,-30639000,8662999000,,1595140000,7067859000,,8.031,,115904000,115904000,,,1.671,2.173,4178951000,2830000,4176121000,4178951000,0,,0,,0.0,,,,,,,,,,2730607000,,2730607000,,,,,,1.0,,,5704020000,,6067286000,,1317097000,48571000,48571000,0,5932392000,954740000,4977652000,,,,,,,,,,,,,,,,,,,,592071000,,,,,1250570000,,,,,0,1097000,,,,,,,,,,1.0,340004609,340004609.0,,,2958979000,49060000,,492959000,8.703,640400000
54,DG,ART,2007-12-31,2008-03-28,2008-02-01,2021-08-26,-49112000,8656431000,,1517744000,7138687000,,,,100209000,100209000,,,1.768,2.201,4282002000,3246000,4278756000,4282002000,0,,0,,,,,,,,,,,,2703873000,,2703873000,,,,,,1.0,,,5715487000,,6264496000,,1288661000,19611000,19611000,0,5952558000,858241000,5094317000,,,,,,,,,,,,,,,,,,,,551040000,,,,,1274245000,,,,,0,-4818000,,,,,,,,,,1.0,340005833,,,,2940944000,49798000,,489724000,,659503000
