None,ticker,dimension,calendardate,datekey,reportperiod,lastupdated,accoci,assets,assetsavg,assetsc,assetsnc,assetturnover,bvps,capex,cashneq,cashnequsd,cor,consolinc,currentratio,de,debt,debtc,debtnc,debtusd,deferredrev,depamor,deposits,divyield,dps,ebit,ebitda,ebitdamargin,ebitdausd,ebitusd,ebt,eps,epsdil,epsusd,equity,equityavg,equityusd,ev,evebit,evebitda,fcf,fcfps,fxusd,gp,grossmargin,intangibles,intexp,invcap,invcapavg,inventory,investments,investmentsc,investmentsnc,liabilities,liabilitiesc,liabilitiesnc,marketcap,ncf,ncfbus,ncfcommon,ncfdebt,ncfdiv,ncff,ncfi,ncfinv,ncfo,ncfx,netinc,netinccmn,netinccmnusd,netincdis,netincnci,netmargin,opex,opinc,payables,payoutratio,pb,pe,pe1,ppnenet,prefdivis,price,ps,ps1,receivables,retearn,revenue,revenueusd,rnd,roa,roe,roic,ros,sbcomp,sgna,sharefactor,sharesbas,shareswa,shareswadil,sps,tangibles,taxassets,taxexp,taxliabilities,tbvps,workingcapital
0,RSHCQ,MRY,2013-12-31,2013-12-31,2013-12-31,2020-09-21,-6100000.0,1591200000.0,1945150000.0,1333000000.0,258200000.0,1.766,2.05,-35800000.0,179800000.0,179800000.0,2262100000.0,-400200000.0,2.28,6.709,614100000.0,1100000.0,613000000.0,614100000.0,0.0,71600000.0,0.0,0.0,0.0,-360900000.0,-289300000.0,-0.084,-289300000.0,-360900000.0,-413200000.0,-3.97,-3.97,-3.97,206400000.0,402550000.0,206400000.0,443320529.0,-1.0,-1.532,0.0,0.0,1.0,1172200000.0,0.341,12700000.0,52300000.0,1428200000.0,1477250000.0,802300000.0,0.0,0.0,0.0,1384800000.0,584600000.0,800200000.0,260420529.0,-355900000.0,0.0,0.0,-313500000.0,0.0,-313500000.0,-78200000.0,0.0,35800000.0,0.0,-400200000.0,-400200000.0,-400200000.0,8200000.0,0.0,-0.117,1516200000.0,-344000000.0,376400000.0,0.0,1.262,-0.651,-0.655,187200000.0,0.0,2.6,0.076,0.076,211900000.0,960600000.0,3434300000.0,3434300000.0,0.0,-0.206,-0.994,-0.244,-0.105,7200000.0,1407400000.0,1.0,100161742.0,100700000,100700000.0,34.104,1578500000.0,0.0,-13000000.0,0.0,15.675,748400000.0
1,RSHCQ,MRY,2012-12-31,2012-12-31,2012-12-31,2020-09-21,-7500000.0,2299100000.0,2160525000.0,1981900000.0,317200000.0,1.773,5.981,-67800000.0,535700000.0,535700000.0,2360900000.0,-139400000.0,2.026,2.84,777700000.0,278700000.0,499000000.0,777700000.0,0.0,80700000.0,0.0,0.118,0.25,-52300000.0,28400000.0,0.007,28400000.0,-52300000.0,-106800000.0,-1.39,-1.39,-1.39,598700000.0,676350000.0,598700000.0,414170806.0,-8.0,14.583,-110800000.0,-1.107,1.0,1470400000.0,0.384,36600000.0,54500000.0,1526300000.0,1466125000.0,908300000.0,0.0,0.0,0.0,1700400000.0,978200000.0,722200000.0,211070806.0,-56000000.0,0.0,0.0,106100000.0,-24900000.0,81200000.0,-94200000.0,0.0,-43000000.0,0.0,-139400000.0,-139400000.0,-139400000.0,28600000.0,0.0,-0.036,1495400000.0,-25000000.0,435600000.0,-0.18,0.353,-1.514,-1.525,239000000.0,0.0,2.12,0.055,0.055,452500000.0,1360800000.0,3831300000.0,3831300000.0,0.0,-0.065,-0.206,-0.036,-0.014,7100000.0,1419800000.0,1.0,99561701.0,100100000,100100000.0,38.275,2262500000.0,0.0,32600000.0,0.0,22.602,1003700000.0
2,RSHCQ,MRY,2011-12-31,2011-12-31,2011-12-31,2020-09-21,-11900000.0,2175100000.0,2063700000.0,1812800000.0,362300000.0,1.954,7.349,-82100000.0,591700000.0,591700000.0,2309700000.0,72200000.0,2.85,1.887,670600000.0,0.0,670600000.0,670600000.0,0.0,83100000.0,0.0,0.051,0.5,166500000.0,249600000.0,0.062,249600000.0,166500000.0,119700000.0,0.7,0.7,0.7,753300000.0,810675000.0,753300000.0,968120474.0,6.0,3.879,135800000.0,1.325,1.0,1722400000.0,0.427,37000000.0,46800000.0,1580900000.0,1502575000.0,744400000.0,0.0,0.0,0.0,1421800000.0,636100000.0,785700000.0,969420474.0,22300000.0,0.0,-107300000.0,41400000.0,-49600000.0,-115500000.0,-80100000.0,0.0,217900000.0,0.0,72200000.0,72200000.0,72200000.0,6500000.0,0.0,0.018,1548400000.0,174000000.0,348200000.0,0.714,1.287,13.427,13.871,270200000.0,0.0,9.71,0.24,0.247,360600000.0,1525100000.0,4032100000.0,4032100000.0,0.0,0.035,0.089,0.111,0.041,5400000.0,1474700000.0,1.0,99837330.0,102500000,103300000.0,39.338,2138100000.0,0.0,47500000.0,0.0,20.86,1176700000.0
3,RSHCQ,MRY,2010-12-31,2010-12-31,2010-12-31,2020-09-21,-4300000.0,2175400000.0,2292525000.0,1778700000.0,396700000.0,1.861,6.992,-80100000.0,569400000.0,569400000.0,2352100000.0,206100000.0,1.959,1.582,639800000.0,308000000.0,331800000.0,639800000.0,0.0,84200000.0,0.0,0.014,0.25,368200000.0,452400000.0,0.106,452400000.0,368200000.0,326300000.0,1.71,1.68,1.71,842500000.0,1004850000.0,842500000.0,2062139893.0,6.0,4.558,74900000.0,0.622,1.0,1913700000.0,0.449,41200000.0,41900000.0,1296500000.0,1319775000.0,723700000.0,0.0,0.0,0.0,1332900000.0,908100000.0,424800000.0,2104639893.0,-338800000.0,0.0,-394800000.0,7500000.0,-26500000.0,-413800000.0,-80000000.0,0.0,155000000.0,0.0,206100000.0,206100000.0,206100000.0,-15400000.0,0.0,0.048,1563500000.0,350200000.0,272400000.0,0.146,2.498,10.212,10.813,274300000.0,0.0,18.49,0.493,0.522,377500000.0,1502500000.0,4265800000.0,4265800000.0,0.0,0.09,0.205,0.279,0.086,9900000.0,1483800000.0,1.0,113825846.0,120500000,122700000.0,35.401,2134200000.0,0.0,120200000.0,0.0,17.711,870600000.0
4,RSHCQ,MRY,2009-12-31,2009-12-31,2009-12-31,2020-09-21,-6500000.0,2429300000.0,2304475000.0,2015700000.0,413600000.0,1.768,8.36,-81000000.0,908200000.0,908200000.0,2200500000.0,205000000.0,3.08,1.317,627800000.0,0.0,627800000.0,627800000.0,0.0,92900000.0,0.0,0.013,0.25,367200000.0,460100000.0,0.113,460100000.0,367200000.0,323100000.0,1.63,1.63,1.63,1048300000.0,979125000.0,1048300000.0,2272290995.0,6.0,4.939,164800000.0,1.314,1.0,1873100000.0,0.46,38900000.0,44100000.0,1455500000.0,1468450000.0,670600000.0,0.0,0.0,0.0,1381000000.0,654500000.0,726500000.0,2441290995.0,93400000.0,0.0,700000.0,-41000000.0,-31300000.0,-71600000.0,-80800000.0,0.0,245800000.0,0.0,205000000.0,205000000.0,205000000.0,-8500000.0,0.0,0.05,1517600000.0,355500000.0,262900000.0,0.153,2.329,11.909,11.963,282300000.0,0.0,19.5,0.599,0.6,322500000.0,2323900000.0,4073600000.0,4073600000.0,0.0,0.089,0.209,0.25,0.09,12100000.0,1435000000.0,1.0,125194410.0,125400000,126100000.0,32.485,2390400000.0,0.0,118100000.0,30900000.0,19.062,1361200000.0
5,RSHCQ,MRY,2008-12-31,2008-12-31,2008-12-31,2020-09-21,-7000000.0,2254000000.0,2048475000.0,1791600000.0,462400000.0,2.062,6.673,-85600000.0,814800000.0,814800000.0,2301800000.0,189400000.0,2.812,1.618,698800000.0,39300000.0,659500000.0,698800000.0,0.0,99100000.0,0.0,0.021,0.25,334400000.0,433500000.0,0.103,433500000.0,334400000.0,299500000.0,1.47,1.47,1.47,860800000.0,839950000.0,860800000.0,1431057232.0,4.0,3.301,189000000.0,1.465,1.0,1922700000.0,0.455,36700000.0,34900000.0,1464100000.0,1306325000.0,636300000.0,0.0,0.0,0.0,1393200000.0,637200000.0,756000000.0,1493357232.0,305100000.0,-42000000.0,-71400000.0,266900000.0,-31300000.0,154800000.0,-124300000.0,0.0,274600000.0,0.0,189400000.0,189400000.0,189400000.0,0.0,0.0,0.045,1600500000.0,322200000.0,206400000.0,0.17,1.735,7.885,8.122,306400000.0,0.0,11.94,0.353,0.365,241900000.0,2150200000.0,4224500000.0,4224500000.0,0.0,0.092,0.225,0.256,0.079,12800000.0,1509800000.0,1.0,125071795.0,129000000,129100000.0,32.748,2217300000.0,0.0,110100000.0,24200000.0,17.188,1154400000.0
6,RSHCQ,MRY,2007-12-31,2007-12-31,2007-12-31,2020-09-21,-5300000.0,1989600000.0,1933475000.0,1566800000.0,422800000.0,2.199,5.718,-43800000.0,509700000.0,509700000.0,2225900000.0,236800000.0,2.095,1.585,409400000.0,61200000.0,348200000.0,409400000.0,0.0,112700000.0,0.0,0.015,0.25,405400000.0,518100000.0,0.122,518100000.0,405400000.0,366600000.0,1.76,1.74,1.76,769700000.0,745500000.0,769700000.0,2176029787.0,5.0,4.2,335200000.0,2.49,1.0,2025800000.0,0.476,0.0,38800000.0,1141300000.0,1180525000.0,705400000.0,0.0,0.0,0.0,1219900000.0,748000000.0,471900000.0,2210129787.0,37700000.0,0.0,-127200000.0,-139300000.0,-32800000.0,-299300000.0,-42000000.0,0.0,379000000.0,0.0,236800000.0,236800000.0,236800000.0,0.0,0.0,0.056,1643900000.0,381900000.0,257600000.0,0.142,2.871,9.333,9.58,317100000.0,0.0,16.86,0.52,0.534,256000000.0,1992100000.0,4251700000.0,4251700000.0,0.0,0.122,0.318,0.343,0.095,12700000.0,1538500000.0,1.0,131087176.0,134600000,135900000.0,31.588,1989600000.0,0.0,129800000.0,35700000.0,14.782,818800000.0
7,RSHCQ,MRY,2006-12-31,2006-12-31,2006-12-31,2020-09-21,-1600000.0,2070000000.0,1974425000.0,1599600000.0,470400000.0,2.42,4.8,-79900000.0,472000000.0,472000000.0,2648100000.0,73400000.0,1.625,2.166,540700000.0,194900000.0,345800000.0,540700000.0,0.0,128200000.0,0.0,0.015,0.25,155700000.0,283900000.0,0.059,283900000.0,155700000.0,111400000.0,0.54,0.54,0.54,653800000.0,620050000.0,653800000.0,2612703077.0,17.0,9.203,234900000.0,1.725,1.0,2129400000.0,0.446,0.0,44300000.0,1154500000.0,1510625000.0,752100000.0,0.0,0.0,0.0,1416200000.0,984200000.0,432000000.0,2279103077.0,248000000.0,0.0,12200000.0,34200000.0,-33900000.0,12500000.0,-79300000.0,0.0,314800000.0,0.0,73400000.0,73400000.0,73400000.0,0.0,0.0,0.015,1972500000.0,156900000.0,254500000.0,0.463,3.486,31.05,31.074,386300000.0,0.0,16.78,0.477,0.478,247900000.0,1780900000.0,4777500000.0,4777500000.0,0.0,0.037,0.118,0.103,0.033,12000000.0,1810700000.0,1.0,135822591.0,136200000,136200000.0,35.077,2070000000.0,0.0,38000000.0,92600000.0,15.198,615400000.0
8,RSHCQ,MRY,2005-12-31,2005-12-31,2005-12-31,2020-09-21,300000.0,2205100000.0,2258175000.0,1627300000.0,577800000.0,2.25,3.976,55300000.0,224000000.0,224000000.0,2815000000.0,267000000.0,1.65,2.745,535800000.0,40900000.0,494900000.0,535800000.0,0.0,123800000.0,0.0,0.012,0.25,363100000.0,486900000.0,0.096,486900000.0,363100000.0,318600000.0,1.8,1.79,1.8,588800000.0,732325000.0,588800000.0,3667062257.0,10.0,7.531,418200000.0,2.824,1.0,2266700000.0,0.446,0.0,44500000.0,1530600000.0,1811900000.0,964900000.0,0.0,0.0,0.0,1616300000.0,986300000.0,630000000.0,2831162257.0,-213900000.0,0.0,-578300000.0,-4100000.0,-33700000.0,-616100000.0,39300000.0,0.0,362900000.0,0.0,267000000.0,267000000.0,267000000.0,0.0,0.0,0.053,1916800000.0,349900000.0,490900000.0,0.139,4.808,10.604,11.683,476200000.0,0.0,21.03,0.557,0.613,309400000.0,1741400000.0,5081700000.0,5081700000.0,0.0,0.118,0.365,0.2,0.071,0.0,1803300000.0,1.0,134624929.0,148100000,148800000.0,34.313,2205100000.0,0.0,51600000.0,75000000.0,14.889,641000000.0
9,RSHCQ,MRY,2004-12-31,2004-12-31,2004-12-31,2020-09-21,-300000.0,2516700000.0,2301650000.0,1775100000.0,741600000.0,2.103,5.727,-226900000.0,437900000.0,437900000.0,2406700000.0,337200000.0,1.854,1.729,562500000.0,55600000.0,506900000.0,562500000.0,0.0,101400000.0,0.0,0.008,0.25,571700000.0,673100000.0,0.139,673100000.0,571700000.0,542100000.0,2.09,2.08,2.09,922100000.0,842950000.0,922100000.0,5419898072.0,9.0,8.052,125600000.0,0.78,1.0,2434500000.0,0.503,0.0,29600000.0,1683900000.0,1583925000.0,1003700000.0,0.0,0.0,0.0,1594600000.0,957400000.0,637200000.0,5210498072.0,-196800000.0,-59100000.0,-165300000.0,-54100000.0,-39700000.0,-259100000.0,-290200000.0,0.0,352500000.0,0.0,337200000.0,337200000.0,337200000.0,0.0,0.0,0.07,1876200000.0,558300000.0,442200000.0,0.12,5.651,15.452,15.732,652000000.0,0.0,32.88,1.076,1.093,241000000.0,1508100000.0,4841200000.0,4841200000.0,0.0,0.147,0.4,0.361,0.118,0.0,1774800000.0,1.0,158470136.0,161000000,162500000.0,30.07,2516700000.0,0.0,204900000.0,117500000.0,15.632,817700000.0
10,RSHCQ,MRY,2003-12-31,2003-12-31,2003-12-31,2020-09-21,-300000.0,2243900000.0,2152925000.0,1666600000.0,577300000.0,2.16,4.587,-187600000.0,634700000.0,634700000.0,2333600000.0,298500000.0,1.942,1.917,618700000.0,77400000.0,541300000.0,618700000.0,0.0,92000000.0,0.0,0.008,0.25,508500000.0,600500000.0,0.129,600500000.0,508500000.0,472800000.0,1.78,1.77,1.78,769300000.0,740250000.0,769300000.0,5062762787.0,10.0,8.431,464300000.0,2.769,1.0,2315700000.0,0.498,0.0,35700000.0,1369800000.0,1443300000.0,766500000.0,0.0,0.0,0.0,1474600000.0,858100000.0,616500000.0,5034962787.0,188200000.0,4700000.0,-234700000.0,700000.0,-40800000.0,-274800000.0,-188900000.0,0.0,651900000.0,0.0,298500000.0,298500000.0,298500000.0,0.0,0.0,0.064,1832000000.0,483700000.0,300200000.0,0.14,6.545,16.868,17.236,513100000.0,0.0,30.68,1.083,1.107,182400000.0,1210600000.0,4649300000.0,4649300000.0,0.0,0.139,0.403,0.352,0.109,0.0,1740000000.0,1.0,164112216.0,167700000,168900000.0,27.724,2243900000.0,0.0,174300000.0,137500000.0,13.38,808500000.0
11,RSHCQ,MRY,2002-12-31,2002-12-31,2002-12-31,2020-09-21,-500000.0,2227900000.0,2185950000.0,1706900000.0,521000000.0,2.094,4.209,-98200000.0,446500000.0,446500000.0,2338900000.0,263400000.0,2.061,2.06,627300000.0,36000000.0,591300000.0,627300000.0,0.0,94700000.0,0.0,0.013,0.25,468300000.0,563000000.0,0.123,563000000.0,468300000.0,424900000.0,1.5,1.45,1.5,728100000.0,746025000.0,728100000.0,3422619109.0,7.0,6.079,423400000.0,2.447,1.0,2238300000.0,0.489,0.0,43400000.0,1580500000.0,1586225000.0,971200000.0,0.0,0.0,0.0,1499800000.0,828200000.0,671600000.0,3156419109.0,45100000.0,0.0,-280300000.0,-57400000.0,-39800000.0,-377500000.0,-99000000.0,0.0,521600000.0,0.0,263400000.0,258900000.0,258900000.0,0.0,0.0,0.057,1812900000.0,425400000.0,312600000.0,0.167,4.335,12.192,12.493,421600000.0,4500000.0,18.74,0.69,0.708,206100000.0,2002500000.0,4577200000.0,4577200000.0,0.0,0.118,0.347,0.295,0.102,0.0,1728600000.0,1.0,168432183.0,173000000,179300000.0,26.458,2227900000.0,0.0,161500000.0,160900000.0,12.878,878700000.0
12,RSHCQ,MRY,2001-12-31,2001-12-31,2001-12-31,2020-09-21,-700000.0,2245100000.0,2295850000.0,1714300000.0,530800000.0,2.08,4.233,-121800000.0,401400000.0,401400000.0,2478900000.0,166700000.0,2.074,1.885,670900000.0,105500000.0,565400000.0,670900000.0,0.0,108300000.0,0.0,0.007,0.22,342300000.0,450600000.0,0.094,450600000.0,342300000.0,291500000.0,0.88,0.85,0.88,778100000.0,808625000.0,778100000.0,5827323579.0,17.0,12.932,654000000.0,3.558,1.0,2296800000.0,0.481,0.0,50800000.0,1688200000.0,1867825000.0,949800000.0,0.0,0.0,0.0,1467000000.0,826400000.0,640600000.0,5395123579.0,270700000.0,123600000.0,-254600000.0,-114700000.0,-43700000.0,-502800000.0,-2300000.0,0.0,775800000.0,0.0,166700000.0,161800000.0,161800000.0,0.0,0.0,0.034,1937500000.0,359300000.0,206700000.0,0.25,6.934,33.344,34.205,417700000.0,4900000.0,30.1,1.13,1.158,276300000.0,1787300000.0,4775700000.0,4775700000.0,0.0,0.07,0.2,0.183,0.072,0.0,1713900000.0,1.0,179239986.0,183800000,191200000.0,25.983,2245100000.0,0.0,124800000.0,178100000.0,12.215,887900000.0
13,RSHCQ,MRY,2000-12-31,2000-12-31,2000-12-31,2020-09-21,-1000000.0,2576500000.0,2335675000.0,1818200000.0,758300000.0,2.053,4.166,-118100000.0,130700000.0,130700000.0,2425100000.0,368000000.0,1.475,2.046,781500000.0,478600000.0,302900000.0,781500000.0,0.0,107300000.0,0.0,0.005,0.22,647500000.0,754800000.0,0.157,754800000.0,647500000.0,593600000.0,1.94,1.84,1.94,780300000.0,669075000.0,780300000.0,8740514910.0,13.0,11.58,-1600000.0,-0.009,1.0,2369600000.0,0.494,0.0,53900000.0,1994900000.0,1885350000.0,1164300000.0,0.0,0.0,0.0,1596200000.0,1232400000.0,363800000.0,7958114910.0,-33900000.0,0.0,-334300000.0,270700000.0,-44700000.0,-16400000.0,-134000000.0,-12100000.0,116500000.0,0.0,368000000.0,362700000.0,362700000.0,0.0,0.0,0.076,1739900000.0,629700000.0,234800000.0,0.113,10.199,21.941,22.068,456800000.0,5300000.0,42.813,1.66,1.672,464700000.0,1661500000.0,4794700000.0,4794700000.0,0.0,0.155,0.542,0.343,0.135,0.0,1632600000.0,1.0,185882976.0,187300000,197700000.0,25.599,2576500000.0,0.0,225600000.0,188900000.0,13.756,585800000.0
14,RSHCQ,MRY,1999-12-31,1999-12-31,1999-12-31,2020-09-21,-800000.0,2142000000.0,2036625000.0,1403300000.0,738700000.0,2.026,4.278,-96800000.0,164600000.0,164600000.0,2042700000.0,297900000.0,1.517,1.553,508300000.0,188900000.0,319400000.0,508300000.0,0.0,90200000.0,0.0,0.005,0.26,517700000.0,607900000.0,0.147,607900000.0,517700000.0,480500000.0,1.51,1.43,1.51,830700000.0,851850000.0,830700000.0,10033603008.0,19.0,16.505,464800000.0,2.393,1.0,2083500000.0,0.505,0.0,37200000.0,1560500000.0,1663525000.0,861400000.0,0.0,0.0,0.0,1290300000.0,925200000.0,365100000.0,9508703008.0,100100000.0,0.0,-340700000.0,38300000.0,-42500000.0,-340500000.0,-121000000.0,-20000000.0,561600000.0,0.0,297900000.0,292400000.0,292400000.0,0.0,0.0,0.071,1586200000.0,497300000.0,234800000.0,0.172,11.447,32.52,32.575,446800000.0,5500000.0,49.188,2.304,2.315,286100000.0,1353300000.0,4126200000.0,4126200000.0,0.0,0.144,0.343,0.311,0.125,0.0,1496000000.0,1.0,193315436.0,194200000,205000000.0,21.247,2142000000.0,0.0,182600000.0,150700000.0,11.03,478100000.0
15,RSHCQ,MRY,1998-12-31,1998-12-31,1998-12-31,2020-09-21,-1000000.0,1993600000.0,2103725000.0,1298600000.0,695000000.0,2.276,4.216,-124800000.0,64500000.0,64500000.0,2783500000.0,61300000.0,1.477,1.35,468300000.0,233200000.0,235100000.0,468300000.0,0.0,99000000.0,0.0,0.01,0.2,145100000.0,244100000.0,0.051,244100000.0,145100000.0,99700000.0,0.28,0.27,0.28,848200000.0,945050000.0,848200000.0,4559443236.0,31.0,18.679,290000000.0,1.441,1.0,2004400000.0,0.419,0.0,45400000.0,1517900000.0,1715400000.0,912100000.0,0.0,0.0,0.0,1145400000.0,879500000.0,265900000.0,4076643236.0,-41400000.0,36500000.0,-279600000.0,-39100000.0,-44800000.0,-363200000.0,-93000000.0,0.0,414800000.0,0.0,61300000.0,55500000.0,55500000.0,0.0,0.0,0.012,1870100000.0,134300000.0,206400000.0,0.714,4.806,73.453,73.549,433800000.0,5800000.0,20.594,0.851,0.865,215200000.0,1693400000.0,4787900000.0,4787900000.0,0.0,0.026,0.059,0.085,0.03,82600000.0,1580300000.0,1.0,197955362.0,201200000,211400000.0,23.797,1993600000.0,0.0,38400000.0,105500000.0,9.909,419100000.0
16,RSHCQ,MRY,1997-12-31,1997-12-31,1997-12-31,2020-09-21,-1700000.0,2317500000.0,2338525000.0,1715500000.0,602000000.0,2.297,4.938,-105700000.0,105900000.0,105900000.0,3357900000.0,186900000.0,1.757,1.189,535600000.0,299500000.0,236100000.0,535600000.0,0.0,97200000.0,0.0,0.01,0.2,350000000.0,447200000.0,0.083,447200000.0,350000000.0,303900000.0,0.84,0.82,0.84,1058600000.0,1098100000.0,1058600000.0,,,,214600000.0,1.001,1.0,2014300000.0,0.375,0.0,46100000.0,1770800000.0,1775100000.0,1205200000.0,0.0,0.0,0.0,1258900000.0,976400000.0,282500000.0,3976119565.0,-15600000.0,44700000.0,-374900000.0,151100000.0,-48200000.0,-272000000.0,-63900000.0,0.0,320300000.0,0.0,186900000.0,180800000.0,180800000.0,0.0,0.0,0.034,1677500000.0,336800000.0,325200000.0,0.238,3.756,21.992,22.954,521900000.0,6100000.0,19.281,0.74,0.769,251300000.0,1676300000.0,5372200000.0,5372200000.0,0.0,0.077,0.165,0.197,0.065,0.0,1580300000.0,1.0,206216898.0,214400000,224500000.0,25.057,2317500000.0,0.0,117000000.0,78600000.0,10.809,739100000.0
17,RSHCQ,MRY,1996-12-31,1996-12-31,1996-12-31,2020-09-21,-3600000.0,2583400000.0,,1939800000.0,643600000.0,,5.283,-172000000.0,121500000.0,121500000.0,4263100000.0,-91600000.0,1.625,1.043,362300000.0,258000000.0,104300000.0,362300000.0,0.0,108600000.0,0.0,0.018,0.2,-109200000.0,-600000.0,0.0,-600000.0,-109200000.0,-145600000.0,-0.41,-0.41,-0.41,1264800000.0,,1264800000.0,,,,135500000.0,0.566,1.0,2022400000.0,0.322,0.0,36400000.0,1630700000.0,,1420500000.0,0.0,0.0,0.0,1318600000.0,1193500000.0,125100000.0,,-22000000.0,60000000.0,-186100000.0,22000000.0,-52500000.0,-216600000.0,-112900000.0,0.0,307500000.0,0.0,-91600000.0,-97900000.0,-97900000.0,0.0,0.0,-0.016,2144600000.0,-122200000.0,404900000.0,-0.488,,,-26.829,545600000.0,6300000.0,11.0,,0.419,227200000.0,2188900000.0,6285500000.0,6285500000.0,0.0,,,,-0.017,0.0,1761100000.0,1.0,,239400000,239400000.0,26.255,2583400000.0,0.0,-54000000.0,105300000.0,10.791,746300000.0
18,RSHCQ,MRY,1995-12-31,1995-12-31,1995-12-31,2020-09-21,,,,,,,,-184500000.0,,,3764900000.0,211900000.0,,,,,,,,92000000.0,,0.0,0.0,376900000.0,468900000.0,0.08,468900000.0,376900000.0,343200000.0,0.81,0.79,0.81,,,,,,,488500000.0,1.931,1.0,2074200000.0,0.355,,33700000.0,,,,,,,,,,,-62100000.0,6700000.0,-439400000.0,-52400000.0,-63000000.0,-554800000.0,-180300000.0,0.0,673000000.0,0.0,211900000.0,205400000.0,205400000.0,0.0,0.0,0.035,1739600000.0,334600000.0,,0.0,,,12.809,,6500000.0,10.375,,0.45,,,5839100000.0,5839100000.0,0.0,,,,0.065,0.0,1646500000.0,1.0,,253000000,262800000.0,23.079,,,131300000.0,,,
0,RSHCQ,MRQ,2014-09-30,2014-11-01,2014-11-01,2020-09-21,-6500000.0,1200300000.0,,961900000.0,238400000.0,,-1.83,-11500000.0,43300000.0,43300000.0,436000000.0,-161100000.0,2.655,-7.429,841500000.0,100000.0,841400000.0,841500000.0,0.0,13800000.0,0.0,0.0,0.0,-142000000.0,-128200000.0,-0.197,-128200000.0,-142000000.0,-160400000.0,-1.58,-1.58,-1.58,-186700000.0,,-186700000.0,720132828.0,,,-129400000.0,-1.269,1.0,214200000.0,0.329,0.0,18400000.0,1636200000.0,,666400000.0,0.0,0.0,0.0,1387000000.0,362300000.0,1024700000.0,92632828.0,12800000.0,0.0,0.0,142000000.0,0.0,142000000.0,-11300000.0,0.0,-117900000.0,0.0,-161100000.0,-161100000.0,-161100000.0,0.0,0.0,-0.248,328300000.0,-114100000.0,158100000.0,0.0,-0.496,,,164500000.0,0.0,0.92,,,152000000.0,520600000.0,650200000.0,650200000.0,0.0,,,,,700000.0,313800000.0,1.0,100687856.0,102000000,102000000.0,6.375,1200300000.0,0.0,700000.0,0.0,11.768,599600000.0
1,RSHCQ,MRQ,2014-06-30,2014-08-02,2014-08-02,2020-09-21,-6300000.0,1149200000.0,,929900000.0,219300000.0,,-0.618,-15400000.0,30500000.0,30500000.0,436200000.0,-137400000.0,2.508,-19.241,658000000.0,1100000.0,656900000.0,658000000.0,0.0,15200000.0,0.0,0.0,0.0,-119100000.0,-103900000.0,-0.154,-103900000.0,-119100000.0,-136000000.0,-1.35,-1.35,-1.35,-63000000.0,,-63000000.0,611187756.0,,,-102600000.0,-1.007,1.0,237600000.0,0.353,0.0,16900000.0,1406000000.0,,673400000.0,0.0,0.0,0.0,1212200000.0,370700000.0,841500000.0,58487756.0,-31300000.0,0.0,0.0,71300000.0,0.0,71300000.0,-15400000.0,0.0,-87200000.0,0.0,-137400000.0,-137400000.0,-137400000.0,0.0,0.0,-0.204,357000000.0,-119400000.0,153300000.0,0.0,-0.928,,,172200000.0,0.0,0.581,,,159700000.0,687300000.0,673800000.0,673800000.0,0.0,,,,,2600000.0,323600000.0,1.0,100615442.0,101900000,101900000.0,6.612,1149200000.0,0.0,1400000.0,0.0,11.278,559200000.0
2,RSHCQ,MRQ,2014-03-31,2014-05-03,2014-05-03,2020-09-21,-6200000.0,1326100000.0,,1074700000.0,251400000.0,,0.717,-12900000.0,61800000.0,61800000.0,468000000.0,-98300000.0,2.359,17.266,614500000.0,1100000.0,613400000.0,614500000.0,0.0,15500000.0,0.0,0.0,0.0,-80300000.0,-64800000.0,-0.088,-64800000.0,-80300000.0,-96900000.0,-0.97,-0.97,-0.97,72600000.0,,72600000.0,569767824.0,,,-50700000.0,-0.5,1.0,268700000.0,0.365,0.0,16600000.0,1423200000.0,,791700000.0,0.0,0.0,0.0,1253500000.0,455600000.0,797900000.0,135467824.0,-47800000.0,0.0,0.0,0.0,0.0,0.0,-10000000.0,0.0,-37800000.0,0.0,-98300000.0,-98300000.0,-98300000.0,0.0,0.0,-0.133,349700000.0,-81000000.0,242400000.0,0.0,1.866,,,180600000.0,0.0,1.35,,,163000000.0,824700000.0,736700000.0,736700000.0,0.0,,,,,1900000.0,335900000.0,1.0,100346536.0,101300000,101300000.0,7.272,1326100000.0,0.0,1400000.0,0.0,13.091,619100000.0
3,RSHCQ,MRQ,2013-12-31,2013-12-31,2013-12-31,2020-09-21,-6100000.0,1591200000.0,,1333000000.0,258200000.0,,2.05,-15700000.0,179800000.0,179800000.0,657000000.0,-191400000.0,2.28,6.709,614100000.0,1100000.0,613000000.0,614100000.0,0.0,16700000.0,0.0,0.0,0.0,-175500000.0,-158800000.0,-0.17,-158800000.0,-175500000.0,-187200000.0,-1.9,-1.9,-1.9,206400000.0,,206400000.0,443320529.0,-1.0,-1.532,-155500000.0,-1.544,1.0,278400000.0,0.298,12700000.0,11700000.0,1428200000.0,,802300000.0,0.0,0.0,0.0,1384800000.0,584600000.0,800200000.0,260420529.0,-136600000.0,0.0,0.0,51500000.0,0.0,51500000.0,-48300000.0,0.0,-139800000.0,0.0,-191400000.0,-191400000.0,-191400000.0,0.0,0.0,-0.205,444500000.0,-166100000.0,376400000.0,0.0,1.262,-0.651,-0.655,187200000.0,0.0,2.6,0.076,0.076,211900000.0,960600000.0,935400000.0,935400000.0,0.0,,,,,1300000.0,389300000.0,1.0,100161742.0,100700000,100700000.0,9.289,1578500000.0,0.0,4200000.0,0.0,15.675,748400000.0
4,RSHCQ,MRQ,2013-09-30,2013-10-31,2013-10-31,2020-09-21,,,,,,,,-16100000.0,,,534200000.0,-135900000.0,,,,,,,,16900000.0,,0.0,0.0,-128400000.0,-111500000.0,-0.144,-111500000.0,-128400000.0,-138600000.0,-1.35,-1.35,-1.35,,,,464354495.0,,,97900000.0,0.968,1.0,241200000.0,0.311,,10200000.0,,,,,,,,,,281454495.0,-143300000.0,0.0,0.0,-272000000.0,0.0,-272000000.0,14700000.0,0.0,114000000.0,0.0,-135900000.0,-135900000.0,-135900000.0,0.0,0.0,-0.175,369800000.0,-128600000.0,,0.0,,,,,0.0,2.81,,,,,775400000.0,775400000.0,0.0,,,,,1300000.0,352800000.0,1.0,100161742.0,101100000,101100000.0,7.67,,,-2700000.0,,,
5,RSHCQ,MRQ,2013-06-30,2013-07-31,2013-07-31,2020-09-21,,,,,,,,-11200000.0,,,559900000.0,-52200000.0,,,,,,,,17500000.0,,0.0,0.0,-51600000.0,-34100000.0,-0.04,-34100000.0,-51600000.0,-65600000.0,-0.51,-0.51,-0.51,,,,552889302.0,,,47800000.0,0.475,1.0,301500000.0,0.35,,14000000.0,,,,,,,,,,272189302.0,37300000.0,0.0,0.0,-10400000.0,0.0,-10400000.0,-11300000.0,0.0,59000000.0,0.0,-52200000.0,-52200000.0,-52200000.0,800000.0,0.0,-0.061,352600000.0,-51100000.0,,0.0,,,,,0.0,2.73,,,,,861400000.0,861400000.0,0.0,,,,,2500000.0,334400000.0,1.0,99703041.0,100700000,100700000.0,8.554,,,-13400000.0,,,
6,RSHCQ,MRQ,2013-03-31,2013-04-30,2013-04-30,2020-09-21,,,,,,,,1100000.0,,,507500000.0,-28000000.0,,,,,,,,19200000.0,,0.039,0.0,-14900000.0,4300000.0,0.005,4300000.0,-14900000.0,-29600000.0,-0.28,-0.28,-0.28,,,,592997174.0,,,78000000.0,0.776,1.0,340900000.0,0.402,,14700000.0,,,,,,,,,,315997174.0,-600000.0,0.0,0.0,-73100000.0,0.0,-73100000.0,-4400000.0,0.0,76900000.0,0.0,-28000000.0,-28000000.0,-28000000.0,4700000.0,0.0,-0.033,351200000.0,-10300000.0,,0.0,,,,,0.0,3.17,,,,,848400000.0,848400000.0,0.0,,,,,2400000.0,333700000.0,1.0,99683651.0,100500000,100500000.0,8.442,,,-1600000.0,,,
7,RSHCQ,MRQ,2012-12-31,2012-12-31,2012-12-31,2020-09-21,-7500000.0,2299100000.0,,1981900000.0,317200000.0,,5.981,-23300000.0,535700000.0,535700000.0,752100000.0,-63300000.0,2.026,2.84,777700000.0,278700000.0,499000000.0,777700000.0,0.0,20000000.0,0.0,0.118,0.0,11800000.0,31800000.0,0.027,31800000.0,11800000.0,-3500000.0,-0.63,-0.63,-0.63,598700000.0,,598700000.0,414170806.0,-8.0,14.583,-98700000.0,-0.986,1.0,419300000.0,0.358,36600000.0,15300000.0,1526300000.0,,908300000.0,0.0,0.0,0.0,1700400000.0,978200000.0,722200000.0,211070806.0,-10400000.0,0.0,0.0,88300000.0,0.0,88300000.0,-23300000.0,0.0,-75400000.0,0.0,-63300000.0,-63300000.0,-63300000.0,4800000.0,0.0,-0.054,403300000.0,16000000.0,435600000.0,0.0,0.353,-1.514,-1.525,239000000.0,0.0,2.12,0.055,0.055,452500000.0,1360800000.0,1171400000.0,1171400000.0,0.0,,,,,1100000.0,383500000.0,1.0,99561701.0,100100000,100100000.0,11.702,2262500000.0,0.0,59800000.0,0.0,22.602,1003700000.0
8,RSHCQ,MRQ,2012-09-30,2012-09-30,2012-09-30,2020-09-21,-6700000.0,2237300000.0,,1920400000.0,316900000.0,,6.617,-16800000.0,546100000.0,546100000.0,557200000.0,-47100000.0,2.081,2.378,749200000.0,275200000.0,474000000.0,749200000.0,0.0,19700000.0,0.0,0.315,0.0,-49800000.0,-30100000.0,-0.034,-30100000.0,-49800000.0,-63000000.0,-0.47,-0.47,-0.47,662400000.0,,662400000.0,398271582.0,-16.0,7.024,-7300000.0,-0.073,1.0,340800000.0,0.38,36900000.0,13200000.0,1480800000.0,,851100000.0,0.0,0.0,0.0,1574900000.0,922700000.0,652200000.0,236671582.0,28400000.0,0.0,0.0,35700000.0,0.0,35700000.0,-16800000.0,0.0,9500000.0,0.0,-47100000.0,-47100000.0,-47100000.0,15700000.0,0.0,-0.052,374800000.0,-34000000.0,386200000.0,0.0,0.357,-3.686,-3.719,241000000.0,0.0,2.38,0.064,0.064,349200000.0,1424100000.0,898000000.0,898000000.0,0.0,,,,,2300000.0,354000000.0,1.0,99441841.0,100100000,100100000.0,8.971,2200400000.0,0.0,-15900000.0,0.0,21.982,997700000.0
9,RSHCQ,MRQ,2012-06-30,2012-06-30,2012-06-30,2020-09-21,-9200000.0,2087700000.0,,1741200000.0,346500000.0,,7.039,-16500000.0,517700000.0,517700000.0,508400000.0,-21000000.0,1.834,1.963,679300000.0,355400000.0,323900000.0,679300000.0,0.0,20100000.0,0.0,0.195,0.125,-18600000.0,1500000.0,0.002,1500000.0,-18600000.0,-31500000.0,-0.21,-0.21,-0.21,704600000.0,,704600000.0,490301635.0,13.0,4.089,-42100000.0,-0.421,1.0,340200000.0,0.401,38400000.0,12900000.0,1261500000.0,,828700000.0,0.0,0.0,0.0,1383100000.0,949400000.0,433700000.0,381801635.0,-48700000.0,0.0,0.0,4300000.0,-12500000.0,-8200000.0,-14900000.0,0.0,-25600000.0,0.0,-21000000.0,-21000000.0,-21000000.0,4800000.0,0.0,-0.025,354300000.0,-14100000.0,352300000.0,-0.595,0.542,-22.726,-22.588,256500000.0,0.0,3.84,0.1,0.1,250000000.0,1471200000.0,848600000.0,848600000.0,0.0,,,,,1800000.0,337000000.0,1.0,99427509.0,100100000,100100000.0,8.478,2049300000.0,0.0,-10500000.0,0.0,20.473,791800000.0
10,RSHCQ,MRQ,2012-03-31,2012-03-31,2012-03-31,2020-09-21,-6300000.0,2018000000.0,,1664500000.0,353500000.0,,7.412,-11200000.0,566400000.0,566400000.0,543200000.0,-8000000.0,3.395,1.728,674900000.0,0.0,674900000.0,674900000.0,0.0,20900000.0,0.0,0.1,0.125,4300000.0,25200000.0,0.028,25200000.0,4300000.0,-8800000.0,-0.08,-0.08,-0.08,739700000.0,,739700000.0,696692599.0,7.0,3.675,37300000.0,0.374,1.0,370100000.0,0.405,40300000.0,13100000.0,1595900000.0,,730200000.0,0.0,0.0,0.0,1278300000.0,490300000.0,788000000.0,617792599.0,-25300000.0,0.0,0.0,-22200000.0,-12400000.0,-34600000.0,-39200000.0,0.0,48500000.0,0.0,-8000000.0,-8000000.0,-8000000.0,3300000.0,0.0,-0.009,363000000.0,7100000.0,252600000.0,-1.563,0.835,21.23,22.214,260500000.0,0.0,6.22,0.157,0.158,236600000.0,1504700000.0,913300000.0,913300000.0,0.0,,,,,1900000.0,345300000.0,1.0,99323569.0,99800000,99800000.0,9.151,1977700000.0,0.0,-800000.0,0.0,19.817,1174200000.0
11,RSHCQ,MRQ,2011-12-31,2011-12-31,2011-12-31,2020-09-21,-11900000.0,2175100000.0,,1812800000.0,362300000.0,,7.548,-19200000.0,591700000.0,591700000.0,647000000.0,11900000.0,2.85,1.887,670600000.0,0.0,670600000.0,670600000.0,0.0,21400000.0,0.0,0.051,0.5,38700000.0,60100000.0,0.058,60100000.0,38700000.0,25100000.0,0.12,0.12,0.12,753300000.0,,753300000.0,968120474.0,6.0,3.879,-64300000.0,-0.644,1.0,394000000.0,0.378,37000000.0,13600000.0,1580900000.0,,744400000.0,0.0,0.0,0.0,1421800000.0,636100000.0,785700000.0,969420474.0,-76000000.0,0.0,-8500000.0,44500000.0,-49600000.0,-13600000.0,-17300000.0,0.0,-45100000.0,0.0,11900000.0,11900000.0,11900000.0,11600000.0,0.0,0.011,344600000.0,49400000.0,348200000.0,4.167,1.287,13.427,13.871,270200000.0,0.0,9.71,0.24,0.247,360600000.0,1525100000.0,1041000000.0,1041000000.0,0.0,,,,,1400000.0,328400000.0,1.0,99837330.0,99800000,100600000.0,10.431,2138100000.0,0.0,13200000.0,0.0,21.424,1176700000.0
12,RSHCQ,MRQ,2011-09-30,2011-09-30,2011-09-30,2020-09-21,-11100000.0,2208000000.0,,1814900000.0,393100000.0,,7.979,-21400000.0,667700000.0,667700000.0,589900000.0,300000.0,2.818,1.762,666400000.0,0.0,666400000.0,666400000.0,0.0,21100000.0,0.0,0.022,0.0,12000000.0,33100000.0,0.032,33100000.0,12000000.0,-600000.0,0.0,0.0,0.0,799500000.0,,799500000.0,1269427762.0,6.0,4.079,140100000.0,1.398,1.0,441900000.0,0.428,37400000.0,12600000.0,1525200000.0,,790600000.0,0.0,0.0,0.0,1408500000.0,644100000.0,764400000.0,1159427762.0,115500000.0,0.0,500000.0,-31400000.0,0.0,-24700000.0,-21300000.0,0.0,161500000.0,0.0,300000.0,300000.0,300000.0,0.0,0.0,0.0,431300000.0,10600000.0,344600000.0,,1.45,9.884,10.759,273400000.0,0.0,11.62,0.27,0.271,250300000.0,1562800000.0,1031800000.0,1031800000.0,0.0,,,,,1100000.0,411400000.0,1.0,99778637.0,100200000,100700000.0,10.297,2170600000.0,0.0,-900000.0,0.0,21.663,1170800000.0
13,RSHCQ,MRQ,2011-06-30,2011-06-30,2011-06-30,2020-09-21,-900000.0,2064300000.0,,1662200000.0,402100000.0,,7.792,-27000000.0,552200000.0,552200000.0,509800000.0,24900000.0,3.323,1.555,662200000.0,0.0,662200000.0,662200000.0,0.0,20400000.0,0.0,0.019,0.0,50800000.0,71200000.0,0.076,71200000.0,50800000.0,39900000.0,0.24,0.24,0.24,808000000.0,,808000000.0,1421101793.0,5.0,3.717,13700000.0,0.132,1.0,432100000.0,0.459,43300000.0,10900000.0,1630800000.0,,727200000.0,0.0,0.0,0.0,1256300000.0,500200000.0,756100000.0,1411601793.0,226000000.0,0.0,-99900000.0,318400000.0,0.0,212300000.0,-27000000.0,0.0,40700000.0,0.0,24900000.0,24900000.0,24900000.0,-1400000.0,0.0,0.026,383200000.0,48900000.0,225400000.0,0.0,1.747,8.66,9.116,274500000.0,0.0,13.31,0.331,0.323,278400000.0,1562500000.0,941900000.0,941900000.0,0.0,,,,,1600000.0,364300000.0,1.0,106055732.0,103700000,104600000.0,9.083,2021000000.0,0.0,15000000.0,0.0,19.489,1162000000.0
14,RSHCQ,MRQ,2011-03-31,2011-03-31,2011-03-31,2020-09-21,-2300000.0,1807400000.0,,1415800000.0,391600000.0,,8.304,-14500000.0,326200000.0,326200000.0,563000000.0,35100000.0,2.827,1.049,335700000.0,0.0,335700000.0,335700000.0,0.0,20200000.0,0.0,0.017,0.0,65000000.0,85200000.0,0.084,85200000.0,65000000.0,55300000.0,0.33,0.33,0.33,881900000.0,,881900000.0,1658153312.0,5.0,3.881,46300000.0,0.436,1.0,454400000.0,0.447,42700000.0,9700000.0,1273400000.0,,737900000.0,0.0,0.0,0.0,925500000.0,500800000.0,424700000.0,1587753312.0,-243200000.0,0.0,600000.0,-290100000.0,0.0,-289500000.0,-14500000.0,0.0,60800000.0,0.0,35100000.0,35100000.0,35100000.0,-3700000.0,0.0,0.034,389300000.0,65100000.0,221900000.0,0.0,1.8,8.308,9.152,267400000.0,0.0,15.01,0.37,0.371,249300000.0,1537600000.0,1017400000.0,1017400000.0,0.0,,,,,1300000.0,370600000.0,1.0,105779701.0,106200000,107400000.0,9.58,1764700000.0,0.0,20200000.0,0.0,16.617,915000000.0
15,RSHCQ,MRQ,2010-12-31,2010-12-31,2010-12-31,2020-09-21,-4300000.0,2175400000.0,,1778700000.0,396700000.0,,7.701,-33500000.0,569400000.0,569400000.0,772800000.0,57000000.0,1.959,1.582,639800000.0,308000000.0,331800000.0,639800000.0,0.0,20400000.0,0.0,0.014,0.25,101300000.0,121700000.0,0.093,121700000.0,101300000.0,90400000.0,0.51,0.5,0.51,842500000.0,,842500000.0,2062139893.0,6.0,4.558,-35300000.0,-0.323,1.0,537000000.0,0.41,41200000.0,10900000.0,1296500000.0,,723700000.0,0.0,0.0,0.0,1332900000.0,908100000.0,424800000.0,2104639893.0,-150900000.0,0.0,-97200000.0,8000000.0,-26500000.0,-115700000.0,-33400000.0,0.0,-1800000.0,0.0,57000000.0,57000000.0,57000000.0,-3900000.0,0.0,0.044,440100000.0,96900000.0,272400000.0,0.49,2.498,10.212,10.813,274300000.0,0.0,18.49,0.493,0.522,377500000.0,1502500000.0,1309800000.0,1309800000.0,0.0,,,,,1200000.0,420900000.0,1.0,113825846.0,109400000,111600000.0,11.973,2134200000.0,0.0,33400000.0,0.0,19.508,870600000.0
16,RSHCQ,MRQ,2010-09-30,2010-09-30,2010-09-30,2020-09-21,-5000000.0,2242500000.0,,1851100000.0,391400000.0,,7.517,-21000000.0,720300000.0,720300000.0,549000000.0,46000000.0,2.018,1.465,636600000.0,308700000.0,327900000.0,636600000.0,0.0,20400000.0,0.0,0.012,0.0,83800000.0,104200000.0,0.104,104200000.0,83800000.0,73400000.0,0.38,0.37,0.38,909600000.0,,909600000.0,2423821539.0,6.0,5.007,93800000.0,0.775,1.0,453000000.0,0.452,40700000.0,10400000.0,1200700000.0,,759100000.0,0.0,0.0,0.0,1332900000.0,917400000.0,415500000.0,2674521539.0,-210800000.0,0.0,-298900000.0,-5700000.0,0.0,-304600000.0,-21000000.0,0.0,114800000.0,0.0,46000000.0,46000000.0,46000000.0,-3200000.0,0.0,0.046,373200000.0,79800000.0,318100000.0,0.0,2.94,11.897,11.85,264400000.0,0.0,21.33,0.649,0.626,258300000.0,2473000000.0,1002000000.0,1002000000.0,0.0,,,,,1200000.0,352500000.0,1.0,125387789.0,121000000,123100000.0,8.281,2201800000.0,0.0,27400000.0,11400000.0,18.197,933700000.0
17,RSHCQ,MRQ,2010-06-30,2010-06-30,2010-06-30,2020-09-21,-6300000.0,2395700000.0,,2012000000.0,383700000.0,,9.217,-13300000.0,931100000.0,931100000.0,505100000.0,53000000.0,2.44,1.066,633600000.0,309500000.0,324100000.0,633600000.0,0.0,21300000.0,0.0,0.013,0.0,94800000.0,116100000.0,0.121,116100000.0,94800000.0,84100000.0,0.42,0.41,0.42,1159500000.0,,1159500000.0,2236142152.0,6.0,4.743,43300000.0,0.344,1.0,457200000.0,0.475,39800000.0,10700000.0,1233800000.0,,646200000.0,0.0,0.0,0.0,1236200000.0,824600000.0,411600000.0,2446242152.0,59300000.0,0.0,200000.0,15800000.0,0.0,16000000.0,-13300000.0,0.0,56600000.0,0.0,53000000.0,53000000.0,53000000.0,-3500000.0,0.0,0.055,366600000.0,90600000.0,220300000.0,0.0,2.11,11.315,11.343,263400000.0,0.0,19.51,0.595,0.597,311900000.0,2427000000.0,962300000.0,962300000.0,0.0,,,,,2400000.0,347000000.0,1.0,125384016.0,125800000,128200000.0,7.649,2355900000.0,0.0,31100000.0,7400000.0,18.727,1187400000.0
18,RSHCQ,MRQ,2010-03-31,2010-03-31,2010-03-31,2020-09-21,-3000000.0,2356500000.0,,1954000000.0,402500000.0,,8.813,-12300000.0,871800000.0,871800000.0,549800000.0,50100000.0,3.714,1.127,630700000.0,0.0,630700000.0,630700000.0,0.0,22100000.0,0.0,0.011,0.0,91400000.0,113500000.0,0.109,113500000.0,91400000.0,81500000.0,0.4,0.39,0.4,1107800000.0,,1107800000.0,2595306023.0,7.0,5.547,-26900000.0,-0.214,1.0,491900000.0,0.472,41200000.0,9900000.0,1548100000.0,,688700000.0,0.0,0.0,0.0,1248700000.0,526100000.0,722600000.0,2834106023.0,-36400000.0,0.0,1100000.0,-10600000.0,0.0,-9500000.0,-12300000.0,0.0,-14600000.0,0.0,50100000.0,50100000.0,50100000.0,0.0,0.0,0.048,401100000.0,90800000.0,207800000.0,0.0,2.558,13.368,13.391,271700000.0,0.0,22.63,0.689,0.692,280500000.0,2374000000.0,1041700000.0,1041700000.0,0.0,,,,,5100000.0,380700000.0,1.0,125236678.0,125700000,127900000.0,8.287,2315300000.0,0.0,31400000.0,26900000.0,18.419,1427900000.0
19,RSHCQ,MRQ,2009-12-31,2009-12-31,2009-12-31,2020-09-21,-6500000.0,2429300000.0,,2015700000.0,413600000.0,,8.36,-19100000.0,908200000.0,908200000.0,626200000.0,75700000.0,3.08,1.317,627800000.0,0.0,627800000.0,627800000.0,0.0,22600000.0,0.0,0.013,0.25,127700000.0,150300000.0,0.135,150300000.0,127700000.0,117400000.0,0.6,0.6,0.6,1048300000.0,,1048300000.0,2272290995.0,6.0,4.939,103100000.0,0.822,1.0,489600000.0,0.439,38900000.0,10300000.0,1455500000.0,,670600000.0,0.0,0.0,0.0,1381000000.0,654500000.0,726500000.0,2441290995.0,51500000.0,0.0,700000.0,-21200000.0,-31300000.0,-51800000.0,-18900000.0,0.0,122200000.0,0.0,75700000.0,75700000.0,75700000.0,-8500000.0,0.0,0.068,371300000.0,118300000.0,262900000.0,0.417,2.329,11.909,11.963,282300000.0,0.0,19.5,0.599,0.6,322500000.0,2323900000.0,1115800000.0,1115800000.0,0.0,,,,,3000000.0,352800000.0,1.0,125194410.0,125400000,127000000.0,8.898,2390400000.0,0.0,41700000.0,30900000.0,19.062,1361200000.0
20,RSHCQ,MRQ,2009-09-30,2009-09-30,2009-09-30,2020-09-21,-6900000.0,2347100000.0,,1923000000.0,424100000.0,,7.968,-18100000.0,856700000.0,856700000.0,518900000.0,37400000.0,3.0,1.347,687700000.0,62800000.0,624900000.0,687700000.0,0.0,22900000.0,0.0,0.015,0.0,68700000.0,91600000.0,0.093,91600000.0,68700000.0,57500000.0,0.3,0.3,0.3,1000000000.0,,1000000000.0,1863439013.0,5.0,4.234,-37900000.0,-0.302,1.0,471100000.0,0.476,38600000.0,11200000.0,1498600000.0,,737400000.0,0.0,0.0,0.0,1347100000.0,640900000.0,706200000.0,2074139013.0,-74100000.0,0.0,0.0,-36200000.0,0.0,-36200000.0,-18100000.0,0.0,-19800000.0,0.0,37400000.0,37400000.0,37400000.0,0.0,0.0,0.038,401700000.0,69400000.0,283600000.0,0.0,2.074,10.951,10.974,286500000.0,0.0,16.57,0.492,0.493,228700000.0,2279500000.0,990000000.0,990000000.0,0.0,,,,,3000000.0,380700000.0,1.0,125174352.0,125500000,126300000.0,7.888,2308500000.0,0.0,20100000.0,4500000.0,18.394,1282100000.0
21,RSHCQ,MRQ,2009-06-30,2009-06-30,2009-06-30,2020-09-21,-4500000.0,2243000000.0,,1805200000.0,437800000.0,,7.669,-17700000.0,930800000.0,930800000.0,520900000.0,48800000.0,3.42,1.332,720100000.0,55700000.0,664400000.0,720100000.0,0.0,23300000.0,0.0,0.018,0.0,89200000.0,112500000.0,0.116,112500000.0,89200000.0,78100000.0,0.39,0.39,0.39,961700000.0,,961700000.0,1573798802.0,4.0,3.409,39600000.0,0.316,1.0,444800000.0,0.461,39700000.0,11100000.0,1464800000.0,,578200000.0,0.0,0.0,0.0,1281300000.0,527800000.0,753500000.0,1746798802.0,57600000.0,0.0,0.0,18000000.0,0.0,18000000.0,-17700000.0,0.0,57300000.0,0.0,48800000.0,48800000.0,48800000.0,0.0,0.0,0.051,357100000.0,87700000.0,190000000.0,0.0,1.816,8.686,8.78,290700000.0,0.0,13.96,0.411,0.412,205200000.0,2242100000.0,965700000.0,965700000.0,0.0,,,,,3500000.0,335700000.0,1.0,125128854.0,125400000,125800000.0,7.701,2203300000.0,0.0,29300000.0,6200000.0,17.57,1277400000.0
22,RSHCQ,MRQ,2009-03-31,2009-03-31,2009-03-31,2020-09-21,-7000000.0,2198500000.0,,1745000000.0,453500000.0,,7.229,-26100000.0,873200000.0,873200000.0,534500000.0,43100000.0,3.266,1.425,700200000.0,37800000.0,662400000.0,700200000.0,0.0,24100000.0,0.0,0.029,0.0,81600000.0,105700000.0,0.105,105700000.0,81600000.0,70100000.0,0.34,0.34,0.34,906500000.0,,906500000.0,1028958473.0,3.0,2.297,60000000.0,0.478,1.0,467600000.0,0.467,36300000.0,11500000.0,1454900000.0,,575800000.0,0.0,0.0,0.0,1292000000.0,534300000.0,757700000.0,1071958473.0,58400000.0,0.0,0.0,-1600000.0,0.0,-1600000.0,-26100000.0,0.0,86100000.0,0.0,43100000.0,43100000.0,43100000.0,0.0,0.0,0.043,387500000.0,80100000.0,189000000.0,0.0,1.183,5.534,5.638,300600000.0,0.0,8.57,0.251,0.251,205100000.0,2193300000.0,1002100000.0,1002100000.0,0.0,,,,,2600000.0,365800000.0,1.0,125082669.0,125400000,125400000.0,7.991,2162200000.0,0.0,27000000.0,20200000.0,17.242,1210700000.0
23,RSHCQ,MRQ,2008-12-31,2008-12-31,2008-12-31,2020-09-21,-7000000.0,2254000000.0,,1791600000.0,462400000.0,,6.881,-41100000.0,814800000.0,814800000.0,732400000.0,60100000.0,2.812,1.618,698800000.0,39300000.0,659500000.0,698800000.0,0.0,25000000.0,0.0,0.021,0.25,105300000.0,130300000.0,0.104,130300000.0,105300000.0,93500000.0,0.48,0.48,0.48,860800000.0,,860800000.0,1431057232.0,4.0,3.301,58200000.0,0.465,1.0,526300000.0,0.418,36700000.0,11800000.0,1464100000.0,,636300000.0,0.0,0.0,0.0,1393200000.0,637200000.0,756000000.0,1493357232.0,-9300000.0,-42000000.0,100000.0,3400000.0,-31300000.0,-27800000.0,-80800000.0,0.0,99300000.0,0.0,60100000.0,60100000.0,60100000.0,0.0,0.0,0.048,424500000.0,101800000.0,206400000.0,0.521,1.735,7.885,8.122,306400000.0,0.0,11.94,0.353,0.365,241900000.0,2150200000.0,1258700000.0,1258700000.0,0.0,,,,,4900000.0,401600000.0,1.0,125071795.0,125100000,125200000.0,10.062,2217300000.0,0.0,33400000.0,24200000.0,17.724,1154400000.0
24,RSHCQ,MRQ,2008-09-30,2008-09-30,2008-09-30,2020-09-21,-5500000.0,2214600000.0,,1813800000.0,400800000.0,,6.47,-19400000.0,824100000.0,824100000.0,544500000.0,49100000.0,2.857,1.666,685700000.0,35900000.0,649800000.0,685700000.0,0.0,24500000.0,0.0,0.014,0.0,88700000.0,113200000.0,0.111,113200000.0,88700000.0,79400000.0,0.38,0.38,0.38,830800000.0,,830800000.0,2069536681.0,5.0,4.144,34800000.0,0.271,1.0,477400000.0,0.467,0.0,9300000.0,1441300000.0,,681200000.0,0.0,0.0,0.0,1383800000.0,634900000.0,748900000.0,2266036681.0,246300000.0,0.0,-71500000.0,292400000.0,0.0,211500000.0,-19400000.0,0.0,54200000.0,0.0,49100000.0,49100000.0,49100000.0,0.0,0.0,0.048,392500000.0,84900000.0,248200000.0,0.0,2.728,9.839,9.818,278600000.0,0.0,17.28,0.523,0.512,192100000.0,2121400000.0,1021900000.0,1021900000.0,0.0,,,,,2200000.0,370400000.0,1.0,131136382.0,128400000,128800000.0,7.959,2214600000.0,0.0,30300000.0,20000000.0,17.248,1178900000.0
25,RSHCQ,MRQ,2008-06-30,2008-06-30,2008-06-30,2020-09-21,-5500000.0,1895500000.0,,1499500000.0,396000000.0,,6.529,-11100000.0,577800000.0,577800000.0,525500000.0,41400000.0,2.605,1.213,381300000.0,32300000.0,349000000.0,381300000.0,0.0,24600000.0,0.0,0.02,0.0,74100000.0,98700000.0,0.099,98700000.0,74100000.0,67400000.0,0.32,0.32,0.32,856600000.0,,856600000.0,1520479178.0,4.0,3.048,102600000.0,0.782,1.0,469400000.0,0.472,0.0,6700000.0,1123300000.0,,626300000.0,0.0,0.0,0.0,1038900000.0,575700000.0,463200000.0,1609779178.0,108500000.0,0.0,0.0,5800000.0,0.0,5800000.0,-11000000.0,0.0,113700000.0,0.0,41400000.0,41400000.0,41400000.0,0.0,0.0,0.042,398100000.0,71300000.0,190500000.0,0.0,1.879,7.076,7.134,278800000.0,0.0,12.27,0.377,0.377,191900000.0,2072300000.0,994900000.0,994900000.0,0.0,,,,,3100000.0,375400000.0,1.0,131196347.0,131200000,131200000.0,7.583,1895500000.0,0.0,26000000.0,15500000.0,14.447,923800000.0
26,RSHCQ,MRQ,2008-03-31,2008-03-31,2008-03-31,2020-09-21,-5300000.0,1829800000.0,,1413100000.0,416700000.0,,6.186,-14000000.0,469300000.0,469300000.0,499400000.0,38800000.0,2.598,1.255,380000000.0,26500000.0,353500000.0,380000000.0,0.0,25000000.0,0.0,0.015,0.0,66300000.0,91300000.0,0.096,91300000.0,66300000.0,59200000.0,0.3,0.3,0.3,811600000.0,,811600000.0,2030052055.0,5.0,4.059,-6600000.0,-0.05,1.0,449600000.0,0.474,0.0,7100000.0,1196600000.0,,663400000.0,0.0,0.0,0.0,1018200000.0,543900000.0,474300000.0,2130352055.0,-40400000.0,0.0,0.0,-34700000.0,0.0,-34700000.0,-13100000.0,0.0,7400000.0,0.0,38800000.0,38800000.0,38800000.0,0.0,0.0,0.041,385400000.0,64200000.0,200600000.0,0.0,2.625,9.139,9.339,302700000.0,0.0,16.25,0.506,0.507,182300000.0,2030900000.0,949000000.0,949000000.0,0.0,,,,,2600000.0,362400000.0,1.0,131098588.0,131200000,131300000.0,7.233,1829800000.0,0.0,20400000.0,21300000.0,13.947,869200000.0
27,RSHCQ,MRQ,2007-12-31,2007-12-31,2007-12-31,2020-09-21,-5300000.0,1989600000.0,,1566800000.0,422800000.0,,5.876,-10600000.0,509700000.0,509700000.0,753100000.0,101000000.0,2.095,1.585,409400000.0,61200000.0,348200000.0,409400000.0,0.0,26600000.0,0.0,0.015,0.25,169600000.0,196200000.0,0.144,196200000.0,169600000.0,161800000.0,0.76,0.75,0.76,769700000.0,,769700000.0,2176029787.0,5.0,4.2,103200000.0,0.788,1.0,611200000.0,0.448,0.0,7800000.0,1141300000.0,,705400000.0,0.0,0.0,0.0,1219900000.0,748000000.0,471900000.0,2210129787.0,93000000.0,0.0,100000.0,22600000.0,-32800000.0,-10100000.0,-10700000.0,0.0,113800000.0,0.0,101000000.0,101000000.0,101000000.0,0.0,0.0,0.074,446000000.0,165200000.0,257600000.0,0.329,2.871,9.333,9.58,317100000.0,0.0,16.86,0.52,0.534,256000000.0,1992100000.0,1364300000.0,1364300000.0,0.0,,,,,5700000.0,421200000.0,1.0,131087176.0,131000000,131700000.0,10.415,1989600000.0,0.0,60800000.0,35700000.0,15.188,818800000.0
28,RSHCQ,MRQ,2007-09-30,2007-09-30,2007-09-30,2020-09-21,-1900000.0,1873600000.0,,1439100000.0,434500000.0,,5.216,-12600000.0,416700000.0,416700000.0,492600000.0,46300000.0,2.07,1.67,382600000.0,38600000.0,344000000.0,382600000.0,0.0,27800000.0,0.0,0.012,0.0,84900000.0,112700000.0,0.117,112700000.0,84900000.0,75200000.0,0.34,0.34,0.34,701600000.0,,701600000.0,2751563351.0,7.0,5.53,98400000.0,0.732,1.0,467700000.0,0.487,0.0,9700000.0,1144200000.0,,693500000.0,0.0,0.0,0.0,1172000000.0,695300000.0,476700000.0,2849163351.0,-213700000.0,0.0,-157900000.0,-154300000.0,0.0,-312200000.0,-12500000.0,0.0,111000000.0,0.0,46300000.0,46300000.0,46300000.0,0.0,0.0,0.048,390500000.0,77200000.0,308700000.0,0.0,4.061,12.933,12.832,330200000.0,0.0,20.66,0.656,0.639,198200000.0,1923800000.0,960300000.0,960300000.0,0.0,,,,,2100000.0,363900000.0,1.0,137907229.0,134500000,135900000.0,7.14,1873600000.0,0.0,28900000.0,16700000.0,13.93,743800000.0
29,RSHCQ,MRQ,2007-06-30,2007-06-30,2007-06-30,2020-09-21,-1900000.0,1986900000.0,,1536800000.0,450100000.0,,5.934,-11200000.0,630400000.0,630400000.0,483200000.0,47000000.0,2.199,1.449,532800000.0,192700000.0,340100000.0,532800000.0,0.0,29100000.0,0.0,0.008,0.0,70800000.0,99900000.0,0.107,99900000.0,70800000.0,60100000.0,0.34,0.34,0.34,811200000.0,,811200000.0,4549724034.0,16.0,11.321,95200000.0,0.696,1.0,451600000.0,0.483,0.0,10700000.0,1190500000.0,,612300000.0,0.0,0.0,0.0,1175700000.0,698800000.0,476900000.0,4492424034.0,167200000.0,0.0,55900000.0,14000000.0,0.0,69900000.0,-9100000.0,0.0,106400000.0,0.0,47000000.0,47000000.0,47000000.0,0.0,0.0,0.05,386700000.0,64900000.0,173600000.0,0.0,5.538,28.487,28.817,348800000.0,0.0,33.14,1.011,1.019,169500000.0,1877600000.0,934800000.0,934800000.0,0.0,,,,,1900000.0,359800000.0,1.0,135558963.0,136700000,139000000.0,6.838,1986900000.0,0.0,13100000.0,6400000.0,14.535,838000000.0
30,RSHCQ,MRQ,2007-03-31,2007-03-31,2007-03-31,2020-09-21,-2000000.0,1883800000.0,,1413900000.0,469900000.0,,5.136,-9400000.0,463200000.0,463200000.0,497000000.0,42500000.0,2.034,1.693,520500000.0,178500000.0,342000000.0,520500000.0,0.0,29200000.0,0.0,0.009,0.0,80100000.0,109300000.0,0.11,109300000.0,80100000.0,69500000.0,0.31,0.31,0.31,699500000.0,,699500000.0,3750178107.0,18.0,11.128,38400000.0,0.282,1.0,495300000.0,0.499,0.0,10600000.0,1246100000.0,,650800000.0,0.0,0.0,0.0,1184300000.0,695000000.0,489300000.0,3681478107.0,-8800000.0,0.0,-25300000.0,-21600000.0,0.0,-46900000.0,-9700000.0,0.0,47800000.0,0.0,42500000.0,42500000.0,42500000.0,0.0,0.0,0.043,420700000.0,74600000.0,182300000.0,0.0,5.263,34.246,34.215,365800000.0,0.0,27.03,0.799,0.799,168800000.0,1830600000.0,992300000.0,992300000.0,0.0,,,,,3000000.0,393600000.0,1.0,136199708.0,136200000,137100000.0,7.286,1883800000.0,0.0,27000000.0,3600000.0,13.831,718900000.0
31,RSHCQ,MRQ,2006-12-31,2006-12-31,2006-12-31,2020-09-21,-1600000.0,2070000000.0,,1599600000.0,470400000.0,,4.79,-17500000.0,472000000.0,472000000.0,896700000.0,84500000.0,1.625,2.166,540700000.0,194900000.0,345800000.0,540700000.0,0.0,30700000.0,0.0,0.015,0.25,145000000.0,175700000.0,0.12,175700000.0,145000000.0,134000000.0,0.62,0.62,0.62,653800000.0,,653800000.0,2612703077.0,17.0,9.203,268500000.0,1.967,1.0,561400000.0,0.385,0.0,11000000.0,1154500000.0,,752100000.0,0.0,0.0,0.0,1416200000.0,984200000.0,432000000.0,2279103077.0,195600000.0,0.0,400000.0,-39200000.0,-33900000.0,-72700000.0,-17700000.0,0.0,286000000.0,0.0,84500000.0,84500000.0,84500000.0,0.0,0.0,0.058,415600000.0,145800000.0,254500000.0,0.403,3.486,31.05,31.074,386300000.0,0.0,16.78,0.477,0.478,247900000.0,1780900000.0,1458100000.0,1458100000.0,0.0,,,,,12000000.0,389800000.0,1.0,135822591.0,136500000,136500000.0,10.682,2070000000.0,0.0,49500000.0,92600000.0,15.165,615400000.0
32,RSHCQ,MRQ,2006-09-30,2006-09-30,2006-09-30,2020-09-21,-1200000.0,1984500000.0,,1488100000.0,496400000.0,,4.402,-24400000.0,276400000.0,276400000.0,571600000.0,-16300000.0,1.612,2.303,610000000.0,265300000.0,344700000.0,610000000.0,0.0,31900000.0,0.0,0.0,0.0,-14900000.0,17000000.0,0.016,17000000.0,-14900000.0,-26100000.0,-0.12,-0.12,-0.12,600900000.0,,600900000.0,3044887695.0,33.0,13.778,95000000.0,0.696,1.0,487900000.0,0.461,0.0,11200000.0,1394800000.0,,878700000.0,0.0,0.0,0.0,1383600000.0,923300000.0,460300000.0,2619187695.0,106100000.0,0.0,1200000.0,8900000.0,0.0,10100000.0,-23400000.0,0.0,119400000.0,0.0,-16300000.0,-16300000.0,-16300000.0,0.0,0.0,-0.015,502800000.0,-14900000.0,304300000.0,0.0,4.359,65.316,64.333,429700000.0,0.0,19.3,0.525,0.528,212300000.0,1730300000.0,1059500000.0,1059500000.0,0.0,,,,,0.0,441600000.0,1.0,135709207.0,136500000,136500000.0,7.762,1984500000.0,0.0,-9800000.0,11800000.0,14.538,564800000.0
33,RSHCQ,MRQ,2006-06-30,2006-06-30,2006-06-30,2020-09-21,-400000.0,1864400000.0,,1324500000.0,539900000.0,,4.511,-11600000.0,170300000.0,170300000.0,580400000.0,-3200000.0,2.078,2.035,596000000.0,105800000.0,490200000.0,596000000.0,0.0,33600000.0,0.0,0.018,0.0,1400000.0,35000000.0,0.032,35000000.0,1400000.0,-10100000.0,-0.02,-0.02,-0.02,614400000.0,,614400000.0,2504696212.0,13.0,7.688,180400000.0,1.325,1.0,519500000.0,0.472,0.0,11500000.0,1652600000.0,,794800000.0,0.0,0.0,0.0,1250000000.0,637500000.0,612500000.0,1894496212.0,124900000.0,0.0,3000000.0,-58500000.0,0.0,-55500000.0,-11600000.0,0.0,192000000.0,0.0,-3200000.0,-3200000.0,-3200000.0,0.0,0.0,-0.003,517500000.0,2000000.0,159300000.0,0.0,3.083,11.489,11.864,439200000.0,0.0,14.0,0.37,0.372,239900000.0,1746600000.0,1099900000.0,1099900000.0,0.0,,,,,0.0,483600000.0,1.0,135321158.0,136200000,136200000.0,8.076,1864400000.0,0.0,-6900000.0,25000000.0,13.689,687000000.0
34,RSHCQ,MRQ,2006-03-31,2006-03-31,2006-03-31,2020-09-21,-200000.0,1978800000.0,,1418900000.0,559900000.0,,4.5,-26400000.0,45400000.0,45400000.0,599400000.0,8400000.0,1.896,2.238,655600000.0,163700000.0,491900000.0,655600000.0,0.0,32000000.0,0.0,0.013,0.0,24200000.0,56200000.0,0.048,56200000.0,24200000.0,13600000.0,0.06,0.06,0.06,611100000.0,,611100000.0,2912310052.0,10.0,7.011,-309000000.0,-2.275,1.0,560600000.0,0.483,0.0,10600000.0,1840600000.0,,960000000.0,0.0,0.0,0.0,1367700000.0,748400000.0,619300000.0,2600510052.0,-178600000.0,0.0,7600000.0,123000000.0,0.0,130600000.0,-26600000.0,0.0,-282600000.0,0.0,8400000.0,8400000.0,8400000.0,0.0,0.0,0.007,536600000.0,24000000.0,211900000.0,0.0,4.255,11.799,12.487,455800000.0,0.0,19.23,0.508,0.51,265400000.0,1749800000.0,1160000000.0,1160000000.0,0.0,,,,,0.0,495700000.0,1.0,135231932.0,135800000,135800000.0,8.542,1978800000.0,0.0,5200000.0,42500000.0,14.571,670500000.0
35,RSHCQ,MRQ,2005-12-31,2005-12-31,2005-12-31,2020-09-21,300000.0,2205100000.0,,1627300000.0,577800000.0,,4.365,177000000.0,224000000.0,224000000.0,1093700000.0,51200000.0,1.65,2.745,535800000.0,40900000.0,494900000.0,535800000.0,0.0,32200000.0,0.0,0.012,0.0,80600000.0,112800000.0,0.067,112800000.0,80600000.0,66500000.0,0.38,0.38,0.38,588800000.0,,588800000.0,3667062257.0,10.0,7.531,517100000.0,3.833,1.0,578200000.0,0.346,0.0,14100000.0,1530600000.0,,964900000.0,0.0,0.0,0.0,1616300000.0,986300000.0,630000000.0,2831162257.0,176600000.0,0.0,29700000.0,-330400000.0,-33700000.0,-334400000.0,170900000.0,0.0,340100000.0,0.0,51200000.0,51200000.0,51200000.0,0.0,0.0,0.031,495800000.0,82400000.0,490900000.0,0.0,4.808,10.604,11.683,476200000.0,0.0,21.03,0.557,0.613,309400000.0,1741400000.0,1671900000.0,1671900000.0,0.0,,,,,0.0,473900000.0,1.0,134624929.0,134900000,135600000.0,12.394,2205100000.0,0.0,15300000.0,75000000.0,16.346,641000000.0
36,RSHCQ,MRQ,2005-09-30,2005-09-30,2005-09-30,2020-09-21,900000.0,2309300000.0,,1539400000.0,769900000.0,,3.497,-45300000.0,47400000.0,47400000.0,626600000.0,108500000.0,1.316,3.605,883300000.0,381700000.0,501600000.0,883300000.0,0.0,31700000.0,0.0,0.01,0.25,90100000.0,121800000.0,0.102,121800000.0,90100000.0,78400000.0,0.76,0.75,0.76,501500000.0,,501500000.0,4175930676.0,8.0,6.733,8400000.0,0.059,1.0,568100000.0,0.476,0.0,11700000.0,1975700000.0,,1162500000.0,0.0,0.0,0.0,1807800000.0,1169500000.0,638300000.0,3826230676.0,-207400000.0,0.0,-498900000.0,283400000.0,0.0,-215500000.0,-45600000.0,0.0,53700000.0,0.0,108500000.0,108500000.0,108500000.0,0.0,0.0,0.091,479200000.0,88900000.0,484900000.0,0.329,7.63,11.036,10.973,674700000.0,0.0,24.8,0.765,0.711,227800000.0,1690100000.0,1194700000.0,1194700000.0,0.0,,,,,0.0,447500000.0,1.0,154283495.0,143400000,143900000.0,8.331,2309300000.0,0.0,-30100000.0,21800000.0,16.104,369900000.0
37,RSHCQ,MRQ,2005-06-30,2005-06-30,2005-06-30,2020-09-21,300000.0,2234100000.0,,1479800000.0,754300000.0,,5.919,-39900000.0,254800000.0,254800000.0,538000000.0,52300000.0,2.195,1.421,604500000.0,98400000.0,506100000.0,604500000.0,0.0,30400000.0,0.0,0.011,0.0,94200000.0,124600000.0,0.114,124600000.0,94200000.0,84800000.0,0.34,0.33,0.34,922800000.0,,922800000.0,3888687800.0,7.0,6.06,-4200000.0,-0.027,1.0,554200000.0,0.507,0.0,9400000.0,1909700000.0,,971600000.0,0.0,0.0,0.0,1311300000.0,674100000.0,637200000.0,3606787800.0,-38200000.0,0.0,-53400000.0,24600000.0,0.0,-28800000.0,-45100000.0,0.0,35700000.0,0.0,52300000.0,52300000.0,52300000.0,0.0,0.0,0.048,461800000.0,92400000.0,214500000.0,0.0,3.909,11.714,11.943,660200000.0,0.0,23.17,0.735,0.736,164900000.0,1615400000.0,1092200000.0,1092200000.0,0.0,,,,,0.0,431400000.0,1.0,155666284.0,155900000,156400000.0,7.006,2234100000.0,0.0,32500000.0,88900000.0,14.33,805700000.0
38,RSHCQ,MRQ,2005-03-31,2005-03-31,2005-03-31,2020-09-21,-600000.0,2284200000.0,,1541200000.0,743000000.0,,5.788,-36500000.0,293000000.0,293000000.0,556700000.0,55000000.0,2.098,1.493,574900000.0,73700000.0,501200000.0,574900000.0,0.0,29500000.0,0.0,0.01,0.0,98200000.0,127700000.0,0.114,127700000.0,98200000.0,88900000.0,0.35,0.34,0.35,916200000.0,,916200000.0,3992863252.0,7.0,6.057,-103100000.0,-0.651,1.0,566200000.0,0.504,0.0,9300000.0,1831600000.0,,956600000.0,0.0,0.0,0.0,1368000000.0,734500000.0,633500000.0,3868263252.0,-144900000.0,0.0,-55700000.0,18300000.0,0.0,-37400000.0,-40900000.0,0.0,-66600000.0,0.0,55000000.0,55000000.0,55000000.0,0.0,0.0,0.049,480000000.0,86200000.0,271200000.0,0.0,4.222,11.943,12.129,649400000.0,0.0,24.5,0.794,0.796,192000000.0,1563100000.0,1122900000.0,1122900000.0,0.0,,,,,0.0,450500000.0,1.0,157888296.0,158300000,159500000.0,7.093,2284200000.0,0.0,33900000.0,125200000.0,14.43,806700000.0
39,RSHCQ,MRQ,2004-12-31,2004-12-31,2004-12-31,2020-09-21,-300000.0,2516700000.0,,1775100000.0,741600000.0,,5.792,-65200000.0,437900000.0,437900000.0,808200000.0,130900000.0,1.854,1.729,562500000.0,55600000.0,506900000.0,562500000.0,0.0,28100000.0,0.0,0.008,0.0,218000000.0,246100000.0,0.154,246100000.0,218000000.0,209400000.0,0.81,0.82,0.81,922100000.0,,922100000.0,5419898072.0,9.0,8.052,203300000.0,1.277,1.0,785100000.0,0.493,0.0,8600000.0,1683900000.0,,1003700000.0,0.0,0.0,0.0,1594600000.0,957400000.0,637200000.0,5210498072.0,53100000.0,-59100000.0,-28000000.0,-30600000.0,-39700000.0,-98300000.0,-117100000.0,0.0,268500000.0,0.0,130900000.0,130900000.0,130900000.0,0.0,0.0,0.082,572600000.0,212500000.0,442200000.0,0.0,5.651,15.452,15.732,652000000.0,0.0,32.88,1.076,1.093,241000000.0,1508100000.0,1593300000.0,1593300000.0,0.0,,,,,0.0,544500000.0,1.0,158470136.0,159200000,160700000.0,10.008,2516700000.0,0.0,78500000.0,117500000.0,15.808,817700000.0
40,RSHCQ,MRQ,2004-09-30,2004-09-30,2004-09-30,2020-09-21,-500000.0,2340800000.0,,1666800000.0,674000000.0,,5.084,-60700000.0,384800000.0,384800000.0,544700000.0,69700000.0,1.778,1.877,594200000.0,85300000.0,508900000.0,594200000.0,0.0,24400000.0,0.0,0.017,0.25,118900000.0,143300000.0,0.13,143300000.0,118900000.0,112400000.0,0.44,0.43,0.44,813500000.0,,813500000.0,4745968432.0,8.0,7.206,25000000.0,0.156,1.0,556800000.0,0.505,0.0,6500000.0,1612700000.0,,1032000000.0,0.0,0.0,0.0,1527300000.0,937500000.0,589800000.0,4572568432.0,-54900000.0,0.0,-47500000.0,-24900000.0,0.0,-72400000.0,-68200000.0,0.0,85700000.0,0.0,69700000.0,69700000.0,69700000.0,0.0,0.0,0.063,439600000.0,117200000.0,466200000.0,0.568,5.621,13.707,13.971,599000000.0,0.0,28.64,0.965,0.967,158000000.0,1377600000.0,1101500000.0,1101500000.0,0.0,,,,,0.0,415200000.0,1.0,159656719.0,160000000,161000000.0,6.884,2340800000.0,0.0,42700000.0,115900000.0,14.63,729300000.0
41,RSHCQ,MRQ,2004-06-30,2004-06-30,2004-06-30,2020-09-21,-400000.0,2172500000.0,,1547900000.0,624600000.0,,5.123,-59900000.0,439700000.0,439700000.0,514200000.0,68300000.0,2.031,1.623,613100000.0,110500000.0,502600000.0,613100000.0,0.0,24800000.0,0.0,0.009,0.0,117300000.0,142100000.0,0.135,142100000.0,117300000.0,110200000.0,0.42,0.42,0.42,828400000.0,,828400000.0,4662093481.0,9.0,7.314,-77900000.0,-0.482,1.0,539600000.0,0.512,0.0,7100000.0,1583600000.0,,856000000.0,0.0,0.0,0.0,1344100000.0,762300000.0,581800000.0,4604693481.0,-137300000.0,0.0,-50700000.0,-8300000.0,0.0,-59000000.0,-60300000.0,0.0,-18000000.0,0.0,68300000.0,68300000.0,68300000.0,0.0,0.0,0.065,427000000.0,112600000.0,288800000.0,0.0,5.559,14.345,14.682,563500000.0,0.0,28.63,0.98,0.985,161700000.0,1347200000.0,1053800000.0,1053800000.0,0.0,,,,,0.0,402200000.0,1.0,160834561.0,161700000,163200000.0,6.517,2172500000.0,0.0,41900000.0,95900000.0,13.435,785600000.0
42,RSHCQ,MRQ,2004-03-31,2004-03-31,2004-03-31,2020-09-21,-300000.0,2176600000.0,,1576700000.0,599900000.0,,4.956,-41100000.0,577000000.0,577000000.0,539600000.0,68300000.0,2.025,1.694,634400000.0,119100000.0,515300000.0,634400000.0,0.0,24100000.0,0.0,0.008,0.0,117500000.0,141600000.0,0.13,141600000.0,117500000.0,110100000.0,0.42,0.41,0.42,807800000.0,,807800000.0,5353521736.0,10.0,8.654,-24800000.0,-0.152,1.0,553000000.0,0.506,0.0,7400000.0,1455500000.0,,769900000.0,0.0,0.0,0.0,1368800000.0,778500000.0,590300000.0,5369521736.0,-57700000.0,0.0,-39100000.0,9700000.0,0.0,-29400000.0,-44600000.0,0.0,16300000.0,0.0,68300000.0,68300000.0,68300000.0,0.0,0.0,0.063,437000000.0,116000000.0,271400000.0,0.0,6.647,17.31,17.733,528500000.0,0.0,33.16,1.149,1.157,142100000.0,1278900000.0,1092600000.0,1092600000.0,0.0,,,,,0.0,412900000.0,1.0,161927676.0,163000000,165100000.0,6.703,2176600000.0,0.0,41800000.0,128800000.0,13.353,798200000.0
43,RSHCQ,MRQ,2003-12-31,2003-12-31,2003-12-31,2020-09-21,-300000.0,2243900000.0,,1666600000.0,577300000.0,,4.679,-99300000.0,634700000.0,634700000.0,756000000.0,127300000.0,1.942,1.917,618700000.0,77400000.0,541300000.0,618700000.0,0.0,23200000.0,0.0,0.008,0.25,208400000.0,231600000.0,0.155,231600000.0,208400000.0,200800000.0,0.77,0.76,0.77,769300000.0,,769300000.0,5062762787.0,10.0,8.431,142900000.0,0.869,1.0,734400000.0,0.493,0.0,7600000.0,1369800000.0,,766500000.0,0.0,0.0,0.0,1474600000.0,858100000.0,616500000.0,5034962787.0,76500000.0,0.0,-58800000.0,36700000.0,-40800000.0,-62900000.0,-102800000.0,0.0,242200000.0,0.0,127300000.0,127300000.0,127300000.0,0.0,0.0,0.085,527400000.0,207000000.0,300200000.0,0.325,6.545,16.868,17.236,513100000.0,0.0,30.68,1.083,1.107,182400000.0,1210600000.0,1490400000.0,1490400000.0,0.0,,,,,0.0,504200000.0,1.0,164112216.0,164400000,167400000.0,9.066,2243900000.0,0.0,73500000.0,137500000.0,13.649,808500000.0
44,RSHCQ,MRQ,2003-09-30,2003-09-30,2003-09-30,2020-09-21,-400000.0,2219300000.0,,1685500000.0,533800000.0,,4.375,-40700000.0,558200000.0,558200000.0,530900000.0,57100000.0,1.949,2.054,586000000.0,39500000.0,546500000.0,586000000.0,0.0,23300000.0,0.0,0.009,0.0,98800000.0,122100000.0,0.115,122100000.0,98800000.0,90100000.0,0.34,0.34,0.34,726700000.0,,726700000.0,4770445219.0,10.0,8.249,100400000.0,0.604,1.0,532700000.0,0.501,0.0,8700000.0,1382300000.0,,914600000.0,0.0,0.0,0.0,1492600000.0,864800000.0,627800000.0,4704245219.0,33900000.0,4700000.0,-68900000.0,0.0,0.0,-68900000.0,-38300000.0,0.0,141100000.0,0.0,57100000.0,57100000.0,57100000.0,0.0,0.0,0.054,444700000.0,88000000.0,409800000.0,0.0,6.473,16.849,17.323,438300000.0,0.0,28.41,1.01,1.013,121400000.0,2173700000.0,1063600000.0,1063600000.0,0.0,,,,,0.0,421400000.0,1.0,165584133.0,166100000,167600000.0,6.403,2219300000.0,0.0,33000000.0,150200000.0,13.361,820700000.0
45,RSHCQ,MRQ,2003-06-30,2003-06-30,2003-06-30,2020-09-21,-600000.0,2081300000.0,,1560900000.0,520400000.0,,4.334,-26300000.0,524300000.0,524300000.0,503800000.0,57500000.0,2.301,1.843,590500000.0,0.0,590500000.0,590500000.0,0.0,22900000.0,0.0,0.01,0.0,100400000.0,123300000.0,0.12,123300000.0,100400000.0,90600000.0,0.34,0.34,0.34,732000000.0,,732000000.0,4580860996.0,10.0,8.138,139000000.0,0.823,1.0,521200000.0,0.508,0.0,9800000.0,1469000000.0,,811100000.0,0.0,0.0,0.0,1349300000.0,678500000.0,670800000.0,4430860996.0,67600000.0,0.0,-55300000.0,-16000000.0,0.0,-71300000.0,-26400000.0,0.0,165300000.0,0.0,57500000.0,57500000.0,57500000.0,0.0,0.0,0.056,429500000.0,91700000.0,284100000.0,0.0,6.053,16.664,16.974,422000000.0,0.0,26.31,0.955,0.958,137500000.0,2116600000.0,1025000000.0,1025000000.0,0.0,,,,,0.0,406600000.0,1.0,168409768.0,168900000,169800000.0,6.069,2081300000.0,0.0,33100000.0,140800000.0,12.323,882400000.0
46,RSHCQ,MRQ,2003-03-31,2003-03-31,2003-03-31,2020-09-21,-500000.0,2067200000.0,,1549800000.0,517400000.0,,4.277,-21300000.0,456700000.0,456700000.0,542900000.0,56600000.0,2.33,1.82,606700000.0,16000000.0,590700000.0,606700000.0,0.0,22600000.0,0.0,0.011,0.0,100900000.0,123500000.0,0.115,123500000.0,100900000.0,91300000.0,0.33,0.33,0.33,733000000.0,,733000000.0,3960369590.0,9.0,7.095,82000000.0,0.478,1.0,527400000.0,0.493,0.0,9600000.0,1552100000.0,,844300000.0,0.0,0.0,0.0,1334200000.0,665100000.0,669100000.0,3779569590.0,10200000.0,0.0,-51700000.0,-20000000.0,0.0,-71700000.0,-21400000.0,0.0,103300000.0,0.0,56600000.0,56600000.0,56600000.0,0.0,0.0,0.053,430400000.0,97000000.0,216600000.0,0.0,5.156,14.587,14.86,419300000.0,0.0,22.29,0.819,0.828,164600000.0,2059100000.0,1070300000.0,1070300000.0,0.0,,,,,0.0,407800000.0,1.0,169563463.0,171400000,171800000.0,6.244,2067200000.0,0.0,34700000.0,155500000.0,12.061,884700000.0
47,RSHCQ,MRQ,2002-12-31,2002-12-31,2002-12-31,2020-09-21,-500000.0,2227900000.0,,1706900000.0,521000000.0,,4.313,-30300000.0,446500000.0,446500000.0,810600000.0,109100000.0,2.061,2.06,627300000.0,36000000.0,591300000.0,627300000.0,0.0,22800000.0,0.0,0.013,0.25,186600000.0,209400000.0,0.14,209400000.0,186600000.0,176000000.0,0.63,0.62,0.63,728100000.0,,728100000.0,3422619109.0,7.0,6.079,196000000.0,1.161,1.0,687100000.0,0.459,0.0,10600000.0,1580500000.0,,971200000.0,0.0,0.0,0.0,1499800000.0,828200000.0,671600000.0,3156419109.0,81100000.0,0.0,-71000000.0,-5600000.0,-37600000.0,-114200000.0,-31000000.0,0.0,226300000.0,0.0,109100000.0,108000000.0,108000000.0,0.0,0.0,0.072,506500000.0,180600000.0,312600000.0,0.397,4.335,12.192,12.493,421600000.0,1100000.0,18.74,0.69,0.708,206100000.0,2002500000.0,1497700000.0,1497700000.0,0.0,,,,,0.0,494100000.0,1.0,168432183.0,168800000,174200000.0,8.873,2227900000.0,0.0,66900000.0,160900000.0,13.198,878700000.0
48,RSHCQ,MRQ,2002-09-30,2002-09-30,2002-09-30,2020-09-21,-600000.0,2316500000.0,,1782100000.0,534400000.0,,4.196,-38000000.0,365400000.0,365400000.0,525600000.0,44900000.0,1.926,2.208,631600000.0,41800000.0,589800000.0,631600000.0,0.0,23000000.0,0.0,0.003,0.0,83700000.0,106700000.0,0.102,106700000.0,83700000.0,72400000.0,0.25,0.25,0.25,722100000.0,,722100000.0,3565529813.0,10.0,7.573,-58100000.0,-0.338,1.0,521400000.0,0.498,0.0,11300000.0,1657600000.0,,1118800000.0,0.0,0.0,0.0,1594400000.0,925100000.0,669300000.0,3441029813.0,-163700000.0,0.0,-76100000.0,-29500000.0,-700000.0,-106300000.0,-37300000.0,0.0,-20100000.0,0.0,44900000.0,43800000.0,43800000.0,0.0,0.0,0.042,443000000.0,78400000.0,433100000.0,0.0,4.765,18.61,19.105,413400000.0,1100000.0,20.06,0.749,0.751,205100000.0,1932200000.0,1047000000.0,1047000000.0,0.0,,,,,0.0,420000000.0,1.0,171536880.0,172100000,178000000.0,6.084,2316500000.0,0.0,27500000.0,142200000.0,13.46,857000000.0
49,RSHCQ,MRQ,2002-06-30,2002-06-30,2002-06-30,2020-09-21,-500000.0,2111500000.0,,1598100000.0,513400000.0,,4.326,-14900000.0,529100000.0,529100000.0,488000000.0,51800000.0,2.272,1.799,653600000.0,71300000.0,582300000.0,653600000.0,0.0,24300000.0,0.0,0.004,0.0,94300000.0,118600000.0,0.119,118600000.0,94300000.0,83600000.0,0.29,0.28,0.29,754400000.0,,754400000.0,5406918767.0,14.0,11.369,142100000.0,0.815,1.0,510100000.0,0.511,0.0,10700000.0,1532600000.0,,830600000.0,0.0,0.0,0.0,1357100000.0,703400000.0,653700000.0,5225618767.0,94700000.0,0.0,-77000000.0,31100000.0,-700000.0,-46600000.0,-15700000.0,0.0,157000000.0,0.0,51800000.0,50700000.0,50700000.0,0.0,0.0,0.051,445600000.0,64500000.0,225700000.0,0.0,6.927,28.446,29.184,398000000.0,1100000.0,30.06,1.129,1.132,151800000.0,1889800000.0,998100000.0,998100000.0,0.0,,,,,0.0,421300000.0,1.0,173839613.0,174400000,181500000.0,5.723,2111500000.0,0.0,31800000.0,126800000.0,12.107,894700000.0
50,RSHCQ,MRQ,2002-03-31,2002-03-31,2002-03-31,2020-09-21,-700000.0,2087900000.0,,1571600000.0,516300000.0,,4.409,-15000000.0,434400000.0,434400000.0,514700000.0,57600000.0,2.261,1.679,615700000.0,72200000.0,543500000.0,615700000.0,0.0,24600000.0,0.0,0.005,0.0,103700000.0,128300000.0,0.124,128300000.0,103700000.0,92900000.0,0.32,0.31,0.32,779500000.0,,779500000.0,5531973648.0,15.0,11.943,143400000.0,0.811,1.0,519700000.0,0.502,0.0,10800000.0,1574200000.0,,831100000.0,0.0,0.0,0.0,1308400000.0,695000000.0,613400000.0,5262473648.0,33000000.0,0.0,-56200000.0,-53400000.0,-800000.0,-110400000.0,-15000000.0,0.0,158400000.0,0.0,57600000.0,56400000.0,56400000.0,0.0,0.0,0.055,417800000.0,101900000.0,200100000.0,0.0,6.751,30.419,31.292,407400000.0,1200000.0,30.04,1.127,1.137,217300000.0,1841900000.0,1034400000.0,1034400000.0,0.0,,,,,0.0,393200000.0,1.0,175182212.0,176800000,183600000.0,5.851,2087900000.0,0.0,35300000.0,157700000.0,11.809,876600000.0
51,RSHCQ,MRQ,2001-12-31,2001-12-31,2001-12-31,2020-09-21,-700000.0,2245100000.0,,1714300000.0,530800000.0,,4.332,-29500000.0,401400000.0,401400000.0,803900000.0,35200000.0,2.074,1.885,670900000.0,105500000.0,565400000.0,670900000.0,0.0,25700000.0,0.0,0.007,0.055,91500000.0,117200000.0,0.077,117200000.0,91500000.0,79500000.0,0.19,0.18,0.19,778100000.0,,778100000.0,5827323579.0,17.0,12.932,275200000.0,1.532,1.0,711900000.0,0.47,0.0,12000000.0,1688200000.0,,949800000.0,0.0,0.0,0.0,1467000000.0,826400000.0,640600000.0,5395123579.0,155100000.0,0.0,-103700000.0,-5500000.0,-10900000.0,-120100000.0,-29500000.0,0.0,304700000.0,0.0,35200000.0,34000000.0,34000000.0,0.0,0.0,0.022,622000000.0,89900000.0,206700000.0,0.289,6.934,33.344,34.205,417700000.0,1200000.0,30.1,1.13,1.158,276300000.0,1787300000.0,1515800000.0,1515800000.0,0.0,,,,,0.0,506900000.0,1.0,179239986.0,179600000,186400000.0,8.44,2245100000.0,0.0,44300000.0,178100000.0,12.501,887900000.0
52,RSHCQ,MRQ,2001-09-30,2001-09-30,2001-09-30,2020-09-21,-500000.0,2333700000.0,,1719400000.0,614300000.0,,4.611,-33300000.0,246300000.0,246300000.0,554900000.0,43800000.0,2.034,1.762,678500000.0,106700000.0,571800000.0,678500000.0,0.0,27400000.0,0.0,0.009,0.055,84100000.0,111500000.0,0.103,111500000.0,84100000.0,70500000.0,0.23,0.23,0.23,844800000.0,,844800000.0,4768131281.0,9.0,7.754,98900000.0,0.54,1.0,526000000.0,0.487,0.0,13600000.0,1920400000.0,,1103600000.0,0.0,0.0,0.0,1488900000.0,845500000.0,643400000.0,4439831281.0,-89800000.0,0.0,-96300000.0,8300000.0,-10700000.0,-188800000.0,-33200000.0,0.0,132200000.0,0.0,43800000.0,42600000.0,42600000.0,0.0,0.0,0.039,444700000.0,81300000.0,315100000.0,0.239,5.255,16.305,16.497,466200000.0,1200000.0,24.25,0.917,0.917,302900000.0,1754400000.0,1080900000.0,1080900000.0,0.0,,,,,0.0,403800000.0,1.0,183085826.0,183200000,189900000.0,5.9,2333700000.0,0.0,26700000.0,139600000.0,12.739,873900000.0
53,RSHCQ,MRQ,2001-06-30,2001-06-30,2001-06-30,2020-09-21,-600000.0,2281200000.0,,1673400000.0,607800000.0,,4.279,-34800000.0,336100000.0,336100000.0,527100000.0,41200000.0,2.689,1.616,664400000.0,68900000.0,595500000.0,664400000.0,0.0,27500000.0,0.0,0.007,0.055,78700000.0,106200000.0,0.102,106200000.0,78700000.0,66500000.0,0.22,0.21,0.22,795500000.0,,795500000.0,6199407993.0,11.0,9.268,149600000.0,0.805,1.0,512400000.0,0.493,0.0,12200000.0,1987300000.0,,974100000.0,0.0,0.0,0.0,1285700000.0,622200000.0,663500000.0,5656007993.0,222200000.0,123600000.0,-47600000.0,7800000.0,-11100000.0,-50900000.0,88700000.0,0.0,184400000.0,0.0,41200000.0,40000000.0,40000000.0,0.0,0.0,0.038,437900000.0,74500000.0,183500000.0,0.25,7.11,18.514,18.485,461300000.0,1200000.0,30.5,1.154,1.156,294600000.0,1723200000.0,1039500000.0,1039500000.0,0.0,,,,,0.0,398000000.0,1.0,185442885.0,185900000,193100000.0,5.592,2281200000.0,0.0,25300000.0,116900000.0,12.271,1051200000.0
54,RSHCQ,MRQ,2001-03-31,2001-03-31,2001-03-31,2020-09-21,-1200000.0,2323400000.0,,1595600000.0,727800000.0,,4.374,-24200000.0,113900000.0,113900000.0,593000000.0,46500000.0,1.609,1.602,657300000.0,407500000.0,249800000.0,657300000.0,0.0,27700000.0,0.0,0.006,0.055,88000000.0,115700000.0,0.102,115700000.0,88000000.0,75000000.0,0.24,0.23,0.24,816100000.0,,816100000.0,7423163955.0,12.0,10.269,130300000.0,0.698,1.0,546500000.0,0.48,0.0,13000000.0,1875400000.0,,1061000000.0,0.0,0.0,0.0,1307300000.0,991400000.0,315900000.0,6772363955.0,-16800000.0,0.0,-7000000.0,-125300000.0,-11000000.0,-143000000.0,-28300000.0,0.0,154500000.0,0.0,46500000.0,45200000.0,45200000.0,0.0,0.0,0.04,432900000.0,113600000.0,203500000.0,0.229,8.298,19.942,20.049,453500000.0,1300000.0,36.69,1.386,1.401,351900000.0,1694900000.0,1139500000.0,1139500000.0,0.0,,,,,0.0,405200000.0,1.0,184583373.0,186600000,195500000.0,6.107,2323400000.0,0.0,28500000.0,140700000.0,12.451,604200000.0
55,RSHCQ,MRQ,2000-12-31,2000-12-31,2000-12-31,2020-09-21,-1000000.0,2576500000.0,,1818200000.0,758300000.0,,4.186,-27800000.0,130700000.0,130700000.0,829100000.0,145800000.0,1.475,2.046,781500000.0,478600000.0,302900000.0,781500000.0,0.0,28700000.0,0.0,0.005,0.055,252800000.0,281500000.0,0.178,281500000.0,252800000.0,235200000.0,0.78,0.73,0.78,780300000.0,,780300000.0,8740514910.0,13.0,11.58,179600000.0,0.964,1.0,754600000.0,0.476,0.0,17600000.0,1994900000.0,,1164300000.0,0.0,0.0,0.0,1596200000.0,1232400000.0,363800000.0,7958114910.0,55800000.0,0.0,-36100000.0,-75900000.0,-11100000.0,-23100000.0,-128500000.0,-100000000.0,207400000.0,0.0,145800000.0,144500000.0,144500000.0,0.0,0.0,0.091,506500000.0,248100000.0,234800000.0,0.071,10.199,21.941,22.068,456800000.0,1300000.0,42.813,1.66,1.672,464700000.0,1661500000.0,1583700000.0,1583700000.0,0.0,,,,,1000000.0,476800000.0,1.0,185882976.0,186400000,196800000.0,8.496,2576500000.0,0.0,89400000.0,188900000.0,13.822,585800000.0
56,RSHCQ,MRQ,2000-09-30,2000-09-30,2000-09-30,2020-09-21,-900000.0,2458300000.0,,1695200000.0,763100000.0,,3.66,-32100000.0,74900000.0,74900000.0,575000000.0,77100000.0,1.409,2.305,857300000.0,541300000.0,316000000.0,857300000.0,0.0,26700000.0,0.0,0.003,0.055,138800000.0,165500000.0,0.145,165500000.0,138800000.0,124400000.0,0.41,0.39,0.41,683300000.0,,683300000.0,12641884300.0,21.0,18.093,-112200000.0,-0.601,1.0,565400000.0,0.496,0.0,14400000.0,2037200000.0,,1208000000.0,0.0,0.0,0.0,1575000000.0,1203500000.0,371500000.0,12002084300.0,-11000000.0,-100000000.0,-18600000.0,130900000.0,-11000000.0,101300000.0,-32200000.0,100500000.0,-80100000.0,0.0,77100000.0,75800000.0,75800000.0,0.0,0.0,0.066,430900000.0,134500000.0,258600000.0,0.134,17.565,35.562,36.103,456700000.0,1300000.0,64.625,2.609,2.623,313200000.0,1530500000.0,1140400000.0,1140400000.0,0.0,,,,,0.0,404200000.0,1.0,185718906.0,186700000,197800000.0,6.108,2458300000.0,0.0,47300000.0,144600000.0,13.167,491700000.0
57,RSHCQ,MRQ,2000-06-30,2000-06-30,2000-06-30,2020-09-21,-900000.0,2205900000.0,,1447600000.0,758300000.0,,3.296,-28900000.0,85900000.0,85900000.0,489700000.0,75400000.0,1.426,2.248,725700000.0,408600000.0,317100000.0,725700000.0,0.0,26200000.0,0.0,0.005,0.055,134000000.0,160200000.0,0.157,160200000.0,134000000.0,121600000.0,0.4,0.38,0.4,616300000.0,,616300000.0,9342071176.0,17.0,14.093,-39400000.0,-0.211,1.0,533600000.0,0.521,0.0,12400000.0,1830200000.0,,1047300000.0,0.0,0.0,0.0,1385600000.0,1015500000.0,370100000.0,8843071176.0,-1300000.0,100000000.0,-59400000.0,138700000.0,-11200000.0,68100000.0,-58900000.0,-130000000.0,-10500000.0,0.0,75400000.0,74100000.0,74100000.0,0.0,0.0,0.072,403800000.0,129800000.0,225900000.0,0.138,14.349,27.626,28.199,451600000.0,1300000.0,47.375,2.001,2.004,231500000.0,1470100000.0,1023300000.0,1023300000.0,0.0,,,,,0.0,377600000.0,1.0,186661133.0,187000000,197200000.0,5.472,2205900000.0,0.0,46200000.0,143000000.0,11.796,432100000.0
58,RSHCQ,MRQ,2000-03-31,2000-03-31,2000-03-31,2020-09-21,-1100000.0,2102000000.0,,1366800000.0,735200000.0,,3.157,-29300000.0,87200000.0,87200000.0,531300000.0,69700000.0,1.483,2.166,586200000.0,267900000.0,318300000.0,586200000.0,0.0,25700000.0,0.0,0.005,0.055,121900000.0,147600000.0,0.141,147600000.0,121900000.0,112400000.0,0.36,0.35,0.36,596400000.0,,596400000.0,9827480136.0,18.0,15.486,-29600000.0,-0.157,1.0,516000000.0,0.493,0.0,9500000.0,1679100000.0,,967600000.0,0.0,0.0,0.0,1291600000.0,921900000.0,369700000.0,9483780136.0,-77400000.0,0.0,-220200000.0,77000000.0,-11400000.0,-162700000.0,85600000.0,117400000.0,-300000.0,0.0,69700000.0,68300000.0,68300000.0,0.0,0.0,0.065,398700000.0,117300000.0,272100000.0,0.153,15.902,30.973,31.918,448300000.0,1400000.0,50.75,2.214,2.238,234200000.0,1409100000.0,1047300000.0,1047300000.0,0.0,,,,,-1000000.0,374000000.0,1.0,186872515.0,188900000,198900000.0,5.544,2102000000.0,0.0,42700000.0,139700000.0,11.128,444900000.0
59,RSHCQ,MRQ,1999-12-31,1999-12-31,1999-12-31,2020-09-21,-800000.0,2142000000.0,,1403300000.0,738700000.0,,4.284,-28500000.0,164600000.0,164600000.0,710600000.0,120600000.0,1.517,1.553,508300000.0,188900000.0,319400000.0,508300000.0,0.0,24800000.0,0.0,0.005,0.055,200600000.0,225400000.0,0.162,225400000.0,200600000.0,189800000.0,0.62,0.58,0.62,830700000.0,,830700000.0,10033603008.0,19.0,16.505,343800000.0,1.773,1.0,678400000.0,0.488,0.0,10800000.0,1560500000.0,,861400000.0,0.0,0.0,0.0,1290300000.0,925200000.0,365100000.0,9508703008.0,110300000.0,0.0,-152500000.0,-71800000.0,-10200000.0,-233600000.0,-28400000.0,0.0,372300000.0,0.0,120600000.0,119300000.0,119300000.0,0.0,0.0,0.086,484400000.0,194000000.0,234800000.0,0.089,11.447,32.52,32.575,446800000.0,1300000.0,49.188,2.304,2.315,286100000.0,1353300000.0,1389000000.0,1389000000.0,0.0,,,,,5100000.0,454500000.0,1.0,193315436.0,193900000,205900000.0,7.163,2142000000.0,0.0,69200000.0,150700000.0,11.047,478100000.0
60,RSHCQ,MRQ,1999-09-30,1999-09-30,1999-09-30,2020-09-21,-4000000.0,2146200000.0,,1379100000.0,767100000.0,,4.51,-26500000.0,54300000.0,54300000.0,473900000.0,59800000.0,1.567,1.449,579200000.0,254300000.0,324900000.0,579200000.0,0.0,23100000.0,0.0,0.005,0.055,106600000.0,129700000.0,0.135,129700000.0,106600000.0,98100000.0,0.3,0.29,0.3,876300000.0,,876300000.0,10443542549.0,26.0,21.111,42800000.0,0.22,1.0,486400000.0,0.507,0.0,8500000.0,1790900000.0,,978500000.0,0.0,0.0,0.0,1269900000.0,880200000.0,389700000.0,9988242549.0,10600000.0,0.0,-103100000.0,80100000.0,-11000000.0,-32900000.0,-25800000.0,0.0,69300000.0,0.0,59800000.0,58400000.0,58400000.0,0.0,0.0,0.061,384500000.0,101900000.0,224900000.0,0.183,11.398,45.38,45.741,443200000.0,1400000.0,51.688,2.532,2.545,244700000.0,1247400000.0,960300000.0,960300000.0,0.0,,,,,0.0,361400000.0,1.0,193242903.0,194300000,205400000.0,4.942,2146200000.0,0.0,38300000.0,137700000.0,11.046,498900000.0
61,RSHCQ,MRQ,1999-06-30,1999-06-30,1999-06-30,2020-09-21,5600000.0,1926600000.0,,1200600000.0,726000000.0,,4.438,-20900000.0,43700000.0,43700000.0,418700000.0,61600000.0,1.62,1.238,499000000.0,238600000.0,260400000.0,499000000.0,0.0,21300000.0,0.0,0.005,0.1,110600000.0,131900000.0,0.149,131900000.0,110600000.0,101000000.0,0.31,0.3,0.31,860900000.0,,860900000.0,9969220482.0,33.0,25.245,119400000.0,0.615,1.0,468000000.0,0.528,0.0,9600000.0,1640800000.0,,855900000.0,0.0,0.0,0.0,1065700000.0,741100000.0,324600000.0,9459220482.0,-10200000.0,0.0,-35200000.0,-65000000.0,-10500000.0,-109300000.0,-41200000.0,-20000000.0,140300000.0,0.0,61600000.0,60200000.0,60200000.0,0.0,0.0,0.068,362000000.0,106000000.0,161300000.0,0.323,10.988,60.597,61.094,433300000.0,1400000.0,48.875,2.299,2.305,204600000.0,1202100000.0,886700000.0,886700000.0,0.0,,,,,0.0,340700000.0,1.0,193539038.0,194000000,204700000.0,4.571,1926600000.0,0.0,39400000.0,104800000.0,9.931,459500000.0
62,RSHCQ,MRQ,1999-03-31,1999-03-31,1999-03-31,2020-09-21,-1100000.0,1931700000.0,,1232800000.0,698900000.0,,4.318,-20900000.0,53900000.0,53900000.0,439500000.0,55900000.0,1.581,1.301,563900000.0,297900000.0,266000000.0,563900000.0,0.0,21000000.0,0.0,0.006,0.05,99900000.0,120900000.0,0.136,120900000.0,99900000.0,91600000.0,0.28,0.27,0.28,839500000.0,,839500000.0,6588536535.0,38.0,24.529,-41200000.0,-0.212,1.0,450700000.0,0.506,0.0,8300000.0,1661900000.0,,878900000.0,0.0,0.0,0.0,1092200000.0,779800000.0,312400000.0,6184736535.0,-10600000.0,0.0,-49900000.0,95000000.0,-10800000.0,35300000.0,-25600000.0,0.0,-20300000.0,0.0,55900000.0,54500000.0,54500000.0,0.0,0.0,0.061,355300000.0,95400000.0,148400000.0,0.179,7.367,83.128,83.964,433700000.0,1400000.0,31.906,1.399,1.403,189700000.0,1738600000.0,890200000.0,890200000.0,0.0,,,,,-5100000.0,339400000.0,1.0,193840910.0,194400000,203800000.0,4.579,1931700000.0,0.0,35700000.0,97700000.0,9.937,453000000.0
63,RSHCQ,MRQ,1998-12-31,1998-12-31,1998-12-31,2020-09-21,-1000000.0,1993600000.0,,1298600000.0,695000000.0,,4.267,-22600000.0,64500000.0,64500000.0,596100000.0,48400000.0,1.477,1.35,468300000.0,233200000.0,235100000.0,468300000.0,0.0,21700000.0,0.0,0.01,0.05,90500000.0,112200000.0,0.093,112200000.0,90500000.0,78700000.0,0.24,0.23,0.24,848200000.0,,848200000.0,4559443236.0,31.0,18.679,271000000.0,1.363,1.0,612100000.0,0.507,0.0,11800000.0,1517900000.0,,912100000.0,0.0,0.0,0.0,1145400000.0,879500000.0,265900000.0,4076643236.0,17100000.0,-38500000.0,-143300000.0,-61700000.0,-11000000.0,-215700000.0,-60800000.0,0.0,293600000.0,0.0,48400000.0,47000000.0,47000000.0,0.0,0.0,0.039,526700000.0,85400000.0,206400000.0,0.208,4.806,73.453,73.549,433800000.0,1400000.0,20.594,0.851,0.865,215200000.0,1693400000.0,1208200000.0,1208200000.0,0.0,,,,,82600000.0,417400000.0,1.0,197955362.0,198800000,228200000.0,6.077,1993600000.0,0.0,30300000.0,105500000.0,10.028,419100000.0
64,RSHCQ,MRQ,1998-09-30,1998-09-30,1998-09-30,2020-09-21,-1300000.0,1967500000.0,,1318300000.0,649200000.0,,4.577,-38900000.0,47400000.0,47400000.0,676300000.0,-4100000.0,1.744,1.143,530200000.0,289000000.0,241200000.0,530200000.0,0.0,25000000.0,0.0,0.007,0.05,4900000.0,29900000.0,0.026,29900000.0,4900000.0,-6600000.0,-0.03,-0.03,-0.03,918200000.0,,918200000.0,5891235356.0,26.0,17.89,-16700000.0,-0.083,1.0,452300000.0,0.401,0.0,11500000.0,1694500000.0,,974900000.0,0.0,0.0,0.0,1049300000.0,755800000.0,293500000.0,5369635356.0,-14500000.0,75000000.0,-35400000.0,-25000000.0,-11200000.0,-71600000.0,34900000.0,0.0,22200000.0,0.0,-4100000.0,-5600000.0,-5600000.0,0.0,0.0,-0.005,449900000.0,2400000.0,227600000.0,-1.667,5.848,52.031,55.729,435500000.0,1500000.0,26.75,1.016,1.015,166500000.0,1655700000.0,1128600000.0,1128600000.0,0.0,,,,,0.0,394900000.0,1.0,200734032.0,200600000,200600000.0,5.626,1967500000.0,0.0,-2500000.0,2900000.0,9.808,562500000.0
65,RSHCQ,MRQ,1998-06-30,1998-06-30,1998-06-30,2020-09-21,-1900000.0,2221300000.0,,1613500000.0,607800000.0,,4.776,-37600000.0,61900000.0,61900000.0,727100000.0,-20100000.0,1.725,1.302,583500000.0,313200000.0,270300000.0,583500000.0,0.0,26500000.0,0.0,0.008,0.05,-20900000.0,5600000.0,0.005,5600000.0,-20900000.0,-32700000.0,-0.11,-0.11,-0.11,964800000.0,,964800000.0,5839602618.0,20.0,14.803,22000000.0,0.109,1.0,465700000.0,0.39,0.0,11800000.0,1807600000.0,,1187300000.0,0.0,0.0,0.0,1256500000.0,935300000.0,321200000.0,5373902618.0,-16000000.0,0.0,-62900000.0,39800000.0,-11100000.0,-34200000.0,-41400000.0,0.0,59600000.0,0.0,-20100000.0,-21500000.0,-21500000.0,0.0,0.0,-0.018,488100000.0,-22400000.0,309900000.0,-0.455,5.57,37.397,39.306,526000000.0,1400000.0,26.531,0.998,0.995,231600000.0,1670900000.0,1192800000.0,1192800000.0,0.0,,,,,0.0,388400000.0,1.0,202549922.0,202000000,202000000.0,5.905,2221300000.0,0.0,-12600000.0,10700000.0,10.997,678200000.0
66,RSHCQ,MRQ,1998-03-31,1998-03-31,1998-03-31,2020-09-21,-1500000.0,2232500000.0,,1625300000.0,607200000.0,,5.152,-25700000.0,77900000.0,77900000.0,784000000.0,37100000.0,1.897,1.128,543600000.0,266500000.0,277100000.0,543600000.0,0.0,25800000.0,0.0,0.009,0.05,70600000.0,96400000.0,0.077,96400000.0,70600000.0,60300000.0,0.175,0.17,0.175,1049000000.0,,1049000000.0,5275797103.0,14.0,11.247,13700000.0,0.067,1.0,474300000.0,0.377,0.0,10300000.0,1841600000.0,,1182100000.0,0.0,0.0,0.0,1183500000.0,856600000.0,326900000.0,4846097103.0,-28000000.0,0.0,-38000000.0,7800000.0,-11500000.0,-41700000.0,-25700000.0,0.0,39400000.0,0.0,37100000.0,35600000.0,35600000.0,0.0,0.0,0.028,405400000.0,68900000.0,287700000.0,0.286,4.62,25.188,25.824,523900000.0,1500000.0,23.5,0.908,0.896,223100000.0,1701900000.0,1258300000.0,1258300000.0,0.0,,,,,0.0,379600000.0,1.0,206216898.0,203600000,213600000.0,6.18,2232500000.0,0.0,23200000.0,63900000.0,10.965,768700000.0
67,RSHCQ,MRQ,1997-12-31,1997-12-31,1997-12-31,2020-09-21,-1700000.0,2317500000.0,,1715500000.0,602000000.0,,5.139,-36000000.0,105900000.0,105900000.0,1057900000.0,96200000.0,1.757,1.189,535600000.0,299500000.0,236100000.0,535600000.0,0.0,25800000.0,0.0,0.01,0.05,171600000.0,197400000.0,0.116,197400000.0,171600000.0,156500000.0,0.445,0.435,0.445,1058600000.0,,1058600000.0,,,,264000000.0,1.282,1.0,649100000.0,0.38,0.0,15100000.0,1770800000.0,,1205200000.0,0.0,0.0,0.0,1258900000.0,976400000.0,282500000.0,3976119565.0,41900000.0,20900000.0,-80900000.0,-148200000.0,-11600000.0,-240700000.0,-17400000.0,0.0,300000000.0,0.0,96200000.0,94700000.0,94700000.0,0.0,0.0,0.055,482300000.0,166800000.0,325200000.0,0.112,3.756,21.992,22.954,521900000.0,1500000.0,19.281,0.74,0.769,251300000.0,1676300000.0,1707000000.0,1707000000.0,0.0,,,,,0.0,456500000.0,1.0,206216898.0,206000000,217000000.0,8.286,2317500000.0,0.0,60300000.0,78600000.0,11.25,739100000.0
68,RSHCQ,MRQ,1997-09-30,1997-09-30,1997-09-30,2020-09-21,-2900000.0,2404100000.0,,1712600000.0,691500000.0,,4.953,-18200000.0,64000000.0,64000000.0,759500000.0,36400000.0,1.555,1.296,682800000.0,447100000.0,235700000.0,682800000.0,0.0,24200000.0,0.0,0.012,0.05,70900000.0,95100000.0,0.077,95100000.0,70900000.0,59100000.0,0.165,0.16,0.165,1047100000.0,,1047100000.0,,,,-24300000.0,-0.115,1.0,468000000.0,0.381,0.0,11800000.0,1921800000.0,,1279700000.0,0.0,0.0,0.0,1357000000.0,1101100000.0,255900000.0,,-7300000.0,23800000.0,-96900000.0,102200000.0,-11900000.0,-6600000.0,5400000.0,0.0,-6100000.0,0.0,36400000.0,34900000.0,34900000.0,0.0,0.0,0.028,400600000.0,67400000.0,365900000.0,0.303,,,,550000000.0,1500000.0,16.813,,,262900000.0,1591600000.0,1227500000.0,1227500000.0,0.0,,,,,0.0,376400000.0,1.0,,211400000,221600000.0,5.807,2404100000.0,0.0,22700000.0,52600000.0,11.372,611500000.0
69,RSHCQ,MRQ,1997-06-30,1997-06-30,1997-06-30,2020-09-21,-2500000.0,2246800000.0,,1573600000.0,673200000.0,,5.151,-29400000.0,71300000.0,71300000.0,700400000.0,28700000.0,1.526,1.014,560600000.0,482700000.0,77900000.0,560600000.0,0.0,23400000.0,0.0,0.014,0.05,56800000.0,80200000.0,0.07,80200000.0,56800000.0,46600000.0,0.125,0.12,0.125,1115600000.0,,1115600000.0,,,,8700000.0,0.04,1.0,445600000.0,0.389,0.0,10200000.0,1704600000.0,,1108900000.0,0.0,0.0,0.0,1131200000.0,1031500000.0,99700000.0,,-30200000.0,0.0,-82100000.0,53500000.0,-12200000.0,-40800000.0,-27500000.0,0.0,38100000.0,0.0,28700000.0,27200000.0,27200000.0,0.0,0.0,0.024,391500000.0,54100000.0,222500000.0,0.4,,,,546300000.0,1500000.0,14.0,,,241900000.0,2219100000.0,1146000000.0,1146000000.0,0.0,,,,,0.0,367900000.0,1.0,,216600000,226400000.0,5.291,2246800000.0,0.0,17900000.0,53800000.0,10.373,542100000.0
70,RSHCQ,MRQ,1997-03-31,1997-03-31,1997-03-31,2020-09-21,-4600000.0,2385700000.0,,1738100000.0,647600000.0,,5.237,-22100000.0,101500000.0,101500000.0,840100000.0,25600000.0,1.597,1.037,507200000.0,403000000.0,104200000.0,507200000.0,0.0,23800000.0,0.0,0.016,0.05,50700000.0,74500000.0,0.058,74500000.0,50700000.0,41700000.0,0.11,0.105,0.11,1171100000.0,,1171100000.0,,,,-33800000.0,-0.151,1.0,451600000.0,0.35,0.0,9000000.0,1703200000.0,,1282400000.0,0.0,0.0,0.0,1214600000.0,1088200000.0,126400000.0,,-20000000.0,0.0,-115000000.0,143600000.0,-12500000.0,16100000.0,-24400000.0,0.0,-11700000.0,0.0,25600000.0,24000000.0,24000000.0,0.0,0.0,0.019,403100000.0,48500000.0,316700000.0,0.455,,,,542500000.0,1600000.0,12.531,,,180300000.0,2202400000.0,1291700000.0,1291700000.0,0.0,,,,,0.0,379500000.0,1.0,,223600000,232800000.0,5.777,2385700000.0,0.0,16100000.0,76900000.0,10.669,649900000.0
71,RSHCQ,MRQ,1996-12-31,1996-12-31,1996-12-31,2020-09-21,-3600000.0,2583400000.0,,1939800000.0,643600000.0,,5.283,,121500000.0,121500000.0,,,1.625,1.043,362300000.0,258000000.0,104300000.0,362300000.0,0.0,,0.0,0.018,0.05,,,,,,,,,,1264800000.0,,1264800000.0,,,,,,1.0,,,0.0,,1630700000.0,,1420500000.0,0.0,0.0,0.0,1318600000.0,1193500000.0,125100000.0,,,,,,,,,,,,,,,,,,,,404900000.0,,,,-26.829,545600000.0,,11.0,,0.419,227200000.0,2188900000.0,,,,,,,,,,1.0,,239400000,,,2583400000.0,0.0,,105300000.0,10.791,746300000.0
0,RSHCQ,MRT,2014-09-30,2014-11-01,2014-11-01,2020-09-21,-6500000.0,1200300000.0,,961900000.0,238400000.0,,-1.83,,43300000.0,43300000.0,,,2.655,-7.429,841500000.0,100000.0,841400000.0,841500000.0,0.0,,0.0,0.0,0.0,,,,,,,,,,-186700000.0,,-186700000.0,720132828.0,,,,,1.0,,,0.0,,1636200000.0,,666400000.0,0.0,0.0,0.0,1387000000.0,362300000.0,1024700000.0,92632828.0,,,,,,,,,,,,,,,,,,,158100000.0,,-0.496,,,164500000.0,,0.92,,,152000000.0,520600000.0,,,,,,,,,,1.0,100687856.0,102000000,,,1200300000.0,0.0,,0.0,11.768,599600000.0
1,RSHCQ,MRT,2014-06-30,2014-08-02,2014-08-02,2020-09-21,-6300000.0,1149200000.0,,929900000.0,219300000.0,,-0.618,,30500000.0,30500000.0,,,2.508,-19.241,658000000.0,1100000.0,656900000.0,658000000.0,0.0,,0.0,0.0,0.0,,,,,,,,,,-63000000.0,,-63000000.0,611187756.0,,,,,1.0,,,0.0,,1406000000.0,,673400000.0,0.0,0.0,0.0,1212200000.0,370700000.0,841500000.0,58487756.0,,,,,,,,,,,,,,,,,,,153300000.0,,-0.928,,,172200000.0,,0.581,,,159700000.0,687300000.0,,,,,,,,,,1.0,100615442.0,101900000,,,1149200000.0,0.0,,0.0,11.278,559200000.0
2,RSHCQ,MRT,2014-03-31,2014-05-03,2014-05-03,2020-09-21,-6200000.0,1326100000.0,,1074700000.0,251400000.0,,0.717,,61800000.0,61800000.0,,,2.359,17.266,614500000.0,1100000.0,613400000.0,614500000.0,0.0,,0.0,0.0,0.0,,,,,,,,,,72600000.0,,72600000.0,569767824.0,,,,,1.0,,,0.0,,1423200000.0,,791700000.0,0.0,0.0,0.0,1253500000.0,455600000.0,797900000.0,135467824.0,,,,,,,,,,,,,,,,,,,242400000.0,,1.866,,,180600000.0,,1.35,,,163000000.0,824700000.0,,,,,,,,,,1.0,100346536.0,101300000,,,1326100000.0,0.0,,0.0,13.091,619100000.0
3,RSHCQ,MRT,2013-12-31,2013-12-31,2013-12-31,2020-09-21,-6100000.0,1591200000.0,1945150000.0,1333000000.0,258200000.0,1.766,2.05,-35800000.0,179800000.0,179800000.0,2262100000.0,-400200000.0,2.28,6.709,614100000.0,1100000.0,613000000.0,614100000.0,0.0,71600000.0,0.0,0.0,0.0,-360900000.0,-289300000.0,-0.084,-289300000.0,-360900000.0,-413200000.0,-3.97,-3.97,-3.97,206400000.0,402550000.0,206400000.0,443320529.0,-1.0,-1.532,0.0,0.0,1.0,1172200000.0,0.341,12700000.0,52300000.0,1428200000.0,1477250000.0,802300000.0,0.0,0.0,0.0,1384800000.0,584600000.0,800200000.0,260420529.0,-355900000.0,0.0,0.0,-313500000.0,0.0,-313500000.0,-78200000.0,0.0,35800000.0,0.0,-400200000.0,-400200000.0,-400200000.0,8200000.0,0.0,-0.117,1516200000.0,-344000000.0,376400000.0,0.0,1.262,-0.651,-0.655,187200000.0,0.0,2.6,0.076,0.076,211900000.0,960600000.0,3434300000.0,3434300000.0,0.0,-0.206,-0.994,-0.244,-0.105,7200000.0,1407400000.0,1.0,100161742.0,100700000,100700000.0,34.104,1578500000.0,0.0,-13000000.0,0.0,15.675,748400000.0
4,RSHCQ,MRT,2013-09-30,2013-10-31,2013-10-31,2020-09-21,,,,,,,,,,,,,,,,,,,,,,0.0,0.0,,,,,,,,,,,,,464354495.0,,,,,1.0,,,,,,,,,,,,,,281454495.0,,,,,,,,,,,,,,,,,,,,,,,,,,2.81,,,,,,,,,,,,,,1.0,100161742.0,101100000,,,,,,,,
5,RSHCQ,MRT,2013-06-30,2013-07-31,2013-07-31,2020-09-21,,,,,,,,,,,,,,,,,,,,,,0.0,0.0,,,,,,,,,,,,,552889302.0,,,,,1.0,,,,,,,,,,,,,,272189302.0,,,,,,,,,,,,,,,,,,,,,,,,,,2.73,,,,,,,,,,,,,,1.0,99703041.0,100700000,,,,,,,,
6,RSHCQ,MRT,2013-03-31,2013-04-30,2013-04-30,2020-09-21,,,,,,,,,,,,,,,,,,,,,,0.039,0.125,,,,,,,,,,,,,592997174.0,,,,,1.0,,,,,,,,,,,,,,315997174.0,,,,,,,,,,,,,,,,,,,,,,,,,,3.17,,,,,,,,,,,,,,1.0,99683651.0,100500000,,,,,,,,
7,RSHCQ,MRT,2012-12-31,2012-12-31,2012-12-31,2020-09-21,-7500000.0,2299100000.0,2160525000.0,1981900000.0,317200000.0,1.773,5.981,-67800000.0,535700000.0,535700000.0,2360900000.0,-139400000.0,2.026,2.84,777700000.0,278700000.0,499000000.0,777700000.0,0.0,80700000.0,0.0,0.118,0.25,-52300000.0,28400000.0,0.007,28400000.0,-52300000.0,-106800000.0,-1.39,-1.39,-1.39,598700000.0,676350000.0,598700000.0,414170806.0,-8.0,14.583,-110800000.0,-1.107,1.0,1470400000.0,0.384,36600000.0,54500000.0,1526300000.0,1466125000.0,908300000.0,0.0,0.0,0.0,1700400000.0,978200000.0,722200000.0,211070806.0,-56000000.0,0.0,0.0,106100000.0,-24900000.0,81200000.0,-94200000.0,0.0,-43000000.0,0.0,-139400000.0,-139400000.0,-139400000.0,28600000.0,0.0,-0.036,1495400000.0,-25000000.0,435600000.0,-0.18,0.353,-1.514,-1.525,239000000.0,0.0,2.12,0.055,0.055,452500000.0,1360800000.0,3831300000.0,3831300000.0,0.0,-0.065,-0.206,-0.036,-0.014,7100000.0,1419800000.0,1.0,99561701.0,100100000,100100000.0,38.275,2262500000.0,0.0,32600000.0,0.0,22.602,1003700000.0
8,RSHCQ,MRT,2012-09-30,2012-09-30,2012-09-30,2020-09-21,-6700000.0,2237300000.0,2129525000.0,1920400000.0,316900000.0,1.738,6.617,-63700000.0,546100000.0,546100000.0,2255800000.0,-64200000.0,2.081,2.378,749200000.0,275200000.0,474000000.0,749200000.0,0.0,82100000.0,0.0,0.315,0.75,-25400000.0,56700000.0,0.015,56700000.0,-25400000.0,-78200000.0,-0.64,-0.64,-0.64,662400000.0,715000000.0,662400000.0,398271582.0,-16.0,7.024,-76400000.0,-0.763,1.0,1445100000.0,0.39,36900000.0,52800000.0,1480800000.0,1479775000.0,851100000.0,0.0,0.0,0.0,1574900000.0,922700000.0,652200000.0,236671582.0,-121600000.0,0.0,-8500000.0,62300000.0,-74500000.0,-20700000.0,-88200000.0,0.0,-12700000.0,0.0,-64200000.0,-64200000.0,-64200000.0,35400000.0,0.0,-0.017,1436700000.0,8400000.0,386200000.0,-1.172,0.357,-3.686,-3.719,241000000.0,0.0,2.38,0.064,0.064,349200000.0,1424100000.0,3700900000.0,3700900000.0,0.0,-0.03,-0.09,-0.017,-0.007,7400000.0,1364700000.0,1.0,99441841.0,100100000,100100000.0,36.972,2200400000.0,0.0,-14000000.0,0.0,21.982,997700000.0
9,RSHCQ,MRT,2012-06-30,2012-06-30,2012-06-30,2020-09-21,-9200000.0,2087700000.0,2122200000.0,1741200000.0,346500000.0,1.807,7.039,-68300000.0,517700000.0,517700000.0,2288500000.0,-16800000.0,1.834,1.963,679300000.0,355400000.0,323900000.0,679300000.0,0.0,83500000.0,0.0,0.195,0.75,36400000.0,119900000.0,0.031,119900000.0,36400000.0,-15800000.0,-0.17,-0.17,-0.17,704600000.0,749275000.0,704600000.0,490301635.0,13.0,4.089,71000000.0,0.709,1.0,1546200000.0,0.403,38400000.0,52200000.0,1261500000.0,1490875000.0,828700000.0,0.0,0.0,0.0,1383100000.0,949400000.0,433700000.0,381801635.0,-34500000.0,0.0,-8000000.0,-4800000.0,-74500000.0,-81100000.0,-92700000.0,0.0,139300000.0,0.0,-16800000.0,-16800000.0,-16800000.0,19700000.0,0.0,-0.004,1493200000.0,53000000.0,352300000.0,-4.412,0.542,-22.726,-22.588,256500000.0,0.0,3.84,0.1,0.1,250000000.0,1471200000.0,3834700000.0,3834700000.0,0.0,-0.008,-0.022,0.024,0.009,6200000.0,1422100000.0,1.0,99427509.0,100100000,100100000.0,38.309,2049300000.0,0.0,1000000.0,0.0,20.473,791800000.0
10,RSHCQ,MRT,2012-03-31,2012-03-31,2012-03-31,2020-09-21,-6300000.0,2018000000.0,2116350000.0,1664500000.0,353500000.0,1.856,7.412,-78800000.0,566400000.0,566400000.0,2289900000.0,29100000.0,3.395,1.728,674900000.0,0.0,674900000.0,674900000.0,0.0,83800000.0,0.0,0.1,0.625,105800000.0,189600000.0,0.048,189600000.0,105800000.0,55600000.0,0.28,0.28,0.28,739700000.0,775125000.0,739700000.0,696692599.0,7.0,3.675,126800000.0,1.271,1.0,1638100000.0,0.417,40300000.0,50200000.0,1595900000.0,1583200000.0,730200000.0,0.0,0.0,0.0,1278300000.0,490300000.0,788000000.0,617792599.0,240200000.0,0.0,-107900000.0,309300000.0,-62000000.0,139400000.0,-104800000.0,0.0,205600000.0,0.0,29100000.0,29100000.0,29100000.0,13500000.0,0.0,0.007,1522100000.0,116000000.0,252600000.0,2.232,0.835,21.23,22.214,260500000.0,0.0,6.22,0.157,0.158,236600000.0,1504700000.0,3928000000.0,3928000000.0,0.0,0.014,0.038,0.067,0.027,6000000.0,1449400000.0,1.0,99323569.0,99800000,99800000.0,39.359,1977700000.0,0.0,26500000.0,0.0,19.817,1174200000.0
11,RSHCQ,MRT,2011-12-31,2011-12-31,2011-12-31,2020-09-21,-11900000.0,2175100000.0,2063700000.0,1812800000.0,362300000.0,1.954,7.349,-82100000.0,591700000.0,591700000.0,2309700000.0,72200000.0,2.85,1.887,670600000.0,0.0,670600000.0,670600000.0,0.0,83100000.0,0.0,0.051,0.5,166500000.0,249600000.0,0.062,249600000.0,166500000.0,119700000.0,0.7,0.7,0.7,753300000.0,810675000.0,753300000.0,968120474.0,6.0,3.879,135800000.0,1.325,1.0,1722400000.0,0.427,37000000.0,46800000.0,1580900000.0,1502575000.0,744400000.0,0.0,0.0,0.0,1421800000.0,636100000.0,785700000.0,969420474.0,22300000.0,0.0,-107300000.0,41400000.0,-49600000.0,-115500000.0,-80100000.0,0.0,217900000.0,0.0,72200000.0,72200000.0,72200000.0,6500000.0,0.0,0.018,1548400000.0,174000000.0,348200000.0,0.714,1.287,13.427,13.871,270200000.0,0.0,9.71,0.24,0.247,360600000.0,1525100000.0,4032100000.0,4032100000.0,0.0,0.035,0.089,0.111,0.041,5400000.0,1474700000.0,1.0,99837330.0,102500000,103300000.0,39.338,2138100000.0,0.0,47500000.0,0.0,20.86,1176700000.0
12,RSHCQ,MRT,2011-09-30,2011-09-30,2011-09-30,2020-09-21,-11100000.0,2208000000.0,2063775000.0,1814900000.0,393100000.0,2.084,7.979,-96400000.0,667700000.0,667700000.0,2435500000.0,117300000.0,2.818,1.762,666400000.0,0.0,666400000.0,666400000.0,0.0,82100000.0,0.0,0.022,0.25,229100000.0,311200000.0,0.072,311200000.0,229100000.0,185000000.0,1.08,1.07,1.08,799500000.0,832975000.0,799500000.0,1269427762.0,6.0,4.079,164800000.0,1.645,1.0,1865400000.0,0.434,37400000.0,44100000.0,1525200000.0,1431475000.0,790600000.0,0.0,0.0,0.0,1408500000.0,644100000.0,764400000.0,1159427762.0,-52600000.0,0.0,-196000000.0,4900000.0,-26500000.0,-217600000.0,-96200000.0,0.0,261200000.0,0.0,117300000.0,117300000.0,117300000.0,-9000000.0,0.0,0.027,1643900000.0,221500000.0,344600000.0,0.231,1.45,9.884,10.759,273400000.0,0.0,11.62,0.27,0.271,250300000.0,1562800000.0,4300900000.0,4300900000.0,0.0,0.057,0.141,0.16,0.053,5200000.0,1567200000.0,1.0,99778637.0,100200000,100700000.0,42.923,2170600000.0,0.0,67700000.0,0.0,21.663,1170800000.0
13,RSHCQ,MRT,2011-06-30,2011-06-30,2011-06-30,2020-09-21,-900000.0,2064300000.0,2072400000.0,1662200000.0,402100000.0,2.061,7.792,-96000000.0,552200000.0,552200000.0,2394600000.0,163000000.0,3.323,1.555,662200000.0,0.0,662200000.0,662200000.0,0.0,81400000.0,0.0,0.019,0.25,300900000.0,382300000.0,0.09,382300000.0,300900000.0,259000000.0,1.46,1.44,1.46,808000000.0,860500000.0,808000000.0,1421101793.0,5.0,3.717,118500000.0,1.143,1.0,1876500000.0,0.439,43300000.0,41900000.0,1630800000.0,1350350000.0,727200000.0,0.0,0.0,0.0,1256300000.0,500200000.0,756100000.0,1411601793.0,-378900000.0,0.0,-495400000.0,30600000.0,-26500000.0,-497500000.0,-95900000.0,0.0,214500000.0,0.0,163000000.0,163000000.0,163000000.0,-12200000.0,0.0,0.038,1585800000.0,290700000.0,225400000.0,0.171,1.747,8.66,9.116,274500000.0,0.0,13.31,0.331,0.323,278400000.0,1562500000.0,4271100000.0,4271100000.0,0.0,0.079,0.189,0.223,0.07,5300000.0,1508300000.0,1.0,106055732.0,103700000,104600000.0,41.187,2021000000.0,0.0,96000000.0,0.0,19.489,1162000000.0
14,RSHCQ,MRT,2011-03-31,2011-03-31,2011-03-31,2020-09-21,-2300000.0,1807400000.0,2155250000.0,1415800000.0,391600000.0,1.991,8.304,-82300000.0,326200000.0,326200000.0,2389900000.0,191100000.0,2.827,1.049,335700000.0,0.0,335700000.0,335700000.0,0.0,82300000.0,0.0,0.017,0.25,344900000.0,427200000.0,0.1,427200000.0,344900000.0,303200000.0,1.64,1.61,1.64,881900000.0,948375000.0,881900000.0,1658153312.0,5.0,3.881,148100000.0,1.395,1.0,1901600000.0,0.443,42700000.0,41700000.0,1273400000.0,1251100000.0,737900000.0,0.0,0.0,0.0,925500000.0,500800000.0,424700000.0,1587753312.0,-545600000.0,0.0,-395300000.0,-272000000.0,-26500000.0,-693800000.0,-82200000.0,0.0,230400000.0,0.0,191100000.0,191100000.0,191100000.0,-14300000.0,0.0,0.045,1569200000.0,332400000.0,221900000.0,0.152,1.8,8.308,9.152,267400000.0,0.0,15.01,0.37,0.371,249300000.0,1537600000.0,4291500000.0,4291500000.0,0.0,0.089,0.202,0.276,0.08,6100000.0,1491000000.0,1.0,105779701.0,106200000,107400000.0,40.41,1764700000.0,0.0,112100000.0,0.0,16.617,915000000.0
15,RSHCQ,MRT,2010-12-31,2010-12-31,2010-12-31,2020-09-21,-4300000.0,2175400000.0,2292525000.0,1778700000.0,396700000.0,1.861,6.992,-80100000.0,569400000.0,569400000.0,2352100000.0,206100000.0,1.959,1.582,639800000.0,308000000.0,331800000.0,639800000.0,0.0,84200000.0,0.0,0.014,0.25,368200000.0,452400000.0,0.106,452400000.0,368200000.0,326300000.0,1.71,1.68,1.71,842500000.0,1004850000.0,842500000.0,2062139893.0,6.0,4.558,74900000.0,0.622,1.0,1913700000.0,0.449,41200000.0,41900000.0,1296500000.0,1319775000.0,723700000.0,0.0,0.0,0.0,1332900000.0,908100000.0,424800000.0,2104639893.0,-338800000.0,0.0,-394800000.0,7500000.0,-26500000.0,-413800000.0,-80000000.0,0.0,155000000.0,0.0,206100000.0,206100000.0,206100000.0,-15400000.0,0.0,0.048,1563500000.0,350200000.0,272400000.0,0.146,2.498,10.212,10.813,274300000.0,0.0,18.49,0.493,0.522,377500000.0,1502500000.0,4265800000.0,4265800000.0,0.0,0.09,0.205,0.279,0.086,9900000.0,1483800000.0,1.0,113825846.0,120500000,122700000.0,35.401,2134200000.0,0.0,120200000.0,0.0,17.711,870600000.0
16,RSHCQ,MRT,2010-09-30,2010-09-30,2010-09-30,2020-09-21,-5000000.0,2242500000.0,2356000000.0,1851100000.0,391400000.0,1.749,7.517,-65700000.0,720300000.0,720300000.0,2230100000.0,224800000.0,2.018,1.465,636600000.0,308700000.0,327900000.0,636600000.0,0.0,86400000.0,0.0,0.012,0.25,397700000.0,484100000.0,0.117,484100000.0,397700000.0,356400000.0,1.8,1.77,1.8,909600000.0,1056300000.0,909600000.0,2423821539.0,6.0,5.007,213300000.0,1.763,1.0,1891700000.0,0.459,40700000.0,41300000.0,1200700000.0,1359525000.0,759100000.0,0.0,0.0,0.0,1332900000.0,917400000.0,415500000.0,2674521539.0,-136400000.0,0.0,-296900000.0,-21700000.0,-31300000.0,-349900000.0,-65500000.0,0.0,279000000.0,0.0,224800000.0,224800000.0,224800000.0,-15200000.0,0.0,0.055,1512200000.0,379500000.0,318100000.0,0.139,2.94,11.897,11.85,264400000.0,0.0,21.33,0.649,0.626,258300000.0,2473000000.0,4121800000.0,4121800000.0,0.0,0.095,0.213,0.293,0.096,11700000.0,1433000000.0,1.0,125387789.0,121000000,123100000.0,34.064,2201800000.0,0.0,131600000.0,11400000.0,18.197,933700000.0
17,RSHCQ,MRT,2010-06-30,2010-06-30,2010-06-30,2020-09-21,-6300000.0,2395700000.0,2382150000.0,2012000000.0,383700000.0,1.725,9.217,-62800000.0,931100000.0,931100000.0,2200000000.0,216200000.0,2.44,1.066,633600000.0,309500000.0,324100000.0,633600000.0,0.0,88900000.0,0.0,0.013,0.25,382600000.0,471500000.0,0.115,471500000.0,382600000.0,340500000.0,1.72,1.7,1.72,1159500000.0,1078900000.0,1159500000.0,2236142152.0,6.0,4.743,81600000.0,0.649,1.0,1909800000.0,0.465,39800000.0,42100000.0,1233800000.0,1434000000.0,646200000.0,0.0,0.0,0.0,1236200000.0,824600000.0,411600000.0,2446242152.0,300000.0,0.0,2000000.0,-52200000.0,-31300000.0,-81500000.0,-62600000.0,0.0,144400000.0,0.0,216200000.0,216200000.0,216200000.0,-12000000.0,0.0,0.053,1540700000.0,369100000.0,220300000.0,0.145,2.11,11.315,11.343,263400000.0,0.0,19.51,0.595,0.597,311900000.0,2427000000.0,4109800000.0,4109800000.0,0.0,0.091,0.2,0.267,0.093,13500000.0,1461200000.0,1.0,125384016.0,125800000,128200000.0,32.669,2355900000.0,0.0,124300000.0,7400000.0,18.727,1187400000.0
18,RSHCQ,MRT,2010-03-31,2010-03-31,2010-03-31,2020-09-21,-3000000.0,2356500000.0,2343975000.0,1954000000.0,402500000.0,1.755,8.813,-67200000.0,871800000.0,871800000.0,2215800000.0,212000000.0,3.714,1.127,630700000.0,0.0,630700000.0,630700000.0,0.0,90900000.0,0.0,0.011,0.25,377000000.0,467900000.0,0.114,467900000.0,377000000.0,334500000.0,1.69,1.68,1.69,1107800000.0,1029450000.0,1107800000.0,2595306023.0,7.0,5.547,77900000.0,0.62,1.0,1897400000.0,0.461,41200000.0,42500000.0,1548100000.0,1491750000.0,688700000.0,0.0,0.0,0.0,1248700000.0,526100000.0,722600000.0,2834106023.0,-1400000.0,0.0,1800000.0,-50000000.0,-31300000.0,-79500000.0,-67000000.0,0.0,145100000.0,0.0,212000000.0,212000000.0,212000000.0,-8500000.0,0.0,0.052,1531200000.0,366200000.0,207800000.0,0.148,2.558,13.368,13.391,271700000.0,0.0,22.63,0.689,0.692,280500000.0,2374000000.0,4113200000.0,4113200000.0,0.0,0.09,0.206,0.253,0.092,14600000.0,1449900000.0,1.0,125236678.0,125700000,127900000.0,32.722,2315300000.0,0.0,122500000.0,26900000.0,18.419,1427900000.0
19,RSHCQ,MRT,2009-12-31,2009-12-31,2009-12-31,2020-09-21,-6500000.0,2429300000.0,2304475000.0,2015700000.0,413600000.0,1.768,8.36,-81000000.0,908200000.0,908200000.0,2200500000.0,205000000.0,3.08,1.317,627800000.0,0.0,627800000.0,627800000.0,0.0,92900000.0,0.0,0.013,0.25,367200000.0,460100000.0,0.113,460100000.0,367200000.0,323100000.0,1.63,1.63,1.63,1048300000.0,979125000.0,1048300000.0,2272290995.0,6.0,4.939,164800000.0,1.314,1.0,1873100000.0,0.46,38900000.0,44100000.0,1455500000.0,1468450000.0,670600000.0,0.0,0.0,0.0,1381000000.0,654500000.0,726500000.0,2441290995.0,93400000.0,0.0,700000.0,-41000000.0,-31300000.0,-71600000.0,-80800000.0,0.0,245800000.0,0.0,205000000.0,205000000.0,205000000.0,-8500000.0,0.0,0.05,1517600000.0,355500000.0,262900000.0,0.153,2.329,11.909,11.963,282300000.0,0.0,19.5,0.599,0.6,322500000.0,2323900000.0,4073600000.0,4073600000.0,0.0,0.089,0.209,0.25,0.09,12100000.0,1435000000.0,1.0,125194410.0,125400000,126100000.0,32.485,2390400000.0,0.0,118100000.0,30900000.0,19.062,1361200000.0
20,RSHCQ,MRT,2009-09-30,2009-09-30,2009-09-30,2020-09-21,-6900000.0,2347100000.0,2260650000.0,1923000000.0,424100000.0,1.865,7.968,-103000000.0,856700000.0,856700000.0,2306700000.0,189400000.0,3.0,1.347,687700000.0,62800000.0,624900000.0,687700000.0,0.0,95300000.0,0.0,0.015,0.25,344800000.0,440100000.0,0.104,440100000.0,344800000.0,299200000.0,1.51,1.51,1.51,1000000000.0,932250000.0,1000000000.0,1863439013.0,5.0,4.234,119900000.0,0.955,1.0,1909800000.0,0.453,38600000.0,45600000.0,1498600000.0,1470600000.0,737400000.0,0.0,0.0,0.0,1347100000.0,640900000.0,706200000.0,2074139013.0,32600000.0,-42000000.0,100000.0,-16400000.0,-31300000.0,-47600000.0,-142700000.0,0.0,222900000.0,0.0,189400000.0,189400000.0,189400000.0,0.0,0.0,0.045,1570800000.0,339000000.0,283600000.0,0.166,2.074,10.951,10.974,286500000.0,0.0,16.57,0.492,0.493,228700000.0,2279500000.0,4216500000.0,4216500000.0,0.0,0.084,0.203,0.234,0.082,14000000.0,1483800000.0,1.0,125174352.0,125500000,126300000.0,33.598,2308500000.0,0.0,109800000.0,4500000.0,18.394,1282100000.0
21,RSHCQ,MRT,2009-06-30,2009-06-30,2009-06-30,2020-09-21,-4500000.0,2243000000.0,2227525000.0,1805200000.0,437800000.0,1.907,7.669,-104300000.0,930800000.0,930800000.0,2332300000.0,201100000.0,3.42,1.332,720100000.0,55700000.0,664400000.0,720100000.0,0.0,96900000.0,0.0,0.018,0.25,364800000.0,461700000.0,0.109,461700000.0,364800000.0,321100000.0,1.59,1.59,1.59,961700000.0,889950000.0,961700000.0,1573798802.0,4.0,3.409,192600000.0,1.536,1.0,1916100000.0,0.451,39700000.0,43700000.0,1464800000.0,1456275000.0,578200000.0,0.0,0.0,0.0,1281300000.0,527800000.0,753500000.0,1746798802.0,353000000.0,-42000000.0,-71400000.0,312200000.0,-31300000.0,200100000.0,-144000000.0,0.0,296900000.0,0.0,201100000.0,201100000.0,201100000.0,0.0,0.0,0.047,1561600000.0,354500000.0,190000000.0,0.157,1.816,8.686,8.78,290700000.0,0.0,13.96,0.411,0.412,205200000.0,2242100000.0,4248400000.0,4248400000.0,0.0,0.09,0.226,0.251,0.086,13200000.0,1473500000.0,1.0,125128854.0,125400000,125800000.0,33.879,2203300000.0,0.0,120000000.0,6200000.0,17.57,1277400000.0
22,RSHCQ,MRT,2009-03-31,2009-03-31,2009-03-31,2020-09-21,-7000000.0,2198500000.0,2140650000.0,1745000000.0,453500000.0,1.998,7.229,-97700000.0,873200000.0,873200000.0,2336900000.0,193700000.0,3.266,1.425,700200000.0,37800000.0,662400000.0,700200000.0,0.0,98200000.0,0.0,0.029,0.25,349700000.0,447900000.0,0.105,447900000.0,349700000.0,310400000.0,1.52,1.52,1.52,906500000.0,863675000.0,906500000.0,1028958473.0,3.0,2.297,255600000.0,2.038,1.0,1940700000.0,0.454,36300000.0,39300000.0,1454900000.0,1370900000.0,575800000.0,0.0,0.0,0.0,1292000000.0,534300000.0,757700000.0,1071958473.0,403900000.0,-42000000.0,-71400000.0,300000000.0,-31300000.0,187900000.0,-137300000.0,0.0,353300000.0,0.0,193700000.0,193700000.0,193700000.0,0.0,0.0,0.045,1602600000.0,338100000.0,189000000.0,0.164,1.183,5.534,5.638,300600000.0,0.0,8.57,0.251,0.251,205100000.0,2193300000.0,4277600000.0,4277600000.0,0.0,0.09,0.224,0.255,0.082,12800000.0,1513200000.0,1.0,125082669.0,125400000,125400000.0,34.112,2162200000.0,0.0,116700000.0,20200000.0,17.242,1210700000.0
23,RSHCQ,MRT,2008-12-31,2008-12-31,2008-12-31,2020-09-21,-7000000.0,2254000000.0,2048475000.0,1791600000.0,462400000.0,2.062,6.673,-85600000.0,814800000.0,814800000.0,2301800000.0,189400000.0,2.812,1.618,698800000.0,39300000.0,659500000.0,698800000.0,0.0,99100000.0,0.0,0.021,0.25,334400000.0,433500000.0,0.103,433500000.0,334400000.0,299500000.0,1.47,1.47,1.47,860800000.0,839950000.0,860800000.0,1431057232.0,4.0,3.301,189000000.0,1.465,1.0,1922700000.0,0.455,36700000.0,34900000.0,1464100000.0,1306325000.0,636300000.0,0.0,0.0,0.0,1393200000.0,637200000.0,756000000.0,1493357232.0,305100000.0,-42000000.0,-71400000.0,266900000.0,-31300000.0,154800000.0,-124300000.0,0.0,274600000.0,0.0,189400000.0,189400000.0,189400000.0,0.0,0.0,0.045,1600500000.0,322200000.0,206400000.0,0.17,1.735,7.885,8.122,306400000.0,0.0,11.94,0.353,0.365,241900000.0,2150200000.0,4224500000.0,4224500000.0,0.0,0.092,0.225,0.256,0.079,12800000.0,1509800000.0,1.0,125071795.0,129000000,129100000.0,32.748,2217300000.0,0.0,110100000.0,24200000.0,17.188,1154400000.0
24,RSHCQ,MRT,2008-09-30,2008-09-30,2008-09-30,2020-09-21,-5500000.0,2214600000.0,1982375000.0,1813800000.0,400800000.0,2.184,6.47,-55100000.0,824100000.0,824100000.0,2322500000.0,230300000.0,2.857,1.666,685700000.0,35900000.0,649800000.0,685700000.0,0.0,100700000.0,0.0,0.014,0.25,398700000.0,499400000.0,0.115,499400000.0,398700000.0,367800000.0,1.76,1.75,1.76,830800000.0,817175000.0,830800000.0,2069536681.0,5.0,4.144,234000000.0,1.822,1.0,2007600000.0,0.464,0.0,30900000.0,1441300000.0,1225625000.0,681200000.0,0.0,0.0,0.0,1383800000.0,634900000.0,748900000.0,2266036681.0,407400000.0,0.0,-71400000.0,286100000.0,-32800000.0,172500000.0,-54200000.0,0.0,289100000.0,0.0,230300000.0,230300000.0,230300000.0,0.0,0.0,0.053,1622000000.0,385600000.0,248200000.0,0.142,2.728,9.839,9.818,278600000.0,0.0,17.28,0.523,0.512,192100000.0,2121400000.0,4330100000.0,4330100000.0,0.0,0.116,0.282,0.325,0.092,13600000.0,1529400000.0,1.0,131136382.0,128400000,128800000.0,33.724,2214600000.0,0.0,137500000.0,20000000.0,17.248,1178900000.0
25,RSHCQ,MRT,2008-06-30,2008-06-30,2008-06-30,2020-09-21,-5500000.0,1895500000.0,1897125000.0,1499500000.0,396000000.0,2.25,6.529,-48300000.0,577800000.0,577800000.0,2270600000.0,227500000.0,2.605,1.213,381300000.0,32300000.0,349000000.0,381300000.0,0.0,104000000.0,0.0,0.02,0.25,394900000.0,498900000.0,0.117,498900000.0,394900000.0,363600000.0,1.72,1.71,1.72,856600000.0,784875000.0,856600000.0,1520479178.0,4.0,3.048,297600000.0,2.268,1.0,1997900000.0,0.468,0.0,31300000.0,1123300000.0,1151350000.0,626300000.0,0.0,0.0,0.0,1038900000.0,575700000.0,463200000.0,1609779178.0,-52600000.0,0.0,-157800000.0,-160600000.0,-32800000.0,-351200000.0,-47300000.0,0.0,345900000.0,0.0,227500000.0,227500000.0,227500000.0,0.0,0.0,0.053,1620000000.0,377900000.0,190500000.0,0.145,1.879,7.076,7.134,278800000.0,0.0,12.27,0.377,0.377,191900000.0,2072300000.0,4268500000.0,4268500000.0,0.0,0.12,0.29,0.343,0.093,13500000.0,1522900000.0,1.0,131196347.0,131200000,131200000.0,32.534,1895500000.0,0.0,136100000.0,15500000.0,14.447,923800000.0
26,RSHCQ,MRT,2008-03-31,2008-03-31,2008-03-31,2020-09-21,-5300000.0,1829800000.0,1919975000.0,1413100000.0,416700000.0,2.192,6.186,-48400000.0,469300000.0,469300000.0,2228300000.0,233100000.0,2.598,1.255,380000000.0,26500000.0,353500000.0,380000000.0,0.0,108500000.0,0.0,0.015,0.25,391600000.0,500100000.0,0.119,500100000.0,391600000.0,356300000.0,1.74,1.73,1.74,811600000.0,773525000.0,811600000.0,2030052055.0,5.0,4.059,290200000.0,2.212,1.0,1980100000.0,0.471,0.0,35300000.0,1196600000.0,1168150000.0,663400000.0,0.0,0.0,0.0,1018200000.0,543900000.0,474300000.0,2130352055.0,6100000.0,0.0,-101900000.0,-152400000.0,-32800000.0,-287100000.0,-45400000.0,0.0,338600000.0,0.0,233100000.0,233100000.0,233100000.0,0.0,0.0,0.055,1608600000.0,371500000.0,200600000.0,0.144,2.625,9.139,9.339,302700000.0,0.0,16.25,0.506,0.507,182300000.0,2030900000.0,4208400000.0,4208400000.0,0.0,0.121,0.301,0.335,0.093,12300000.0,1507300000.0,1.0,131098588.0,131200000,131300000.0,32.076,1829800000.0,0.0,123200000.0,21300000.0,13.947,869200000.0
27,RSHCQ,MRT,2007-12-31,2007-12-31,2007-12-31,2020-09-21,-5300000.0,1989600000.0,1933475000.0,1566800000.0,422800000.0,2.199,5.718,-43800000.0,509700000.0,509700000.0,2225900000.0,236800000.0,2.095,1.585,409400000.0,61200000.0,348200000.0,409400000.0,0.0,112700000.0,0.0,0.015,0.25,405400000.0,518100000.0,0.122,518100000.0,405400000.0,366600000.0,1.76,1.74,1.76,769700000.0,745500000.0,769700000.0,2176029787.0,5.0,4.2,335200000.0,2.49,1.0,2025800000.0,0.476,0.0,38800000.0,1141300000.0,1180525000.0,705400000.0,0.0,0.0,0.0,1219900000.0,748000000.0,471900000.0,2210129787.0,37700000.0,0.0,-127200000.0,-139300000.0,-32800000.0,-299300000.0,-42000000.0,0.0,379000000.0,0.0,236800000.0,236800000.0,236800000.0,0.0,0.0,0.056,1643900000.0,381900000.0,257600000.0,0.142,2.871,9.333,9.58,317100000.0,0.0,16.86,0.52,0.534,256000000.0,1992100000.0,4251700000.0,4251700000.0,0.0,0.122,0.318,0.343,0.095,12700000.0,1538500000.0,1.0,131087176.0,134600000,135900000.0,31.588,1989600000.0,0.0,129800000.0,35700000.0,14.782,818800000.0
28,RSHCQ,MRT,2007-09-30,2007-09-30,2007-09-30,2020-09-21,-1900000.0,1873600000.0,1953575000.0,1439100000.0,434500000.0,2.224,5.216,-50700000.0,416700000.0,416700000.0,2369500000.0,220300000.0,2.07,1.67,382600000.0,38600000.0,344000000.0,382600000.0,0.0,116800000.0,0.0,0.012,0.25,380800000.0,497600000.0,0.115,497600000.0,380800000.0,338800000.0,1.61,1.61,1.61,701600000.0,716525000.0,701600000.0,2751563351.0,7.0,5.53,500500000.0,3.721,1.0,1976000000.0,0.455,0.0,42000000.0,1144200000.0,1183825000.0,693500000.0,0.0,0.0,0.0,1172000000.0,695300000.0,476700000.0,2849163351.0,140300000.0,0.0,-126900000.0,-201100000.0,-33900000.0,-361900000.0,-49000000.0,0.0,551200000.0,0.0,220300000.0,220300000.0,220300000.0,0.0,0.0,0.051,1613500000.0,362500000.0,308700000.0,0.155,4.061,12.933,12.832,330200000.0,0.0,20.66,0.656,0.639,198200000.0,1923800000.0,4345500000.0,4345500000.0,0.0,0.113,0.307,0.322,0.088,19000000.0,1507100000.0,1.0,137907229.0,134500000,135900000.0,32.309,1873600000.0,0.0,118500000.0,16700000.0,13.93,743800000.0
29,RSHCQ,MRT,2007-06-30,2007-06-30,2007-06-30,2020-09-21,-1900000.0,1986900000.0,1981300000.0,1536800000.0,450100000.0,2.243,5.934,-62500000.0,630400000.0,630400000.0,2448500000.0,157700000.0,2.199,1.449,532800000.0,192700000.0,340100000.0,532800000.0,0.0,120900000.0,0.0,0.008,0.25,281000000.0,401900000.0,0.09,401900000.0,281000000.0,237500000.0,1.15,1.15,1.15,811200000.0,691350000.0,811200000.0,4549724034.0,16.0,11.321,497100000.0,3.636,1.0,1996200000.0,0.449,0.0,43500000.0,1190500000.0,1246475000.0,612300000.0,0.0,0.0,0.0,1175700000.0,698800000.0,476900000.0,4492424034.0,460100000.0,0.0,32200000.0,-37900000.0,-33900000.0,-39600000.0,-59900000.0,0.0,559600000.0,0.0,157700000.0,157700000.0,157700000.0,0.0,0.0,0.035,1725800000.0,270400000.0,173600000.0,0.217,5.538,28.487,28.817,348800000.0,0.0,33.14,1.011,1.019,169500000.0,1877600000.0,4444700000.0,4444700000.0,0.0,0.08,0.228,0.225,0.063,16900000.0,1584800000.0,1.0,135558963.0,136700000,139000000.0,32.514,1986900000.0,0.0,79800000.0,6400000.0,14.535,838000000.0
30,RSHCQ,MRT,2007-03-31,2007-03-31,2007-03-31,2020-09-21,-2000000.0,1883800000.0,1950675000.0,1413900000.0,469900000.0,2.363,5.136,-62900000.0,463200000.0,463200000.0,2545700000.0,107500000.0,2.034,1.693,520500000.0,178500000.0,342000000.0,520500000.0,0.0,125400000.0,0.0,0.009,0.25,211600000.0,337000000.0,0.073,337000000.0,211600000.0,167300000.0,0.79,0.79,0.79,699500000.0,642150000.0,699500000.0,3750178107.0,18.0,11.128,582300000.0,4.275,1.0,2064100000.0,0.448,0.0,44300000.0,1246100000.0,1362000000.0,650800000.0,0.0,0.0,0.0,1184300000.0,695000000.0,489300000.0,3681478107.0,417800000.0,0.0,-20700000.0,-110400000.0,-33900000.0,-165000000.0,-62400000.0,0.0,645200000.0,0.0,107500000.0,107500000.0,107500000.0,0.0,0.0,0.023,1856600000.0,207500000.0,182300000.0,0.316,5.263,34.246,34.215,365800000.0,0.0,27.03,0.799,0.799,168800000.0,1830600000.0,4609800000.0,4609800000.0,0.0,0.055,0.167,0.155,0.046,15000000.0,1708600000.0,1.0,136199708.0,136200000,137100000.0,33.846,1883800000.0,0.0,59800000.0,3600000.0,13.831,718900000.0
31,RSHCQ,MRT,2006-12-31,2006-12-31,2006-12-31,2020-09-21,-1600000.0,2070000000.0,1974425000.0,1599600000.0,470400000.0,2.42,4.8,-79900000.0,472000000.0,472000000.0,2648100000.0,73400000.0,1.625,2.166,540700000.0,194900000.0,345800000.0,540700000.0,0.0,128200000.0,0.0,0.015,0.25,155700000.0,283900000.0,0.059,283900000.0,155700000.0,111400000.0,0.54,0.54,0.54,653800000.0,620050000.0,653800000.0,2612703077.0,17.0,9.203,234900000.0,1.725,1.0,2129400000.0,0.446,0.0,44300000.0,1154500000.0,1510625000.0,752100000.0,0.0,0.0,0.0,1416200000.0,984200000.0,432000000.0,2279103077.0,248000000.0,0.0,12200000.0,34200000.0,-33900000.0,12500000.0,-79300000.0,0.0,314800000.0,0.0,73400000.0,73400000.0,73400000.0,0.0,0.0,0.015,1972500000.0,156900000.0,254500000.0,0.463,3.486,31.05,31.074,386300000.0,0.0,16.78,0.477,0.478,247900000.0,1780900000.0,4777500000.0,4777500000.0,0.0,0.037,0.118,0.103,0.033,12000000.0,1810700000.0,1.0,135822591.0,136200000,136200000.0,35.077,2070000000.0,0.0,38000000.0,92600000.0,15.198,615400000.0
32,RSHCQ,MRT,2006-09-30,2006-09-30,2006-09-30,2020-09-21,-1200000.0,1984500000.0,2008200000.0,1488100000.0,496400000.0,2.485,4.402,114600000.0,276400000.0,276400000.0,2845100000.0,40100000.0,1.612,2.303,610000000.0,265300000.0,344700000.0,610000000.0,0.0,129700000.0,0.0,0.0,0.0,91300000.0,221000000.0,0.044,221000000.0,91300000.0,43900000.0,0.3,0.3,0.3,600900000.0,603800000.0,600900000.0,3044887695.0,33.0,13.778,483500000.0,3.542,1.0,2146200000.0,0.43,0.0,47400000.0,1394800000.0,1604650000.0,878700000.0,0.0,0.0,0.0,1383600000.0,923300000.0,460300000.0,2619187695.0,229000000.0,0.0,41500000.0,-257000000.0,-33700000.0,-249200000.0,109300000.0,0.0,368900000.0,0.0,40100000.0,40100000.0,40100000.0,0.0,0.0,0.008,2052700000.0,93500000.0,304300000.0,0.0,4.359,65.316,64.333,429700000.0,0.0,19.3,0.525,0.528,212300000.0,1730300000.0,4991300000.0,4991300000.0,0.0,0.02,0.066,0.057,0.018,0.0,1894800000.0,1.0,135709207.0,136500000,136500000.0,36.566,1984500000.0,0.0,3800000.0,11800000.0,14.538,564800000.0
33,RSHCQ,MRT,2006-06-30,2006-06-30,2006-06-30,2020-09-21,-400000.0,1864400000.0,2089400000.0,1324500000.0,539900000.0,2.454,4.511,93700000.0,170300000.0,170300000.0,2900100000.0,164900000.0,2.078,2.035,596000000.0,105800000.0,490200000.0,596000000.0,0.0,129500000.0,0.0,0.018,0.25,196300000.0,325800000.0,0.064,325800000.0,196300000.0,148400000.0,1.18,1.17,1.18,614400000.0,578950000.0,614400000.0,2504696212.0,13.0,7.688,396900000.0,2.914,1.0,2226400000.0,0.434,0.0,47900000.0,1652600000.0,1749875000.0,794800000.0,0.0,0.0,0.0,1250000000.0,637500000.0,612500000.0,1894496212.0,-84500000.0,0.0,-458600000.0,17500000.0,-33700000.0,-474800000.0,87100000.0,0.0,303200000.0,0.0,164900000.0,164900000.0,164900000.0,0.0,0.0,0.032,2029100000.0,197300000.0,159300000.0,0.212,3.083,11.489,11.864,439200000.0,0.0,14.0,0.37,0.372,239900000.0,1746600000.0,5126500000.0,5126500000.0,0.0,0.079,0.285,0.112,0.038,0.0,1900700000.0,1.0,135321158.0,136200000,136200000.0,37.64,1864400000.0,0.0,-16500000.0,25000000.0,13.689,687000000.0
34,RSHCQ,MRT,2006-03-31,2006-03-31,2006-03-31,2020-09-21,-200000.0,1978800000.0,2181825000.0,1418900000.0,559900000.0,2.346,4.5,65400000.0,45400000.0,45400000.0,2857700000.0,220400000.0,1.896,2.238,655600000.0,163700000.0,491900000.0,655600000.0,0.0,126300000.0,0.0,0.013,0.25,289100000.0,415400000.0,0.081,415400000.0,289100000.0,243300000.0,1.54,1.52,1.54,611100000.0,656050000.0,611100000.0,2912310052.0,10.0,7.011,212300000.0,1.563,1.0,2261100000.0,0.442,0.0,45800000.0,1840600000.0,1814150000.0,960000000.0,0.0,0.0,0.0,1367700000.0,748400000.0,619300000.0,2600510052.0,-247600000.0,0.0,-515000000.0,100600000.0,-33700000.0,-448100000.0,53600000.0,0.0,146900000.0,0.0,220400000.0,220400000.0,220400000.0,0.0,0.0,0.043,1973400000.0,287700000.0,211900000.0,0.162,4.255,11.799,12.487,455800000.0,0.0,19.23,0.508,0.51,265400000.0,1749800000.0,5118800000.0,5118800000.0,0.0,0.101,0.336,0.159,0.056,0.0,1848500000.0,1.0,135231932.0,135800000,135800000.0,37.694,1978800000.0,0.0,22900000.0,42500000.0,14.571,670500000.0
35,RSHCQ,MRT,2005-12-31,2005-12-31,2005-12-31,2020-09-21,300000.0,2205100000.0,2258175000.0,1627300000.0,577800000.0,2.25,3.976,55300000.0,224000000.0,224000000.0,2815000000.0,267000000.0,1.65,2.745,535800000.0,40900000.0,494900000.0,535800000.0,0.0,123800000.0,0.0,0.012,0.25,363100000.0,486900000.0,0.096,486900000.0,363100000.0,318600000.0,1.8,1.79,1.8,588800000.0,732325000.0,588800000.0,3667062257.0,10.0,7.531,418200000.0,2.824,1.0,2266700000.0,0.446,0.0,44500000.0,1530600000.0,1811900000.0,964900000.0,0.0,0.0,0.0,1616300000.0,986300000.0,630000000.0,2831162257.0,-213900000.0,0.0,-578300000.0,-4100000.0,-33700000.0,-616100000.0,39300000.0,0.0,362900000.0,0.0,267000000.0,267000000.0,267000000.0,0.0,0.0,0.053,1916800000.0,349900000.0,490900000.0,0.139,4.808,10.604,11.683,476200000.0,0.0,21.03,0.557,0.613,309400000.0,1741400000.0,5081700000.0,5081700000.0,0.0,0.118,0.365,0.2,0.071,0.0,1803300000.0,1.0,134624929.0,148100000,148800000.0,34.313,2205100000.0,0.0,51600000.0,75000000.0,14.889,641000000.0
36,RSHCQ,MRT,2005-09-30,2005-09-30,2005-09-30,2020-09-21,900000.0,2309300000.0,2336075000.0,1539400000.0,769900000.0,2.142,3.497,-186900000.0,47400000.0,47400000.0,2529500000.0,346700000.0,1.316,3.605,883300000.0,381700000.0,501600000.0,883300000.0,0.0,119700000.0,0.0,0.01,0.25,500500000.0,620200000.0,0.124,620200000.0,500500000.0,461500000.0,2.26,2.24,2.26,501500000.0,815650000.0,501500000.0,4175930676.0,8.0,6.733,104400000.0,0.728,1.0,2473600000.0,0.494,0.0,39000000.0,1975700000.0,1850225000.0,1162500000.0,0.0,0.0,0.0,1807800000.0,1169500000.0,638300000.0,3826230676.0,-337400000.0,-59100000.0,-636000000.0,295700000.0,-39700000.0,-380000000.0,-248700000.0,0.0,291300000.0,0.0,346700000.0,346700000.0,346700000.0,0.0,0.0,0.069,1993600000.0,480000000.0,484900000.0,0.111,7.63,11.036,10.973,674700000.0,0.0,24.8,0.765,0.711,227800000.0,1690100000.0,5003100000.0,5003100000.0,0.0,0.148,0.425,0.271,0.1,0.0,1873900000.0,1.0,154283495.0,143400000,143900000.0,34.889,2309300000.0,0.0,114800000.0,21800000.0,16.104,369900000.0
37,RSHCQ,MRT,2005-06-30,2005-06-30,2005-06-30,2020-09-21,300000.0,2234100000.0,2343950000.0,1479800000.0,754300000.0,2.095,5.919,-202300000.0,254800000.0,254800000.0,2447600000.0,307900000.0,2.195,1.421,604500000.0,98400000.0,506100000.0,604500000.0,0.0,112400000.0,0.0,0.011,0.25,529300000.0,641700000.0,0.131,641700000.0,529300000.0,495500000.0,1.94,1.92,1.94,922800000.0,893650000.0,922800000.0,3888687800.0,7.0,6.06,121000000.0,0.776,1.0,2462300000.0,0.501,0.0,33800000.0,1909700000.0,1759475000.0,971600000.0,0.0,0.0,0.0,1311300000.0,674100000.0,637200000.0,3606787800.0,-184900000.0,-59100000.0,-184600000.0,-12600000.0,-39700000.0,-236900000.0,-271300000.0,0.0,323300000.0,0.0,307900000.0,307900000.0,307900000.0,0.0,0.0,0.063,1954000000.0,508300000.0,214500000.0,0.129,3.909,11.714,11.943,660200000.0,0.0,23.17,0.735,0.736,164900000.0,1615400000.0,4909900000.0,4909900000.0,0.0,0.131,0.345,0.301,0.108,0.0,1841600000.0,1.0,155666284.0,155900000,156400000.0,31.494,2234100000.0,0.0,187600000.0,88900000.0,14.33,805700000.0
38,RSHCQ,MRT,2005-03-31,2005-03-31,2005-03-31,2020-09-21,-600000.0,2284200000.0,2328550000.0,1541200000.0,743000000.0,2.092,5.788,-222300000.0,293000000.0,293000000.0,2423800000.0,323900000.0,2.098,1.493,574900000.0,73700000.0,501200000.0,574900000.0,0.0,106800000.0,0.0,0.01,0.25,552400000.0,659200000.0,0.135,659200000.0,552400000.0,520900000.0,2.02,2.01,2.02,916200000.0,870050000.0,916200000.0,3992863252.0,7.0,6.057,47300000.0,0.299,1.0,2447700000.0,0.502,0.0,31500000.0,1831600000.0,1677950000.0,956600000.0,0.0,0.0,0.0,1368000000.0,734500000.0,633500000.0,3868263252.0,-284000000.0,-59100000.0,-181900000.0,-45500000.0,-39700000.0,-267100000.0,-286500000.0,0.0,269600000.0,0.0,323900000.0,323900000.0,323900000.0,0.0,0.0,0.066,1919200000.0,528500000.0,271200000.0,0.124,4.222,11.943,12.129,649400000.0,0.0,24.5,0.794,0.796,192000000.0,1563100000.0,4871500000.0,4871500000.0,0.0,0.139,0.372,0.329,0.113,0.0,1812400000.0,1.0,157888296.0,158300000,159500000.0,30.774,2284200000.0,0.0,197000000.0,125200000.0,14.43,806700000.0
39,RSHCQ,MRT,2004-12-31,2004-12-31,2004-12-31,2020-09-21,-300000.0,2516700000.0,2301650000.0,1775100000.0,741600000.0,2.103,5.727,-226900000.0,437900000.0,437900000.0,2406700000.0,337200000.0,1.854,1.729,562500000.0,55600000.0,506900000.0,562500000.0,0.0,101400000.0,0.0,0.008,0.25,571700000.0,673100000.0,0.139,673100000.0,571700000.0,542100000.0,2.09,2.08,2.09,922100000.0,842950000.0,922100000.0,5419898072.0,9.0,8.052,125600000.0,0.78,1.0,2434500000.0,0.503,0.0,29600000.0,1683900000.0,1583925000.0,1003700000.0,0.0,0.0,0.0,1594600000.0,957400000.0,637200000.0,5210498072.0,-196800000.0,-59100000.0,-165300000.0,-54100000.0,-39700000.0,-259100000.0,-290200000.0,0.0,352500000.0,0.0,337200000.0,337200000.0,337200000.0,0.0,0.0,0.07,1876200000.0,558300000.0,442200000.0,0.12,5.651,15.452,15.732,652000000.0,0.0,32.88,1.076,1.093,241000000.0,1508100000.0,4841200000.0,4841200000.0,0.0,0.147,0.4,0.361,0.118,0.0,1774800000.0,1.0,158470136.0,161000000,162500000.0,30.07,2516700000.0,0.0,204900000.0,117500000.0,15.632,817700000.0
40,RSHCQ,MRT,2004-09-30,2004-09-30,2004-09-30,2020-09-21,-500000.0,2340800000.0,2233450000.0,1666800000.0,674000000.0,2.122,5.084,-261000000.0,384800000.0,384800000.0,2354500000.0,333600000.0,1.778,1.877,594200000.0,85300000.0,508900000.0,594200000.0,0.0,96500000.0,0.0,0.017,0.5,562100000.0,658600000.0,0.139,658600000.0,562100000.0,533500000.0,2.05,2.02,2.05,813500000.0,804750000.0,813500000.0,4745968432.0,8.0,7.206,65200000.0,0.407,1.0,2383800000.0,0.503,0.0,28600000.0,1612700000.0,1505400000.0,1032000000.0,0.0,0.0,0.0,1527300000.0,937500000.0,589800000.0,4572568432.0,-173400000.0,0.0,-196100000.0,13200000.0,-40800000.0,-223700000.0,-275900000.0,0.0,326200000.0,0.0,333600000.0,333600000.0,333600000.0,0.0,0.0,0.07,1831000000.0,552800000.0,466200000.0,0.244,5.621,13.707,13.971,599000000.0,0.0,28.64,0.965,0.967,158000000.0,1377600000.0,4738300000.0,4738300000.0,0.0,0.149,0.415,0.373,0.119,0.0,1734500000.0,1.0,159656719.0,160000000,161000000.0,29.614,2340800000.0,0.0,199900000.0,115900000.0,14.63,729300000.0
41,RSHCQ,MRT,2004-06-30,2004-06-30,2004-06-30,2020-09-21,-400000.0,2172500000.0,2203075000.0,1547900000.0,624600000.0,2.134,5.123,-241000000.0,439700000.0,439700000.0,2340700000.0,321000000.0,2.031,1.623,613100000.0,110500000.0,502600000.0,613100000.0,0.0,95400000.0,0.0,0.009,0.25,542000000.0,637400000.0,0.136,637400000.0,542000000.0,511200000.0,1.95,1.93,1.95,828400000.0,783050000.0,828400000.0,4662093481.0,9.0,7.314,140600000.0,0.87,1.0,2359700000.0,0.502,0.0,30800000.0,1583600000.0,1447800000.0,856000000.0,0.0,0.0,0.0,1344100000.0,762300000.0,581800000.0,4604693481.0,-84600000.0,4700000.0,-217500000.0,38100000.0,-40800000.0,-220200000.0,-246000000.0,0.0,381600000.0,0.0,321000000.0,321000000.0,321000000.0,0.0,0.0,0.068,1836100000.0,523600000.0,288800000.0,0.128,5.559,14.345,14.682,563500000.0,0.0,28.63,0.98,0.985,161700000.0,1347200000.0,4700400000.0,4700400000.0,0.0,0.146,0.41,0.374,0.115,0.0,1740700000.0,1.0,160834561.0,161700000,163200000.0,29.069,2172500000.0,0.0,190200000.0,95900000.0,13.435,785600000.0
42,RSHCQ,MRT,2004-03-31,2004-03-31,2004-03-31,2020-09-21,-300000.0,2176600000.0,2180275000.0,1576700000.0,599900000.0,2.143,4.956,-207400000.0,577000000.0,577000000.0,2330300000.0,310200000.0,2.025,1.694,634400000.0,119100000.0,515300000.0,634400000.0,0.0,93500000.0,0.0,0.008,0.25,525100000.0,618600000.0,0.132,618600000.0,525100000.0,491600000.0,1.87,1.85,1.87,807800000.0,758950000.0,807800000.0,5353521736.0,10.0,8.654,357500000.0,2.193,1.0,2341300000.0,0.501,0.0,33500000.0,1455500000.0,1419150000.0,769900000.0,0.0,0.0,0.0,1368800000.0,778500000.0,590300000.0,5369521736.0,120300000.0,4700000.0,-222100000.0,30400000.0,-40800000.0,-232500000.0,-212100000.0,0.0,564900000.0,0.0,310200000.0,310200000.0,310200000.0,0.0,0.0,0.066,1838600000.0,502700000.0,271400000.0,0.134,6.647,17.31,17.733,528500000.0,0.0,33.16,1.149,1.157,142100000.0,1278900000.0,4671600000.0,4671600000.0,0.0,0.142,0.409,0.37,0.112,0.0,1745100000.0,1.0,161927676.0,163000000,165100000.0,28.66,2176600000.0,0.0,181400000.0,128800000.0,13.353,798200000.0
43,RSHCQ,MRT,2003-12-31,2003-12-31,2003-12-31,2020-09-21,-300000.0,2243900000.0,2152925000.0,1666600000.0,577300000.0,2.16,4.587,-187600000.0,634700000.0,634700000.0,2333600000.0,298500000.0,1.942,1.917,618700000.0,77400000.0,541300000.0,618700000.0,0.0,92000000.0,0.0,0.008,0.25,508500000.0,600500000.0,0.129,600500000.0,508500000.0,472800000.0,1.78,1.77,1.78,769300000.0,740250000.0,769300000.0,5062762787.0,10.0,8.431,464300000.0,2.769,1.0,2315700000.0,0.498,0.0,35700000.0,1369800000.0,1443300000.0,766500000.0,0.0,0.0,0.0,1474600000.0,858100000.0,616500000.0,5034962787.0,188200000.0,4700000.0,-234700000.0,700000.0,-40800000.0,-274800000.0,-188900000.0,0.0,651900000.0,0.0,298500000.0,298500000.0,298500000.0,0.0,0.0,0.064,1832000000.0,483700000.0,300200000.0,0.14,6.545,16.868,17.236,513100000.0,0.0,30.68,1.083,1.107,182400000.0,1210600000.0,4649300000.0,4649300000.0,0.0,0.139,0.403,0.352,0.109,0.0,1740000000.0,1.0,164112216.0,167700000,168900000.0,27.724,2243900000.0,0.0,174300000.0,137500000.0,13.38,808500000.0
44,RSHCQ,MRT,2003-09-30,2003-09-30,2003-09-30,2020-09-21,-400000.0,2219300000.0,2148925000.0,1685500000.0,533800000.0,2.167,4.375,-118600000.0,558200000.0,558200000.0,2388200000.0,280300000.0,1.949,2.054,586000000.0,39500000.0,546500000.0,586000000.0,0.0,91600000.0,0.0,0.009,0.25,486700000.0,578300000.0,0.124,578300000.0,486700000.0,448000000.0,1.64,1.63,1.64,726700000.0,729950000.0,726700000.0,4770445219.0,10.0,8.249,517400000.0,3.115,1.0,2268400000.0,0.487,0.0,38700000.0,1382300000.0,1495975000.0,914600000.0,0.0,0.0,0.0,1492600000.0,864800000.0,627800000.0,4704245219.0,192800000.0,4700000.0,-246900000.0,-41600000.0,-37600000.0,-326100000.0,-117100000.0,0.0,636000000.0,0.0,280300000.0,279200000.0,279200000.0,0.0,0.0,0.06,1811100000.0,457300000.0,409800000.0,0.152,6.473,16.849,17.323,438300000.0,1100000.0,28.41,1.01,1.013,121400000.0,2173700000.0,4656600000.0,4656600000.0,0.0,0.13,0.382,0.325,0.105,0.0,1729900000.0,1.0,165584133.0,166100000,167600000.0,28.035,2219300000.0,0.0,167700000.0,150200000.0,13.361,820700000.0
45,RSHCQ,MRT,2003-06-30,2003-06-30,2003-06-30,2020-09-21,-600000.0,2081300000.0,2173225000.0,1560900000.0,520400000.0,2.135,4.334,-115900000.0,524300000.0,524300000.0,2382900000.0,268100000.0,2.301,1.843,590500000.0,0.0,590500000.0,590500000.0,0.0,91300000.0,0.0,0.01,0.25,471600000.0,562900000.0,0.121,562900000.0,471600000.0,430300000.0,1.55,1.54,1.55,732000000.0,728800000.0,732000000.0,4580860996.0,10.0,8.138,358900000.0,2.125,1.0,2257100000.0,0.486,0.0,41300000.0,1469000000.0,1564800000.0,811100000.0,0.0,0.0,0.0,1349300000.0,678500000.0,670800000.0,4430860996.0,-4800000.0,0.0,-254100000.0,-71100000.0,-38300000.0,-363500000.0,-116100000.0,0.0,474800000.0,0.0,268100000.0,265900000.0,265900000.0,0.0,0.0,0.057,1809400000.0,447700000.0,284100000.0,0.161,6.053,16.664,16.974,422000000.0,2200000.0,26.31,0.955,0.958,137500000.0,2116600000.0,4640000000.0,4640000000.0,0.0,0.122,0.365,0.301,0.102,0.0,1728500000.0,1.0,168409768.0,168900000,169800000.0,27.472,2081300000.0,0.0,162200000.0,140800000.0,12.323,882400000.0
46,RSHCQ,MRT,2003-03-31,2003-03-31,2003-03-31,2020-09-21,-500000.0,2067200000.0,2180775000.0,1549800000.0,517400000.0,2.115,4.277,-104500000.0,456700000.0,456700000.0,2367100000.0,262400000.0,2.33,1.82,606700000.0,16000000.0,590700000.0,606700000.0,0.0,92700000.0,0.0,0.011,0.25,465500000.0,558200000.0,0.121,558200000.0,465500000.0,423300000.0,1.5,1.48,1.5,733000000.0,734400000.0,733000000.0,3960369590.0,9.0,7.095,362000000.0,2.112,1.0,2246000000.0,0.487,0.0,42200000.0,1552100000.0,1580700000.0,844300000.0,0.0,0.0,0.0,1334200000.0,665100000.0,669100000.0,3779569590.0,22300000.0,0.0,-275800000.0,-24000000.0,-39000000.0,-338800000.0,-105400000.0,0.0,466500000.0,0.0,262400000.0,259100000.0,259100000.0,0.0,0.0,0.056,1825500000.0,420500000.0,216600000.0,0.167,5.156,14.587,14.86,419300000.0,3300000.0,22.29,0.819,0.828,164600000.0,2059100000.0,4613100000.0,4613100000.0,0.0,0.119,0.353,0.294,0.101,0.0,1743200000.0,1.0,169563463.0,171400000,171800000.0,26.914,2067200000.0,0.0,160900000.0,155500000.0,12.061,884700000.0
47,RSHCQ,MRT,2002-12-31,2002-12-31,2002-12-31,2020-09-21,-500000.0,2227900000.0,2185950000.0,1706900000.0,521000000.0,2.094,4.209,-98200000.0,446500000.0,446500000.0,2338900000.0,263400000.0,2.061,2.06,627300000.0,36000000.0,591300000.0,627300000.0,0.0,94700000.0,0.0,0.013,0.25,468300000.0,563000000.0,0.123,563000000.0,468300000.0,424900000.0,1.5,1.45,1.5,728100000.0,746025000.0,728100000.0,3422619109.0,7.0,6.079,423400000.0,2.447,1.0,2238300000.0,0.489,0.0,43400000.0,1580500000.0,1586225000.0,971200000.0,0.0,0.0,0.0,1499800000.0,828200000.0,671600000.0,3156419109.0,45100000.0,0.0,-280300000.0,-57400000.0,-39800000.0,-377500000.0,-99000000.0,0.0,521600000.0,0.0,263400000.0,258900000.0,258900000.0,0.0,0.0,0.057,1812900000.0,425400000.0,312600000.0,0.167,4.335,12.192,12.493,421600000.0,4500000.0,18.74,0.69,0.708,206100000.0,2002500000.0,4577200000.0,4577200000.0,0.0,0.118,0.347,0.295,0.102,0.0,1728600000.0,1.0,168432183.0,173000000,179300000.0,26.458,2227900000.0,0.0,161500000.0,160900000.0,12.878,878700000.0
48,RSHCQ,MRT,2002-09-30,2002-09-30,2002-09-30,2020-09-21,-600000.0,2316500000.0,2190250000.0,1782100000.0,534400000.0,2.098,4.196,-97400000.0,365400000.0,365400000.0,2332200000.0,189500000.0,1.926,2.208,631600000.0,41800000.0,589800000.0,631600000.0,0.0,97600000.0,0.0,0.003,0.055,373200000.0,470800000.0,0.102,470800000.0,373200000.0,328400000.0,1.05,1.02,1.05,722100000.0,758525000.0,722100000.0,3565529813.0,10.0,7.573,502600000.0,2.92,1.0,2263100000.0,0.492,0.0,44800000.0,1657600000.0,1613150000.0,1118800000.0,0.0,0.0,0.0,1594400000.0,925100000.0,669300000.0,3441029813.0,119100000.0,0.0,-313000000.0,-57300000.0,-13100000.0,-383400000.0,-97500000.0,0.0,600000000.0,0.0,189500000.0,184900000.0,184900000.0,0.0,0.0,0.04,1928400000.0,334700000.0,433100000.0,0.052,4.765,18.61,19.105,413400000.0,4600000.0,20.06,0.749,0.751,205100000.0,1932200000.0,4595300000.0,4595300000.0,0.0,0.084,0.244,0.231,0.081,0.0,1741400000.0,1.0,171536880.0,172100000,178000000.0,26.701,2316500000.0,0.0,138900000.0,142200000.0,13.46,857000000.0
49,RSHCQ,MRT,2002-06-30,2002-06-30,2002-06-30,2020-09-21,-500000.0,2111500000.0,2194550000.0,1598100000.0,513400000.0,2.109,4.326,-92700000.0,529100000.0,529100000.0,2361500000.0,188400000.0,2.272,1.799,653600000.0,71300000.0,582300000.0,653600000.0,0.0,102000000.0,0.0,0.004,0.11,373600000.0,475600000.0,0.103,475600000.0,373600000.0,326500000.0,1.03,1.0,1.03,754400000.0,789200000.0,754400000.0,5406918767.0,14.0,11.369,659600000.0,3.782,1.0,2267700000.0,0.49,0.0,47100000.0,1532600000.0,1678850000.0,830600000.0,0.0,0.0,0.0,1357100000.0,703400000.0,653700000.0,5225618767.0,193000000.0,0.0,-333200000.0,-19500000.0,-23100000.0,-465900000.0,-93400000.0,0.0,752300000.0,0.0,188400000.0,183700000.0,183700000.0,0.0,0.0,0.04,1930100000.0,337600000.0,225700000.0,0.107,6.927,28.446,29.184,398000000.0,4700000.0,30.06,1.129,1.132,151800000.0,1889800000.0,4629200000.0,4629200000.0,0.0,0.084,0.233,0.223,0.081,0.0,1725200000.0,1.0,173839613.0,174400000,181500000.0,26.544,2111500000.0,0.0,138100000.0,126800000.0,12.107,894700000.0
50,RSHCQ,MRT,2002-03-31,2002-03-31,2002-03-31,2020-09-21,-700000.0,2087900000.0,2236975000.0,1571600000.0,516300000.0,2.088,4.409,-112600000.0,434400000.0,434400000.0,2400600000.0,177800000.0,2.261,1.679,615700000.0,72200000.0,543500000.0,615700000.0,0.0,105200000.0,0.0,0.005,0.165,358000000.0,463200000.0,0.099,463200000.0,358000000.0,309400000.0,0.96,0.93,0.96,779500000.0,799475000.0,779500000.0,5531973648.0,15.0,11.943,667100000.0,3.773,1.0,2270000000.0,0.486,0.0,48600000.0,1574200000.0,1792525000.0,831100000.0,0.0,0.0,0.0,1308400000.0,695000000.0,613400000.0,5262473648.0,320500000.0,123600000.0,-303800000.0,-42800000.0,-33500000.0,-470200000.0,11000000.0,0.0,779700000.0,0.0,177800000.0,173000000.0,173000000.0,0.0,0.0,0.037,1922400000.0,347600000.0,200100000.0,0.172,6.751,30.419,31.292,407400000.0,4800000.0,30.04,1.127,1.137,217300000.0,1841900000.0,4670600000.0,4670600000.0,0.0,0.077,0.216,0.2,0.077,0.0,1701900000.0,1.0,175182212.0,176800000,183600000.0,26.417,2087900000.0,0.0,131600000.0,157700000.0,11.809,876600000.0
51,RSHCQ,MRT,2001-12-31,2001-12-31,2001-12-31,2020-09-21,-700000.0,2245100000.0,2295850000.0,1714300000.0,530800000.0,2.08,4.233,-121800000.0,401400000.0,401400000.0,2478900000.0,166700000.0,2.074,1.885,670900000.0,105500000.0,565400000.0,670900000.0,0.0,108300000.0,0.0,0.007,0.22,342300000.0,450600000.0,0.094,450600000.0,342300000.0,291500000.0,0.88,0.85,0.88,778100000.0,808625000.0,778100000.0,5827323579.0,17.0,12.932,654000000.0,3.558,1.0,2296800000.0,0.481,0.0,50800000.0,1688200000.0,1867825000.0,949800000.0,0.0,0.0,0.0,1467000000.0,826400000.0,640600000.0,5395123579.0,270700000.0,123600000.0,-254600000.0,-114700000.0,-43700000.0,-502800000.0,-2300000.0,0.0,775800000.0,0.0,166700000.0,161800000.0,161800000.0,0.0,0.0,0.034,1937500000.0,359300000.0,206700000.0,0.25,6.934,33.344,34.205,417700000.0,4900000.0,30.1,1.13,1.158,276300000.0,1787300000.0,4775700000.0,4775700000.0,0.0,0.07,0.2,0.183,0.072,0.0,1713900000.0,1.0,179239986.0,183800000,191200000.0,25.983,2245100000.0,0.0,124800000.0,178100000.0,12.215,887900000.0
52,RSHCQ,MRT,2001-09-30,2001-09-30,2001-09-30,2020-09-21,-500000.0,2333700000.0,2378700000.0,1719400000.0,614300000.0,2.036,4.611,-120100000.0,246300000.0,246300000.0,2504100000.0,277300000.0,2.034,1.762,678500000.0,106700000.0,571800000.0,678500000.0,0.0,111300000.0,0.0,0.009,0.22,503600000.0,614900000.0,0.127,614900000.0,503600000.0,447200000.0,1.47,1.4,1.47,844800000.0,809175000.0,844800000.0,4768131281.0,9.0,7.754,558400000.0,3.048,1.0,2339500000.0,0.483,0.0,56400000.0,1920400000.0,1944500000.0,1103600000.0,0.0,0.0,0.0,1488900000.0,845500000.0,643400000.0,4439831281.0,171400000.0,123600000.0,-187000000.0,-185100000.0,-43900000.0,-405800000.0,-101300000.0,-100000000.0,678500000.0,0.0,277300000.0,272300000.0,272300000.0,0.0,0.0,0.056,1822000000.0,517500000.0,315100000.0,0.15,5.255,16.305,16.497,466200000.0,5000000.0,24.25,0.917,0.917,302900000.0,1754400000.0,4843600000.0,4843600000.0,0.0,0.114,0.337,0.259,0.104,1000000.0,1683800000.0,1.0,183085826.0,183200000,189900000.0,26.439,2333700000.0,0.0,169900000.0,139600000.0,12.739,873900000.0
53,RSHCQ,MRT,2001-06-30,2001-06-30,2001-06-30,2020-09-21,-600000.0,2281200000.0,2409850000.0,1673400000.0,607800000.0,2.035,4.279,-118900000.0,336100000.0,336100000.0,2524200000.0,310600000.0,2.689,1.616,664400000.0,68900000.0,595500000.0,664400000.0,0.0,110600000.0,0.0,0.007,0.22,558300000.0,668900000.0,0.136,668900000.0,558300000.0,501100000.0,1.65,1.56,1.65,795500000.0,768800000.0,795500000.0,6199407993.0,11.0,9.268,347300000.0,1.868,1.0,2378900000.0,0.485,0.0,57200000.0,1987300000.0,1973700000.0,974100000.0,0.0,0.0,0.0,1285700000.0,622200000.0,663500000.0,5656007993.0,250200000.0,23600000.0,-109300000.0,-62500000.0,-44200000.0,-115700000.0,-100300000.0,500000.0,466200000.0,0.0,310600000.0,305500000.0,305500000.0,0.0,0.0,0.062,1808200000.0,570700000.0,183500000.0,0.133,7.11,18.514,18.485,461300000.0,5100000.0,30.5,1.154,1.156,294600000.0,1723200000.0,4903100000.0,4903100000.0,0.0,0.127,0.397,0.283,0.114,1000000.0,1684200000.0,1.0,185442885.0,185900000,193100000.0,26.375,2281200000.0,0.0,190500000.0,116900000.0,12.271,1051200000.0
54,RSHCQ,MRT,2001-03-31,2001-03-31,2001-03-31,2020-09-21,-1200000.0,2323400000.0,2391025000.0,1595600000.0,727800000.0,2.044,4.374,-113000000.0,113900000.0,113900000.0,2486800000.0,344800000.0,1.609,1.602,657300000.0,407500000.0,249800000.0,657300000.0,0.0,109300000.0,0.0,0.006,0.22,613600000.0,722900000.0,0.148,722900000.0,613600000.0,556200000.0,1.83,1.73,1.83,816100000.0,724000000.0,816100000.0,7423163955.0,12.0,10.269,158300000.0,0.848,1.0,2400100000.0,0.491,0.0,57400000.0,1875400000.0,1934425000.0,1061000000.0,0.0,0.0,0.0,1307300000.0,991400000.0,315900000.0,6772363955.0,26700000.0,0.0,-121100000.0,68400000.0,-44300000.0,3300000.0,-247900000.0,-129500000.0,271300000.0,0.0,344800000.0,339600000.0,339600000.0,0.0,0.0,0.069,1774100000.0,626000000.0,203500000.0,0.12,8.298,19.942,20.049,453500000.0,5200000.0,36.69,1.386,1.401,351900000.0,1694900000.0,4886900000.0,4886900000.0,0.0,0.142,0.469,0.317,0.126,1000000.0,1663800000.0,1.0,184583373.0,186600000,195500000.0,26.189,2323400000.0,0.0,211400000.0,140700000.0,12.451,604200000.0
55,RSHCQ,MRT,2000-12-31,2000-12-31,2000-12-31,2020-09-21,-1000000.0,2576500000.0,2335675000.0,1818200000.0,758300000.0,2.053,4.166,-118100000.0,130700000.0,130700000.0,2425100000.0,368000000.0,1.475,2.046,781500000.0,478600000.0,302900000.0,781500000.0,0.0,107300000.0,0.0,0.005,0.22,647500000.0,754800000.0,0.157,754800000.0,647500000.0,593600000.0,1.94,1.84,1.94,780300000.0,669075000.0,780300000.0,8740514910.0,13.0,11.58,-1600000.0,-0.009,1.0,2369600000.0,0.494,0.0,53900000.0,1994900000.0,1885350000.0,1164300000.0,0.0,0.0,0.0,1596200000.0,1232400000.0,363800000.0,7958114910.0,-33900000.0,0.0,-334300000.0,270700000.0,-44700000.0,-16400000.0,-134000000.0,-12100000.0,116500000.0,0.0,368000000.0,362700000.0,362700000.0,0.0,0.0,0.076,1739900000.0,629700000.0,234800000.0,0.113,10.199,21.941,22.068,456800000.0,5300000.0,42.813,1.66,1.672,464700000.0,1661500000.0,4794700000.0,4794700000.0,0.0,0.155,0.542,0.343,0.135,0.0,1632600000.0,1.0,185882976.0,187300000,197700000.0,25.599,2576500000.0,0.0,225600000.0,188900000.0,13.756,585800000.0
56,RSHCQ,MRT,2000-09-30,2000-09-30,2000-09-30,2020-09-21,-900000.0,2458300000.0,2227050000.0,1695200000.0,763100000.0,2.066,3.66,-118800000.0,74900000.0,74900000.0,2306600000.0,342800000.0,1.409,2.305,857300000.0,541300000.0,316000000.0,857300000.0,0.0,103400000.0,0.0,0.003,0.22,595300000.0,698700000.0,0.152,698700000.0,595300000.0,548200000.0,1.79,1.7,1.79,683300000.0,681675000.0,683300000.0,12641884300.0,21.0,18.093,162600000.0,0.871,1.0,2293400000.0,0.499,0.0,47100000.0,2037200000.0,1776750000.0,1208000000.0,0.0,0.0,0.0,1575000000.0,1203500000.0,371500000.0,12002084300.0,20600000.0,0.0,-450700000.0,274800000.0,-43800000.0,-226900000.0,-33900000.0,87900000.0,281400000.0,0.0,342800000.0,337500000.0,337500000.0,0.0,0.0,0.073,1717800000.0,575600000.0,258600000.0,0.123,17.565,35.562,36.103,456700000.0,5300000.0,64.625,2.609,2.623,313200000.0,1530500000.0,4600000000.0,4600000000.0,0.0,0.152,0.495,0.335,0.129,4100000.0,1610300000.0,1.0,185718906.0,186700000,197800000.0,24.638,2458300000.0,0.0,205400000.0,144600000.0,13.167,491700000.0
57,RSHCQ,MRT,2000-06-30,2000-06-30,2000-06-30,2020-09-21,-900000.0,2205900000.0,2149025000.0,1447600000.0,758300000.0,2.057,3.296,-113200000.0,85900000.0,85900000.0,2205500000.0,325500000.0,1.426,2.248,725700000.0,408600000.0,317100000.0,725700000.0,0.0,99800000.0,0.0,0.005,0.22,563100000.0,662900000.0,0.15,662900000.0,563100000.0,521900000.0,1.68,1.6,1.68,616300000.0,729925000.0,616300000.0,9342071176.0,17.0,14.093,317600000.0,1.698,1.0,2214400000.0,0.501,0.0,41200000.0,1830200000.0,1715175000.0,1047300000.0,0.0,0.0,0.0,1385600000.0,1015500000.0,370100000.0,8843071176.0,42200000.0,100000000.0,-535200000.0,224000000.0,-43800000.0,-361100000.0,-27500000.0,-12600000.0,430800000.0,0.0,325500000.0,320100000.0,320100000.0,0.0,0.0,0.072,1671400000.0,543000000.0,225900000.0,0.131,14.349,27.626,28.199,451600000.0,5400000.0,47.375,2.001,2.004,231500000.0,1470100000.0,4419900000.0,4419900000.0,0.0,0.149,0.439,0.328,0.127,4100000.0,1567500000.0,1.0,186661133.0,187000000,197200000.0,23.636,2205900000.0,0.0,196400000.0,143000000.0,11.796,432100000.0
58,RSHCQ,MRT,2000-03-31,2000-03-31,2000-03-31,2020-09-21,-1100000.0,2102000000.0,2079200000.0,1366800000.0,735200000.0,2.06,3.157,-105200000.0,87200000.0,87200000.0,2134500000.0,311700000.0,1.483,2.166,586200000.0,267900000.0,318300000.0,586200000.0,0.0,94900000.0,0.0,0.005,0.265,539700000.0,634600000.0,0.148,634600000.0,539700000.0,501300000.0,1.59,1.52,1.59,596400000.0,791075000.0,596400000.0,9827480136.0,18.0,15.486,476400000.0,2.522,1.0,2148800000.0,0.502,0.0,38400000.0,1679100000.0,1667825000.0,967600000.0,0.0,0.0,0.0,1291600000.0,921900000.0,369700000.0,9483780136.0,33300000.0,0.0,-511000000.0,20300000.0,-43100000.0,-538500000.0,-9800000.0,97400000.0,581600000.0,0.0,311700000.0,306200000.0,306200000.0,0.0,0.0,0.071,1629600000.0,519200000.0,272100000.0,0.167,15.902,30.973,31.918,448300000.0,5500000.0,50.75,2.214,2.238,234200000.0,1409100000.0,4283300000.0,4283300000.0,0.0,0.147,0.387,0.324,0.126,4100000.0,1530600000.0,1.0,186872515.0,188900000,198900000.0,22.675,2102000000.0,0.0,189600000.0,139700000.0,11.128,444900000.0
59,RSHCQ,MRT,1999-12-31,1999-12-31,1999-12-31,2020-09-21,-800000.0,2142000000.0,2036625000.0,1403300000.0,738700000.0,2.026,4.278,-96800000.0,164600000.0,164600000.0,2042700000.0,297900000.0,1.517,1.553,508300000.0,188900000.0,319400000.0,508300000.0,0.0,90200000.0,0.0,0.005,0.26,517700000.0,607900000.0,0.147,607900000.0,517700000.0,480500000.0,1.51,1.43,1.51,830700000.0,851850000.0,830700000.0,10033603008.0,19.0,16.505,464800000.0,2.393,1.0,2083500000.0,0.505,0.0,37200000.0,1560500000.0,1663525000.0,861400000.0,0.0,0.0,0.0,1290300000.0,925200000.0,365100000.0,9508703008.0,100100000.0,0.0,-340700000.0,38300000.0,-42500000.0,-340500000.0,-121000000.0,-20000000.0,561600000.0,0.0,297900000.0,292400000.0,292400000.0,0.0,0.0,0.071,1586200000.0,497300000.0,234800000.0,0.172,11.447,32.52,32.575,446800000.0,5500000.0,49.188,2.304,2.315,286100000.0,1353300000.0,4126200000.0,4126200000.0,0.0,0.144,0.343,0.311,0.125,0.0,1496000000.0,1.0,193315436.0,194200000,205000000.0,21.247,2142000000.0,0.0,182600000.0,150700000.0,11.03,478100000.0
60,RSHCQ,MRT,1999-09-30,1999-09-30,1999-09-30,2020-09-21,-4000000.0,2146200000.0,1999525000.0,1379100000.0,767100000.0,1.973,4.51,-90900000.0,54300000.0,54300000.0,1928200000.0,225700000.0,1.567,1.449,579200000.0,254300000.0,324900000.0,579200000.0,0.0,87100000.0,0.0,0.005,0.255,407600000.0,494700000.0,0.125,494700000.0,407600000.0,369400000.0,1.13,1.09,1.13,876300000.0,856225000.0,876300000.0,10443542549.0,26.0,21.111,392000000.0,2.017,1.0,2017200000.0,0.511,0.0,38200000.0,1790900000.0,1652875000.0,978500000.0,0.0,0.0,0.0,1269900000.0,880200000.0,389700000.0,9988242549.0,6900000.0,-38500000.0,-331500000.0,48400000.0,-43300000.0,-322600000.0,-153400000.0,-20000000.0,482900000.0,0.0,225700000.0,220100000.0,220100000.0,0.0,0.0,0.056,1628500000.0,388700000.0,224900000.0,0.226,11.398,45.38,45.741,443200000.0,5600000.0,51.688,2.532,2.545,244700000.0,1247400000.0,3945400000.0,3945400000.0,0.0,0.11,0.257,0.247,0.103,77500000.0,1458900000.0,1.0,193242903.0,194300000,205400000.0,20.306,2146200000.0,0.0,143700000.0,137700000.0,11.046,498900000.0
61,RSHCQ,MRT,1999-06-30,1999-06-30,1999-06-30,2020-09-21,5600000.0,1926600000.0,1954850000.0,1200600000.0,726000000.0,2.104,4.438,-103300000.0,43700000.0,43700000.0,2130600000.0,161800000.0,1.62,1.238,499000000.0,238600000.0,260400000.0,499000000.0,0.0,89000000.0,0.0,0.005,0.25,305900000.0,394900000.0,0.096,394900000.0,305900000.0,264700000.0,0.8,0.77,0.8,860900000.0,866700000.0,860900000.0,9969220482.0,33.0,25.245,332500000.0,1.714,1.0,1983100000.0,0.482,0.0,41200000.0,1640800000.0,1628775000.0,855900000.0,0.0,0.0,0.0,1065700000.0,741100000.0,324600000.0,9459220482.0,-18200000.0,36500000.0,-263800000.0,-56700000.0,-43500000.0,-361300000.0,-92700000.0,-20000000.0,435800000.0,0.0,161800000.0,156100000.0,156100000.0,0.0,0.0,0.038,1693900000.0,289200000.0,161300000.0,0.313,10.988,60.597,61.094,433300000.0,5700000.0,48.875,2.299,2.305,204600000.0,1202100000.0,4113700000.0,4113700000.0,0.0,0.08,0.18,0.188,0.074,77500000.0,1492400000.0,1.0,193539038.0,194000000,204700000.0,21.205,1926600000.0,0.0,102900000.0,104800000.0,9.931,459500000.0
62,RSHCQ,MRT,1999-03-31,1999-03-31,1999-03-31,2020-09-21,-1100000.0,1931700000.0,2028525000.0,1232800000.0,698900000.0,2.179,4.318,-120000000.0,53900000.0,53900000.0,2439000000.0,80100000.0,1.581,1.301,563900000.0,297900000.0,266000000.0,563900000.0,0.0,94200000.0,0.0,0.006,0.2,174400000.0,268600000.0,0.061,268600000.0,174400000.0,131000000.0,0.38,0.36,0.38,839500000.0,892675000.0,839500000.0,6588536535.0,38.0,24.529,235100000.0,1.209,1.0,1980800000.0,0.448,0.0,43400000.0,1661900000.0,1670475000.0,878900000.0,0.0,0.0,0.0,1092200000.0,779800000.0,312400000.0,6184736535.0,-24000000.0,36500000.0,-291500000.0,48100000.0,-44100000.0,-286200000.0,-92900000.0,0.0,355100000.0,0.0,80100000.0,74400000.0,74400000.0,0.0,0.0,0.017,1820000000.0,160800000.0,148400000.0,0.526,7.367,83.128,83.964,433700000.0,5700000.0,31.906,1.399,1.403,189700000.0,1738600000.0,4419800000.0,4419800000.0,0.0,0.037,0.083,0.104,0.039,77500000.0,1540100000.0,1.0,193840910.0,194400000,203800000.0,22.736,1931700000.0,0.0,50900000.0,97700000.0,9.937,453000000.0
63,RSHCQ,MRT,1998-12-31,1998-12-31,1998-12-31,2020-09-21,-1000000.0,1993600000.0,2103725000.0,1298600000.0,695000000.0,2.276,4.216,-124800000.0,64500000.0,64500000.0,2783500000.0,61300000.0,1.477,1.35,468300000.0,233200000.0,235100000.0,468300000.0,0.0,99000000.0,0.0,0.01,0.2,145100000.0,244100000.0,0.051,244100000.0,145100000.0,99700000.0,0.28,0.27,0.28,848200000.0,945050000.0,848200000.0,4559443236.0,31.0,18.679,290000000.0,1.441,1.0,2004400000.0,0.419,0.0,45400000.0,1517900000.0,1715400000.0,912100000.0,0.0,0.0,0.0,1145400000.0,879500000.0,265900000.0,4076643236.0,-41400000.0,36500000.0,-279600000.0,-39100000.0,-44800000.0,-363200000.0,-93000000.0,0.0,414800000.0,0.0,61300000.0,55500000.0,55500000.0,0.0,0.0,0.012,1870100000.0,134300000.0,206400000.0,0.714,4.806,73.453,73.549,433800000.0,5800000.0,20.594,0.851,0.865,215200000.0,1693400000.0,4787900000.0,4787900000.0,0.0,0.026,0.059,0.085,0.03,82600000.0,1580300000.0,1.0,197955362.0,201200000,211400000.0,23.797,1993600000.0,0.0,38400000.0,105500000.0,9.909,419100000.0
64,RSHCQ,MRT,1998-09-30,1998-09-30,1998-09-30,2020-09-21,-1300000.0,1967500000.0,2184700000.0,1318300000.0,649200000.0,2.42,4.577,-138200000.0,47400000.0,47400000.0,3245300000.0,109100000.0,1.744,1.143,530200000.0,289000000.0,241200000.0,530200000.0,0.0,103100000.0,0.0,0.007,0.2,226200000.0,329300000.0,0.062,329300000.0,226200000.0,177500000.0,0.48,0.465,0.48,918200000.0,997650000.0,918200000.0,5891235356.0,26.0,17.89,283000000.0,1.411,1.0,2041400000.0,0.386,0.0,48700000.0,1694500000.0,1778625000.0,974900000.0,0.0,0.0,0.0,1049300000.0,755800000.0,293500000.0,5369635356.0,-16600000.0,95900000.0,-217200000.0,-125600000.0,-45400000.0,-388200000.0,-49600000.0,0.0,421200000.0,0.0,109100000.0,103200000.0,103200000.0,0.0,0.0,0.02,1825700000.0,215700000.0,227600000.0,0.417,5.848,52.031,55.729,435500000.0,5900000.0,26.75,1.016,1.015,166500000.0,1655700000.0,5286700000.0,5286700000.0,0.0,0.047,0.103,0.127,0.043,0.0,1619400000.0,1.0,200734032.0,200600000,200600000.0,26.354,1967500000.0,0.0,68400000.0,2900000.0,9.808,562500000.0
65,RSHCQ,MRT,1998-06-30,1998-06-30,1998-06-30,2020-09-21,-1900000.0,2221300000.0,2293850000.0,1613500000.0,607800000.0,2.348,4.776,-117500000.0,61900000.0,61900000.0,3328500000.0,149600000.0,1.725,1.302,583500000.0,313200000.0,270300000.0,583500000.0,0.0,102300000.0,0.0,0.008,0.2,292200000.0,394500000.0,0.073,394500000.0,292200000.0,243200000.0,0.675,0.655,0.675,964800000.0,1029875000.0,964800000.0,5839602618.0,20.0,14.803,275400000.0,1.363,1.0,2057100000.0,0.382,0.0,49000000.0,1807600000.0,1835450000.0,1187300000.0,0.0,0.0,0.0,1256500000.0,935300000.0,321200000.0,5373902618.0,-9400000.0,44700000.0,-278700000.0,1600000.0,-46100000.0,-323200000.0,-79100000.0,0.0,392900000.0,0.0,149600000.0,143700000.0,143700000.0,0.0,0.0,0.027,1776400000.0,280700000.0,309900000.0,0.296,5.57,37.397,39.306,526000000.0,5900000.0,26.531,0.998,0.995,231600000.0,1670900000.0,5385600000.0,5385600000.0,0.0,0.063,0.14,0.159,0.054,0.0,1600900000.0,1.0,202549922.0,202000000,202000000.0,26.661,2221300000.0,0.0,93600000.0,10700000.0,10.997,678200000.0
66,RSHCQ,MRT,1998-03-31,1998-03-31,1998-03-31,2020-09-21,-1500000.0,2232500000.0,2300225000.0,1625300000.0,607200000.0,2.321,5.152,-109300000.0,77900000.0,77900000.0,3301800000.0,198400000.0,1.897,1.128,543600000.0,266500000.0,277100000.0,543600000.0,0.0,99200000.0,0.0,0.009,0.2,369900000.0,469100000.0,0.088,469100000.0,369900000.0,322500000.0,0.91,0.885,0.91,1049000000.0,1067575000.0,1049000000.0,5275797103.0,14.0,11.247,262100000.0,1.287,1.0,2037000000.0,0.382,0.0,47400000.0,1841600000.0,1809700000.0,1182100000.0,0.0,0.0,0.0,1183500000.0,856600000.0,326900000.0,4846097103.0,-23600000.0,44700000.0,-297900000.0,15300000.0,-47200000.0,-329800000.0,-65200000.0,0.0,371400000.0,0.0,198400000.0,192400000.0,192400000.0,0.0,0.0,0.036,1679800000.0,357200000.0,287700000.0,0.22,4.62,25.188,25.824,523900000.0,6000000.0,23.5,0.908,0.896,223100000.0,1701900000.0,5338800000.0,5338800000.0,0.0,0.084,0.18,0.204,0.069,0.0,1580400000.0,1.0,206216898.0,203600000,213600000.0,26.222,2232500000.0,0.0,124100000.0,63900000.0,10.965,768700000.0
67,RSHCQ,MRT,1997-12-31,1997-12-31,1997-12-31,2020-09-21,-1700000.0,2317500000.0,2338525000.0,1715500000.0,602000000.0,2.297,4.938,-105700000.0,105900000.0,105900000.0,3357900000.0,186900000.0,1.757,1.189,535600000.0,299500000.0,236100000.0,535600000.0,0.0,97200000.0,0.0,0.01,0.2,350000000.0,447200000.0,0.083,447200000.0,350000000.0,303900000.0,0.84,0.82,0.84,1058600000.0,1098100000.0,1058600000.0,,,,214600000.0,1.001,1.0,2014300000.0,0.375,0.0,46100000.0,1770800000.0,1775100000.0,1205200000.0,0.0,0.0,0.0,1258900000.0,976400000.0,282500000.0,3976119565.0,-15600000.0,44700000.0,-374900000.0,151100000.0,-48200000.0,-272000000.0,-63900000.0,0.0,320300000.0,0.0,186900000.0,180800000.0,180800000.0,0.0,0.0,0.034,1677500000.0,336800000.0,325200000.0,0.238,3.756,21.992,22.954,521900000.0,6100000.0,19.281,0.74,0.769,251300000.0,1676300000.0,5372200000.0,5372200000.0,0.0,0.077,0.165,0.197,0.065,0.0,1580300000.0,1.0,206216898.0,214400000,224500000.0,25.057,2317500000.0,0.0,117000000.0,78600000.0,10.809,739100000.0
68,RSHCQ,MRT,1997-09-30,1997-09-30,1997-09-30,2020-09-21,-2900000.0,2404100000.0,2405000000.0,1712600000.0,691500000.0,,4.953,,64000000.0,64000000.0,,,1.555,1.296,682800000.0,447100000.0,235700000.0,682800000.0,0.0,,0.0,0.012,0.2,,,,,,,,,,1047100000.0,1149650000.0,1047100000.0,,,,,,1.0,,,0.0,,1921800000.0,1740075000.0,1279700000.0,0.0,0.0,0.0,1357000000.0,1101100000.0,255900000.0,,,,,,,,,,,,,,,,,,,,365900000.0,,,,,550000000.0,,16.813,,,262900000.0,1591600000.0,,,,,,,,,,1.0,,211400000,,,2404100000.0,0.0,,52600000.0,11.372,611500000.0
69,RSHCQ,MRT,1997-06-30,1997-06-30,1997-06-30,2020-09-21,-2500000.0,2246800000.0,,1573600000.0,673200000.0,,5.151,,71300000.0,71300000.0,,,1.526,1.014,560600000.0,482700000.0,77900000.0,560600000.0,0.0,,0.0,0.014,0.2,,,,,,,,,,1115600000.0,,1115600000.0,,,,,,1.0,,,0.0,,1704600000.0,,1108900000.0,0.0,0.0,0.0,1131200000.0,1031500000.0,99700000.0,,,,,,,,,,,,,,,,,,,,222500000.0,,,,,546300000.0,,14.0,,,241900000.0,2219100000.0,,,,,,,,,,1.0,,216600000,,,2246800000.0,0.0,,53800000.0,10.373,542100000.0
70,RSHCQ,MRT,1997-03-31,1997-03-31,1997-03-31,2020-09-21,-4600000.0,2385700000.0,,1738100000.0,647600000.0,,5.237,,101500000.0,101500000.0,,,1.597,1.037,507200000.0,403000000.0,104200000.0,507200000.0,0.0,,0.0,0.016,0.2,,,,,,,,,,1171100000.0,,1171100000.0,,,,,,1.0,,,0.0,,1703200000.0,,1282400000.0,0.0,0.0,0.0,1214600000.0,1088200000.0,126400000.0,,,,,,,,,,,,,,,,,,,,316700000.0,,,,,542500000.0,,12.531,,,180300000.0,2202400000.0,,,,,,,,,,1.0,,223600000,,,2385700000.0,0.0,,76900000.0,10.669,649900000.0
71,RSHCQ,MRT,1996-12-31,1996-12-31,1996-12-31,2020-09-21,-3600000.0,2583400000.0,,1939800000.0,643600000.0,,5.283,-172000000.0,121500000.0,121500000.0,4263100000.0,-91600000.0,1.625,1.043,362300000.0,258000000.0,104300000.0,362300000.0,0.0,108600000.0,0.0,0.018,0.2,-109200000.0,-600000.0,0.0,-600000.0,-109200000.0,-145600000.0,-0.41,-0.41,-0.41,1264800000.0,,1264800000.0,,,,135500000.0,0.566,1.0,2022400000.0,0.322,0.0,36400000.0,1630700000.0,,1420500000.0,0.0,0.0,0.0,1318600000.0,1193500000.0,125100000.0,,-22000000.0,60000000.0,-186100000.0,22000000.0,-52500000.0,-216600000.0,-112900000.0,0.0,307500000.0,0.0,-91600000.0,-97900000.0,-97900000.0,0.0,0.0,-0.016,2144600000.0,-122200000.0,404900000.0,-0.488,,,-26.829,545600000.0,6300000.0,11.0,,0.419,227200000.0,2188900000.0,6285500000.0,6285500000.0,0.0,,,,-0.017,0.0,1761100000.0,1.0,,239400000,239400000.0,26.255,2583400000.0,0.0,-54000000.0,105300000.0,10.791,746300000.0
72,RSHCQ,MRT,1995-12-31,1995-12-31,1995-12-31,2020-09-21,,,,,,,,-184500000.0,,,3764900000.0,211900000.0,,,,,,,,92000000.0,,0.0,0.0,376900000.0,468900000.0,0.08,468900000.0,376900000.0,343200000.0,0.81,0.79,0.81,,,,,,,488500000.0,1.931,1.0,2074200000.0,0.355,,33700000.0,,,,,,,,,,,-62100000.0,6700000.0,-439400000.0,-52400000.0,-63000000.0,-554800000.0,-180300000.0,0.0,673000000.0,0.0,211900000.0,205400000.0,205400000.0,0.0,0.0,0.035,1739600000.0,334600000.0,,0.0,,,12.809,,6500000.0,10.375,,0.45,,,5839100000.0,5839100000.0,0.0,,,,0.065,0.0,1646500000.0,1.0,,253000000,262800000.0,23.079,,,131300000.0,,,
