None,ticker,dimension,calendardate,datekey,reportperiod,lastupdated,accoci,assets,assetsavg,assetsc,assetsnc,assetturnover,bvps,capex,cashneq,cashnequsd,cor,consolinc,currentratio,de,debt,debtc,debtnc,debtusd,deferredrev,depamor,deposits,divyield,dps,ebit,ebitda,ebitdamargin,ebitdausd,ebitusd,ebt,eps,epsdil,epsusd,equity,equityavg,equityusd,ev,evebit,evebitda,fcf,fcfps,fxusd,gp,grossmargin,intangibles,intexp,invcap,invcapavg,inventory,investments,investmentsc,investmentsnc,liabilities,liabilitiesc,liabilitiesnc,marketcap,ncf,ncfbus,ncfcommon,ncfdebt,ncfdiv,ncff,ncfi,ncfinv,ncfo,ncfx,netinc,netinccmn,netinccmnusd,netincdis,netincnci,netmargin,opex,opinc,payables,payoutratio,pb,pe,pe1,ppnenet,prefdivis,price,ps,ps1,receivables,retearn,revenue,revenueusd,rnd,roa,roe,roic,ros,sbcomp,sgna,sharefactor,sharesbas,shareswa,shareswadil,sps,tangibles,taxassets,taxexp,taxliabilities,tbvps,workingcapital
0,ROL,MRY,2020-12-31,2020-12-31,2020-12-31,2021-09-09,-10897000.0,1845900000.0,1814956750.0,314777000.0,1531123000.0,1.191,1.915,-23229000.0,98477000.0,98477000.0,1048592000.0,260824000.0,0.666,0.961,417145000.0,90436000.0,326709000.0,417145000.0,131253000.0,89444000.0,0.0,0.008,0.327,359802000.0,449246000.0,0.208,449246000.0,359802000.0,354720000.0,0.53,0.53,0.53,941360000.0,884319250.0,941360000.0,19495282672.0,54.0,43.396,412556000.0,0.839,1.0,1112628000.0,0.515,1071946000.0,5082000.0,620111000.0,684038500.0,30843000.0,61903000.0,23716000.0,38187000.0,904540000.0,472511000.0,432029000.0,19207730672.0,4201000.0,-147118000.0,-8275000.0,-88500000.0,-160487000.0,-281273000.0,-162395000.0,216000.0,435785000.0,12084000.0,260824000.0,260824000.0,260824000.0,0.0,0.0,0.121,752826000.0,359802000.0,64596000.0,0.617,20.404,73.642,73.717,390394000.0,0.0,39.07,8.887,8.887,126337000.0,358888000.0,2161220000.0,2161220000.0,0.0,0.144,0.295,0.526,0.166,20850000.0,656207000.0,1.0,491623514.0,491604000,491604000.0,4.396,773954000.0,2222000.0,93896000.0,10612000.0,1.574,-157734000.0
1,ROL,MRY,2019-12-31,2019-12-31,2019-12-31,2021-09-09,-21109000.0,1744376000.0,1627754500.0,309787000.0,1434589000.0,1.238,1.661,-27146000.0,94276000.0,94276000.0,993593000.0,203347000.0,0.756,1.138,493268000.0,78617000.0,414651000.0,493268000.0,122825000.0,79544000.0,0.0,0.014,0.313,268077000.0,347621000.0,0.172,347621000.0,268077000.0,261160000.0,0.41,0.41,0.41,815750000.0,773508750.0,815750000.0,11277260634.0,42.0,32.441,292427000.0,0.595,1.0,1021884000.0,0.507,959631000.0,6917000.0,773702000.0,687384000.0,19476000.0,53059000.0,22267000.0,30792000.0,928626000.0,410035000.0,518591000.0,10857967634.0,-21209000.0,-429941000.0,-10009000.0,291500000.0,-153836000.0,111686000.0,-455107000.0,104000.0,319573000.0,2639000.0,203347000.0,203347000.0,203347000.0,0.0,0.0,0.101,753807000.0,268077000.0,35234000.0,0.763,13.31,53.396,53.919,396260000.0,0.0,22.107,5.387,5.388,122766000.0,256300000.0,2015477000.0,2015477000.0,0.0,0.125,0.263,0.39,0.133,14158000.0,623379000.0,1.0,491162589.0,491216000,491216000.0,4.103,784745000.0,2180000.0,57813000.0,9927000.0,1.598,-100248000.0
2,ROL,MRY,2018-12-31,2018-12-31,2018-12-31,2021-09-09,-71078000.0,1094124000.0,1094893750.0,286021000.0,808103000.0,1.664,1.45,-27179000.0,115485000.0,115485000.0,894437000.0,231663000.0,0.956,0.537,0.0,0.0,0.0,0.0,116005000.0,64675000.0,0.0,0.013,0.311,310513000.0,375188000.0,0.206,375188000.0,310513000.0,310733000.0,0.47,0.47,0.47,711908000.0,701310000.0,711908000.0,11697541933.0,38.0,31.178,272222000.0,0.554,1.0,927128000.0,0.509,611739000.0,-220000.0,67871000.0,77542000.0,15788000.0,46681000.0,18454000.0,28227000.0,382216000.0,299029000.0,83187000.0,11816193933.0,8435000.0,-76426000.0,-9541000.0,0.0,-152742000.0,-175412000.0,-101375000.0,297000.0,299401000.0,-14179000.0,231663000.0,231663000.0,231663000.0,0.0,0.0,0.127,616615000.0,310513000.0,27168000.0,0.662,16.598,51.006,51.206,136885000.0,0.0,24.067,6.487,6.486,104016000.0,370292000.0,1821565000.0,1821565000.0,0.0,0.212,0.33,4.004,0.17,13726000.0,550698000.0,1.0,490977587.0,490936000,490936000.0,3.71,482385000.0,6915000.0,79070000.0,0.0,0.983,-13008000.0
3,ROL,MRY,2017-12-31,2017-12-31,2017-12-31,2021-09-09,-45956000.0,1033663000.0,996395250.0,262795000.0,770868000.0,1.68,1.333,-24680000.0,107050000.0,107050000.0,819943000.0,179124000.0,0.892,0.581,0.0,0.0,0.0,0.0,109029000.0,55533000.0,0.0,0.012,0.249,294243000.0,349776000.0,0.209,349776000.0,294243000.0,294502000.0,0.367,0.367,0.367,653924000.0,626344000.0,653924000.0,10028987916.0,34.0,28.673,210690000.0,0.43,1.0,854014000.0,0.51,560931000.0,-259000.0,71113000.0,74180500.0,14983000.0,37677000.0,17263000.0,20414000.0,379739000.0,294569000.0,85170000.0,10142383916.0,-35735000.0,-129670000.0,-8246000.0,0.0,-122017000.0,-130263000.0,-154175000.0,-264000.0,235370000.0,13333000.0,179124000.0,179124000.0,179124000.0,0.0,0.0,0.107,559771000.0,294243000.0,26161000.0,0.678,15.51,56.622,56.349,134088000.0,0.0,20.68,6.059,6.059,97802000.0,291487000.0,1673957000.0,1673957000.0,0.0,0.18,0.286,3.967,0.176,12399000.0,503433000.0,1.0,490444096.0,490473000,490473000.0,3.413,472732000.0,18420000.0,115378000.0,0.0,0.964,-31774000.0
4,ROL,MRY,2016-12-31,2016-12-31,2016-12-31,2021-09-09,-70075000.0,916538000.0,904167250.0,290171000.0,626367000.0,1.74,1.158,-33081000.0,142785000.0,142785000.0,772348000.0,167369000.0,1.048,0.612,0.0,0.0,0.0,0.0,99820000.0,49894000.0,0.0,0.015,0.222,260636000.0,310530000.0,0.197,310530000.0,260636000.0,260636000.0,0.34,0.34,0.34,568545000.0,560663250.0,568545000.0,7219051222.0,28.0,23.248,193444000.0,0.394,1.0,801129000.0,0.509,417441000.0,0.0,79321000.0,81467000.0,13724000.0,32716000.0,15968000.0,16748000.0,347993000.0,276991000.0,71002000.0,7358314222.0,8211000.0,-45609000.0,-31068000.0,0.0,-109002000.0,-136371000.0,-76842000.0,0.0,226525000.0,-5101000.0,167369000.0,167369000.0,167369000.0,0.0,0.0,0.106,540653000.0,260476000.0,30284000.0,0.653,12.942,43.965,44.157,133477000.0,0.0,15.013,4.676,4.685,88490000.0,343376000.0,1573477000.0,1573477000.0,0.0,0.185,0.299,3.199,0.166,8716000.0,490528000.0,1.0,490118620.0,491049000,491049000.0,3.204,499097000.0,41877000.0,93267000.0,0.0,1.016,13180000.0
5,ROL,MRY,2015-12-31,2015-12-31,2015-12-31,2021-09-09,-71178000.0,848651000.0,840253250.0,269434000.0,579217000.0,1.768,1.066,-39495000.0,134574000.0,134574000.0,735976000.0,152149000.0,1.065,0.619,0.0,0.0,0.0,0.0,96192000.0,42139000.0,0.0,0.016,0.187,243178000.0,285317000.0,0.192,285317000.0,243178000.0,243178000.0,0.311,0.311,0.311,524029000.0,501920500.0,524029000.0,5527179625.0,23.0,19.372,156861000.0,0.319,1.0,749329000.0,0.504,388870000.0,0.0,72221000.0,68557500.0,12801000.0,27466000.0,13830000.0,13636000.0,324622000.0,252986000.0,71636000.0,5661489625.0,26202000.0,-32695000.0,-7407000.0,0.0,-91755000.0,-97216000.0,-69942000.0,0.0,196356000.0,-2996000.0,152149000.0,152149000.0,152149000.0,0.0,0.0,0.102,506311000.0,243018000.0,24919000.0,0.601,10.804,37.21,37.013,121356000.0,0.0,11.511,3.812,3.812,79864000.0,306892000.0,1485305000.0,1485305000.0,0.0,0.181,0.303,3.547,0.164,10164000.0,463742000.0,1.0,491828249.0,491811750,491811750.0,3.02,459781000.0,40665000.0,91029000.0,0.0,0.935,16448000.0
6,ROL,MRY,2014-12-31,2014-12-31,2014-12-31,2021-09-09,-65488000.0,808162000.0,801261500.0,283958000.0,524204000.0,1.762,0.94,-28739000.0,108372000.0,108372000.0,707739000.0,137664000.0,1.124,0.747,0.0,0.0,0.0,0.0,94056000.0,42277000.0,0.0,0.013,0.129,219484000.0,261761000.0,0.185,261761000.0,219484000.0,219484000.0,0.28,0.28,0.28,462676000.0,469749250.0,462676000.0,4702693773.0,21.0,17.966,165407000.0,0.336,1.0,703827000.0,0.499,389035000.0,0.0,58076000.0,47615750.0,14078000.0,24021000.0,12234000.0,11787000.0,345486000.0,252679000.0,92807000.0,4816909773.0,-9844000.0,-62770000.0,-35513000.0,0.0,-75750000.0,-106519000.0,-89471000.0,0.0,194146000.0,-8000000.0,137664000.0,137664000.0,137664000.0,0.0,0.0,0.098,484597000.0,219230000.0,22878000.0,0.461,10.411,34.99,35.026,101669000.0,0.0,9.807,3.412,3.419,77854000.0,247042000.0,1411566000.0,1411566000.0,0.0,0.172,0.293,4.609,0.155,5835000.0,441706000.0,1.0,491150166.0,492063750,492063750.0,2.869,419127000.0,50645000.0,81820000.0,0.0,0.852,31279000.0
7,ROL,MRY,2013-12-31,2013-12-31,2013-12-31,2021-09-09,-31771000.0,739217000.0,736147000.0,274442000.0,464775000.0,1.817,0.889,-18632000.0,118216000.0,118216000.0,678459000.0,123330000.0,1.164,0.687,0.0,0.0,0.0,0.0,91014000.0,39304000.0,0.0,0.012,0.107,191606000.0,230910000.0,0.173,230910000.0,191606000.0,191606000.0,0.249,0.249,0.249,438255000.0,398830000.0,438255000.0,4301940789.0,22.0,18.63,144033000.0,0.292,1.0,658915000.0,0.493,340416000.0,0.0,44793000.0,47760750.0,12251000.0,23828000.0,12220000.0,11608000.0,300962000.0,235792000.0,65170000.0,4418674789.0,53134000.0,-12530000.0,-13717000.0,0.0,-65658000.0,-75653000.0,-30790000.0,0.0,162665000.0,-3088000.0,123330000.0,123330000.0,123330000.0,0.0,0.0,0.092,467694000.0,191221000.0,23194000.0,0.43,10.082,35.828,36.043,87215000.0,0.0,8.975,3.304,3.309,72849000.0,270397000.0,1337374000.0,1337374000.0,0.0,0.168,0.309,4.012,0.143,6705000.0,428288000.0,1.0,492341612.0,493022250,493022250.0,2.713,398801000.0,44062000.0,68276000.0,0.0,0.809,38650000.0
8,ROL,MRY,2012-12-31,2012-12-31,2012-12-31,2021-09-09,-56967000.0,692506000.0,685528750.0,205992000.0,486514000.0,1.854,0.719,-19040000.0,65082000.0,65082000.0,647578000.0,111332000.0,0.902,0.951,0.0,0.0,0.0,0.0,87753000.0,38074000.0,0.0,0.016,0.107,176656000.0,214730000.0,0.169,214730000.0,176656000.0,176642000.0,0.225,0.225,0.225,354956000.0,351044500.0,354956000.0,3124961633.0,18.0,14.553,122879000.0,0.249,1.0,623331000.0,0.49,354266000.0,14000.0,44742000.0,31273500.0,11847000.0,23504000.0,11823000.0,11681000.0,337550000.0,228416000.0,109134000.0,3218674633.0,18807000.0,-24708000.0,-19938000.0,0.0,-64282000.0,-80989000.0,-42693000.0,0.0,141919000.0,570000.0,111332000.0,111332000.0,111332000.0,0.0,0.0,0.088,446675000.0,176656000.0,24854000.0,0.476,9.068,28.911,29.024,82263000.0,0.0,6.53,2.533,2.537,68920000.0,220752000.0,1270909000.0,1270909000.0,0.0,0.162,0.317,5.649,0.139,6263000.0,407488000.0,1.0,492877808.0,493759125,493782750.0,2.574,338240000.0,60179000.0,65310000.0,0.0,0.685,-22424000.0
9,ROL,MRY,2011-12-31,2011-12-31,2011-12-31,2021-09-09,-48090000.0,645650000.0,632352500.0,175822000.0,469828000.0,1.906,0.654,-18652000.0,46275000.0,46275000.0,616842000.0,100711000.0,0.778,0.993,0.0,0.0,0.0,0.0,85636000.0,37503000.0,0.0,0.013,0.083,161604000.0,199107000.0,0.165,199107000.0,161604000.0,161096000.0,0.204,0.204,0.204,323997000.0,316224500.0,323997000.0,3220381041.0,20.0,16.174,135995000.0,0.274,1.0,588222000.0,0.488,348545000.0,508000.0,24979000.0,17065500.0,11125000.0,22957000.0,11659000.0,11298000.0,321653000.0,225851000.0,95802000.0,3250600041.0,25362000.0,-11261000.0,-30146000.0,-30538000.0,-41110000.0,-99427000.0,-29154000.0,0.0,154647000.0,-704000.0,100711000.0,100711000.0,100711000.0,0.0,0.0,0.084,426618000.0,161604000.0,22584000.0,0.407,10.033,32.277,32.273,76858000.0,0.0,6.584,2.697,2.708,61687000.0,189282000.0,1205064000.0,1205064000.0,0.0,0.159,0.318,9.47,0.134,5188000.0,388710000.0,1.0,493734255.0,495726750,495942750.0,2.431,297105000.0,53876000.0,60385000.0,0.0,0.599,-50029000.0
10,ROL,MRY,2010-12-31,2010-12-31,2010-12-31,2021-09-09,-32490000.0,619014000.0,593594750.0,151021000.0,467993000.0,1.915,0.596,-13036000.0,20913000.0,20913000.0,583089000.0,90002000.0,0.613,1.077,26000000.0,26000000.0,0.0,26000000.0,85489000.0,36408000.0,0.0,0.012,0.071,143982000.0,180390000.0,0.159,180390000.0,143982000.0,143545000.0,0.181,0.181,0.181,297970000.0,282911000.0,297970000.0,2909909205.0,20.0,16.131,111017000.0,0.222,1.0,553801000.0,0.487,358335000.0,437000.0,19325000.0,15289250.0,11899000.0,21237000.0,11044000.0,10193000.0,321044000.0,246441000.0,74603000.0,2906159205.0,11409000.0,-34616000.0,-29437000.0,-1724000.0,-35521000.0,-65497000.0,-47645000.0,0.0,124053000.0,498000.0,90002000.0,90002000.0,90002000.0,0.0,0.0,0.079,409819000.0,143982000.0,25940000.0,0.392,9.753,32.29,32.331,74013000.0,0.0,5.852,2.556,2.572,59389000.0,155463000.0,1136890000.0,1136890000.0,0.0,0.152,0.318,9.417,0.127,6353000.0,373288000.0,1.0,496622143.0,499601250,500279625.0,2.276,260679000.0,42502000.0,53543000.0,0.0,0.522,-95420000.0
11,ROL,MRY,2009-12-31,2009-12-31,2009-12-31,2021-09-09,-32127000.0,566496000.0,574395250.0,120530000.0,445966000.0,1.87,0.525,-15740000.0,9504000.0,9504000.0,551002000.0,83984000.0,0.518,1.141,30000000.0,30000000.0,0.0,30000000.0,85883000.0,37169000.0,0.0,0.014,0.055,127255000.0,164424000.0,0.153,164424000.0,127255000.0,126291000.0,0.166,0.166,0.166,264566000.0,245839750.0,264566000.0,1928586182.0,15.0,11.729,95106000.0,0.189,1.0,522956000.0,0.487,335619000.0,964000.0,18620000.0,12478750.0,10208000.0,0.0,0.0,0.0,301930000.0,232753000.0,69177000.0,1909484182.0,-4212000.0,-10910000.0,-28615000.0,-33471000.0,-27853000.0,-89753000.0,-26562000.0,0.0,110846000.0,1257000.0,83984000.0,83984000.0,83984000.0,0.0,0.0,0.078,395701000.0,127255000.0,15841000.0,0.331,7.217,22.736,22.942,74644000.0,0.0,3.808,1.778,1.785,72110000.0,125681000.0,1073958000.0,1073958000.0,0.0,0.146,0.342,10.198,0.118,5614000.0,355590000.0,1.0,501388157.0,503479125,504981000.0,2.133,230877000.0,43740000.0,42307000.0,0.0,0.459,-112223000.0
12,ROL,MRY,2008-12-31,2008-12-31,2008-12-31,2021-09-09,-34758000.0,572517000.0,553339750.0,116838000.0,455679000.0,1.844,0.448,-14815000.0,13716000.0,13716000.0,534494000.0,68934000.0,0.428,1.506,65000000.0,65000000.0,0.0,65000000.0,88288000.0,33443000.0,0.0,0.013,0.047,113715000.0,147158000.0,0.144,147158000.0,113715000.0,112954000.0,0.136,0.133,0.136,228433000.0,244379500.0,228433000.0,1849808572.0,16.0,12.57,75929000.0,0.149,1.0,486070000.0,0.476,342077000.0,761000.0,8897000.0,12827250.0,10893000.0,0.0,0.0,0.0,344084000.0,272827000.0,71257000.0,1823621572.0,-57564000.0,-152048000.0,-22914000.0,68771000.0,-24969000.0,21032000.0,-166717000.0,0.0,90744000.0,-2623000.0,68934000.0,68934000.0,68934000.0,0.0,0.0,0.068,372355000.0,113715000.0,18782000.0,0.346,7.983,26.455,26.26,78625000.0,0.0,3.571,1.787,1.786,70193000.0,145063000.0,1020564000.0,1020564000.0,0.0,0.125,0.282,8.865,0.111,4248000.0,339078000.0,1.0,510624127.0,510310125,512426250.0,2.0,230440000.0,37904000.0,44020000.0,0.0,0.452,-155989000.0
13,ROL,MRY,2007-12-31,2007-12-31,2007-12-31,2021-09-09,-4050000.0,475228000.0,467549500.0,160240000.0,314988000.0,1.914,0.454,-16244000.0,71280000.0,71280000.0,468665000.0,64731000.0,0.852,1.035,1787000.0,1186000.0,601000.0,1787000.0,81678000.0,27068000.0,0.0,0.01,0.037,102624000.0,129692000.0,0.145,129692000.0,102624000.0,104913000.0,0.126,0.126,0.126,233553000.0,217847500.0,233553000.0,1863286125.0,18.0,14.367,72518000.0,0.141,1.0,426255000.0,0.476,198972000.0,-2289000.0,18757000.0,12133000.0,8846000.0,0.0,0.0,0.0,241675000.0,188006000.0,53669000.0,1942986125.0,7936000.0,-6597000.0,-40587000.0,-1916000.0,-20332000.0,-59798000.0,-22754000.0,0.0,88762000.0,1726000.0,64731000.0,64731000.0,64731000.0,0.0,0.0,0.072,323631000.0,102624000.0,19140000.0,0.294,8.319,30.016,30.1,77370000.0,0.0,3.793,2.171,2.178,62866000.0,121783000.0,894920000.0,894920000.0,0.0,0.138,0.297,8.458,0.115,152000.0,296615000.0,1.0,512310795.0,513985500,517412812.0,1.741,276256000.0,24738000.0,40182000.0,0.0,0.537,-27766000.0
14,ROL,MRY,2006-12-31,2006-12-31,2006-12-31,2021-09-09,-17784000.0,453175000.0,449476500.0,151073000.0,302102000.0,1.911,0.415,-18729000.0,63344000.0,63344000.0,457869000.0,57809000.0,0.816,1.143,622000.0,498000.0,124000.0,622000.0,79441000.0,26860000.0,0.0,0.011,0.032,93652000.0,120512000.0,0.14,120512000.0,93652000.0,95159000.0,0.113,0.111,0.113,211459000.0,195633500.0,211459000.0,1445656715.0,15.0,11.996,66472000.0,0.13,1.0,401009000.0,0.467,202216000.0,-1507000.0,3031000.0,2892500.0,8401000.0,0.0,0.0,0.0,241716000.0,185206000.0,56510000.0,1498623715.0,20279000.0,-9380000.0,-18366000.0,-763000.0,-17025000.0,-36389000.0,-27981000.0,0.0,85201000.0,-552000.0,57809000.0,57809000.0,57809000.0,0.0,0.0,0.067,307357000.0,93652000.0,16309000.0,0.283,7.087,25.924,25.766,72141000.0,0.0,2.912,1.745,1.729,61489000.0,115669000.0,858878000.0,858878000.0,0.0,0.129,0.295,32.378,0.109,2987000.0,280578000.0,1.0,514707094.0,510031688,523027125.0,1.684,250959000.0,33504000.0,37350000.0,0.0,0.492,-34133000.0
15,ROL,MRY,2005-12-31,2005-12-31,2005-12-31,2021-09-09,-23264000.0,438420000.0,439081250.0,136467000.0,301953000.0,1.827,0.343,-25541000.0,43065000.0,43065000.0,437160000.0,52773000.0,0.72,1.478,1385000.0,825000.0,560000.0,1385000.0,79990000.0,24280000.0,0.0,0.01,0.026,87955000.0,112235000.0,0.14,112235000.0,87955000.0,87955000.0,0.103,0.101,0.103,176951000.0,174869000.0,176951000.0,1266963798.0,14.0,11.288,51209000.0,0.099,1.0,365257000.0,0.455,205584000.0,0.0,1488000.0,-9431500.0,9082000.0,0.0,0.0,0.0,261469000.0,189668000.0,71801000.0,1346452798.0,-13672000.0,-26600000.0,-26993000.0,0.0,-13714000.0,-40149000.0,-51387000.0,0.0,76750000.0,1114000.0,52773000.0,52773000.0,52773000.0,0.0,0.0,0.066,278885000.0,86372000.0,17204000.0,0.252,7.609,25.514,25.2,65932000.0,0.0,2.596,1.678,1.668,57073000.0,123621000.0,802417000.0,802417000.0,0.0,0.12,0.302,-9.326,0.11,1244000.0,259763000.0,1.0,518753218.0,515600438,529831125.0,1.556,232836000.0,46492000.0,35182000.0,0.0,0.452,-53201000.0
16,ROL,MRY,2004-12-31,2004-12-31,2004-12-31,2021-09-09,-16066000.0,418780000.0,404886000.0,146805000.0,271975000.0,1.855,0.323,-14204000.0,56737000.0,56737000.0,395334000.0,52055000.0,0.781,1.499,0.0,0.0,0.0,0.0,81195000.0,23034000.0,0.0,0.009,0.021,92508000.0,115542000.0,0.154,115542000.0,92508000.0,92508000.0,0.1,0.097,0.1,167549000.0,166053000.0,167549000.0,1161142532.0,13.0,10.05,57309000.0,0.11,1.0,355550000.0,0.474,195470000.0,0.0,-21407000.0,5466250.0,8876000.0,0.0,0.0,0.0,251231000.0,187980000.0,63251000.0,1202036532.0,-2803000.0,-97676000.0,1078000.0,0.0,-10924000.0,-10436000.0,-64288000.0,21866000.0,71513000.0,408000.0,52055000.0,52055000.0,52055000.0,0.0,0.0,0.069,257211000.0,98339000.0,15438000.0,0.21,7.174,23.092,23.107,49163000.0,0.0,2.311,1.601,1.597,55224000.0,107927000.0,750884000.0,750884000.0,0.0,0.129,0.313,16.923,0.123,260000.0,258893000.0,1.0,520210766.0,518812594,532830656.0,1.447,223310000.0,41683000.0,40453000.0,0.0,0.43,-41175000.0
17,ROL,MRY,2003-12-31,2003-12-31,2003-12-31,2021-09-09,-314000.0,349904000.0,345687500.0,161280000.0,188624000.0,1.958,0.27,-10597000.0,59540000.0,59540000.0,362422000.0,35761000.0,1.112,1.521,0.0,0.0,0.0,0.0,46007000.0,20179000.0,0.0,0.009,0.017,60030000.0,80209000.0,0.118,80209000.0,60030000.0,60030000.0,0.07,0.067,0.07,138774000.0,117535250.0,138774000.0,962199836.0,16.0,11.996,49722000.0,0.097,1.0,314591000.0,0.465,102831000.0,0.0,42511000.0,40156750.0,9837000.0,21866000.0,21866000.0,0.0,211130000.0,145022000.0,66108000.0,1017265836.0,21225000.0,-1543000.0,0.0,0.0,-9010000.0,-7306000.0,-32306000.0,-21866000.0,60319000.0,518000.0,35761000.0,35761000.0,35761000.0,0.0,0.0,0.053,254993000.0,59598000.0,12290000.0,0.243,7.33,28.446,28.281,35836000.0,0.0,1.98,1.503,1.501,48471000.0,67052000.0,677013000.0,677013000.0,0.0,0.103,0.304,1.495,0.089,0.0,236514000.0,1.0,513848943.0,513367875,526315219.0,1.319,247073000.0,39145000.0,24269000.0,0.0,0.481,16258000.0
18,ROL,MRY,2002-12-31,2002-12-31,2002-12-31,2021-09-09,-16947000.0,318338000.0,319220000.0,127153000.0,191185000.0,2.085,0.177,-10367000.0,38315000.0,38315000.0,361318000.0,27110000.0,0.972,2.51,0.0,0.0,0.0,0.0,43049000.0,21635000.0,0.0,0.008,0.012,43726000.0,65361000.0,0.098,65361000.0,43726000.0,43726000.0,0.053,0.053,0.053,90690000.0,95597750.0,90690000.0,715075247.0,16.0,10.94,43327000.0,0.084,1.0,304107000.0,0.457,107899000.0,0.0,41331000.0,47699000.0,10662000.0,0.0,0.0,0.0,227648000.0,130793000.0,96855000.0,759569247.0,29665000.0,-1788000.0,-6166000.0,-256000.0,-6004000.0,-11884000.0,-12155000.0,0.0,53694000.0,10000.0,27110000.0,27110000.0,27110000.0,0.0,0.0,0.041,260577000.0,43530000.0,12138000.0,0.226,8.375,28.018,28.104,38880000.0,0.0,1.49,1.141,1.148,48671000.0,62539000.0,665425000.0,665425000.0,0.0,0.085,0.284,0.917,0.066,0.0,238180000.0,1.0,509939202.0,512821125,517240688.0,1.298,210439000.0,64441000.0,16616000.0,0.0,0.41,-3640000.0
19,ROL,MRY,2001-12-31,2001-12-31,2001-12-31,2021-09-09,-4822000.0,296559000.0,302674500.0,100483000.0,196076000.0,2.147,0.166,-8474000.0,8650000.0,8650000.0,361921000.0,16942000.0,0.926,2.469,0.0,0.0,0.0,0.0,27470000.0,20292000.0,0.0,0.01,0.012,27326000.0,47618000.0,0.073,47618000.0,27326000.0,27326000.0,0.032,0.032,0.032,85498000.0,86154250.0,85498000.0,591450940.0,22.0,12.421,21084000.0,0.041,1.0,288004000.0,0.443,112450000.0,0.0,66923000.0,66331250.0,11895000.0,0.0,0.0,0.0,211061000.0,108536000.0,102525000.0,601274940.0,8251000.0,-704000.0,-1610000.0,-3229000.0,-6028000.0,-12129000.0,-9178000.0,0.0,29558000.0,0.0,16942000.0,16942000.0,16942000.0,0.0,0.0,0.026,260876000.0,27128000.0,12920000.0,0.375,7.033,35.49,36.58,44273000.0,0.0,1.171,0.925,0.927,48479000.0,45215000.0,649925000.0,649925000.0,0.0,0.056,0.197,0.412,0.042,0.0,240628000.0,1.0,513667302.0,514856250,517111594.0,1.262,184109000.0,60353000.0,10384000.0,0.0,0.358,-8053000.0
20,ROL,MRY,2000-12-31,2000-12-31,2000-12-31,2021-09-09,0.0,298819000.0,313040250.0,88969000.0,209850000.0,2.066,0.153,-14411000.0,399000.0,399000.0,368974000.0,9550000.0,0.859,2.802,2085000.0,1829000.0,256000.0,2085000.0,26381000.0,18421000.0,0.0,0.01,0.012,15403000.0,33824000.0,0.052,33824000.0,15403000.0,15403000.0,0.018,0.018,0.018,78599000.0,78567500.0,78599000.0,605196773.0,39.0,17.893,-2964000.0,-0.006,1.0,277904000.0,0.43,115966000.0,0.0,80919000.0,81831500.0,12980000.0,0.0,0.0,0.0,220220000.0,103620000.0,116600000.0,602519773.0,-5290000.0,-7437000.0,-154000.0,-1997000.0,-6031000.0,-7973000.0,-8764000.0,13084000.0,11447000.0,0.0,9550000.0,9550000.0,9550000.0,0.0,0.0,0.015,262951000.0,14953000.0,13078000.0,0.667,7.666,63.091,65.226,50986000.0,0.0,1.174,0.931,0.931,50099000.0,48563000.0,646878000.0,646878000.0,0.0,0.031,0.122,0.188,0.024,0.0,244530000.0,1.0,513191186.0,512737594,513375469.0,1.262,182853000.0,61117000.0,5853000.0,0.0,0.357,-14651000.0
21,ROL,MRY,1999-12-31,1999-12-31,1999-12-31,2021-09-09,0.0,309948000.0,322604000.0,104757000.0,205191000.0,1.818,0.139,-18818000.0,5689000.0,5689000.0,341475000.0,7150000.0,0.966,3.317,6088000.0,3638000.0,2450000.0,6088000.0,20441000.0,13433000.0,0.0,0.014,0.012,11532000.0,24965000.0,0.043,24965000.0,11532000.0,11532000.0,0.014,0.014,0.014,71790000.0,78311500.0,71790000.0,454468130.0,39.0,18.204,-10656000.0,-0.021,1.0,245164000.0,0.418,112024000.0,0.0,89874000.0,142103750.0,13429000.0,12967000.0,12967000.0,0.0,238158000.0,108449000.0,129709000.0,451133130.0,4445000.0,-60964000.0,-11795000.0,-3421000.0,-6076000.0,-21080000.0,17363000.0,97145000.0,8162000.0,0.0,7150000.0,7150000.0,7150000.0,0.0,0.0,0.012,236680000.0,8484000.0,15275000.0,0.857,6.284,63.096,62.708,46245000.0,0.0,0.878,0.769,0.775,44878000.0,41909000.0,586639000.0,586639000.0,0.0,0.022,0.091,0.081,0.02,0.0,223247000.0,1.0,513868831.0,518131055,518250656.0,1.132,197924000.0,64659000.0,4382000.0,6295000.0,0.382,-3692000.0
22,ROL,MRY,1998-12-31,1998-12-31,1998-12-31,2021-09-09,0.0,327265000.0,369028750.0,199108000.0,128157000.0,1.488,0.154,-10402000.0,1244000.0,1244000.0,327353000.0,6587000.0,1.73,3.079,9509000.0,3419000.0,6090000.0,9509000.0,15210000.0,11458000.0,0.0,0.028,0.029,8534000.0,19992000.0,0.036,19992000.0,8534000.0,8534000.0,0.012,0.012,0.012,80235000.0,106636500.0,80235000.0,539010667.0,63.0,26.961,-11081000.0,-0.021,1.0,221783000.0,0.404,47092000.0,0.0,173345000.0,173034500.0,13335000.0,110229000.0,110229000.0,0.0,247030000.0,115093000.0,131937000.0,534302667.0,-124598000.0,-3517000.0,-56195000.0,-2868000.0,-16064000.0,-74967000.0,-48952000.0,-35033000.0,-679000.0,0.0,6587000.0,6587000.0,6587000.0,-3410000.0,0.0,0.012,225640000.0,-3857000.0,10890000.0,2.417,6.659,81.115,85.353,35466000.0,0.0,1.024,0.973,0.973,42353000.0,49746000.0,549136000.0,549136000.0,0.0,0.018,0.062,0.049,0.016,0.0,214182000.0,1.0,521660685.0,521660685,,1.053,280173000.0,64452000.0,1947000.0,7188000.0,0.537,84015000.0
23,ROL,MRY,1997-12-31,1997-12-31,1997-12-31,2021-09-09,0.0,432680000.0,337601500.0,301618000.0,131062000.0,1.595,0.253,-8956000.0,125842000.0,125842000.0,362161000.0,1497000.0,2.307,1.971,12377000.0,3138000.0,9239000.0,12377000.0,13831000.0,10712000.0,0.0,0.03,0.035,-62724000.0,-52012000.0,-0.097,-52012000.0,-62724000.0,-62724000.0,0.002,0.002,0.002,145644000.0,166949750.0,145644000.0,682584578.0,-11.0,-13.124,-3276000.0,-0.006,1.0,176478000.0,0.328,39383000.0,0.0,149114000.0,169654000.0,15010000.0,75037000.0,75037000.0,0.0,287036000.0,130718000.0,156318000.0,682664578.0,113692000.0,155029000.0,-26083000.0,-2521000.0,-20360000.0,-48664000.0,155919000.0,9846000.0,5680000.0,0.0,1497000.0,1497000.0,1497000.0,-106278000.0,0.0,0.003,353068000.0,-176590000.0,25420000.0,17.5,4.687,456.022,592.593,34639000.0,0.0,1.185,1.267,1.267,49166000.0,112365000.0,538639000.0,538639000.0,0.0,0.004,0.009,-0.37,-0.116,0.0,225356000.0,1.0,575998237.0,575998237,,0.935,393297000.0,73898000.0,-64221000.0,12057000.0,0.683,170900000.0
24,ROL,MRY,1996-12-31,1996-12-31,1996-12-31,2021-09-09,0.0,296656000.0,305790500.0,187006000.0,109650000.0,1.742,0.314,-8292000.0,12150000.0,12150000.0,302929000.0,22795000.0,2.678,0.559,14898000.0,2735000.0,12163000.0,14898000.0,11677000.0,7046000.0,0.0,0.029,0.034,36517000.0,43563000.0,0.082,43563000.0,36517000.0,36517000.0,0.037,0.037,0.037,190290000.0,202304000.0,190290000.0,,,,43639000.0,0.072,1.0,229856000.0,0.431,39849000.0,0.0,189725000.0,200182000.0,11593000.0,84785000.0,84785000.0,0.0,106366000.0,69830000.0,36536000.0,688269620.0,-21473000.0,-2373000.0,-26200000.0,4186000.0,-20669000.0,-42263000.0,-30326000.0,-19661000.0,51931000.0,0.0,22795000.0,22795000.0,22795000.0,-409000.0,0.0,0.043,199715000.0,30141000.0,13781000.0,0.919,3.617,30.194,31.637,36567000.0,0.0,1.171,1.292,1.332,64400000.0,155696000.0,532785000.0,532785000.0,0.0,0.075,0.113,0.182,0.069,0.0,192669000.0,1.0,587986586.0,606174891,,0.879,256807000.0,4379000.0,13722000.0,6220000.0,0.424,117176000.0
25,ROL,MRY,1995-12-31,1995-12-31,1995-12-31,2021-09-09,0.0,314925000.0,,222765000.0,92160000.0,,0.35,-5377000.0,0.0,0.0,272709000.0,39277000.0,3.137,0.469,8736000.0,1314000.0,7422000.0,8736000.0,14695000.0,6069000.0,0.0,0.025,0.033,62973000.0,69042000.0,0.13,69042000.0,62973000.0,62973000.0,0.064,0.064,0.064,214318000.0,,214318000.0,,,,37090000.0,0.061,1.0,257079000.0,0.485,42013000.0,0.0,210639000.0,,13924000.0,65743000.0,65743000.0,0.0,100607000.0,71009000.0,29598000.0,,1706000.0,-1475000.0,0.0,0.0,-20076000.0,-19503000.0,-19315000.0,-12463000.0,42467000.0,0.0,39277000.0,39277000.0,39277000.0,-616000.0,0.0,0.074,199710000.0,57369000.0,13334000.0,0.516,,,20.229,37799000.0,0.0,1.295,,1.497,88542000.0,224009000.0,529788000.0,529788000.0,0.0,,,,0.119,0.0,193641000.0,1.0,,612513773,,0.865,272912000.0,7447000.0,23696000.0,6240000.0,0.446,151756000.0
26,ROL,MRY,1994-12-31,1994-12-31,1994-12-31,2021-09-09,,,,,,,,-7104000.0,,,311315000.0,49561000.0,,,,,,,,8130000.0,,0.022,0.03,80587000.0,88717000.0,0.147,88717000.0,80587000.0,80587000.0,0.081,,0.081,,,,,,,32236000.0,0.053,1.0,294012000.0,0.486,,0.0,,,,,,,,,,,13815000.0,-740000.0,0.0,0.0,-17887000.0,-15771000.0,-9754000.0,-1910000.0,39340000.0,0.0,49561000.0,49561000.0,49561000.0,0.0,0.0,0.082,216419000.0,77593000.0,,0.37,,,16.706,,0.0,1.353,,1.366,,,605327000.0,605327000.0,0.0,,,,0.133,0.0,208289000.0,1.0,,611163984,,0.99,,,31026000.0,,,
0,ROL,MRQ,2021-06-30,2021-06-30,2021-06-30,2021-09-09,-10890000.0,1921693000.0,,376325000.0,1545368000.0,,2.136,-5403000.0,128528000.0,128528000.0,297862000.0,98854000.0,0.725,0.829,348408000.0,96354000.0,252054000.0,348408000.0,151379000.0,23306000.0,0.0,0.01,0.08,134445000.0,157751000.0,0.247,157751000.0,134445000.0,133939000.0,0.2,0.2,0.2,1050684000.0,,1050684000.0,17082632247.0,38.0,31.345,94316000.0,0.192,1.0,340342000.0,0.533,1074769000.0,506000.0,548060000.0,,29952000.0,69268000.0,25431000.0,43837000.0,871009000.0,518744000.0,352265000.0,16830624247.0,11206000.0,-11407000.0,-947000.0,-27000000.0,-40343000.0,-76237000.0,-11518000.0,0.0,99719000.0,-758000.0,98854000.0,98854000.0,98854000.0,0.0,0.0,0.155,205897000.0,134445000.0,74815000.0,0.4,16.019,50.437,50.294,392984000.0,0.0,34.2,7.338,7.336,142868000.0,470653000.0,638204000.0,638204000.0,0.0,,,,,3920000.0,183482000.0,1.0,492123516.0,491999000,491999000.0,1.297,846924000.0,2653000.0,35085000.0,9330000.0,1.721,-142419000.0
1,ROL,MRQ,2021-03-31,2021-03-31,2021-03-31,2021-09-09,-11155000.0,1876880000.0,,334043000.0,1542837000.0,,2.01,-7826000.0,117322000.0,117322000.0,261552000.0,92643000.0,0.658,0.898,369330000.0,94572000.0,274758000.0,369330000.0,140378000.0,23596000.0,0.0,0.01,0.08,120458000.0,144054000.0,0.269,144054000.0,120458000.0,119852000.0,0.19,0.19,0.19,988935000.0,,988935000.0,17258193093.0,41.0,33.567,111660000.0,0.227,1.0,274002000.0,0.512,1076042000.0,606000.0,545058000.0,,32645000.0,60507000.0,22402000.0,38105000.0,887945000.0,507788000.0,380157000.0,16939525093.0,18845000.0,-16879000.0,-9342000.0,-88000000.0,-39389000.0,-141657000.0,40143000.0,0.0,119486000.0,873000.0,92643000.0,92643000.0,92643000.0,0.0,0.0,0.173,153544000.0,120458000.0,66586000.0,0.421,17.129,54.609,54.635,396242000.0,0.0,34.42,7.669,7.667,122445000.0,412142000.0,535554000.0,535554000.0,0.0,,,,,3921000.0,162208000.0,1.0,492141926.0,492003000,492003000.0,1.089,800838000.0,2649000.0,27209000.0,9005000.0,1.628,-173745000.0
2,ROL,MRQ,2020-12-31,2020-12-31,2020-12-31,2021-09-09,-10897000.0,1845900000.0,,314777000.0,1531123000.0,,1.915,-5539000.0,98477000.0,98477000.0,266344000.0,62619000.0,0.666,0.961,417145000.0,90436000.0,326709000.0,417145000.0,131253000.0,23518000.0,0.0,0.008,0.14,87489000.0,111007000.0,0.207,111007000.0,87489000.0,86898000.0,0.13,0.13,0.13,941360000.0,,941360000.0,19495282672.0,54.0,43.396,89639000.0,0.182,1.0,269948000.0,0.503,1071946000.0,591000.0,620111000.0,,30843000.0,61903000.0,23716000.0,38187000.0,904540000.0,472511000.0,432029000.0,19207730672.0,3037000.0,-67668000.0,-190000.0,33000000.0,-68742000.0,-35775000.0,-67864000.0,216000.0,95178000.0,11498000.0,62619000.0,62619000.0,62619000.0,0.0,0.0,0.117,182459000.0,87489000.0,64596000.0,1.077,20.404,73.642,73.717,390394000.0,0.0,39.07,8.887,8.887,126337000.0,358888000.0,536292000.0,536292000.0,0.0,,,,,2699000.0,159086000.0,1.0,491623514.0,491617500,491617500.0,1.091,773954000.0,2222000.0,24279000.0,10612000.0,1.574,-157734000.0
3,ROL,MRQ,2020-09-30,2020-09-30,2020-09-30,2021-09-09,-23153000.0,1806066000.0,,331836000.0,1474230000.0,,1.897,-5249000.0,95440000.0,95440000.0,275474000.0,79579000.0,0.707,0.936,382992000.0,87822000.0,295170000.0,382992000.0,139734000.0,22404000.0,0.0,0.008,0.053,109768000.0,132172000.0,0.226,132172000.0,109768000.0,108902000.0,0.16,0.16,0.16,932716000.0,,932716000.0,18097761402.0,52.0,41.724,100586000.0,0.205,1.0,308224000.0,0.528,1009598000.0,866000.0,614881000.0,,30386000.0,61521000.0,24091000.0,37430000.0,873350000.0,469139000.0,404211000.0,17761250402.0,-39389000.0,-23705000.0,0.0,-85000000.0,-26214000.0,-127520000.0,-28165000.0,0.0,105835000.0,10461000.0,79579000.0,79579000.0,79579000.0,0.0,0.0,0.136,198456000.0,109768000.0,56393000.0,0.331,19.043,71.339,72.689,398170000.0,0.0,36.127,8.335,8.335,138392000.0,528959000.0,583698000.0,583698000.0,0.0,,,,,10511000.0,168006000.0,1.0,491638228.0,491631000,491631000.0,1.187,796468000.0,2165000.0,29323000.0,15244000.0,1.62,-137303000.0
4,ROL,MRQ,2020-06-30,2020-06-30,2020-06-30,2021-09-09,-29163000.0,1836382000.0,,363101000.0,1473281000.0,,1.755,-5767000.0,134829000.0,134829000.0,255622000.0,75358000.0,0.759,1.128,471340000.0,83994000.0,387346000.0,471340000.0,139541000.0,21925000.0,0.0,0.011,0.053,104980000.0,126905000.0,0.229,126905000.0,104980000.0,103520000.0,0.15,0.15,0.15,862830000.0,,862830000.0,14330526163.0,50.0,38.498,137042000.0,0.279,1.0,297707000.0,0.538,993028000.0,1460000.0,701692000.0,,34064000.0,61566000.0,23285000.0,38281000.0,973552000.0,478173000.0,495379000.0,13894062163.0,42247000.0,-8426000.0,-54000.0,-64800000.0,-26214000.0,-96890000.0,-13314000.0,0.0,142809000.0,9642000.0,75358000.0,75358000.0,75358000.0,0.0,0.0,0.136,192727000.0,104980000.0,48037000.0,0.353,16.103,65.092,66.809,406015000.0,0.0,28.26,6.605,6.605,129297000.0,475594000.0,553329000.0,553329000.0,0.0,,,,,3821000.0,171253000.0,1.0,491651174.0,491645000,491645000.0,1.125,843354000.0,2105000.0,28162000.0,14482000.0,1.715,-115072000.0
5,ROL,MRQ,2020-03-31,2020-03-31,2020-03-31,2021-09-09,-38711000.0,1771479000.0,,304830000.0,1466649000.0,,1.628,-6674000.0,92582000.0,92582000.0,251152000.0,43268000.0,0.729,1.213,529046000.0,81594000.0,447452000.0,529046000.0,129352000.0,21597000.0,0.0,0.013,0.08,57565000.0,79162000.0,0.162,79162000.0,57565000.0,55400000.0,0.09,0.09,0.09,800371000.0,,800371000.0,12244950864.0,45.0,34.559,85289000.0,0.174,1.0,236749000.0,0.485,990605000.0,2165000.0,799470000.0,,21527000.0,56161000.0,22209000.0,33952000.0,971108000.0,417868000.0,553240000.0,11845958864.0,-1694000.0,-47319000.0,-8031000.0,28300000.0,-39317000.0,-21088000.0,-53052000.0,0.0,91963000.0,-19517000.0,43268000.0,43268000.0,43268000.0,0.0,0.0,0.089,179184000.0,57565000.0,36844000.0,0.889,14.801,58.531,59.197,402829000.0,0.0,24.093,5.711,5.709,123166000.0,426450000.0,487901000.0,487901000.0,0.0,,,,,3819000.0,157862000.0,1.0,491669571.0,491524000,491524000.0,0.993,780874000.0,1961000.0,12132000.0,14257000.0,1.589,-113038000.0
6,ROL,MRQ,2019-12-31,2019-12-31,2019-12-31,2021-09-09,-21109000.0,1744376000.0,,309787000.0,1434589000.0,,1.661,-8445000.0,94276000.0,94276000.0,254284000.0,50765000.0,0.756,1.138,493268000.0,78617000.0,414651000.0,493268000.0,122825000.0,21039000.0,0.0,0.014,0.103,74475000.0,95514000.0,0.189,95514000.0,74475000.0,72009000.0,0.097,0.097,0.097,815750000.0,,815750000.0,11277260634.0,42.0,32.441,67238000.0,0.137,1.0,251701000.0,0.497,959631000.0,2466000.0,773702000.0,,19476000.0,53059000.0,22267000.0,30792000.0,928626000.0,410035000.0,518591000.0,10857967634.0,-10066000.0,696000.0,-74000.0,-34500000.0,-50743000.0,-87714000.0,-7139000.0,104000.0,75683000.0,9084000.0,50765000.0,50765000.0,50765000.0,0.0,0.0,0.1,177226000.0,74475000.0,35234000.0,1.062,13.31,53.396,53.919,396260000.0,0.0,22.107,5.387,5.388,122766000.0,256300000.0,505985000.0,505985000.0,0.0,,,,,3267000.0,154795000.0,1.0,491162589.0,491159000,491159000.0,1.03,784745000.0,2180000.0,21244000.0,9927000.0,1.598,-100248000.0
7,ROL,MRQ,2019-09-30,2019-09-30,2019-09-30,2021-09-09,-26746000.0,1764793000.0,,324188000.0,1440605000.0,,1.643,-5265000.0,104362000.0,104362000.0,268718000.0,44061000.0,0.789,1.187,523655000.0,76452000.0,447203000.0,523655000.0,132915000.0,21690000.0,0.0,0.015,0.07,48965000.0,70655000.0,0.127,70655000.0,48965000.0,46139000.0,0.087,0.087,0.087,806897000.0,,806897000.0,11598438069.0,44.0,34.334,96449000.0,0.196,1.0,287748000.0,0.517,968254000.0,2826000.0,804952000.0,,17500000.0,54571000.0,23821000.0,30750000.0,957896000.0,410880000.0,547016000.0,11157461069.0,5876000.0,-21056000.0,-101000.0,-21875000.0,-34394000.0,-64709000.0,-26048000.0,0.0,101714000.0,-5061000.0,44061000.0,44061000.0,44061000.0,0.0,0.0,0.079,238783000.0,48965000.0,32932000.0,0.805,13.828,54.814,54.468,394403000.0,0.0,22.713,5.71,5.709,132065000.0,419993000.0,556466000.0,556466000.0,0.0,,,,,3305000.0,167168000.0,1.0,491229574.0,491188500,491188500.0,1.133,796539000.0,0.0,2078000.0,7971000.0,1.622,-86692000.0
8,ROL,MRQ,2019-06-30,2019-06-30,2019-06-30,2021-09-09,-68508000.0,1729777000.0,,319845000.0,1409932000.0,,1.531,-6955000.0,98466000.0,98466000.0,253333000.0,64295000.0,0.772,1.299,539443000.0,74695000.0,464748000.0,539443000.0,133672000.0,20132000.0,0.0,0.014,0.07,88858000.0,108990000.0,0.208,108990000.0,88858000.0,86959000.0,0.133,0.133,0.133,752264000.0,,752264000.0,11814115280.0,39.0,31.601,73799000.0,0.15,1.0,270624000.0,0.517,960598000.0,1899000.0,795815000.0,,17579000.0,52209000.0,21598000.0,30611000.0,977513000.0,414341000.0,563172000.0,11748493280.0,-18141000.0,-402935000.0,-713000.0,347875000.0,-34367000.0,310369000.0,-409362000.0,0.0,80754000.0,98000.0,64295000.0,64295000.0,64295000.0,0.0,0.0,0.123,181766000.0,88858000.0,37644000.0,0.526,15.618,51.958,51.649,392379000.0,0.0,23.913,6.231,6.231,130696000.0,410326000.0,523957000.0,523957000.0,0.0,,,,,3697000.0,161886000.0,1.0,491294673.0,491259000,491259000.0,1.067,769179000.0,0.0,22664000.0,0.0,1.566,-94496000.0
9,ROL,MRQ,2019-03-31,2019-03-31,2019-03-31,2021-09-09,-68736000.0,1272072000.0,,289939000.0,982133000.0,,1.464,-6481000.0,116607000.0,116607000.0,217258000.0,44226000.0,0.822,0.769,182229000.0,60454000.0,121775000.0,182229000.0,123935000.0,16683000.0,0.0,0.011,0.07,55779000.0,72462000.0,0.169,72462000.0,55779000.0,56053000.0,0.093,0.093,0.093,719124000.0,,719124000.0,13516430594.0,44.0,36.385,54941000.0,0.112,1.0,211811000.0,0.494,609915000.0,-274000.0,375067000.0,,16572000.0,45634000.0,19258000.0,26376000.0,552948000.0,352712000.0,200236000.0,13631915594.0,1122000.0,-6646000.0,-9121000.0,0.0,-34332000.0,-46260000.0,-12558000.0,0.0,61422000.0,-1482000.0,44226000.0,44226000.0,44226000.0,0.0,0.0,0.103,156032000.0,55779000.0,27496000.0,0.753,18.956,59.956,59.928,318982000.0,0.0,27.747,7.401,7.4,104593000.0,380398000.0,429069000.0,429069000.0,0.0,,,,,3889000.0,139530000.0,1.0,491299216.0,491259000,491259000.0,0.873,662157000.0,961000.0,11827000.0,0.0,1.348,-62773000.0
10,ROL,MRQ,2018-12-31,2018-12-31,2018-12-31,2021-09-09,-71078000.0,1094124000.0,,286021000.0,808103000.0,,1.45,-7534000.0,115485000.0,115485000.0,221235000.0,50968000.0,0.956,0.537,0.0,0.0,0.0,0.0,116005000.0,14526000.0,0.0,0.013,0.124,71182000.0,85708000.0,0.193,85708000.0,71182000.0,71472000.0,0.103,0.103,0.103,711908000.0,,711908000.0,11697541933.0,38.0,31.178,78593000.0,0.16,1.0,223388000.0,0.502,611739000.0,-290000.0,67871000.0,,15788000.0,46681000.0,18454000.0,28227000.0,382216000.0,299029000.0,83187000.0,11816193933.0,-3167000.0,-4984000.0,-8000.0,0.0,-61065000.0,-74202000.0,-11290000.0,297000.0,86127000.0,-3802000.0,50968000.0,50968000.0,50968000.0,0.0,0.0,0.115,152206000.0,71182000.0,27168000.0,1.204,16.598,51.006,51.206,136885000.0,0.0,24.067,6.487,6.486,104016000.0,370292000.0,444623000.0,444623000.0,0.0,,,,,3696000.0,135760000.0,1.0,490977587.0,490970500,490970500.0,0.906,482385000.0,6915000.0,20504000.0,0.0,0.983,-13008000.0
11,ROL,MRQ,2018-09-30,2018-09-30,2018-09-30,2021-09-09,-54637000.0,1129573000.0,,303080000.0,826493000.0,,1.497,-5399000.0,118652000.0,118652000.0,236287000.0,66628000.0,0.98,0.537,0.0,0.0,0.0,0.0,123916000.0,16867000.0,0.0,0.01,0.062,89827000.0,106694000.0,0.219,106694000.0,89827000.0,89890000.0,0.133,0.133,0.133,734758000.0,,734758000.0,13153134084.0,43.0,35.389,77366000.0,0.158,1.0,251452000.0,0.516,616394000.0,-63000.0,85146000.0,,16093000.0,47266000.0,20384000.0,26882000.0,394815000.0,309381000.0,85434000.0,13241019084.0,30767000.0,-17051000.0,-195000.0,0.0,-30535000.0,-30730000.0,-21873000.0,0.0,82765000.0,605000.0,66628000.0,66628000.0,66628000.0,0.0,0.0,0.137,161625000.0,89827000.0,29991000.0,0.466,18.021,61.75,61.865,136857000.0,0.0,26.973,7.39,7.392,122375000.0,489501000.0,487739000.0,487739000.0,0.0,,,,,3660000.0,145072000.0,1.0,490892947.0,490981500,490981500.0,0.993,513179000.0,5863000.0,23262000.0,0.0,1.045,-6301000.0
12,ROL,MRQ,2018-06-30,2018-06-30,2018-06-30,2021-09-09,-54026000.0,1105182000.0,,288472000.0,816710000.0,,1.417,-8112000.0,87885000.0,87885000.0,230772000.0,65542000.0,0.904,0.588,0.0,0.0,0.0,0.0,124784000.0,16366000.0,0.0,0.012,0.062,90252000.0,106618000.0,0.222,106618000.0,90252000.0,90177000.0,0.133,0.133,0.133,695811000.0,,695811000.0,11388002833.0,38.0,31.472,49649000.0,0.101,1.0,249689000.0,0.52,605530000.0,75000.0,92536000.0,,16098000.0,44594000.0,18359000.0,26235000.0,409371000.0,319231000.0,90140000.0,11472321833.0,3566000.0,-11414000.0,-113000.0,0.0,-30540000.0,-30653000.0,-19177000.0,0.0,57761000.0,-4365000.0,65542000.0,65542000.0,65542000.0,0.0,0.0,0.136,159437000.0,90252000.0,32073000.0,0.466,16.488,57.583,57.137,137654000.0,0.0,23.369,6.539,6.539,115672000.0,453408000.0,480461000.0,480461000.0,0.0,,,,,3277000.0,143379000.0,1.0,490922863.0,490923000,490923000.0,0.979,499652000.0,7923000.0,24635000.0,0.0,1.018,-30759000.0
13,ROL,MRQ,2018-03-31,2018-03-31,2018-03-31,2021-09-09,-48908000.0,1050696000.0,,240704000.0,809992000.0,,1.35,-6134000.0,84319000.0,84319000.0,206143000.0,48525000.0,0.805,0.585,0.0,0.0,0.0,0.0,117934000.0,16916000.0,0.0,0.011,0.062,59252000.0,76168000.0,0.186,76168000.0,59252000.0,59194000.0,0.1,0.1,0.1,662763000.0,,662763000.0,11028202473.0,37.0,31.089,66614000.0,0.136,1.0,202599000.0,0.496,602689000.0,58000.0,64615000.0,,15885000.0,39284000.0,16979000.0,22305000.0,387933000.0,299073000.0,88860000.0,11135252473.0,-22731000.0,-42977000.0,-9225000.0,0.0,-30602000.0,-39827000.0,-49035000.0,0.0,72748000.0,-6617000.0,48525000.0,48525000.0,48525000.0,0.0,0.0,0.119,143347000.0,59252000.0,30624000.0,0.62,16.801,59.426,58.605,136272000.0,0.0,22.68,6.522,6.52,96459000.0,418406000.0,408742000.0,408742000.0,0.0,,,,,3093000.0,126487000.0,1.0,490972331.0,490866000,490866000.0,0.833,448007000.0,10428000.0,10669000.0,0.0,0.913,-58369000.0
14,ROL,MRQ,2017-12-31,2017-12-31,2017-12-31,2021-09-09,-45956000.0,1033663000.0,,262795000.0,770868000.0,,1.333,-7463000.0,107050000.0,107050000.0,207519000.0,33735000.0,0.892,0.581,0.0,0.0,0.0,0.0,109029000.0,13903000.0,0.0,0.012,0.096,68285000.0,82188000.0,0.198,82188000.0,68285000.0,68544000.0,0.069,0.069,0.069,653924000.0,,653924000.0,10028987916.0,34.0,28.673,38520000.0,0.079,1.0,207194000.0,0.5,560931000.0,-259000.0,71113000.0,,14983000.0,37677000.0,17263000.0,20414000.0,379739000.0,294569000.0,85170000.0,10142383916.0,-6347000.0,-2226000.0,-53000.0,0.0,-46835000.0,-46888000.0,-9581000.0,-264000.0,45983000.0,4139000.0,33735000.0,33735000.0,33735000.0,0.0,0.0,0.081,138567000.0,68627000.0,26161000.0,1.391,15.51,56.622,56.349,134088000.0,0.0,20.68,6.059,6.059,97802000.0,291487000.0,414713000.0,414713000.0,0.0,,,,,2993000.0,123680000.0,1.0,490444096.0,490479750,490479750.0,0.846,472732000.0,18420000.0,34809000.0,0.0,0.964,-31774000.0
15,ROL,MRQ,2017-09-30,2017-09-30,2017-09-30,2021-09-09,-59601000.0,1046527000.0,,282926000.0,763601000.0,,1.326,-5995000.0,113396000.0,113396000.0,218781000.0,51430000.0,0.916,0.609,0.0,0.0,0.0,0.0,118950000.0,14313000.0,0.0,0.012,0.051,82561000.0,96874000.0,0.215,96874000.0,82561000.0,82561000.0,0.107,0.107,0.107,650439000.0,,650439000.0,9863274292.0,35.0,29.648,63484000.0,0.129,1.0,231661000.0,0.514,560282000.0,0.0,64063000.0,,15380000.0,36203000.0,17208000.0,18995000.0,396088000.0,308786000.0,87302000.0,10058111292.0,-81440000.0,-121524000.0,-504000.0,0.0,-25065000.0,-25569000.0,-127747000.0,0.0,69479000.0,2397000.0,51430000.0,51430000.0,51430000.0,0.0,0.0,0.114,149179000.0,82482000.0,36195000.0,0.477,15.464,54.844,54.539,132865000.0,0.0,20.507,6.115,6.115,110325000.0,413583000.0,450442000.0,450442000.0,0.0,,,,,3031000.0,134932000.0,1.0,490480070.0,490473000,490473000.0,0.918,486245000.0,32491000.0,31131000.0,0.0,0.991,-25860000.0
16,ROL,MRQ,2017-06-30,2017-06-30,2017-06-30,2021-09-09,-63686000.0,980526000.0,,361626000.0,618900000.0,,1.259,-5768000.0,194837000.0,194837000.0,204480000.0,53689000.0,1.26,0.588,0.0,0.0,0.0,0.0,112973000.0,13546000.0,0.0,0.013,0.051,85949000.0,99495000.0,0.229,99495000.0,85949000.0,86139000.0,0.111,0.111,0.111,617462000.0,,617462000.0,8712667372.0,32.0,26.494,57369000.0,0.117,1.0,229075000.0,0.528,415260000.0,-190000.0,83332000.0,,15507000.0,36301000.0,16834000.0,19467000.0,363064000.0,287097000.0,75967000.0,8875145372.0,32359000.0,-3068000.0,-209000.0,0.0,-25059000.0,-25268000.0,-8602000.0,0.0,63137000.0,3092000.0,53689000.0,53689000.0,53689000.0,0.0,0.0,0.124,143126000.0,85949000.0,33777000.0,0.459,14.374,48.867,48.769,131443000.0,0.0,18.093,5.484,5.484,101229000.0,387218000.0,433555000.0,433555000.0,0.0,,,,,3108000.0,129667000.0,1.0,490520194.0,490504500,490504500.0,0.884,565266000.0,34203000.0,32450000.0,0.0,1.152,74529000.0
17,ROL,MRQ,2017-03-31,2017-03-31,2017-03-31,2021-09-09,-66068000.0,924865000.0,,305755000.0,619110000.0,,1.19,-5454000.0,162478000.0,162478000.0,189163000.0,40270000.0,1.143,0.585,0.0,0.0,0.0,0.0,104325000.0,13771000.0,0.0,0.014,0.051,57185000.0,70956000.0,0.189,70956000.0,57185000.0,57258000.0,0.08,0.08,0.08,583551000.0,,583551000.0,7952751440.0,30.0,24.956,51317000.0,0.105,1.0,186084000.0,0.496,416658000.0,-73000.0,78214000.0,,14736000.0,31521000.0,15177000.0,16344000.0,341314000.0,267515000.0,73799000.0,8095536440.0,19693000.0,-2852000.0,-7480000.0,0.0,-25058000.0,-32538000.0,-8245000.0,0.0,56771000.0,3705000.0,40270000.0,40270000.0,40270000.0,0.0,0.0,0.107,128899000.0,57185000.0,31946000.0,0.637,13.873,46.073,46.096,132101000.0,0.0,16.502,5.072,5.071,85178000.0,358588000.0,375247000.0,375247000.0,0.0,,,,,3267000.0,115154000.0,1.0,490572502.0,490434750,490434750.0,0.765,508207000.0,36414000.0,16988000.0,0.0,1.036,38240000.0
18,ROL,MRQ,2016-12-31,2016-12-31,2016-12-31,2021-09-09,-70075000.0,916538000.0,,290171000.0,626367000.0,,1.16,-5953000.0,142785000.0,142785000.0,192995000.0,38007000.0,1.048,0.612,0.0,0.0,0.0,0.0,99820000.0,12821000.0,0.0,0.015,0.089,52530000.0,65351000.0,0.169,65351000.0,52530000.0,52530000.0,0.078,0.078,0.078,568545000.0,,568545000.0,7219051222.0,28.0,23.248,62413000.0,0.127,1.0,192619000.0,0.5,417441000.0,0.0,79321000.0,,13724000.0,32716000.0,15968000.0,16748000.0,347993000.0,276991000.0,71002000.0,7358314222.0,3522000.0,-4984000.0,-25000.0,0.0,-43496000.0,-43358000.0,-10222000.0,0.0,68366000.0,-11264000.0,38007000.0,38007000.0,38007000.0,0.0,0.0,0.099,140093000.0,52526000.0,30284000.0,1.141,12.942,43.965,44.157,133477000.0,0.0,15.013,4.676,4.685,88490000.0,343376000.0,385614000.0,385614000.0,0.0,,,,,2823000.0,126321000.0,1.0,490118620.0,490090500,490090500.0,0.787,499097000.0,41877000.0,14523000.0,0.0,1.018,13180000.0
19,ROL,MRQ,2016-09-30,2016-09-30,2016-09-30,2021-09-09,-66756000.0,921515000.0,,299906000.0,621609000.0,,1.17,-7139000.0,139263000.0,139263000.0,205608000.0,49651000.0,1.104,0.605,0.0,0.0,0.0,0.0,110848000.0,13083000.0,0.0,0.016,0.044,79966000.0,93049000.0,0.219,93049000.0,79966000.0,79966000.0,0.102,0.102,0.102,574229000.0,,574229000.0,6265363714.0,24.0,20.479,54498000.0,0.111,1.0,218386000.0,0.515,422039000.0,0.0,88567000.0,,13787000.0,32266000.0,15984000.0,16282000.0,347286000.0,271646000.0,75640000.0,6391828714.0,12798000.0,-5689000.0,-12444000.0,0.0,-21818000.0,-33834000.0,-12776000.0,0.0,61637000.0,-2229000.0,49651000.0,49651000.0,49651000.0,0.0,0.0,0.117,138438000.0,79948000.0,26436000.0,0.431,11.131,39.673,39.079,134166000.0,0.0,13.013,4.123,4.118,99113000.0,348866000.0,423994000.0,423994000.0,0.0,,,,,2621000.0,125407000.0,1.0,491175362.0,490587750,490587750.0,0.864,499476000.0,32749000.0,30315000.0,0.0,1.018,28260000.0
20,ROL,MRQ,2016-06-30,2016-06-30,2016-06-30,2021-09-09,-63799000.0,905601000.0,,286587000.0,619014000.0,,1.136,-11033000.0,126465000.0,126465000.0,195943000.0,47783000.0,1.056,0.622,0.0,0.0,0.0,0.0,109733000.0,12350000.0,0.0,0.016,0.044,76962000.0,89312000.0,0.217,89312000.0,76962000.0,76962000.0,0.098,0.098,0.098,558320000.0,,558320000.0,6270063290.0,25.0,21.149,44145000.0,0.09,1.0,215190000.0,0.523,418605000.0,0.0,89232000.0,,14635000.0,31880000.0,15263000.0,16617000.0,347281000.0,271299000.0,75982000.0,6401301290.0,-4773000.0,-13864000.0,-9820000.0,0.0,-21833000.0,-31564000.0,-23909000.0,0.0,55178000.0,-4478000.0,47783000.0,47783000.0,47783000.0,0.0,0.0,0.116,138316000.0,76874000.0,27628000.0,0.449,11.465,40.901,40.151,133519000.0,0.0,13.009,4.195,4.189,96959000.0,332176000.0,411133000.0,411133000.0,0.0,,,,,2966000.0,126545000.0,1.0,492071332.0,491483250,491483250.0,0.837,486996000.0,34403000.0,29179000.0,0.0,0.991,15288000.0
21,ROL,MRQ,2016-03-31,2016-03-31,2016-03-31,2021-09-09,-61286000.0,873015000.0,,270121000.0,602894000.0,,1.101,-8956000.0,131238000.0,131238000.0,177802000.0,31928000.0,1.028,0.612,0.0,0.0,0.0,0.0,102303000.0,11640000.0,0.0,0.016,0.044,51178000.0,62818000.0,0.178,62818000.0,51178000.0,51178000.0,0.067,0.067,0.067,541559000.0,,541559000.0,5799457141.0,23.0,19.947,32388000.0,0.066,1.0,174934000.0,0.496,410161000.0,0.0,68748000.0,,13616000.0,26509000.0,13150000.0,13359000.0,331456000.0,262868000.0,68588000.0,5934031141.0,-3336000.0,-21072000.0,-8779000.0,0.0,-21855000.0,-27615000.0,-29935000.0,0.0,41344000.0,12870000.0,31928000.0,31928000.0,31928000.0,0.0,0.0,0.091,123806000.0,51128000.0,21657000.0,0.657,10.957,38.584,37.667,127427000.0,0.0,12.053,3.937,3.935,86012000.0,315676000.0,352736000.0,352736000.0,0.0,,,,,306000.0,112255000.0,1.0,492314530.0,492043500,492043500.0,0.717,462854000.0,36829000.0,19250000.0,0.0,0.941,7253000.0
22,ROL,MRQ,2015-12-31,2015-12-31,2015-12-31,2021-09-09,-71178000.0,848651000.0,,269434000.0,579217000.0,,1.066,-10882000.0,134574000.0,134574000.0,182235000.0,31749000.0,1.065,0.619,0.0,0.0,0.0,0.0,96192000.0,8957000.0,0.0,0.016,0.08,51799000.0,60756000.0,0.168,60756000.0,51799000.0,51799000.0,0.067,0.067,0.067,524029000.0,,524029000.0,5527179625.0,23.0,19.372,41650000.0,0.085,1.0,180265000.0,0.497,388870000.0,0.0,72221000.0,,12801000.0,27466000.0,13830000.0,13636000.0,324622000.0,252986000.0,71636000.0,5661489625.0,264000.0,-1669000.0,0.0,0.0,-39319000.0,-39136000.0,-12358000.0,0.0,52532000.0,-774000.0,31749000.0,31749000.0,31749000.0,0.0,0.0,0.088,128492000.0,51773000.0,24919000.0,1.194,10.804,37.21,37.013,121356000.0,0.0,11.511,3.812,3.812,79864000.0,306892000.0,362500000.0,362500000.0,0.0,,,,,2553000.0,117601000.0,1.0,491828249.0,491811750,491811750.0,0.737,459781000.0,40665000.0,20050000.0,0.0,0.935,16448000.0
23,ROL,MRQ,2015-09-30,2015-09-30,2015-09-30,2021-09-09,-80428000.0,862339000.0,,319103000.0,543236000.0,,1.056,-10883000.0,134310000.0,134310000.0,195489000.0,45046000.0,1.205,0.66,0.0,0.0,0.0,0.0,105725000.0,11156000.0,0.0,0.012,0.036,72433000.0,83589000.0,0.209,83589000.0,72433000.0,72433000.0,0.093,0.093,0.093,519430000.0,,519430000.0,5763973592.0,24.0,20.494,43686000.0,0.089,1.0,204257000.0,0.511,391432000.0,0.0,71723000.0,,12964000.0,28428000.0,14211000.0,14217000.0,342909000.0,264874000.0,78035000.0,5873657592.0,24626000.0,-516000.0,0.0,0.0,-17477000.0,-17395000.0,-9884000.0,0.0,54569000.0,-2664000.0,45046000.0,45046000.0,45046000.0,0.0,0.0,0.113,131845000.0,72412000.0,21092000.0,0.387,11.308,39.075,38.399,115731000.0,0.0,11.942,4.005,4.004,90782000.0,314461000.0,399746000.0,399746000.0,0.0,,,,,3173000.0,121944000.0,1.0,491839582.0,491836500,491836500.0,0.813,470907000.0,50449000.0,27387000.0,0.0,0.957,54229000.0
24,ROL,MRQ,2015-06-30,2015-06-30,2015-06-30,2021-09-09,-71709000.0,848761000.0,,299057000.0,549704000.0,,1.011,-9419000.0,109684000.0,109684000.0,190209000.0,45073000.0,1.133,0.707,0.0,0.0,0.0,0.0,107327000.0,11245000.0,0.0,0.011,0.036,72334000.0,83579000.0,0.213,83579000.0,72334000.0,72334000.0,0.093,0.093,0.093,497243000.0,,497243000.0,6144427546.0,27.0,22.34,35782000.0,0.073,1.0,201941000.0,0.515,402262000.0,0.0,72880000.0,,14034000.0,28429000.0,14059000.0,14370000.0,351518000.0,263935000.0,87583000.0,6237816546.0,16295000.0,-2385000.0,-916000.0,0.0,-17476000.0,-18992000.0,-11533000.0,0.0,45201000.0,1619000.0,45073000.0,45073000.0,45073000.0,0.0,0.0,0.115,129673000.0,72268000.0,28550000.0,0.387,12.545,42.61,41.987,110375000.0,0.0,12.68,4.296,4.296,88267000.0,286892000.0,392150000.0,392150000.0,0.0,,,,,3854000.0,118622000.0,1.0,491941368.0,491879250,491879250.0,0.797,446499000.0,49250000.0,27261000.0,0.0,0.908,35122000.0
25,ROL,MRQ,2015-03-31,2015-03-31,2015-03-31,2021-09-09,-72637000.0,801262000.0,,255231000.0,546031000.0,,0.95,-8311000.0,93389000.0,93389000.0,168043000.0,30281000.0,1.044,0.716,0.0,0.0,0.0,0.0,100104000.0,10781000.0,0.0,0.012,0.036,46612000.0,57393000.0,0.173,57393000.0,46612000.0,46612000.0,0.062,0.062,0.062,466980000.0,,466980000.0,5299450314.0,24.0,19.793,35743000.0,0.073,1.0,162866000.0,0.492,406010000.0,0.0,57406000.0,,13766000.0,23614000.0,11964000.0,11650000.0,334282000.0,244457000.0,89825000.0,5407822314.0,-14983000.0,-28125000.0,-6491000.0,0.0,-17483000.0,-21693000.0,-36167000.0,0.0,44054000.0,-1177000.0,30281000.0,30281000.0,30281000.0,0.0,0.0,0.092,116301000.0,46565000.0,21426000.0,0.581,11.58,38.035,37.512,105448000.0,0.0,10.991,3.784,3.782,76523000.0,259295000.0,330909000.0,330909000.0,0.0,,,,,584000.0,105575000.0,1.0,492017800.0,491717250,491717250.0,0.673,395252000.0,49661000.0,16331000.0,0.0,0.804,10774000.0
26,ROL,MRQ,2014-12-31,2014-12-31,2014-12-31,2021-09-09,-65488000.0,808162000.0,,283958000.0,524204000.0,,0.942,-6045000.0,108372000.0,108372000.0,174979000.0,29917000.0,1.124,0.747,0.0,0.0,0.0,0.0,94056000.0,10018000.0,0.0,0.013,0.031,46673000.0,56691000.0,0.165,56691000.0,46673000.0,46535000.0,0.062,0.062,0.062,462676000.0,,462676000.0,4702693773.0,21.0,17.966,30674000.0,0.062,1.0,168972000.0,0.491,389035000.0,138000.0,58076000.0,,14078000.0,24021000.0,12234000.0,11787000.0,345486000.0,252679000.0,92807000.0,4816909773.0,-5844000.0,-3381000.0,-16000.0,0.0,-29805000.0,-29610000.0,-8450000.0,0.0,36719000.0,-4503000.0,29917000.0,29917000.0,29917000.0,0.0,0.0,0.087,122553000.0,46419000.0,22878000.0,0.5,10.411,34.99,35.026,101669000.0,0.0,9.807,3.412,3.419,77854000.0,247042000.0,343951000.0,343951000.0,0.0,,,,,2414000.0,111357000.0,1.0,491150166.0,491139000,491139000.0,0.7,419127000.0,50645000.0,16618000.0,0.0,0.853,31279000.0
27,ROL,MRQ,2014-09-30,2014-09-30,2014-09-30,2021-09-09,-34220000.0,826634000.0,,287345000.0,539289000.0,,0.998,-11223000.0,114216000.0,114216000.0,188810000.0,41121000.0,1.073,0.684,0.0,0.0,0.0,0.0,104296000.0,11437000.0,0.0,0.014,0.033,65944000.0,77381000.0,0.201,77381000.0,65944000.0,65920000.0,0.084,0.084,0.084,491013000.0,,491013000.0,4166022232.0,19.0,16.257,56193000.0,0.114,1.0,196060000.0,0.509,400826000.0,24000.0,43735000.0,,12526000.0,25143000.0,12867000.0,12276000.0,335621000.0,267857000.0,67764000.0,4267541232.0,12697000.0,271000.0,-22708000.0,0.0,-15333000.0,-37963000.0,-10998000.0,0.0,67416000.0,-5758000.0,41121000.0,41121000.0,41121000.0,0.0,0.0,0.107,130116000.0,65944000.0,26293000.0,0.393,8.691,31.447,31.095,101986000.0,0.0,8.676,3.065,3.066,87755000.0,319691000.0,384870000.0,384870000.0,0.0,,,,,2509000.0,118765000.0,1.0,491904087.0,492075000,492075000.0,0.782,425808000.0,42280000.0,24799000.0,397000.0,0.865,19488000.0
28,ROL,MRQ,2014-06-30,2014-06-30,2014-06-30,2021-09-09,-27531000.0,804589000.0,,273465000.0,531124000.0,,0.966,-6315000.0,101519000.0,101519000.0,182642000.0,40860000.0,1.054,0.692,0.0,0.0,0.0,0.0,105455000.0,10608000.0,0.0,0.013,0.033,65671000.0,76279000.0,0.207,76279000.0,65671000.0,65671000.0,0.084,0.084,0.084,475542000.0,,475542000.0,4297577800.0,21.0,17.408,42514000.0,0.086,1.0,186715000.0,0.506,394746000.0,0.0,48893000.0,,13136000.0,25776000.0,12821000.0,12955000.0,329047000.0,259431000.0,69616000.0,4380706800.0,18390000.0,-6175000.0,-6149000.0,0.0,-15311000.0,-20391000.0,-11828000.0,0.0,48829000.0,1780000.0,40860000.0,40860000.0,40860000.0,0.0,0.0,0.111,121130000.0,65585000.0,27972000.0,0.393,9.212,33.496,33.167,94678000.0,0.0,8.889,3.199,3.195,86156000.0,299975000.0,369357000.0,369357000.0,0.0,,,,,1533000.0,110752000.0,1.0,492829515.0,492329250,492329250.0,0.75,409843000.0,45345000.0,24811000.0,0.0,0.832,14034000.0
29,ROL,MRQ,2014-03-31,2014-03-31,2014-03-31,2021-09-09,-30237000.0,765661000.0,,241004000.0,524657000.0,,0.913,-5156000.0,83129000.0,83129000.0,161308000.0,25766000.0,0.962,0.702,0.0,0.0,0.0,0.0,98461000.0,10214000.0,0.0,0.013,0.033,41358000.0,51572000.0,0.165,51572000.0,41358000.0,41358000.0,0.053,0.053,0.053,449766000.0,,449766000.0,4299650109.0,22.0,18.094,36026000.0,0.073,1.0,152080000.0,0.485,392271000.0,0.0,39759000.0,,12688000.0,22476000.0,11230000.0,11246000.0,315895000.0,250502000.0,65393000.0,4417866109.0,-35087000.0,-53485000.0,-6640000.0,0.0,-15301000.0,-18555000.0,-58195000.0,0.0,41182000.0,481000.0,25766000.0,25766000.0,25766000.0,0.0,0.0,0.082,110798000.0,41282000.0,26581000.0,0.623,9.823,35.086,34.729,92026000.0,0.0,8.96,3.27,3.268,75307000.0,279986000.0,313388000.0,313388000.0,0.0,,,,,-621000.0,100832000.0,1.0,493065414.0,492718500,492718500.0,0.636,373390000.0,44313000.0,15592000.0,0.0,0.758,-9498000.0
30,ROL,MRQ,2013-12-31,2013-12-31,2013-12-31,2021-09-09,-31771000.0,739217000.0,,274442000.0,464775000.0,,0.89,-5338000.0,118216000.0,118216000.0,167357000.0,27957000.0,1.164,0.687,0.0,0.0,0.0,0.0,91014000.0,9566000.0,0.0,0.012,0.027,41459000.0,51025000.0,0.157,51025000.0,41459000.0,41186000.0,0.056,0.056,0.056,438255000.0,,438255000.0,4301940789.0,22.0,18.63,29808000.0,0.061,1.0,157350000.0,0.485,340416000.0,273000.0,44793000.0,,12251000.0,23828000.0,12220000.0,11608000.0,300962000.0,235792000.0,65170000.0,4418674789.0,1482000.0,-387000.0,-18000.0,0.0,-26226000.0,-26057000.0,-5781000.0,0.0,35146000.0,-1826000.0,27957000.0,27957000.0,27957000.0,0.0,0.0,0.086,116276000.0,41074000.0,23194000.0,0.482,10.082,35.828,36.043,87215000.0,0.0,8.975,3.304,3.309,72849000.0,270397000.0,324707000.0,324707000.0,0.0,,,,,2431000.0,106608000.0,1.0,492341612.0,492310125,492310125.0,0.66,398801000.0,44062000.0,13229000.0,0.0,0.81,38650000.0
31,ROL,MRQ,2013-09-30,2013-09-30,2013-09-30,2021-09-09,-58218000.0,760864000.0,,276681000.0,484183000.0,,0.827,-3680000.0,116734000.0,116734000.0,181135000.0,36200000.0,1.113,0.868,0.0,0.0,0.0,0.0,100114000.0,10076000.0,0.0,0.015,0.027,57916000.0,67992000.0,0.188,67992000.0,57916000.0,58017000.0,0.074,0.074,0.074,407292000.0,,407292000.0,3780934916.0,20.0,16.861,50698000.0,0.103,1.0,181020000.0,0.5,346964000.0,-101000.0,48607000.0,,11836000.0,25462000.0,12740000.0,12722000.0,353572000.0,248559000.0,105013000.0,3872531916.0,25137000.0,-9526000.0,-4560000.0,0.0,-13136000.0,-17293000.0,-13011000.0,0.0,54378000.0,1063000.0,36200000.0,36200000.0,36200000.0,0.0,0.0,0.1,123104000.0,57916000.0,26106000.0,0.365,9.508,32.738,32.324,85348000.0,0.0,7.855,2.936,2.934,80902000.0,268667000.0,362155000.0,362155000.0,0.0,,,,,2314000.0,113028000.0,1.0,493013776.0,492773625,492773625.0,0.735,413900000.0,60568000.0,21817000.0,0.0,0.84,28122000.0
32,ROL,MRQ,2013-06-30,2013-06-30,2013-06-30,2021-09-09,-59079000.0,737069000.0,,257792000.0,479277000.0,,0.78,-4875000.0,91597000.0,91597000.0,174361000.0,35994000.0,1.043,0.915,0.0,0.0,0.0,0.0,100057000.0,9768000.0,0.0,0.015,0.027,57278000.0,67046000.0,0.191,67046000.0,57278000.0,57278000.0,0.074,0.074,0.074,384807000.0,,384807000.0,3706157046.0,21.0,17.046,29480000.0,0.06,1.0,176437000.0,0.503,343126000.0,0.0,55280000.0,,12117000.0,25277000.0,12443000.0,12834000.0,352262000.0,247066000.0,105196000.0,3788636046.0,9118000.0,-1688000.0,-4667000.0,0.0,-13150000.0,-17365000.0,-6386000.0,0.0,34355000.0,-1486000.0,35994000.0,35994000.0,35994000.0,0.0,0.0,0.103,119286000.0,57151000.0,30724000.0,0.365,9.846,33.147,32.795,84470000.0,0.0,7.674,2.921,2.92,79015000.0,249590000.0,350798000.0,350798000.0,0.0,,,,,2094000.0,109518000.0,1.0,493692921.0,493458750,493458750.0,0.711,393943000.0,60544000.0,21284000.0,0.0,0.798,10726000.0
33,ROL,MRQ,2013-03-31,2013-03-31,2013-03-31,2021-09-09,-57744000.0,707438000.0,,225206000.0,482232000.0,,0.739,-4739000.0,82479000.0,82479000.0,155606000.0,23179000.0,0.963,0.938,0.0,0.0,0.0,0.0,96251000.0,9894000.0,0.0,0.015,0.027,35125000.0,45019000.0,0.15,45019000.0,35125000.0,35125000.0,0.047,0.047,0.047,364966000.0,,364966000.0,3526803975.0,20.0,16.543,34047000.0,0.069,1.0,144108000.0,0.481,348738000.0,0.0,42363000.0,,11801000.0,22112000.0,10898000.0,11214000.0,342472000.0,233858000.0,108614000.0,3591885975.0,17397000.0,-929000.0,-4472000.0,0.0,-13146000.0,-14938000.0,-5612000.0,0.0,38786000.0,-839000.0,23179000.0,23179000.0,23179000.0,0.0,0.0,0.077,109028000.0,35080000.0,23078000.0,0.574,9.842,32.234,31.904,83295000.0,0.0,7.274,2.804,2.802,68194000.0,230785000.0,299714000.0,299714000.0,0.0,,,,,-134000.0,99134000.0,1.0,493792878.0,493553250,493553250.0,0.607,358700000.0,59421000.0,11946000.0,0.0,0.727,-8652000.0
34,ROL,MRQ,2012-12-31,2012-12-31,2012-12-31,2021-09-09,-56967000.0,692506000.0,,205992000.0,486514000.0,,0.72,-7286000.0,65082000.0,65082000.0,163025000.0,22914000.0,0.902,0.951,0.0,0.0,0.0,0.0,87753000.0,9229000.0,0.0,0.016,0.036,34950000.0,44179000.0,0.144,44179000.0,34950000.0,35026000.0,0.047,0.047,0.047,354956000.0,,354956000.0,3124961633.0,18.0,14.553,14521000.0,0.029,1.0,143368000.0,0.468,354266000.0,-76000.0,44742000.0,,11847000.0,23504000.0,11823000.0,11681000.0,337550000.0,228416000.0,109134000.0,3218674633.0,-28631000.0,-14223000.0,0.0,0.0,-29174000.0,-28974000.0,-20965000.0,0.0,21807000.0,-499000.0,22914000.0,22914000.0,22914000.0,0.0,0.0,0.075,108418000.0,34950000.0,24854000.0,0.766,9.068,28.911,29.024,82263000.0,0.0,6.53,2.533,2.537,68920000.0,220752000.0,306393000.0,306393000.0,0.0,,,,,2169000.0,98076000.0,1.0,492877808.0,492837750,493782750.0,0.622,338240000.0,60179000.0,12112000.0,0.0,0.686,-22424000.0
35,ROL,MRQ,2012-09-30,2012-09-30,2012-09-30,2021-09-09,-46954000.0,706029000.0,,241678000.0,464351000.0,,0.748,-4335000.0,93713000.0,93713000.0,170478000.0,32211000.0,1.004,0.915,0.0,0.0,0.0,0.0,95727000.0,9465000.0,0.0,0.013,0.024,51716000.0,61181000.0,0.18,61181000.0,51716000.0,51697000.0,0.065,0.065,0.065,368660000.0,,368660000.0,3354537041.0,19.0,15.607,42172000.0,0.086,1.0,169701000.0,0.499,344223000.0,19000.0,27492000.0,,10919000.0,24887000.0,12396000.0,12491000.0,337369000.0,240601000.0,96768000.0,3416597041.0,31653000.0,-386000.0,0.0,0.0,-11673000.0,-11574000.0,-4582000.0,0.0,46507000.0,1302000.0,32211000.0,32211000.0,32211000.0,0.0,0.0,0.095,117985000.0,51716000.0,24679000.0,0.369,9.268,31.056,30.802,77521000.0,0.0,6.93,2.725,2.725,78748000.0,227013000.0,340179000.0,340179000.0,0.0,,,,,2277000.0,108520000.0,1.0,492989098.0,492949125,492955875.0,0.69,361806000.0,48927000.0,19486000.0,0.0,0.734,1077000.0
36,ROL,MRQ,2012-06-30,2012-06-30,2012-06-30,2021-09-09,-48293000.0,680774000.0,,210309000.0,470465000.0,,0.697,-3705000.0,62060000.0,62060000.0,165993000.0,33127000.0,0.874,0.977,0.0,0.0,0.0,0.0,96127000.0,9613000.0,0.0,0.013,0.024,53198000.0,62811000.0,0.188,62811000.0,53198000.0,53178000.0,0.068,0.068,0.068,344307000.0,,344307000.0,3224304904.0,19.0,15.34,32811000.0,0.066,1.0,168879000.0,0.504,348836000.0,20000.0,29138000.0,,12162000.0,25391000.0,12822000.0,12569000.0,336467000.0,240740000.0,95727000.0,3283988904.0,2376000.0,-3273000.0,-15250000.0,0.0,-11709000.0,-26617000.0,-6748000.0,0.0,36516000.0,-775000.0,33127000.0,33127000.0,33127000.0,0.0,0.0,0.099,115681000.0,53198000.0,29676000.0,0.353,9.538,30.629,30.266,76963000.0,0.0,6.628,2.654,2.647,73784000.0,206474000.0,334872000.0,334872000.0,0.0,,,,,2035000.0,106068000.0,1.0,495460999.0,494157375,494194500.0,0.678,331938000.0,51565000.0,20051000.0,0.0,0.672,-30431000.0
37,ROL,MRQ,2012-03-31,2012-03-31,2012-03-31,2021-09-09,-47460000.0,662806000.0,,190575000.0,472231000.0,,0.679,-3714000.0,59684000.0,59684000.0,148082000.0,23080000.0,0.834,0.971,0.0,0.0,0.0,0.0,92778000.0,9767000.0,0.0,0.014,0.024,36792000.0,46559000.0,0.161,46559000.0,36792000.0,36741000.0,0.047,0.047,0.047,336255000.0,,336255000.0,3079079253.0,18.0,14.917,33375000.0,0.067,1.0,141383000.0,0.488,350817000.0,51000.0,23722000.0,,10874000.0,22827000.0,11386000.0,11441000.0,326551000.0,228583000.0,97968000.0,3125354253.0,13409000.0,-6826000.0,-4688000.0,0.0,-11726000.0,-13824000.0,-10398000.0,0.0,37089000.0,542000.0,23080000.0,23080000.0,23080000.0,0.0,0.0,0.08,104591000.0,36792000.0,19214000.0,0.511,9.295,29.723,29.602,77146000.0,0.0,6.305,2.556,2.553,63790000.0,199373000.0,289465000.0,289465000.0,0.0,,,,,-218000.0,94824000.0,1.0,495680010.0,495102375,495159750.0,0.585,311989000.0,51493000.0,13661000.0,0.0,0.63,-38008000.0
38,ROL,MRQ,2011-12-31,2011-12-31,2011-12-31,2021-09-09,-48090000.0,645650000.0,,175822000.0,469828000.0,,0.656,-5271000.0,46275000.0,46275000.0,151202000.0,21595000.0,0.778,0.993,0.0,0.0,0.0,0.0,85636000.0,9678000.0,0.0,0.013,0.021,34712000.0,44390000.0,0.154,44390000.0,34712000.0,34653000.0,0.044,0.044,0.044,323997000.0,,323997000.0,3220381041.0,20.0,16.174,34270000.0,0.069,1.0,137854000.0,0.477,348545000.0,59000.0,24979000.0,,11125000.0,22957000.0,11659000.0,11298000.0,321653000.0,225851000.0,95802000.0,3250600041.0,16056000.0,-1999000.0,-1340000.0,-5500000.0,-10220000.0,-16963000.0,-6730000.0,0.0,39541000.0,208000.0,21595000.0,21595000.0,21595000.0,0.0,0.0,0.075,103142000.0,34712000.0,22584000.0,0.477,10.033,32.277,32.273,76858000.0,0.0,6.584,2.697,2.708,61687000.0,189282000.0,289056000.0,289056000.0,0.0,,,,,1813000.0,93059000.0,1.0,493734255.0,493661250,493765875.0,0.586,297105000.0,53876000.0,13058000.0,0.0,0.602,-50029000.0
39,ROL,MRQ,2011-09-30,2011-09-30,2011-09-30,2021-09-09,-33548000.0,632423000.0,,171880000.0,460543000.0,,0.66,-5781000.0,30219000.0,30219000.0,165097000.0,29415000.0,0.729,0.937,0.0,0.0,0.0,0.0,95022000.0,9337000.0,0.0,0.014,0.021,47099000.0,56436000.0,0.174,56436000.0,47099000.0,47020000.0,0.059,0.059,0.059,326498000.0,,326498000.0,2732761137.0,17.0,14.057,34985000.0,0.071,1.0,158832000.0,0.49,351496000.0,79000.0,14795000.0,,10607000.0,22776000.0,11668000.0,11108000.0,305925000.0,235913000.0,70012000.0,2748581137.0,4399000.0,-1276000.0,-10684000.0,-9500000.0,-10264000.0,-28316000.0,-7050000.0,0.0,40766000.0,-1001000.0,29415000.0,29415000.0,29415000.0,0.0,0.0,0.091,111733000.0,47099000.0,23951000.0,0.356,8.418,27.955,27.858,76046000.0,0.0,5.544,2.298,2.293,71715000.0,179217000.0,323929000.0,323929000.0,0.0,,,,,-251000.0,102396000.0,1.0,495802316.0,494602875,494805375.0,0.655,280927000.0,42798000.0,17605000.0,0.0,0.568,-64033000.0
40,ROL,MRQ,2011-06-30,2011-06-30,2011-06-30,2021-09-09,-32131000.0,637132000.0,,169476000.0,467656000.0,,0.63,-4255000.0,25820000.0,25820000.0,159645000.0,31061000.0,0.68,1.034,10000000.0,10000000.0,0.0,10000000.0,93387000.0,9288000.0,0.0,0.013,0.021,49746000.0,59034000.0,0.184,59034000.0,49746000.0,49568000.0,0.062,0.062,0.062,313183000.0,,313183000.0,3006237973.0,20.0,15.981,37131000.0,0.075,1.0,160791000.0,0.502,358652000.0,178000.0,13411000.0,,12305000.0,23387000.0,12068000.0,11319000.0,323949000.0,249249000.0,74700000.0,3004577973.0,2480000.0,-3573000.0,-10412000.0,-10018000.0,-10308000.0,-30670000.0,-7776000.0,0.0,41386000.0,-460000.0,31061000.0,31061000.0,31061000.0,0.0,0.0,0.097,111045000.0,49746000.0,31853000.0,0.339,9.594,31.821,31.782,74026000.0,0.0,6.039,2.552,2.549,71457000.0,170158000.0,320436000.0,320436000.0,0.0,,,,,1814000.0,101757000.0,1.0,497568727.0,496951875,497184750.0,0.645,278480000.0,40784000.0,18507000.0,0.0,0.56,-79773000.0
41,ROL,MRQ,2011-03-31,2011-03-31,2011-03-31,2021-09-09,-31803000.0,614205000.0,,147244000.0,466961000.0,,0.605,-3345000.0,23340000.0,23340000.0,140898000.0,18640000.0,0.609,1.039,25000000.0,25000000.0,0.0,25000000.0,92193000.0,9200000.0,0.0,0.012,0.021,30047000.0,39247000.0,0.144,39247000.0,30047000.0,29855000.0,0.039,0.039,0.039,301220000.0,,301220000.0,3001975371.0,21.0,16.45,29609000.0,0.059,1.0,130745000.0,0.481,358872000.0,192000.0,15077000.0,,12680000.0,0.0,0.0,0.0,312985000.0,241916000.0,71069000.0,2996888371.0,2427000.0,-4413000.0,-7710000.0,-5520000.0,-10318000.0,-23478000.0,-7598000.0,0.0,32954000.0,549000.0,18640000.0,18640000.0,18640000.0,0.0,0.0,0.069,100698000.0,30047000.0,23081000.0,0.538,9.949,32.912,32.689,73444000.0,0.0,6.015,2.594,2.591,79310000.0,159197000.0,271643000.0,271643000.0,0.0,,,,,1812000.0,91498000.0,1.0,498251145.0,497721375,498048750.0,0.546,255333000.0,41514000.0,11215000.0,0.0,0.513,-94672000.0
42,ROL,MRQ,2010-12-31,2010-12-31,2010-12-31,2021-09-09,-32490000.0,619014000.0,,151021000.0,467993000.0,,0.6,-6246000.0,20913000.0,20913000.0,147622000.0,19206000.0,0.613,1.077,26000000.0,26000000.0,0.0,26000000.0,85489000.0,9365000.0,0.0,0.012,0.018,30317000.0,39682000.0,0.142,39682000.0,30317000.0,30145000.0,0.039,0.039,0.039,297970000.0,,297970000.0,2909909205.0,20.0,16.131,25388000.0,0.051,1.0,132306000.0,0.473,358335000.0,172000.0,19325000.0,,11899000.0,21237000.0,11044000.0,10193000.0,321044000.0,246441000.0,74603000.0,2906159205.0,663000.0,-13726000.0,-115000.0,-2532000.0,-8809000.0,-11241000.0,-20108000.0,0.0,31634000.0,378000.0,19206000.0,19206000.0,19206000.0,0.0,0.0,0.069,101989000.0,30317000.0,25940000.0,0.462,9.753,32.29,32.331,74013000.0,0.0,5.852,2.556,2.572,59389000.0,155463000.0,279928000.0,279928000.0,0.0,,,,,1464000.0,92501000.0,1.0,496622143.0,496715625,497120625.0,0.564,260679000.0,42502000.0,10939000.0,0.0,0.525,-95420000.0
43,ROL,MRQ,2010-09-30,2010-09-30,2010-09-30,2021-09-09,-31844000.0,607625000.0,,150861000.0,456764000.0,,0.575,-2268000.0,20250000.0,20250000.0,156064000.0,25513000.0,0.59,1.121,24000000.0,24000000.0,0.0,24000000.0,95711000.0,9076000.0,0.0,0.015,0.018,41069000.0,50145000.0,0.164,50145000.0,41069000.0,40969000.0,0.05,0.05,0.05,286441000.0,,286441000.0,2310023607.0,17.0,13.414,31114000.0,0.062,1.0,149054000.0,0.489,346171000.0,100000.0,9548000.0,,11167000.0,0.0,0.0,0.0,321184000.0,255656000.0,65528000.0,2304309607.0,964000.0,-18717000.0,-8250000.0,4965000.0,-8856000.0,-11619000.0,-20973000.0,0.0,33382000.0,174000.0,25513000.0,25513000.0,25513000.0,0.0,0.0,0.084,107985000.0,41069000.0,25693000.0,0.36,8.045,25.39,25.375,70782000.0,0.0,4.618,2.064,2.06,89607000.0,194130000.0,305118000.0,305118000.0,0.0,,,,,1116000.0,98909000.0,1.0,498954978.0,498089250,498679875.0,0.613,261454000.0,46933000.0,15456000.0,0.0,0.525,-104795000.0
44,ROL,MRQ,2010-06-30,2010-06-30,2010-06-30,2021-09-09,-32149000.0,582407000.0,,146310000.0,436097000.0,,0.55,-2982000.0,19286000.0,19286000.0,148428000.0,27700000.0,0.616,1.113,25000000.0,25000000.0,0.0,25000000.0,93450000.0,8967000.0,0.0,0.015,0.018,44445000.0,53412000.0,0.179,53412000.0,44445000.0,44379000.0,0.056,0.056,0.056,275570000.0,,275570000.0,2056120454.0,16.0,12.223,27817000.0,0.055,1.0,150375000.0,0.503,328058000.0,66000.0,22593000.0,,11122000.0,0.0,0.0,0.0,306837000.0,237470000.0,69367000.0,2055269454.0,5137000.0,-1549000.0,-16852000.0,4961000.0,-8924000.0,-20756000.0,-4708000.0,0.0,30799000.0,-198000.0,27700000.0,27700000.0,27700000.0,0.0,0.0,0.093,105930000.0,44445000.0,17599000.0,0.321,7.458,23.361,23.09,71260000.0,0.0,4.087,1.871,1.866,85693000.0,184897000.0,298803000.0,298803000.0,0.0,,,,,2287000.0,96963000.0,1.0,502890363.0,501410250,502193250.0,0.596,254349000.0,43522000.0,16679000.0,0.0,0.507,-91160000.0
45,ROL,MRQ,2010-03-31,2010-03-31,2010-03-31,2021-09-09,-31725000.0,565333000.0,,125645000.0,439688000.0,,0.541,-1540000.0,14149000.0,14149000.0,130975000.0,17583000.0,0.559,1.081,15000000.0,15000000.0,0.0,15000000.0,89604000.0,9000000.0,0.0,0.014,0.018,28151000.0,37151000.0,0.147,37151000.0,28151000.0,28052000.0,0.036,0.036,0.036,271663000.0,,271663000.0,2175215439.0,17.0,13.107,26698000.0,0.053,1.0,122066000.0,0.482,331630000.0,99000.0,9691000.0,,10957000.0,0.0,0.0,0.0,293670000.0,224863000.0,68807000.0,2154719439.0,4645000.0,-624000.0,-4220000.0,-9118000.0,-8932000.0,-21881000.0,-1856000.0,0.0,28238000.0,144000.0,17583000.0,17583000.0,17583000.0,0.0,0.0,0.069,93915000.0,28151000.0,20671000.0,0.5,7.932,25.125,24.898,72203000.0,0.0,4.282,1.988,1.984,71958000.0,181414000.0,253041000.0,253041000.0,0.0,,,,,1486000.0,84915000.0,1.0,503148854.0,502233750,503175375.0,0.504,233703000.0,43404000.0,10469000.0,0.0,0.465,-99218000.0
46,ROL,MRQ,2009-12-31,2009-12-31,2009-12-31,2021-09-09,-32127000.0,566496000.0,,120530000.0,445966000.0,,0.528,-5923000.0,9504000.0,9504000.0,136562000.0,19961000.0,0.518,1.141,30000000.0,30000000.0,0.0,30000000.0,85883000.0,9045000.0,0.0,0.014,0.014,22462000.0,31507000.0,0.121,31507000.0,22462000.0,22344000.0,0.04,0.04,0.04,264566000.0,,264566000.0,1928586182.0,15.0,11.729,12730000.0,0.025,1.0,123005000.0,0.474,335619000.0,118000.0,18620000.0,,10208000.0,0.0,0.0,0.0,301930000.0,232753000.0,69177000.0,1909484182.0,-16717000.0,-5495000.0,-3726000.0,-13694000.0,-6925000.0,-24299000.0,-11369000.0,0.0,18653000.0,298000.0,19961000.0,19961000.0,19961000.0,0.0,0.0,0.077,100543000.0,22462000.0,15841000.0,0.35,7.217,22.736,22.942,74644000.0,0.0,3.808,1.778,1.785,72110000.0,125681000.0,259567000.0,259567000.0,0.0,,,,,1404000.0,88563000.0,1.0,501388157.0,500998500,502328250.0,0.518,230877000.0,43740000.0,2383000.0,0.0,0.461,-112223000.0
47,ROL,MRQ,2009-09-30,2009-09-30,2009-09-30,2021-09-09,-32660000.0,585527000.0,,141421000.0,444106000.0,,0.505,-3694000.0,26221000.0,26221000.0,147436000.0,22733000.0,0.543,1.312,45323000.0,45263000.0,60000.0,45323000.0,95361000.0,9321000.0,0.0,0.014,0.014,36832000.0,46153000.0,0.161,46153000.0,36832000.0,36673000.0,0.045,0.045,0.045,253228000.0,,253228000.0,1902139650.0,15.0,11.613,24404000.0,0.049,1.0,139416000.0,0.486,332607000.0,159000.0,11359000.0,,10341000.0,0.0,0.0,0.0,332299000.0,260663000.0,71636000.0,1869315650.0,3646000.0,-2381000.0,-2606000.0,-9512000.0,-6932000.0,-19003000.0,-6072000.0,0.0,28098000.0,623000.0,22733000.0,22733000.0,22733000.0,0.0,0.0,0.079,102584000.0,36832000.0,16616000.0,0.311,7.382,24.411,24.178,77223000.0,0.0,3.723,1.759,1.759,82687000.0,165999000.0,286852000.0,286852000.0,0.0,,,,,1403000.0,93233000.0,1.0,502037691.0,501820312,503354250.0,0.572,252920000.0,34297000.0,13940000.0,0.0,0.504,-119242000.0
48,ROL,MRQ,2009-06-30,2009-06-30,2009-06-30,2021-09-09,-33827000.0,578642000.0,,132015000.0,446627000.0,,0.471,-2646000.0,22575000.0,22575000.0,141633000.0,25482000.0,0.493,1.438,55399000.0,55314000.0,85000.0,55399000.0,95355000.0,9374000.0,0.0,0.015,0.014,41772000.0,51146000.0,0.18,51146000.0,41772000.0,41513000.0,0.051,0.051,0.051,237370000.0,,237370000.0,1776477095.0,15.0,11.183,40813000.0,0.081,1.0,142934000.0,0.502,335128000.0,259000.0,8577000.0,,11196000.0,0.0,0.0,0.0,341272000.0,267761000.0,73511000.0,1728958095.0,7618000.0,-1571000.0,-12131000.0,-13134000.0,-6970000.0,-32142000.0,-4199000.0,0.0,43459000.0,500000.0,25482000.0,25482000.0,25482000.0,0.0,0.0,0.09,101162000.0,41772000.0,19245000.0,0.275,7.284,23.476,23.103,77183000.0,0.0,3.419,1.641,1.636,80670000.0,152659000.0,284567000.0,284567000.0,0.0,,,,,1357000.0,91806000.0,1.0,505652822.0,504128812,505688062.0,0.564,243514000.0,35777000.0,16031000.0,0.0,0.483,-135746000.0
49,ROL,MRQ,2009-03-31,2009-03-31,2009-03-31,2021-09-09,-35076000.0,566916000.0,,117960000.0,448956000.0,,0.45,-3477000.0,14957000.0,14957000.0,125371000.0,15808000.0,0.445,1.484,62476000.0,62356000.0,120000.0,62476000.0,90785000.0,9429000.0,0.0,0.014,0.014,26189000.0,35618000.0,0.147,35618000.0,26189000.0,25761000.0,0.032,0.032,0.032,228195000.0,,228195000.0,1774924580.0,15.0,11.517,17159000.0,0.034,1.0,117601000.0,0.484,337775000.0,428000.0,11359000.0,,11555000.0,0.0,0.0,0.0,338721000.0,265301000.0,73420000.0,1723019580.0,1241000.0,-1463000.0,-10152000.0,2869000.0,-7026000.0,-14309000.0,-4922000.0,0.0,20636000.0,-164000.0,15808000.0,15808000.0,15808000.0,0.0,0.0,0.065,91412000.0,26189000.0,18712000.0,0.438,7.551,24.301,23.857,78325000.0,0.0,3.388,1.636,1.63,69583000.0,145282000.0,242972000.0,242972000.0,0.0,,,,,1450000.0,81988000.0,1.0,508617296.0,507019500,508619250.0,0.479,229141000.0,37406000.0,9953000.0,0.0,0.452,-147341000.0
50,ROL,MRQ,2008-12-31,2008-12-31,2008-12-31,2021-09-09,-34758000.0,572517000.0,,116838000.0,455679000.0,,0.429,-4673000.0,13716000.0,13716000.0,133050000.0,12553000.0,0.428,1.506,65000000.0,65000000.0,0.0,65000000.0,88288000.0,9096000.0,0.0,0.013,0.012,21787000.0,30883000.0,0.124,30883000.0,21787000.0,20874000.0,0.026,0.023,0.026,228433000.0,,228433000.0,1849808572.0,16.0,12.57,8459000.0,0.016,1.0,115026000.0,0.464,342077000.0,913000.0,8897000.0,,10893000.0,0.0,0.0,0.0,344084000.0,272827000.0,71257000.0,1823621572.0,-2618000.0,-15820000.0,-13109000.0,25635000.0,-6058000.0,6547000.0,-20489000.0,0.0,13132000.0,-1808000.0,12553000.0,12553000.0,12553000.0,0.0,0.0,0.051,93239000.0,21787000.0,18782000.0,0.462,7.983,26.455,26.26,78625000.0,0.0,3.571,1.787,1.786,70193000.0,145063000.0,248076000.0,248076000.0,0.0,,,,,1065000.0,84120000.0,1.0,510624127.0,532681314,527568186.0,0.466,230440000.0,37904000.0,8321000.0,0.0,0.433,-155989000.0
51,ROL,MRQ,2008-09-30,2008-09-30,2008-09-30,2021-09-09,-5520000.0,577301000.0,,123843000.0,453458000.0,,0.524,-3056000.0,16334000.0,16334000.0,145415000.0,19804000.0,0.477,1.195,42521000.0,42161000.0,360000.0,42521000.0,99297000.0,9031000.0,0.0,0.012,0.012,32179000.0,41210000.0,0.148,41210000.0,32179000.0,32005000.0,0.04,0.04,0.04,263061000.0,,263061000.0,1954502083.0,18.0,13.927,22433000.0,0.045,1.0,132496000.0,0.477,333314000.0,174000.0,10688000.0,,11117000.0,0.0,0.0,0.0,314240000.0,259486000.0,54754000.0,1914492083.0,1062000.0,-658000.0,-785000.0,-13309000.0,-6302000.0,-20396000.0,-3637000.0,0.0,25489000.0,-394000.0,19804000.0,19804000.0,19804000.0,0.0,0.0,0.071,100317000.0,32179000.0,20037000.0,0.3,7.278,28.024,27.979,77963000.0,0.0,3.749,1.937,1.905,78758000.0,150740000.0,277911000.0,277911000.0,0.0,,,,,1145000.0,91440000.0,1.0,510648902.0,502367062,506736000.0,0.553,243987000.0,26632000.0,12201000.0,0.0,0.486,-135643000.0
52,ROL,MRQ,2008-06-30,2008-06-30,2008-06-30,2021-09-09,-5243000.0,588808000.0,,128441000.0,460367000.0,,0.496,-4327000.0,15272000.0,15272000.0,146076000.0,22738000.0,0.455,1.36,55282000.0,54822000.0,460000.0,55282000.0,98837000.0,8685000.0,0.0,0.014,0.012,37722000.0,46407000.0,0.163,46407000.0,37722000.0,37329000.0,0.045,0.045,0.045,249476000.0,,249476000.0,1425724617.0,13.0,10.477,32287000.0,0.064,1.0,138423000.0,0.487,339193000.0,393000.0,7565000.0,,10260000.0,0.0,0.0,0.0,339332000.0,282060000.0,57272000.0,1495534617.0,-56093000.0,-134264000.0,-4450000.0,56609000.0,-6309000.0,45910000.0,-138534000.0,0.0,36614000.0,-83000.0,22738000.0,22738000.0,22738000.0,0.0,0.0,0.08,100701000.0,37722000.0,36444000.0,0.267,5.995,22.23,22.177,78805000.0,0.0,2.927,1.576,1.552,85206000.0,138052000.0,284499000.0,284499000.0,0.0,,,,,1060000.0,92030000.0,1.0,510873414.0,503055562,507115688.0,0.566,249615000.0,25954000.0,14591000.0,0.0,0.496,-153619000.0
53,ROL,MRQ,2008-03-31,2008-03-31,2008-03-31,2021-09-09,-5014000.0,474733000.0,,161004000.0,313729000.0,,0.47,-2759000.0,71365000.0,71365000.0,109953000.0,13839000.0,0.873,1.007,1555000.0,798000.0,757000.0,1555000.0,85253000.0,6631000.0,0.0,0.011,0.012,22027000.0,28658000.0,0.136,28658000.0,22027000.0,22746000.0,0.028,0.028,0.028,236548000.0,,236548000.0,1714595119.0,16.0,13.09,12750000.0,0.025,1.0,100125000.0,0.477,196315000.0,-719000.0,24159000.0,,8715000.0,0.0,0.0,0.0,238185000.0,184449000.0,53736000.0,1784088119.0,85000.0,-1306000.0,-4570000.0,-164000.0,-6300000.0,-11029000.0,-4057000.0,0.0,15509000.0,-338000.0,13839000.0,13839000.0,13839000.0,0.0,0.0,0.066,78098000.0,22027000.0,18562000.0,0.429,7.542,27.123,27.299,76823000.0,0.0,3.494,1.974,1.945,62826000.0,125527000.0,210078000.0,210078000.0,0.0,,,,,978000.0,71488000.0,1.0,510567897.0,503151750,508280062.0,0.418,278418000.0,25577000.0,8907000.0,0.0,0.553,-23445000.0
54,ROL,MRQ,2007-12-31,2007-12-31,2007-12-31,2021-09-09,-4050000.0,475228000.0,,160240000.0,314988000.0,,0.44,-2732000.0,71280000.0,71280000.0,117199000.0,11934000.0,0.852,1.035,1787000.0,1186000.0,601000.0,1787000.0,81678000.0,6586000.0,0.0,0.01,0.009,17475000.0,24061000.0,0.111,24061000.0,17475000.0,18224000.0,0.022,0.024,0.022,233553000.0,,233553000.0,1863286125.0,18.0,14.367,7492000.0,0.014,1.0,98755000.0,0.457,198972000.0,-749000.0,18757000.0,,8846000.0,0.0,0.0,0.0,241675000.0,188006000.0,53669000.0,1942986125.0,-10541000.0,-647000.0,-11071000.0,-384000.0,-5058000.0,-16400000.0,-3371000.0,0.0,10224000.0,-994000.0,11934000.0,11934000.0,11934000.0,0.0,0.0,0.055,81280000.0,17475000.0,19140000.0,0.409,8.319,30.016,30.1,77370000.0,0.0,3.793,2.171,2.178,62866000.0,121783000.0,215954000.0,215954000.0,0.0,,,,,695000.0,74633000.0,1.0,512310795.0,530372814,527664373.0,0.407,276256000.0,24738000.0,6290000.0,0.0,0.521,-27766000.0
55,ROL,MRQ,2007-09-30,2007-09-30,2007-09-30,2021-09-09,-16216000.0,483412000.0,,176846000.0,306566000.0,,0.444,-3413000.0,81821000.0,81821000.0,123029000.0,18765000.0,0.9,1.152,2121000.0,1240000.0,881000.0,2121000.0,90191000.0,6885000.0,0.0,0.01,0.009,30065000.0,36950000.0,0.155,36950000.0,30065000.0,30531000.0,0.038,0.038,0.038,224662000.0,,224662000.0,1743597641.0,17.0,13.613,29665000.0,0.059,1.0,115087000.0,0.483,201385000.0,-466000.0,5870000.0,,8244000.0,0.0,0.0,0.0,258750000.0,196457000.0,62293000.0,1798358641.0,24777000.0,-1607000.0,473000.0,-81000.0,-5034000.0,-4642000.0,-4999000.0,0.0,33078000.0,1340000.0,18765000.0,18765000.0,18765000.0,0.0,0.0,0.079,85022000.0,30065000.0,22589000.0,0.237,8.005,28.394,28.118,77633000.0,0.0,3.515,2.035,2.012,70351000.0,159150000.0,238116000.0,238116000.0,0.0,,,,,809000.0,78154000.0,1.0,511663017.0,505804500,511196062.0,0.471,282027000.0,29557000.0,11766000.0,0.0,0.558,-19611000.0
56,ROL,MRQ,2007-06-30,2007-06-30,2007-06-30,2021-09-09,-17556000.0,463374000.0,,156051000.0,307323000.0,,0.41,-3956000.0,57044000.0,57044000.0,121601000.0,21239000.0,0.804,1.224,2283000.0,1270000.0,1013000.0,2283000.0,85754000.0,6911000.0,0.0,0.011,0.009,34408000.0,41319000.0,0.172,41319000.0,34408000.0,34930000.0,0.041,0.041,0.041,208310000.0,,208310000.0,1475388010.0,15.0,11.745,23616000.0,0.046,1.0,118017000.0,0.493,202022000.0,-522000.0,12603000.0,,8740000.0,0.0,0.0,0.0,255064000.0,193988000.0,61076000.0,1528260010.0,2050000.0,-3246000.0,-15189000.0,211000.0,-4920000.0,-19833000.0,-7150000.0,0.0,27572000.0,1461000.0,21239000.0,21239000.0,21239000.0,0.0,0.0,0.089,83609000.0,34408000.0,24712000.0,0.22,7.336,24.806,24.988,77634000.0,0.0,2.999,1.75,1.746,71026000.0,145420000.0,239618000.0,239618000.0,0.0,,,,,1030000.0,76787000.0,1.0,509671693.0,508604062,513909562.0,0.471,261352000.0,31414000.0,13691000.0,0.0,0.514,-37937000.0
57,ROL,MRQ,2007-03-31,2007-03-31,2007-03-31,2021-09-09,-19017000.0,448184000.0,,143970000.0,304214000.0,,0.401,-6143000.0,54994000.0,54994000.0,106836000.0,12793000.0,0.784,1.188,2122000.0,1183000.0,939000.0,2122000.0,83674000.0,6686000.0,0.0,0.011,0.009,21228000.0,27914000.0,0.139,27914000.0,21228000.0,21228000.0,0.026,0.026,0.026,204865000.0,,204865000.0,1507797156.0,16.0,12.213,11745000.0,0.023,1.0,94396000.0,0.469,200375000.0,0.0,11302000.0,,8691000.0,0.0,0.0,0.0,243319000.0,183635000.0,59684000.0,1570519156.0,-8350000.0,-1097000.0,-14800000.0,-1662000.0,-5320000.0,-18923000.0,-7234000.0,0.0,17888000.0,-81000.0,12793000.0,12793000.0,12793000.0,0.0,0.0,0.064,73720000.0,20676000.0,16965000.0,0.346,7.666,26.307,25.898,76850000.0,0.0,3.03,1.814,1.789,59230000.0,143592000.0,201232000.0,201232000.0,0.0,,,,,-2382000.0,67041000.0,1.0,518302036.0,511221375,521913375.0,0.394,247809000.0,32559000.0,8435000.0,0.0,0.485,-39665000.0
58,ROL,MRQ,2006-12-31,2006-12-31,2006-12-31,2021-09-09,-17784000.0,453175000.0,,151073000.0,302102000.0,,0.415,-3072000.0,63344000.0,63344000.0,112614000.0,10539000.0,0.816,1.143,622000.0,498000.0,124000.0,622000.0,79441000.0,6460000.0,0.0,0.011,0.008,15439000.0,21899000.0,0.107,21899000.0,15439000.0,16946000.0,0.02,0.02,0.02,211459000.0,,211459000.0,1445656715.0,15.0,11.996,19268000.0,0.038,1.0,92039000.0,0.45,202216000.0,-1507000.0,3031000.0,,8401000.0,0.0,0.0,0.0,241716000.0,185206000.0,56510000.0,1498623715.0,9557000.0,-4880000.0,651000.0,-197000.0,-4235000.0,-3780000.0,-7844000.0,0.0,22340000.0,-1159000.0,10539000.0,10539000.0,10539000.0,0.0,0.0,0.051,75632000.0,16407000.0,16309000.0,0.4,7.087,25.924,25.766,72141000.0,0.0,2.912,1.745,1.729,61489000.0,115669000.0,204653000.0,204653000.0,0.0,,,,,2987000.0,69238000.0,1.0,514707094.0,509591252,521888064.0,0.402,250959000.0,33504000.0,6407000.0,0.0,0.492,-34133000.0
59,ROL,MRQ,2006-09-30,2006-09-30,2006-09-30,2021-09-09,-22657000.0,454185000.0,,150030000.0,304155000.0,,0.39,-4306000.0,53787000.0,53787000.0,119206000.0,17037000.0,0.77,1.284,820000.0,623000.0,197000.0,820000.0,88945000.0,6662000.0,0.0,0.011,0.008,27825000.0,34487000.0,0.151,34487000.0,27825000.0,27825000.0,0.033,0.033,0.033,198879000.0,,198879000.0,1396729305.0,16.0,11.968,23603000.0,0.046,1.0,108610000.0,0.477,201556000.0,0.0,4797000.0,,8398000.0,0.0,0.0,0.0,255306000.0,194865000.0,60441000.0,1432958305.0,16566000.0,119000.0,-2108000.0,-173000.0,-4234000.0,-6874000.0,-4167000.0,0.0,27909000.0,-302000.0,17037000.0,17037000.0,17037000.0,0.0,0.0,0.075,81117000.0,27493000.0,14092000.0,0.242,7.205,26.234,25.981,72090000.0,0.0,2.78,1.688,1.668,66928000.0,143336000.0,227816000.0,227816000.0,0.0,,,,,-1450000.0,74472000.0,1.0,515467889.0,509297625,521690625.0,0.447,252629000.0,37920000.0,10788000.0,0.0,0.496,-44835000.0
60,ROL,MRQ,2006-06-30,2006-06-30,2006-06-30,2021-09-09,-22355000.0,443222000.0,,136389000.0,306833000.0,,0.367,-5918000.0,37221000.0,37221000.0,119035000.0,19330000.0,0.706,1.357,992000.0,705000.0,287000.0,992000.0,84378000.0,6945000.0,0.0,0.011,0.008,32216000.0,39161000.0,0.169,39161000.0,32216000.0,32216000.0,0.038,0.037,0.038,188041000.0,,188041000.0,1292645575.0,15.0,11.4,722000.0,0.001,1.0,113187000.0,0.487,205063000.0,0.0,8720000.0,,8545000.0,0.0,0.0,0.0,255181000.0,193210000.0,61971000.0,1344637575.0,-16008000.0,-657000.0,-13076000.0,-245000.0,-4280000.0,-17064000.0,-6575000.0,0.0,6640000.0,991000.0,19330000.0,19330000.0,19330000.0,0.0,0.0,0.083,81315000.0,31872000.0,14740000.0,0.211,7.151,25.522,25.11,70908000.0,0.0,2.586,1.619,1.597,66787000.0,132871000.0,232222000.0,232222000.0,0.0,,,,,1036000.0,74368000.0,1.0,519900285.0,513003375,525814031.0,0.453,238159000.0,40246000.0,12886000.0,0.0,0.464,-56821000.0
61,ROL,MRQ,2006-03-31,2006-03-31,2006-03-31,2021-09-09,-23346000.0,447324000.0,,140623000.0,306701000.0,,0.358,-5433000.0,53229000.0,53229000.0,107014000.0,10903000.0,0.728,1.429,1237000.0,797000.0,440000.0,1237000.0,84020000.0,6793000.0,0.0,0.011,0.008,18172000.0,24965000.0,0.129,24965000.0,18172000.0,18172000.0,0.021,0.021,0.021,184155000.0,,184155000.0,1346552576.0,16.0,12.05,22879000.0,0.045,1.0,87173000.0,0.449,207201000.0,0.0,-4978000.0,,8899000.0,0.0,0.0,0.0,263169000.0,193109000.0,70060000.0,1388232576.0,10164000.0,-3962000.0,-3833000.0,-148000.0,-4276000.0,-8671000.0,-9395000.0,0.0,28312000.0,-82000.0,10903000.0,10903000.0,10903000.0,0.0,0.0,0.056,69293000.0,17880000.0,18146000.0,0.381,7.538,26.656,26.39,68314000.0,0.0,2.665,1.708,1.685,53984000.0,130018000.0,194187000.0,194187000.0,0.0,,,,,414000.0,62500000.0,1.0,520844423.0,513907031,528395906.0,0.378,240123000.0,42053000.0,7269000.0,0.0,0.467,-52486000.0
62,ROL,MRQ,2005-12-31,2005-12-31,2005-12-31,2021-09-09,-23264000.0,438420000.0,,136467000.0,301953000.0,,0.345,-8542000.0,43065000.0,43065000.0,112534000.0,7352000.0,0.72,1.478,1385000.0,825000.0,560000.0,1385000.0,79990000.0,6472000.0,0.0,0.01,0.007,11616000.0,18088000.0,0.093,18088000.0,11616000.0,11616000.0,0.014,0.015,0.014,176951000.0,,176951000.0,1266963798.0,14.0,11.288,-2331000.0,-0.005,1.0,82296000.0,0.422,205584000.0,0.0,1488000.0,,9082000.0,0.0,0.0,0.0,261469000.0,189668000.0,71801000.0,1346452798.0,-36424000.0,-23918000.0,-8909000.0,0.0,-3410000.0,-10546000.0,-32458000.0,0.0,6211000.0,369000.0,7352000.0,7352000.0,7352000.0,0.0,0.0,0.038,70958000.0,11338000.0,17204000.0,0.5,7.609,25.514,25.2,65932000.0,0.0,2.596,1.678,1.668,57073000.0,123621000.0,194830000.0,194830000.0,0.0,,,,,1244000.0,64924000.0,1.0,518753218.0,513299534,523589064.0,0.38,232836000.0,46492000.0,4264000.0,0.0,0.454,-53201000.0
63,ROL,MRQ,2005-09-30,2005-09-30,2005-09-30,2021-09-09,-26132000.0,454898000.0,,175549000.0,279349000.0,,0.345,-2796000.0,79489000.0,79489000.0,110083000.0,15100000.0,0.872,1.546,0.0,0.0,0.0,0.0,91341000.0,5800000.0,0.0,0.01,0.007,25379000.0,31179000.0,0.149,31179000.0,25379000.0,25379000.0,0.029,0.029,0.029,178683000.0,,178683000.0,1275143920.0,13.0,10.359,27344000.0,0.053,1.0,99263000.0,0.474,189893000.0,0.0,-15886000.0,,7358000.0,0.0,0.0,0.0,276215000.0,201402000.0,74813000.0,1340322920.0,14310000.0,-1371000.0,-9868000.0,0.0,-3446000.0,-13883000.0,-3535000.0,629000.0,30140000.0,1588000.0,15100000.0,15100000.0,15100000.0,0.0,0.0,0.072,74373000.0,24890000.0,14901000.0,0.241,7.501,22.607,22.352,57928000.0,0.0,2.571,1.694,1.68,58820000.0,128160000.0,209346000.0,209346000.0,0.0,,,,,0.0,68574000.0,1.0,521417888.0,517263469,531881438.0,0.405,265005000.0,47830000.0,10279000.0,0.0,0.512,-25853000.0
64,ROL,MRQ,2005-06-30,2005-06-30,2005-06-30,2021-09-09,-26850000.0,444207000.0,,162959000.0,281248000.0,,0.34,-7786000.0,65179000.0,65179000.0,114294000.0,18724000.0,0.841,1.535,0.0,0.0,0.0,0.0,86337000.0,6045000.0,0.0,0.009,0.007,31469000.0,37514000.0,0.175,37514000.0,31469000.0,31469000.0,0.037,0.036,0.037,175202000.0,,175202000.0,1313426154.0,14.0,10.844,13155000.0,0.025,1.0,100032000.0,0.467,190085000.0,0.0,-4793000.0,,8120000.0,629000.0,629000.0,0.0,269005000.0,193736000.0,75269000.0,1369320154.0,9285000.0,-290000.0,1165000.0,0.0,-3422000.0,-2234000.0,-7956000.0,-629000.0,20941000.0,-1466000.0,18724000.0,18724000.0,18724000.0,0.0,0.0,0.087,68917000.0,31115000.0,12405000.0,0.189,7.816,23.682,23.563,57873000.0,0.0,2.639,1.742,1.732,59160000.0,131291000.0,214326000.0,214326000.0,0.0,,,,,0.0,67594000.0,1.0,518875994.0,515896594,531782719.0,0.415,254122000.0,48040000.0,12745000.0,0.0,0.493,-30777000.0
65,ROL,MRQ,2005-03-31,2005-03-31,2005-03-31,2021-09-09,-15349000.0,418800000.0,,147289000.0,271511000.0,,0.327,-6417000.0,55894000.0,55894000.0,100249000.0,11595000.0,0.782,1.483,0.0,0.0,0.0,0.0,84967000.0,5963000.0,0.0,0.009,0.006,19491000.0,25454000.0,0.138,25454000.0,19491000.0,19491000.0,0.022,0.022,0.022,168640000.0,,168640000.0,1214653110.0,12.0,9.644,13041000.0,0.025,1.0,83666000.0,0.455,193209000.0,0.0,-18535000.0,,8600000.0,0.0,0.0,0.0,250160000.0,188232000.0,61928000.0,1271390110.0,-843000.0,-1021000.0,-9381000.0,0.0,-3436000.0,-13486000.0,-7438000.0,0.0,19458000.0,623000.0,11595000.0,11595000.0,11595000.0,0.0,0.0,0.063,64637000.0,19029000.0,12859000.0,0.273,7.539,21.194,21.115,52930000.0,0.0,2.449,1.642,1.632,54250000.0,114740000.0,183915000.0,183915000.0,0.0,,,,,0.0,58671000.0,1.0,519065519.0,515934562,532040906.0,0.356,225591000.0,39363000.0,7896000.0,0.0,0.437,-40943000.0
66,ROL,MRQ,2004-12-31,2004-12-31,2004-12-31,2021-09-09,-16066000.0,418780000.0,,146805000.0,271975000.0,,0.32,-7497000.0,56737000.0,56737000.0,99749000.0,13869000.0,0.781,1.499,0.0,0.0,0.0,0.0,81195000.0,6364000.0,0.0,0.009,0.005,22590000.0,28954000.0,0.158,28954000.0,22590000.0,22590000.0,0.026,0.026,0.026,167549000.0,,167549000.0,1161142532.0,13.0,10.05,4036000.0,0.008,1.0,84069000.0,0.457,195470000.0,0.0,-21407000.0,,8876000.0,0.0,0.0,0.0,251231000.0,187980000.0,63251000.0,1202036532.0,15843000.0,5739000.0,-656000.0,0.0,-2737000.0,-4659000.0,8495000.0,0.0,11533000.0,474000.0,13869000.0,13869000.0,13869000.0,0.0,0.0,0.075,61587000.0,22482000.0,15438000.0,0.192,7.174,23.092,23.107,49163000.0,0.0,2.311,1.601,1.597,55224000.0,107927000.0,183818000.0,183818000.0,0.0,,,,,260000.0,65482000.0,1.0,520210766.0,523824469,534060842.0,0.351,223310000.0,41683000.0,8721000.0,0.0,0.426,-41175000.0
67,ROL,MRQ,2004-09-30,2004-09-30,2004-09-30,2021-09-09,-313000.0,427847000.0,,148375000.0,279472000.0,,0.346,-2956000.0,40894000.0,40894000.0,105035000.0,13633000.0,0.813,1.387,0.0,0.0,0.0,0.0,66566000.0,6249000.0,0.0,0.009,0.005,22944000.0,29193000.0,0.143,29193000.0,22944000.0,22944000.0,0.026,0.025,0.026,179243000.0,,179243000.0,1087009206.0,14.0,10.694,21252000.0,0.041,1.0,98890000.0,0.485,193781000.0,0.0,10685000.0,,11002000.0,0.0,0.0,0.0,248604000.0,182487000.0,66117000.0,1108874206.0,19029000.0,-260000.0,373000.0,0.0,-2736000.0,-1889000.0,-3211000.0,0.0,24208000.0,-79000.0,13633000.0,13633000.0,13633000.0,0.0,0.0,0.067,76014000.0,22876000.0,14378000.0,0.192,6.186,25.781,25.386,45186000.0,0.0,2.132,1.528,1.523,63358000.0,129716000.0,203925000.0,203925000.0,0.0,,,,,0.0,70080000.0,1.0,519998775.0,518076000,533058469.0,0.394,234066000.0,31539000.0,9311000.0,0.0,0.452,-34112000.0
68,ROL,MRQ,2004-06-30,2004-06-30,2004-06-30,2021-09-09,-414000.0,409961000.0,,128861000.0,281100000.0,,0.328,-2012000.0,21865000.0,21865000.0,105422000.0,20891000.0,0.751,1.418,0.0,0.0,0.0,0.0,58511000.0,5764000.0,0.0,0.009,0.005,36580000.0,42344000.0,0.209,42344000.0,36580000.0,36580000.0,0.041,0.04,0.041,169577000.0,,169577000.0,947678116.0,13.0,10.155,12422000.0,0.024,1.0,97303000.0,0.48,196019000.0,0.0,20437000.0,,12157000.0,0.0,0.0,0.0,240384000.0,171640000.0,68744000.0,1045566116.0,-76023000.0,-102997000.0,1361000.0,0.0,-2733000.0,-982000.0,-89541000.0,0.0,14434000.0,66000.0,20891000.0,20891000.0,20891000.0,0.0,0.0,0.103,60770000.0,36533000.0,14756000.0,0.122,6.166,26.688,26.235,45313000.0,0.0,2.02,1.494,1.493,62765000.0,120654000.0,202725000.0,202725000.0,0.0,,,,,0.0,69149000.0,1.0,517585899.0,517384969,532929375.0,0.392,213942000.0,30493000.0,15689000.0,0.0,0.414,-42779000.0
69,ROL,MRQ,2004-03-31,2004-03-31,2004-03-31,2021-09-09,-300000.0,362956000.0,,184256000.0,178700000.0,,0.287,-1739000.0,97888000.0,97888000.0,86542000.0,3662000.0,1.216,1.455,0.0,0.0,0.0,0.0,50702000.0,4657000.0,0.0,0.008,0.005,10394000.0,15051000.0,0.094,15051000.0,10394000.0,10394000.0,0.008,0.007,0.008,147843000.0,,147843000.0,1109174701.0,19.0,14.153,19599000.0,0.038,1.0,73874000.0,0.461,101445000.0,0.0,12150000.0,,10147000.0,0.0,0.0,0.0,215113000.0,151473000.0,63640000.0,1168714701.0,38348000.0,-158000.0,0.0,0.0,-2718000.0,-2906000.0,19969000.0,21866000.0,21338000.0,-53000.0,3662000.0,3662000.0,3662000.0,0.0,0.0,0.023,57426000.0,16448000.0,15325000.0,0.625,7.905,36.353,35.35,34618000.0,0.0,2.262,1.713,1.711,45549000.0,95719000.0,160416000.0,160416000.0,0.0,,,,,0.0,52768000.0,1.0,516584823.0,515972531,531289125.0,0.311,261511000.0,37867000.0,6732000.0,0.0,0.507,32783000.0
70,ROL,MRQ,2003-12-31,2003-12-31,2003-12-31,2021-09-09,-314000.0,349904000.0,,161280000.0,188624000.0,,0.27,-1853000.0,59540000.0,59540000.0,86873000.0,4825000.0,1.112,1.521,0.0,0.0,0.0,0.0,46007000.0,4921000.0,0.0,0.009,0.004,10133000.0,15054000.0,0.095,15054000.0,10133000.0,10133000.0,0.009,0.008,0.009,138774000.0,,138774000.0,962199836.0,16.0,11.996,-268000.0,-0.001,1.0,71651000.0,0.452,102831000.0,0.0,42511000.0,,9837000.0,21866000.0,21866000.0,0.0,211130000.0,145022000.0,66108000.0,1017265836.0,4474000.0,0.0,0.0,0.0,-2256000.0,-2610000.0,4981000.0,5134000.0,1585000.0,518000.0,4825000.0,4825000.0,4825000.0,0.0,0.0,0.03,61670000.0,9981000.0,12290000.0,0.444,7.33,28.446,28.281,35836000.0,0.0,1.98,1.503,1.501,48471000.0,67052000.0,158524000.0,158524000.0,0.0,,,,,0.0,58413000.0,1.0,513848943.0,514062702,527545408.0,0.308,247073000.0,39145000.0,5308000.0,0.0,0.481,16258000.0
71,ROL,MRQ,2003-09-30,2003-09-30,2003-09-30,2021-09-09,-16602000.0,357084000.0,,180370000.0,176714000.0,,0.233,-6412000.0,55066000.0,55066000.0,96065000.0,9800000.0,1.226,1.98,0.0,0.0,0.0,0.0,49533000.0,5065000.0,0.0,0.01,0.004,15806000.0,20871000.0,0.117,20871000.0,15806000.0,15806000.0,0.019,0.018,0.019,119841000.0,,119841000.0,740018195.0,13.0,9.673,19447000.0,0.038,1.0,82197000.0,0.461,104470000.0,0.0,50478000.0,,10646000.0,27000000.0,27000000.0,0.0,237243000.0,147070000.0,90173000.0,804883195.0,-9799000.0,-35000.0,0.0,0.0,-2254000.0,-2211000.0,-33447000.0,-27000000.0,25859000.0,0.0,9800000.0,9800000.0,9800000.0,0.0,0.0,0.055,66511000.0,15686000.0,13482000.0,0.211,6.716,23.222,23.032,37484000.0,0.0,1.566,1.197,1.197,52689000.0,87159000.0,178262000.0,178262000.0,0.0,,,,,0.0,61413000.0,1.0,513908220.0,513888047,523900406.0,0.347,252614000.0,56694000.0,6006000.0,0.0,0.492,33300000.0
72,ROL,MRQ,2003-06-30,2003-06-30,2003-06-30,2021-09-09,-16613000.0,344034000.0,,161167000.0,182867000.0,,0.218,-1371000.0,64865000.0,64865000.0,95558000.0,13862000.0,1.134,2.067,0.0,0.0,0.0,0.0,44848000.0,5037000.0,0.0,0.008,0.004,22359000.0,27396000.0,0.148,27396000.0,22359000.0,22359000.0,0.027,0.026,0.027,112159000.0,,112159000.0,795412975.0,16.0,11.055,13350000.0,0.026,1.0,89547000.0,0.484,106198000.0,0.0,30829000.0,,11073000.0,0.0,0.0,0.0,231875000.0,142142000.0,89733000.0,849763975.0,10514000.0,-1123000.0,0.0,0.0,-2253000.0,-1713000.0,-2494000.0,0.0,14721000.0,0.0,13862000.0,13862000.0,13862000.0,0.0,0.0,0.075,67282000.0,22265000.0,15912000.0,0.148,7.576,26.879,27.129,34391000.0,0.0,1.655,1.272,1.273,54392000.0,79492000.0,185105000.0,185105000.0,0.0,,,,,0.0,62312000.0,1.0,513492986.0,513910828,528570562.0,0.36,237836000.0,62078000.0,8497000.0,0.0,0.463,19025000.0
73,ROL,MRQ,2003-03-31,2003-03-31,2003-03-31,2021-09-09,-17003000.0,331728000.0,,145364000.0,186364000.0,,0.194,-961000.0,54351000.0,54351000.0,83926000.0,7274000.0,1.086,2.338,0.0,0.0,0.0,0.0,46038000.0,5156000.0,0.0,0.006,0.004,11732000.0,16888000.0,0.109,16888000.0,11732000.0,11732000.0,0.014,0.014,0.014,99367000.0,,99367000.0,994802647.0,21.0,14.456,17193000.0,0.034,1.0,71196000.0,0.459,106681000.0,0.0,36809000.0,,11188000.0,0.0,0.0,0.0,232361000.0,133887000.0,98474000.0,1033117647.0,16036000.0,-385000.0,0.0,0.0,-2247000.0,-772000.0,-1346000.0,0.0,18154000.0,0.0,7274000.0,7274000.0,7274000.0,0.0,0.0,0.047,59530000.0,11666000.0,13960000.0,0.286,10.397,35.088,35.471,36338000.0,0.0,2.022,1.548,1.55,48204000.0,71236000.0,155122000.0,155122000.0,0.0,,,,,0.0,54376000.0,1.0,510979405.0,511575750,525221719.0,0.303,225047000.0,63433000.0,4458000.0,0.0,0.44,11477000.0
74,ROL,MRQ,2002-12-31,2002-12-31,2002-12-31,2021-09-09,-16947000.0,318338000.0,,127153000.0,191185000.0,,0.178,-4467000.0,38315000.0,38315000.0,85709000.0,3725000.0,0.972,2.51,0.0,0.0,0.0,0.0,43049000.0,5337000.0,0.0,0.008,0.003,6009000.0,11346000.0,0.074,11346000.0,6009000.0,6009000.0,0.007,0.007,0.007,90690000.0,,90690000.0,715075247.0,16.0,10.94,-4109000.0,-0.008,1.0,68162000.0,0.443,107899000.0,0.0,41331000.0,,10662000.0,0.0,0.0,0.0,227648000.0,130793000.0,96855000.0,759569247.0,-6179000.0,-20000.0,-878000.0,0.0,-1493000.0,-2060000.0,-4487000.0,0.0,358000.0,10000.0,3725000.0,3725000.0,3725000.0,0.0,0.0,0.024,62224000.0,5938000.0,12138000.0,0.429,8.375,28.018,28.104,38880000.0,0.0,1.49,1.141,1.148,48671000.0,62539000.0,153871000.0,153871000.0,0.0,,,,,0.0,56125000.0,1.0,509939202.0,510098766,518174720.0,0.302,210439000.0,64441000.0,2284000.0,0.0,0.413,-3640000.0
75,ROL,MRQ,2002-09-30,2002-09-30,2002-09-30,2021-09-09,-4808000.0,325022000.0,,139083000.0,185939000.0,,0.198,-1289000.0,44494000.0,44494000.0,94402000.0,6754000.0,1.064,2.214,0.0,0.0,0.0,0.0,43072000.0,5425000.0,0.0,0.011,0.003,10893000.0,16318000.0,0.094,16318000.0,10893000.0,10893000.0,0.013,0.013,0.013,101121000.0,,101121000.0,540659289.0,13.0,8.699,4446000.0,0.009,1.0,79661000.0,0.458,109439000.0,0.0,40409000.0,,11075000.0,0.0,0.0,0.0,223901000.0,130680000.0,93221000.0,586669289.0,-1516000.0,-410000.0,-3996000.0,0.0,-1495000.0,-5552000.0,-1699000.0,0.0,5735000.0,0.0,6754000.0,6754000.0,6754000.0,0.0,0.0,0.039,68903000.0,10758000.0,11734000.0,0.231,5.802,23.467,23.655,38252000.0,0.0,1.135,0.89,0.88,52503000.0,76039000.0,174063000.0,174063000.0,0.0,,,,,0.0,63478000.0,1.0,516690454.0,511268203,513922219.0,0.34,215583000.0,58267000.0,4139000.0,0.0,0.422,8403000.0
76,ROL,MRQ,2002-06-30,2002-06-30,2002-06-30,2021-09-09,-4673000.0,329321000.0,,139737000.0,189584000.0,,0.194,-1886000.0,46010000.0,46010000.0,97205000.0,11691000.0,1.091,2.297,0.0,0.0,0.0,0.0,39705000.0,5446000.0,0.0,0.01,0.003,18818000.0,24264000.0,0.132,24264000.0,18818000.0,18857000.0,0.023,0.023,0.023,99893000.0,,99893000.0,591593758.0,16.0,10.245,27436000.0,0.053,1.0,86984000.0,0.472,110515000.0,-39000.0,44656000.0,,11596000.0,0.0,0.0,0.0,229428000.0,128140000.0,101288000.0,613493758.0,24110000.0,-813000.0,-1292000.0,0.0,-1509000.0,-2513000.0,-2699000.0,0.0,29322000.0,0.0,11691000.0,11691000.0,11691000.0,0.0,0.0,0.063,68166000.0,18818000.0,15416000.0,0.13,6.142,27.249,27.685,41318000.0,0.0,1.19,0.936,0.936,53862000.0,74466000.0,184189000.0,184189000.0,0.0,,,,,0.0,62720000.0,1.0,515344936.0,515163797,518763234.0,0.358,218806000.0,57889000.0,7166000.0,0.0,0.425,11597000.0
77,ROL,MRQ,2002-03-31,2002-03-31,2002-03-31,2021-09-09,-4826000.0,304199000.0,,111270000.0,192929000.0,,0.176,-2725000.0,21900000.0,21900000.0,84022000.0,4940000.0,1.043,2.354,0.0,0.0,0.0,0.0,29856000.0,5427000.0,0.0,0.01,0.003,8016000.0,13443000.0,0.088,13443000.0,8016000.0,7967000.0,0.01,0.01,0.01,90687000.0,,90687000.0,627983308.0,20.0,11.916,15554000.0,0.03,1.0,69280000.0,0.452,111224000.0,49000.0,64400000.0,,11620000.0,0.0,0.0,0.0,213512000.0,106675000.0,106837000.0,636377308.0,13250000.0,-545000.0,0.0,-256000.0,-1507000.0,-1759000.0,-3270000.0,0.0,18279000.0,0.0,4940000.0,4940000.0,4940000.0,0.0,0.0,0.032,61264000.0,8016000.0,12794000.0,0.3,7.017,32.042,32.498,43192000.0,0.0,1.235,0.976,0.975,46879000.0,65352000.0,153302000.0,153302000.0,0.0,,,,,0.0,55837000.0,1.0,515312934.0,514802407,518147936.0,0.298,192975000.0,59097000.0,3027000.0,0.0,0.375,4595000.0
78,ROL,MRQ,2001-12-31,2001-12-31,2001-12-31,2021-09-09,-4822000.0,296559000.0,,100483000.0,196076000.0,,0.166,-2290000.0,8650000.0,8650000.0,81810000.0,1615000.0,0.926,2.469,0.0,0.0,0.0,0.0,27470000.0,5259000.0,0.0,0.01,0.003,2870000.0,8129000.0,0.055,8129000.0,2870000.0,2605000.0,0.003,0.003,0.003,85498000.0,,85498000.0,591450940.0,22.0,12.421,1251000.0,0.002,1.0,65987000.0,0.446,112450000.0,265000.0,66923000.0,,11895000.0,0.0,0.0,0.0,211061000.0,108536000.0,102525000.0,601274940.0,-1812000.0,0.0,-1550000.0,-382000.0,-1501000.0,-3063000.0,-2290000.0,0.0,3541000.0,0.0,1615000.0,1615000.0,1615000.0,0.0,0.0,0.011,63315000.0,2672000.0,12920000.0,1.0,7.033,35.49,36.58,44273000.0,0.0,1.171,0.925,0.927,48479000.0,45215000.0,147797000.0,147797000.0,0.0,,,,,0.0,58100000.0,1.0,513667302.0,513739616,515293138.0,0.288,184109000.0,60353000.0,990000.0,0.0,0.358,-8053000.0
79,ROL,MRQ,2001-09-30,2001-09-30,2001-09-30,2021-09-09,0.0,304334000.0,,105602000.0,198732000.0,,0.175,-2312000.0,10462000.0,10462000.0,95118000.0,4268000.0,0.919,2.374,638000.0,638000.0,0.0,638000.0,33145000.0,5140000.0,0.0,0.013,0.003,6768000.0,11908000.0,0.07,11908000.0,6768000.0,6884000.0,0.008,0.008,0.008,90190000.0,,90190000.0,454901736.0,21.0,10.934,-1967000.0,-0.004,1.0,74688000.0,0.44,112672000.0,-116000.0,66948000.0,,11548000.0,0.0,0.0,0.0,214144000.0,114890000.0,99254000.0,469285736.0,-4937000.0,-359000.0,-60000.0,-377000.0,-1509000.0,-2611000.0,-2671000.0,0.0,345000.0,0.0,4268000.0,4268000.0,4268000.0,0.0,0.0,0.025,67920000.0,6768000.0,14661000.0,0.375,5.203,34.461,35.004,45559000.0,0.0,0.91,0.726,0.726,53709000.0,60023000.0,169806000.0,169806000.0,0.0,,,,,0.0,62780000.0,1.0,515639019.0,515591469,517936275.0,0.329,191662000.0,56489000.0,2616000.0,0.0,0.372,-9288000.0
80,ROL,MRQ,2001-06-30,2001-06-30,2001-06-30,2021-09-09,0.0,313469000.0,,109951000.0,203518000.0,,0.17,-2405000.0,15399000.0,15399000.0,98719000.0,9038000.0,0.905,2.574,1015000.0,1015000.0,0.0,1015000.0,35206000.0,4744000.0,0.0,0.01,0.003,14476000.0,19220000.0,0.106,19220000.0,14476000.0,14577000.0,0.018,0.018,0.018,87717000.0,,87717000.0,595863817.0,32.0,15.604,11931000.0,0.023,1.0,82630000.0,0.456,113925000.0,-101000.0,63671000.0,,13134000.0,0.0,0.0,0.0,225752000.0,121489000.0,104263000.0,600866817.0,9011000.0,-70000.0,0.0,-370000.0,-1509000.0,-2850000.0,-2475000.0,0.0,14336000.0,0.0,9038000.0,9038000.0,9038000.0,0.0,0.0,0.05,68154000.0,14476000.0,17978000.0,0.167,6.85,51.299,50.665,48417000.0,0.0,1.165,0.926,0.926,54750000.0,57538000.0,181349000.0,181349000.0,0.0,,,,,0.0,63410000.0,1.0,515639019.0,515639019,518044121.0,0.352,199544000.0,57843000.0,5539000.0,0.0,0.387,-11538000.0
81,ROL,MRQ,2001-03-31,2001-03-31,2001-03-31,2021-09-09,0.0,296336000.0,,90029000.0,206307000.0,,0.158,-1467000.0,6388000.0,6388000.0,86274000.0,2021000.0,0.826,2.649,1385000.0,1385000.0,0.0,1385000.0,32284000.0,5149000.0,0.0,0.011,0.003,3212000.0,8361000.0,0.055,8361000.0,3212000.0,3260000.0,0.004,0.004,0.004,81212000.0,,81212000.0,583483844.0,34.0,15.926,9869000.0,0.019,1.0,64699000.0,0.429,114577000.0,-48000.0,67783000.0,,12768000.0,0.0,0.0,0.0,215124000.0,108973000.0,106151000.0,581797844.0,5989000.0,-275000.0,0.0,-2100000.0,-1509000.0,-3605000.0,-1742000.0,0.0,11336000.0,0.0,2021000.0,2021000.0,2021000.0,0.0,0.0,0.013,61487000.0,3212000.0,14169000.0,0.75,7.164,53.985,53.79,47690000.0,0.0,1.13,0.897,0.896,46749000.0,51033000.0,150973000.0,150973000.0,0.0,,,,,0.0,56338000.0,1.0,515055005.0,514442269,517160232.0,0.293,181759000.0,60042000.0,1239000.0,0.0,0.353,-18944000.0
82,ROL,MRQ,2000-12-31,2000-12-31,2000-12-31,2021-09-09,0.0,298819000.0,,88969000.0,209850000.0,,0.153,-2630000.0,399000.0,399000.0,85157000.0,-1709000.0,0.859,2.802,2085000.0,1829000.0,256000.0,2085000.0,26381000.0,4873000.0,0.0,0.01,0.003,-2756000.0,2117000.0,0.015,2117000.0,-2756000.0,-2756000.0,-0.004,-0.004,-0.004,78599000.0,,78599000.0,605196773.0,39.0,17.893,5921000.0,0.012,1.0,59270000.0,0.41,115966000.0,0.0,80919000.0,,12980000.0,0.0,0.0,0.0,220220000.0,103620000.0,116600000.0,602519773.0,136000.0,-357000.0,0.0,-3930000.0,-1503000.0,-5428000.0,-2987000.0,0.0,8551000.0,0.0,-1709000.0,-1709000.0,-1709000.0,0.0,0.0,-0.012,62476000.0,-3206000.0,13078000.0,-0.75,7.666,63.091,65.226,50986000.0,0.0,1.174,0.931,0.931,50099000.0,48563000.0,144427000.0,144427000.0,0.0,,,,,0.0,57603000.0,1.0,513191186.0,513198881,515625517.0,0.281,182853000.0,61117000.0,-1047000.0,0.0,0.356,-14651000.0
83,ROL,MRQ,2000-09-30,2000-09-30,2000-09-30,2021-09-09,0.0,315712000.0,,101409000.0,214303000.0,,0.158,-3181000.0,263000.0,263000.0,98294000.0,2363000.0,0.851,2.884,2940000.0,2302000.0,638000.0,2940000.0,29819000.0,4677000.0,0.0,0.014,0.003,3811000.0,8488000.0,0.049,8488000.0,3811000.0,3811000.0,0.005,0.005,0.005,81288000.0,,81288000.0,439311944.0,31.0,13.836,-9236000.0,-0.018,1.0,74079000.0,0.43,117377000.0,0.0,81856000.0,,13036000.0,0.0,0.0,0.0,234424000.0,119156000.0,115268000.0,444835944.0,-9043000.0,-3706000.0,0.0,4239000.0,-1504000.0,2738000.0,-5726000.0,1161000.0,-6055000.0,0.0,2363000.0,2363000.0,2363000.0,0.0,0.0,0.014,70268000.0,3811000.0,14565000.0,0.6,5.472,50.055,48.155,50229000.0,0.0,0.867,0.692,0.692,56652000.0,51252000.0,172373000.0,172373000.0,0.0,,,,,0.0,65591000.0,1.0,513196431.0,513196363,513255207.0,0.336,198335000.0,62956000.0,1448000.0,0.0,0.386,-17747000.0
84,ROL,MRQ,2000-06-30,2000-06-30,2000-06-30,2021-09-09,0.0,324157000.0,,113607000.0,210550000.0,,0.157,-3610000.0,9306000.0,9306000.0,99129000.0,8102000.0,0.939,3.033,3782000.0,2767000.0,1015000.0,3782000.0,29126000.0,4604000.0,0.0,0.014,0.003,13067000.0,17671000.0,0.098,17671000.0,13067000.0,13067000.0,0.016,0.016,0.016,80381000.0,,80381000.0,443498285.0,35.0,15.315,3907000.0,0.008,1.0,81399000.0,0.451,114054000.0,0.0,83589000.0,,14666000.0,1161000.0,1161000.0,0.0,243776000.0,120990000.0,122786000.0,446496285.0,1698000.0,-950000.0,-154000.0,-828000.0,-1532000.0,-2288000.0,-3531000.0,1029000.0,7517000.0,0.0,8102000.0,8102000.0,8102000.0,0.0,0.0,0.045,68332000.0,13067000.0,20504000.0,0.188,5.555,56.121,54.394,49536000.0,0.0,0.87,0.715,0.715,54658000.0,50345000.0,180528000.0,180528000.0,0.0,,,,,0.0,63728000.0,1.0,513033465.0,513083459,513094616.0,0.352,210103000.0,63682000.0,4965000.0,0.0,0.409,-7383000.0
85,ROL,MRQ,2000-03-31,2000-03-31,2000-03-31,2021-09-09,0.0,313473000.0,,101790000.0,211683000.0,,0.145,-4990000.0,7608000.0,7608000.0,86412000.0,794000.0,0.887,3.236,4610000.0,3225000.0,1385000.0,4610000.0,25307000.0,4267000.0,0.0,0.014,0.003,1281000.0,5548000.0,0.037,5548000.0,1281000.0,1281000.0,0.002,0.002,0.002,74002000.0,,74002000.0,444736280.0,37.0,16.616,-3556000.0,-0.007,1.0,63138000.0,0.422,114809000.0,0.0,80962000.0,,13593000.0,2190000.0,2190000.0,0.0,239471000.0,114704000.0,124767000.0,444337280.0,1919000.0,-2424000.0,0.0,-1478000.0,-1492000.0,-2995000.0,3480000.0,10894000.0,1434000.0,0.0,794000.0,794000.0,794000.0,0.0,0.0,0.005,61886000.0,1252000.0,18381000.0,1.5,6.004,59.427,58.02,48845000.0,0.0,0.87,0.733,0.734,46280000.0,43968000.0,149550000.0,149550000.0,0.0,,,,,0.0,57619000.0,1.0,510552724.0,511452503,511507349.0,0.292,198664000.0,64388000.0,487000.0,0.0,0.388,-12914000.0
86,ROL,MRQ,1999-12-31,1999-12-31,1999-12-31,2021-09-09,0.0,309948000.0,,104757000.0,205191000.0,,0.14,-6335000.0,5689000.0,5689000.0,85832000.0,-2372000.0,0.966,3.317,6088000.0,3638000.0,2450000.0,6088000.0,20441000.0,3871000.0,0.0,0.014,0.003,-3826000.0,45000.0,0.0,45000.0,-3826000.0,-3826000.0,-0.004,-0.004,-0.004,71790000.0,,71790000.0,454468130.0,39.0,18.204,-12405000.0,-0.024,1.0,54477000.0,0.388,112024000.0,0.0,89874000.0,,13429000.0,12967000.0,12967000.0,0.0,238158000.0,108449000.0,129709000.0,451133130.0,1739000.0,-32437000.0,-4208000.0,-1197000.0,-1504000.0,-7045000.0,14854000.0,53626000.0,-6070000.0,0.0,-2372000.0,-2372000.0,-2372000.0,0.0,0.0,-0.017,58253000.0,-3776000.0,15275000.0,-0.75,6.284,63.096,62.708,46245000.0,0.0,0.878,0.769,0.775,44878000.0,41909000.0,140309000.0,140309000.0,0.0,,,,,0.0,54382000.0,1.0,513868831.0,512757084,512835729.0,0.274,197924000.0,64659000.0,-1454000.0,6295000.0,0.386,-3692000.0
87,ROL,MRQ,1999-09-30,1999-09-30,1999-09-30,2021-09-09,0.0,321229000.0,,163552000.0,157677000.0,,0.154,-7281000.0,3950000.0,3950000.0,89107000.0,1432000.0,1.364,3.037,7285000.0,3697000.0,3588000.0,7285000.0,19821000.0,3384000.0,0.0,0.013,0.003,2311000.0,5695000.0,0.037,5695000.0,2311000.0,2311000.0,0.003,0.003,0.003,79571000.0,,79571000.0,471893786.0,33.0,17.597,-10197000.0,-0.02,1.0,64995000.0,0.422,55849000.0,0.0,148836000.0,,12460000.0,66006000.0,66006000.0,0.0,241658000.0,119879000.0,121779000.0,468668786.0,-650000.0,-2201000.0,-4195000.0,-540000.0,-1518000.0,-5466000.0,7732000.0,17214000.0,-2916000.0,0.0,1432000.0,1432000.0,1432000.0,0.0,0.0,0.009,63607000.0,1388000.0,15777000.0,1.0,5.89,46.495,45.183,41439000.0,0.0,0.904,0.818,0.816,45604000.0,49412000.0,154102000.0,154102000.0,0.0,,,,,0.0,60223000.0,1.0,518629896.0,517497969,517626883.0,0.298,265380000.0,59069000.0,879000.0,0.0,0.513,43673000.0
88,ROL,MRQ,1999-06-30,1999-06-30,1999-06-30,2021-09-09,0.0,334877000.0,,182072000.0,152805000.0,,0.159,-1994000.0,4600000.0,4600000.0,89704000.0,7623000.0,1.448,3.035,7825000.0,3527000.0,4298000.0,7825000.0,19923000.0,3181000.0,0.0,0.019,0.003,12296000.0,15477000.0,0.095,15477000.0,12296000.0,12296000.0,0.015,0.015,0.015,82984000.0,,82984000.0,494873681.0,37.0,19.472,10585000.0,0.02,1.0,72638000.0,0.447,56060000.0,0.0,156336000.0,,13793000.0,83201000.0,83201000.0,0.0,251893000.0,125706000.0,126187000.0,486845681.0,3954000.0,-26157000.0,-3249000.0,-849000.0,-1530000.0,-6095000.0,-2530000.0,25621000.0,12579000.0,0.0,7623000.0,7623000.0,7623000.0,0.0,0.0,0.047,61392000.0,11246000.0,17451000.0,0.2,5.867,51.096,49.102,36769000.0,0.0,0.933,0.864,0.864,45562000.0,52588000.0,162342000.0,162342000.0,0.0,,,,,0.0,58211000.0,1.0,521845350.0,521424540,521559143.0,0.311,278817000.0,61013000.0,4673000.0,0.0,0.535,56366000.0
89,ROL,MRQ,1999-03-31,1999-03-31,1999-03-31,2021-09-09,0.0,324362000.0,,196136000.0,128226000.0,,0.151,-3208000.0,646000.0,646000.0,76832000.0,467000.0,1.656,3.111,8674000.0,3473000.0,5201000.0,8674000.0,17827000.0,2997000.0,0.0,0.023,0.003,751000.0,3748000.0,0.029,3748000.0,751000.0,751000.0,0.001,0.001,0.001,78901000.0,,78901000.0,520630186.0,43.0,21.256,1361000.0,0.003,1.0,53054000.0,0.408,40566000.0,0.0,173369000.0,,14193000.0,109296000.0,109296000.0,0.0,245461000.0,118455000.0,127006000.0,512365186.0,-598000.0,-169000.0,-143000.0,-835000.0,-1524000.0,-2474000.0,-2693000.0,684000.0,4569000.0,0.0,467000.0,467000.0,467000.0,0.0,0.0,0.004,53428000.0,-374000.0,16243000.0,3.0,6.494,58.104,61.491,36431000.0,0.0,0.984,0.921,0.922,38523000.0,48425000.0,129886000.0,129886000.0,0.0,,,,,0.0,50431000.0,1.0,520775702.0,520882540,521013469.0,0.249,283796000.0,62796000.0,284000.0,0.0,0.545,77681000.0
90,ROL,MRQ,1998-12-31,1998-12-31,1998-12-31,2021-09-09,0.0,327265000.0,,199108000.0,128157000.0,,0.154,-2312000.0,1244000.0,1244000.0,78317000.0,558000.0,1.73,3.079,9509000.0,3419000.0,6090000.0,9509000.0,15210000.0,3087000.0,0.0,0.028,0.003,-1190000.0,1897000.0,0.015,1897000.0,-1190000.0,-1190000.0,0.001,0.001,0.001,80235000.0,,80235000.0,539010667.0,63.0,26.961,1348000.0,0.003,1.0,48311000.0,0.382,47092000.0,0.0,173345000.0,,13335000.0,110229000.0,110229000.0,0.0,247030000.0,115093000.0,131937000.0,534302667.0,-4053000.0,-2593000.0,0.0,-496000.0,-1524000.0,-1964000.0,-5749000.0,-844000.0,3660000.0,0.0,558000.0,558000.0,558000.0,-3410000.0,0.0,0.004,54599000.0,-6288000.0,10890000.0,3.0,6.659,81.115,85.353,35466000.0,0.0,1.024,0.973,0.973,42353000.0,49746000.0,126628000.0,126628000.0,0.0,,,,,0.0,51512000.0,1.0,521660685.0,521660685,,0.243,280173000.0,64452000.0,-1748000.0,7188000.0,0.537,84015000.0
91,ROL,MRQ,1998-09-30,1998-09-30,1998-09-30,2021-09-09,0.0,336108000.0,,208092000.0,128016000.0,,0.154,-2334000.0,5297000.0,5297000.0,85430000.0,880000.0,1.73,3.114,10005000.0,3290000.0,6715000.0,10005000.0,15381000.0,2872000.0,0.0,0.034,0.009,1420000.0,4292000.0,0.03,4292000.0,1420000.0,1420000.0,0.002,0.002,0.002,81703000.0,,81703000.0,549249530.0,-9.0,-11.23,-2527000.0,-0.005,1.0,59063000.0,0.409,39525000.0,0.0,181039000.0,,14040000.0,110243000.0,110243000.0,0.0,254405000.0,120252000.0,134153000.0,579174530.0,-35459000.0,-54000.0,-42650000.0,-826000.0,-4583000.0,-47995000.0,12729000.0,15117000.0,-193000.0,0.0,880000.0,880000.0,880000.0,0.0,0.0,0.006,59889000.0,-826000.0,14772000.0,4.5,7.089,-361.307,-519.433,35974000.0,0.0,1.039,1.073,1.022,45142000.0,51171000.0,144493000.0,144493000.0,0.0,,,,,0.0,57017000.0,1.0,557506469.0,530779860,531166326.0,0.272,296583000.0,68050000.0,540000.0,0.0,0.559,87840000.0
92,ROL,MRQ,1998-06-30,1998-06-30,1998-06-30,2021-09-09,0.0,396578000.0,,268952000.0,127626000.0,,0.225,-2240000.0,40756000.0,40756000.0,86717000.0,6913000.0,2.001,2.114,10831000.0,3236000.0,7595000.0,10831000.0,16643000.0,3407000.0,0.0,0.029,0.009,11149000.0,14556000.0,0.094,14556000.0,11149000.0,11149000.0,0.012,0.012,0.012,127358000.0,,127358000.0,581596065.0,-8.0,-9.608,-2611000.0,-0.005,1.0,68333000.0,0.441,39529000.0,0.0,192697000.0,,16252000.0,124385000.0,124385000.0,0.0,269220000.0,134427000.0,134793000.0,681020065.0,-70279000.0,-660000.0,-11867000.0,-780000.0,-4969000.0,-17617000.0,-52291000.0,-49391000.0,-371000.0,0.0,6913000.0,6913000.0,6913000.0,0.0,0.0,0.045,59609000.0,8724000.0,17940000.0,0.75,5.347,-141.378,-149.977,35963000.0,0.0,1.2,1.272,1.267,47916000.0,94728000.0,155050000.0,155050000.0,0.0,,,,,0.0,56820000.0,1.0,567603233.0,565180122,565709786.0,0.274,357049000.0,71948000.0,4236000.0,0.0,0.632,134525000.0
93,ROL,MRQ,1998-03-31,1998-03-31,1998-03-31,2021-09-09,0.0,416164000.0,,285775000.0,130389000.0,,0.241,-3516000.0,111035000.0,111035000.0,76909000.0,-1764000.0,2.163,2.032,11611000.0,3187000.0,8424000.0,11611000.0,15352000.0,2092000.0,0.0,0.029,0.009,-2845000.0,-753000.0,-0.006,-753000.0,-2845000.0,-2845000.0,-0.003,-0.003,-0.003,137250000.0,,137250000.0,580880504.0,-8.0,-9.229,-7291000.0,-0.013,1.0,46056000.0,0.375,39533000.0,0.0,145057000.0,,16455000.0,74945000.0,74945000.0,0.0,278914000.0,132150000.0,146764000.0,694345504.0,-14807000.0,-210000.0,-1678000.0,-766000.0,-4988000.0,-7391000.0,-3641000.0,85000.0,-3775000.0,0.0,-1764000.0,-1764000.0,-1764000.0,0.0,0.0,-0.014,51523000.0,-5467000.0,19736000.0,-3.0,5.059,-128.321,-135.784,36121000.0,0.0,1.222,1.299,1.299,44175000.0,104030000.0,122965000.0,122965000.0,0.0,,,,,0.0,49431000.0,1.0,568177389.0,568445467,568700389.0,0.216,376631000.0,74432000.0,-1081000.0,0.0,0.663,153625000.0
94,ROL,MRQ,1997-12-31,1997-12-31,1997-12-31,2021-09-09,0.0,432680000.0,,301618000.0,131062000.0,,0.253,-2980000.0,125842000.0,125842000.0,112572000.0,-7632000.0,2.307,1.971,12377000.0,3138000.0,9239000.0,12377000.0,13831000.0,4514000.0,0.0,0.03,0.009,-71516000.0,-67002000.0,-0.573,-67002000.0,-71516000.0,-71516000.0,-0.013,-0.013,-0.013,145644000.0,,145644000.0,682584578.0,-11.0,-13.124,-16192000.0,-0.028,1.0,4458000.0,0.038,39383000.0,0.0,149114000.0,,15010000.0,75037000.0,75037000.0,0.0,287036000.0,130718000.0,156318000.0,682664578.0,112861000.0,131745000.0,-8588000.0,-524000.0,-5053000.0,-14142000.0,139516000.0,10751000.0,-13212000.0,0.0,-7632000.0,-7632000.0,-7632000.0,-96600000.0,0.0,-0.065,176264000.0,-171806000.0,25420000.0,-0.692,4.687,456.022,592.593,34639000.0,0.0,1.185,1.267,1.267,49166000.0,112365000.0,117030000.0,117030000.0,0.0,,,,,0.0,54750000.0,1.0,575998237.0,575998237,,0.203,393297000.0,73898000.0,-63884000.0,12057000.0,0.683,170900000.0
95,ROL,MRQ,1997-09-30,1997-09-30,1997-09-30,2021-09-09,0.0,305065000.0,,211436000.0,93629000.0,,0.287,-1046000.0,12981000.0,12981000.0,88717000.0,-2334000.0,2.241,0.827,12901000.0,3044000.0,9857000.0,12901000.0,15219000.0,2274000.0,0.0,0.025,0.009,-9605000.0,-7331000.0,-0.052,-7331000.0,-9605000.0,-9605000.0,-0.004,-0.004,-0.004,167007000.0,,167007000.0,811595783.0,80.0,46.864,2974000.0,0.005,1.0,51570000.0,0.368,40346000.0,0.0,170286000.0,,15488000.0,85863000.0,85863000.0,0.0,138058000.0,94353000.0,43705000.0,804948783.0,5994000.0,24340000.0,0.0,-733000.0,-5055000.0,-5708000.0,7606000.0,-15688000.0,4020000.0,0.0,-2334000.0,-2334000.0,-2334000.0,-9529000.0,0.0,-0.017,72213000.0,-20643000.0,23025000.0,-2.25,4.82,85.724,87.353,37984000.0,0.0,1.398,1.551,1.569,75826000.0,133295000.0,140287000.0,140287000.0,0.0,,,,,0.0,69939000.0,1.0,575934029.0,582322546,582744722.0,0.241,264719000.0,8143000.0,-7271000.0,4119000.0,0.455,117083000.0
96,ROL,MRQ,1997-06-30,1997-06-30,1997-06-30,2021-09-09,0.0,302010000.0,,193904000.0,108106000.0,,0.302,-2494000.0,6987000.0,6987000.0,88555000.0,6319000.0,2.22,0.733,13634000.0,2998000.0,10636000.0,13634000.0,16617000.0,2015000.0,0.0,0.03,0.009,10130000.0,12145000.0,0.079,12145000.0,10130000.0,10130000.0,0.011,0.011,0.011,174273000.0,,174273000.0,687468922.0,28.0,21.395,-2431000.0,-0.004,1.0,65816000.0,0.426,41883000.0,0.0,179428000.0,,19504000.0,70108000.0,70108000.0,0.0,127737000.0,87346000.0,40391000.0,687253922.0,-7302000.0,0.0,-8174000.0,-870000.0,-5059000.0,-14022000.0,7854000.0,10348000.0,63000.0,0.0,6319000.0,6319000.0,6319000.0,-100000.0,0.0,0.041,56958000.0,8858000.0,18881000.0,0.818,3.944,45.725,45.314,42242000.0,0.0,1.178,1.309,1.296,82500000.0,140565000.0,154371000.0,154371000.0,0.0,,,,,0.0,54943000.0,1.0,583327250.0,577624904,577761592.0,0.267,260127000.0,4813000.0,3811000.0,4558000.0,0.45,106558000.0
97,ROL,MRQ,1997-03-31,1997-03-31,1997-03-31,2021-09-09,0.0,310651000.0,,204795000.0,105856000.0,,0.307,-2436000.0,14289000.0,14289000.0,72317000.0,5144000.0,2.297,0.717,14504000.0,3097000.0,11407000.0,14504000.0,15700000.0,1909000.0,0.0,0.031,0.009,8267000.0,10176000.0,0.08,10176000.0,8267000.0,8267000.0,0.009,0.009,0.009,180875000.0,,180875000.0,668754139.0,19.0,15.681,12373000.0,0.021,1.0,54634000.0,0.43,41907000.0,0.0,179788000.0,,17132000.0,80101000.0,80101000.0,0.0,129776000.0,89171000.0,40605000.0,653856139.0,2139000.0,-1056000.0,-9321000.0,-394000.0,-5193000.0,-14792000.0,943000.0,4435000.0,14809000.0,0.0,5144000.0,5144000.0,5144000.0,0.0,0.0,0.041,47633000.0,7001000.0,19957000.0,1.0,3.615,30.339,30.89,41571000.0,0.0,1.112,1.192,1.194,78530000.0,146734000.0,126951000.0,126951000.0,0.0,,,,,0.0,45724000.0,1.0,587986586.0,588922673,589037507.0,0.216,268744000.0,4542000.0,3123000.0,5558000.0,0.456,115624000.0
98,ROL,MRQ,1996-12-31,1996-12-31,1996-12-31,2021-09-09,0.0,296656000.0,,187006000.0,109650000.0,,0.314,303000.0,12150000.0,12150000.0,58648000.0,261000.0,2.678,0.559,14898000.0,2735000.0,12163000.0,14898000.0,11677000.0,969000.0,0.0,0.029,0.008,1359000.0,2328000.0,0.024,2328000.0,1359000.0,1359000.0,0.001,,0.001,190290000.0,,190290000.0,,,,-3362000.0,-0.006,1.0,38611000.0,0.397,39849000.0,0.0,189725000.0,,11593000.0,84785000.0,84785000.0,0.0,106366000.0,69830000.0,36536000.0,688269620.0,-19642000.0,3658000.0,-17036000.0,5113000.0,-5141000.0,-17062000.0,1900000.0,-2061000.0,-3665000.0,0.0,261000.0,261000.0,261000.0,1529000.0,0.0,0.003,37393000.0,1218000.0,13781000.0,8.0,3.617,30.194,31.637,36567000.0,0.0,1.171,1.292,1.332,64400000.0,155696000.0,97259000.0,97259000.0,0.0,,,,,0.0,35889000.0,1.0,587986586.0,606174891,,0.16,256807000.0,4379000.0,1098000.0,6220000.0,0.424,117176000.0
99,ROL,MRQ,1996-09-30,1996-09-30,1996-09-30,2021-09-09,,,,,,,,-2308000.0,,,86269000.0,3306000.0,,,,,,,,2307000.0,,0.029,0.009,5176000.0,7483000.0,0.051,7483000.0,5176000.0,5176000.0,0.005,,0.005,,,,,,,6995000.0,0.012,1.0,60220000.0,0.411,,0.0,,,,,,,,,,,1520000.0,-533000.0,0.0,-380000.0,-5143000.0,-5258000.0,-2525000.0,316000.0,9303000.0,0.0,3306000.0,3306000.0,3306000.0,-255000.0,0.0,0.023,56815000.0,3405000.0,,1.8,,,,,0.0,1.178,,,,,146489000.0,146489000.0,0.0,,,,,0.0,54705000.0,1.0,,606227447,,0.242,,,1870000.0,,,
100,ROL,MRQ,1996-06-30,1996-06-30,1996-06-30,2021-09-09,,,,,,,,-3049000.0,,,94226000.0,12841000.0,,,,,,,,1949000.0,,0.024,0.009,20711000.0,22660000.0,0.127,22660000.0,20711000.0,20711000.0,0.021,,0.021,,,,,,,19217000.0,0.032,1.0,83621000.0,0.47,,0.0,,,,,,,,,,,-7056000.0,-1841000.0,-9164000.0,-547000.0,-5183000.0,-15073000.0,-14249000.0,-9359000.0,22266000.0,0.0,12841000.0,12841000.0,12841000.0,0.0,0.0,0.072,64397000.0,19224000.0,,0.429,,,,,0.0,1.375,,,,,177847000.0,177847000.0,0.0,,,,,0.0,62448000.0,1.0,,609828923,,0.292,,,7870000.0,,,
101,ROL,MRQ,1996-03-31,1996-03-31,1996-03-31,2021-09-09,,,,,,,,-3238000.0,,,79374000.0,6387000.0,,,,,,,,1821000.0,,0.024,0.008,10302000.0,12123000.0,0.085,12123000.0,10302000.0,10302000.0,0.011,,0.011,,,,,,,20789000.0,0.034,1.0,63128000.0,0.443,,0.0,,,,,,,,,,,3705000.0,-3657000.0,0.0,0.0,-5202000.0,-4870000.0,-15452000.0,-8557000.0,24027000.0,0.0,6387000.0,6387000.0,6387000.0,0.0,0.0,0.045,54120000.0,9008000.0,,0.727,,,,,0.0,1.368,,,,,142502000.0,142502000.0,0.0,,,,,0.0,52299000.0,1.0,,612926399,,0.232,,,3915000.0,,,
102,ROL,MRQ,1995-12-31,1995-12-31,1995-12-31,2021-09-09,0.0,314925000.0,,222765000.0,92160000.0,,0.35,,0.0,0.0,,,3.137,0.469,8736000.0,1314000.0,7422000.0,8736000.0,14695000.0,,0.0,0.025,0.008,,,,,,,,,,214318000.0,,214318000.0,,,,,,1.0,,,42013000.0,,210639000.0,,13924000.0,65743000.0,65743000.0,0.0,100607000.0,71009000.0,29598000.0,,,,,,,,,,,,,,,,,,,,13334000.0,,,,20.229,37799000.0,,1.295,,1.497,88542000.0,224009000.0,,,,,,,,,,1.0,,612513773,,,272912000.0,7447000.0,,6240000.0,0.446,151756000.0
0,ROL,MRT,2021-06-30,2021-06-30,2021-06-30,2021-09-09,-10890000.0,1921693000.0,1862634750.0,376325000.0,1545368000.0,1.231,2.136,-24017000.0,128528000.0,128528000.0,1101232000.0,333695000.0,0.725,0.829,348408000.0,96354000.0,252054000.0,348408000.0,151379000.0,92824000.0,0.0,0.01,0.353,452160000.0,544984000.0,0.238,544984000.0,452160000.0,449591000.0,0.68,0.68,0.68,1050684000.0,978423750.0,1050684000.0,17082632247.0,38.0,31.345,396201000.0,0.805,1.0,1192516000.0,0.52,1074769000.0,2569000.0,548060000.0,582027500.0,29952000.0,69268000.0,25431000.0,43837000.0,871009000.0,518744000.0,352265000.0,16830624247.0,-6301000.0,-119659000.0,-10479000.0,-167000000.0,-174688000.0,-381189000.0,-67404000.0,216000.0,420218000.0,22074000.0,333695000.0,333695000.0,333695000.0,0.0,0.0,0.145,740356000.0,452160000.0,74815000.0,0.519,16.019,50.437,50.294,392984000.0,0.0,34.2,7.338,7.336,142868000.0,470653000.0,2293748000.0,2293748000.0,0.0,0.179,0.341,0.777,0.197,21051000.0,672782000.0,1.0,492123516.0,491999000,491999000.0,4.662,846924000.0,2653000.0,115896000.0,9330000.0,1.721,-142419000.0
1,ROL,MRT,2021-03-31,2021-03-31,2021-03-31,2021-09-09,-11155000.0,1876880000.0,1841307000.0,334043000.0,1542837000.0,1.2,2.01,-24381000.0,117322000.0,117322000.0,1058992000.0,310199000.0,0.658,0.898,369330000.0,94572000.0,274758000.0,369330000.0,140378000.0,91443000.0,0.0,0.01,0.327,422695000.0,514138000.0,0.233,514138000.0,422695000.0,419172000.0,0.63,0.63,0.63,988935000.0,931460250.0,988935000.0,17258193093.0,41.0,33.567,438927000.0,0.892,1.0,1149881000.0,0.521,1076042000.0,3523000.0,545058000.0,620435500.0,32645000.0,60507000.0,22402000.0,38105000.0,887945000.0,507788000.0,380157000.0,16939525093.0,24740000.0,-116678000.0,-9586000.0,-204800000.0,-160559000.0,-401842000.0,-69200000.0,216000.0,463308000.0,32474000.0,310199000.0,310199000.0,310199000.0,0.0,0.0,0.14,727186000.0,422695000.0,66586000.0,0.519,17.129,54.609,54.635,396242000.0,0.0,34.42,7.669,7.667,122445000.0,412142000.0,2208873000.0,2208873000.0,0.0,0.168,0.333,0.681,0.191,20952000.0,660553000.0,1.0,492141926.0,492003000,492003000.0,4.49,800838000.0,2649000.0,108973000.0,9005000.0,1.628,-173745000.0
2,ROL,MRT,2020-12-31,2020-12-31,2020-12-31,2021-09-09,-10897000.0,1845900000.0,1814956750.0,314777000.0,1531123000.0,1.191,1.915,-23229000.0,98477000.0,98477000.0,1048592000.0,260824000.0,0.666,0.961,417145000.0,90436000.0,326709000.0,417145000.0,131253000.0,89444000.0,0.0,0.008,0.327,359802000.0,449246000.0,0.208,449246000.0,359802000.0,354720000.0,0.53,0.53,0.53,941360000.0,884319250.0,941360000.0,19495282672.0,54.0,43.396,412556000.0,0.839,1.0,1112628000.0,0.515,1071946000.0,5082000.0,620111000.0,684038500.0,30843000.0,61903000.0,23716000.0,38187000.0,904540000.0,472511000.0,432029000.0,19207730672.0,4201000.0,-147118000.0,-8275000.0,-88500000.0,-160487000.0,-281273000.0,-162395000.0,216000.0,435785000.0,12084000.0,260824000.0,260824000.0,260824000.0,0.0,0.0,0.121,752826000.0,359802000.0,64596000.0,0.617,20.404,73.642,73.717,390394000.0,0.0,39.07,8.887,8.887,126337000.0,358888000.0,2161220000.0,2161220000.0,0.0,0.144,0.295,0.526,0.166,20850000.0,656207000.0,1.0,491623514.0,491604000,491604000.0,4.396,773954000.0,2222000.0,93896000.0,10612000.0,1.574,-157734000.0
3,ROL,MRT,2020-09-30,2020-09-30,2020-09-30,2021-09-09,-23153000.0,1806066000.0,1789575750.0,331836000.0,1474230000.0,1.191,1.897,-26135000.0,95440000.0,95440000.0,1036532000.0,248970000.0,0.707,0.936,382992000.0,87822000.0,295170000.0,382992000.0,139734000.0,86965000.0,0.0,0.008,0.29,346788000.0,433753000.0,0.204,433753000.0,346788000.0,339831000.0,0.497,0.497,0.497,932716000.0,852916750.0,932716000.0,18097761402.0,52.0,41.724,390155000.0,0.794,1.0,1094381000.0,0.514,1009598000.0,6957000.0,614881000.0,722436250.0,30386000.0,61521000.0,24091000.0,37430000.0,873350000.0,469139000.0,404211000.0,17761250402.0,-8902000.0,-78754000.0,-8159000.0,-156000000.0,-142488000.0,-333212000.0,-101670000.0,104000.0,416290000.0,9670000.0,248970000.0,248970000.0,248970000.0,0.0,0.0,0.117,747593000.0,346788000.0,56393000.0,0.584,19.043,71.339,72.689,398170000.0,0.0,36.127,8.335,8.335,138392000.0,528959000.0,2130913000.0,2130913000.0,0.0,0.139,0.292,0.48,0.163,21418000.0,651916000.0,1.0,491638228.0,491631000,491631000.0,4.334,796468000.0,2165000.0,90861000.0,15244000.0,1.62,-137303000.0
4,ROL,MRT,2020-06-30,2020-06-30,2020-06-30,2021-09-09,-29163000.0,1836382000.0,1779257500.0,363101000.0,1473281000.0,1.182,1.755,-26151000.0,134829000.0,134829000.0,1029776000.0,213452000.0,0.759,1.128,471340000.0,83994000.0,387346000.0,471340000.0,139541000.0,86251000.0,0.0,0.011,0.307,285985000.0,372236000.0,0.177,372236000.0,285985000.0,277068000.0,0.423,0.423,0.423,862830000.0,821462000.0,862830000.0,14330526163.0,50.0,38.498,386018000.0,0.785,1.0,1073905000.0,0.51,993028000.0,8917000.0,701692000.0,769954000.0,34064000.0,61566000.0,23285000.0,38281000.0,973552000.0,478173000.0,495379000.0,13894062163.0,36363000.0,-76105000.0,-8260000.0,-92875000.0,-150668000.0,-270401000.0,-99553000.0,104000.0,412169000.0,-5852000.0,213452000.0,213452000.0,213452000.0,0.0,0.0,0.101,787920000.0,285985000.0,48037000.0,0.726,16.103,65.092,66.809,406015000.0,0.0,28.26,6.605,6.605,129297000.0,475594000.0,2103681000.0,2103681000.0,0.0,0.12,0.26,0.371,0.136,14212000.0,651078000.0,1.0,491651174.0,491645000,491645000.0,4.279,843354000.0,2105000.0,63616000.0,14482000.0,1.715,-115072000.0
5,ROL,MRT,2020-03-31,2020-03-31,2020-03-31,2021-09-09,-38711000.0,1771479000.0,1752606250.0,304830000.0,1466649000.0,1.184,1.628,-27339000.0,92582000.0,92582000.0,1027487000.0,202389000.0,0.729,1.213,529046000.0,81594000.0,447452000.0,529046000.0,129352000.0,84458000.0,0.0,0.013,0.323,269863000.0,354321000.0,0.171,354321000.0,269863000.0,260507000.0,0.407,0.407,0.407,800371000.0,793820500.0,800371000.0,12244950864.0,45.0,34.559,322775000.0,0.657,1.0,1046822000.0,0.505,990605000.0,9356000.0,799470000.0,793484750.0,21527000.0,56161000.0,22209000.0,33952000.0,971108000.0,417868000.0,553240000.0,11845958864.0,-24025000.0,-470614000.0,-8919000.0,319800000.0,-158821000.0,136858000.0,-495601000.0,104000.0,350114000.0,-15396000.0,202389000.0,202389000.0,202389000.0,0.0,0.0,0.098,776959000.0,269863000.0,36844000.0,0.794,14.801,58.531,59.197,402829000.0,0.0,24.093,5.711,5.709,123166000.0,426450000.0,2074309000.0,2074309000.0,0.0,0.115,0.255,0.34,0.13,14088000.0,641711000.0,1.0,491669571.0,491524000,491524000.0,4.22,780874000.0,1961000.0,58118000.0,14257000.0,1.589,-113038000.0
6,ROL,MRT,2019-12-31,2019-12-31,2019-12-31,2021-09-09,-21109000.0,1744376000.0,1627754500.0,309787000.0,1434589000.0,1.238,1.661,-27146000.0,94276000.0,94276000.0,993593000.0,203347000.0,0.756,1.138,493268000.0,78617000.0,414651000.0,493268000.0,122825000.0,79544000.0,0.0,0.014,0.313,268077000.0,347621000.0,0.172,347621000.0,268077000.0,261160000.0,0.41,0.41,0.41,815750000.0,773508750.0,815750000.0,11277260634.0,42.0,32.441,292427000.0,0.595,1.0,1021884000.0,0.507,959631000.0,6917000.0,773702000.0,687384000.0,19476000.0,53059000.0,22267000.0,30792000.0,928626000.0,410035000.0,518591000.0,10857967634.0,-21209000.0,-429941000.0,-10009000.0,291500000.0,-153836000.0,111686000.0,-455107000.0,104000.0,319573000.0,2639000.0,203347000.0,203347000.0,203347000.0,0.0,0.0,0.101,753807000.0,268077000.0,35234000.0,0.763,13.31,53.396,53.919,396260000.0,0.0,22.107,5.387,5.388,122766000.0,256300000.0,2015477000.0,2015477000.0,0.0,0.125,0.263,0.39,0.133,14158000.0,623379000.0,1.0,491162589.0,491216000,491216000.0,4.103,784745000.0,2180000.0,57813000.0,9927000.0,1.598,-100248000.0
7,ROL,MRT,2019-09-30,2019-09-30,2019-09-30,2021-09-09,-26746000.0,1764793000.0,1465191500.0,324188000.0,1440605000.0,1.334,1.643,-26235000.0,104362000.0,104362000.0,960544000.0,203550000.0,0.789,1.187,523655000.0,76452000.0,447203000.0,523655000.0,132915000.0,73031000.0,0.0,0.015,0.334,264784000.0,337815000.0,0.173,337815000.0,264784000.0,260623000.0,0.417,0.417,0.417,806897000.0,747548250.0,806897000.0,11598438069.0,44.0,34.334,303782000.0,0.618,1.0,993571000.0,0.508,968254000.0,4161000.0,804952000.0,510926250.0,17500000.0,54571000.0,23821000.0,30750000.0,957896000.0,410880000.0,547016000.0,11157461069.0,-14310000.0,-435621000.0,-9943000.0,326000000.0,-164158000.0,125198000.0,-459258000.0,297000.0,330017000.0,-10247000.0,203550000.0,203550000.0,203550000.0,0.0,0.0,0.104,728787000.0,264784000.0,32932000.0,0.801,13.828,54.814,54.468,394403000.0,0.0,22.713,5.71,5.709,132065000.0,419993000.0,1954115000.0,1954115000.0,0.0,0.139,0.272,0.518,0.136,14587000.0,604344000.0,1.0,491229574.0,491188500,491188500.0,3.978,796539000.0,0.0,57073000.0,7971000.0,1.622,-86692000.0
8,ROL,MRT,2019-06-30,2019-06-30,2019-06-30,2021-09-09,-68508000.0,1729777000.0,1306386500.0,319845000.0,1409932000.0,1.443,1.531,-26369000.0,98466000.0,98466000.0,928113000.0,226117000.0,0.772,1.299,539443000.0,74695000.0,464748000.0,539443000.0,133672000.0,68208000.0,0.0,0.014,0.327,305646000.0,373854000.0,0.198,373854000.0,305646000.0,304374000.0,0.463,0.463,0.463,752264000.0,729513500.0,752264000.0,11814115280.0,39.0,31.601,284699000.0,0.58,1.0,957275000.0,0.508,960598000.0,1272000.0,795815000.0,330974750.0,17579000.0,52209000.0,21598000.0,30611000.0,977513000.0,414341000.0,563172000.0,11748493280.0,10581000.0,-431616000.0,-10037000.0,347875000.0,-160299000.0,159177000.0,-455083000.0,297000.0,311068000.0,-4581000.0,226117000.0,226117000.0,226117000.0,0.0,0.0,0.12,651629000.0,305646000.0,37644000.0,0.706,15.618,51.958,51.649,392379000.0,0.0,23.913,6.231,6.231,130696000.0,410326000.0,1885388000.0,1885388000.0,0.0,0.173,0.31,0.923,0.162,14942000.0,582248000.0,1.0,491294673.0,491259000,491259000.0,3.838,769179000.0,0.0,78257000.0,0.0,1.566,-94496000.0
9,ROL,MRT,2019-03-31,2019-03-31,2019-03-31,2021-09-09,-68736000.0,1272072000.0,1150237750.0,289939000.0,982133000.0,1.601,1.464,-27526000.0,116607000.0,116607000.0,905552000.0,227364000.0,0.822,0.769,182229000.0,60454000.0,121775000.0,182229000.0,123935000.0,64442000.0,0.0,0.011,0.319,307040000.0,371482000.0,0.202,371482000.0,307040000.0,307592000.0,0.463,0.463,0.463,719124000.0,715400250.0,719124000.0,13516430594.0,44.0,36.385,260549000.0,0.53,1.0,936340000.0,0.508,609915000.0,-552000.0,375067000.0,155155000.0,16572000.0,45634000.0,19258000.0,26376000.0,552948000.0,352712000.0,200236000.0,13631915594.0,32288000.0,-40095000.0,-9437000.0,0.0,-156472000.0,-181845000.0,-64898000.0,297000.0,288075000.0,-9044000.0,227364000.0,227364000.0,227364000.0,0.0,0.0,0.123,629300000.0,307040000.0,27496000.0,0.689,18.956,59.956,59.928,318982000.0,0.0,27.747,7.401,7.4,104593000.0,380398000.0,1841892000.0,1841892000.0,0.0,0.198,0.318,1.979,0.167,14522000.0,563741000.0,1.0,491299216.0,491259000,491259000.0,3.749,662157000.0,961000.0,80228000.0,0.0,1.348,-62773000.0
10,ROL,MRT,2018-12-31,2018-12-31,2018-12-31,2021-09-09,-71078000.0,1094124000.0,1094893750.0,286021000.0,808103000.0,1.664,1.45,-27179000.0,115485000.0,115485000.0,894437000.0,231663000.0,0.956,0.537,0.0,0.0,0.0,0.0,116005000.0,64675000.0,0.0,0.013,0.311,310513000.0,375188000.0,0.206,375188000.0,310513000.0,310733000.0,0.47,0.47,0.47,711908000.0,701310000.0,711908000.0,11697541933.0,38.0,31.178,272222000.0,0.554,1.0,927128000.0,0.509,611739000.0,-220000.0,67871000.0,77542000.0,15788000.0,46681000.0,18454000.0,28227000.0,382216000.0,299029000.0,83187000.0,11816193933.0,8435000.0,-76426000.0,-9541000.0,0.0,-152742000.0,-175412000.0,-101375000.0,297000.0,299401000.0,-14179000.0,231663000.0,231663000.0,231663000.0,0.0,0.0,0.127,616615000.0,310513000.0,27168000.0,0.662,16.598,51.006,51.206,136885000.0,0.0,24.067,6.487,6.486,104016000.0,370292000.0,1821565000.0,1821565000.0,0.0,0.212,0.33,4.004,0.17,13726000.0,550698000.0,1.0,490977587.0,490936000,490936000.0,3.71,482385000.0,6915000.0,79070000.0,0.0,0.983,-13008000.0
11,ROL,MRT,2018-09-30,2018-09-30,2018-09-30,2021-09-09,-54637000.0,1129573000.0,1079778500.0,303080000.0,826493000.0,1.659,1.497,-27108000.0,118652000.0,118652000.0,880721000.0,214430000.0,0.98,0.537,0.0,0.0,0.0,0.0,123916000.0,64052000.0,0.0,0.01,0.282,307616000.0,371668000.0,0.207,371668000.0,307616000.0,307805000.0,0.436,0.436,0.436,734758000.0,686814000.0,734758000.0,13153134084.0,43.0,35.389,232149000.0,0.473,1.0,910934000.0,0.508,616394000.0,-189000.0,85146000.0,78352500.0,16093000.0,47266000.0,20384000.0,26882000.0,394815000.0,309381000.0,85434000.0,13241019084.0,5255000.0,-73668000.0,-9586000.0,0.0,-138512000.0,-148098000.0,-99666000.0,-264000.0,259257000.0,-6238000.0,214430000.0,214430000.0,214430000.0,0.0,0.0,0.12,602976000.0,307958000.0,29991000.0,0.647,18.021,61.75,61.865,136857000.0,0.0,26.973,7.39,7.392,122375000.0,489501000.0,1791655000.0,1791655000.0,0.0,0.199,0.312,3.926,0.172,13023000.0,538618000.0,1.0,490892947.0,490981500,490981500.0,3.649,513179000.0,5863000.0,93375000.0,0.0,1.045,-6301000.0
12,ROL,MRT,2018-06-30,2018-06-30,2018-06-30,2021-09-09,-54026000.0,1105182000.0,1059017000.0,288472000.0,816710000.0,1.657,1.417,-27704000.0,87885000.0,87885000.0,863215000.0,199232000.0,0.904,0.588,0.0,0.0,0.0,0.0,124784000.0,61498000.0,0.0,0.012,0.271,300350000.0,361848000.0,0.206,361848000.0,300350000.0,300476000.0,0.409,0.409,0.409,695811000.0,665734250.0,695811000.0,11388002833.0,38.0,31.472,218267000.0,0.445,1.0,891143000.0,0.508,605530000.0,-126000.0,92536000.0,73081750.0,16098000.0,44594000.0,18359000.0,26235000.0,409371000.0,319231000.0,90140000.0,11472321833.0,-106952000.0,-178141000.0,-9895000.0,0.0,-133042000.0,-142937000.0,-205540000.0,-264000.0,245971000.0,-4446000.0,199232000.0,199232000.0,199232000.0,0.0,0.0,0.114,590530000.0,300613000.0,32073000.0,0.663,16.488,57.583,57.137,137654000.0,0.0,23.369,6.539,6.539,115672000.0,453408000.0,1754358000.0,1754358000.0,0.0,0.188,0.299,4.11,0.171,12394000.0,528478000.0,1.0,490922863.0,490923000,490923000.0,3.574,499652000.0,7923000.0,101244000.0,0.0,1.018,-30759000.0
13,ROL,MRT,2018-03-31,2018-03-31,2018-03-31,2021-09-09,-48908000.0,1050696000.0,1027853000.0,240704000.0,809992000.0,1.661,1.35,-25360000.0,84319000.0,84319000.0,836923000.0,187379000.0,0.805,0.585,0.0,0.0,0.0,0.0,117934000.0,58678000.0,0.0,0.011,0.26,296047000.0,354725000.0,0.208,354725000.0,296047000.0,296438000.0,0.387,0.387,0.387,662763000.0,646147000.0,662763000.0,11028202473.0,37.0,31.089,225987000.0,0.46,1.0,870529000.0,0.51,602689000.0,-391000.0,64615000.0,70780750.0,15885000.0,39284000.0,16979000.0,22305000.0,387933000.0,299073000.0,88860000.0,11135252473.0,-78159000.0,-169795000.0,-9991000.0,0.0,-127561000.0,-137552000.0,-194965000.0,-264000.0,251347000.0,3011000.0,187379000.0,187379000.0,187379000.0,0.0,0.0,0.11,574219000.0,296310000.0,30624000.0,0.672,16.801,59.426,58.605,136272000.0,0.0,22.68,6.522,6.52,96459000.0,418406000.0,1707452000.0,1707452000.0,0.0,0.182,0.29,4.183,0.173,12225000.0,514766000.0,1.0,490972331.0,490866000,490866000.0,3.478,448007000.0,10428000.0,109059000.0,0.0,0.913,-58369000.0
14,ROL,MRT,2017-12-31,2017-12-31,2017-12-31,2021-09-09,-45956000.0,1033663000.0,996395250.0,262795000.0,770868000.0,1.68,1.333,-24680000.0,107050000.0,107050000.0,819943000.0,179124000.0,0.892,0.581,0.0,0.0,0.0,0.0,109029000.0,55533000.0,0.0,0.012,0.249,294243000.0,349776000.0,0.209,349776000.0,294243000.0,294502000.0,0.367,0.367,0.367,653924000.0,626344000.0,653924000.0,10028987916.0,34.0,28.673,210690000.0,0.43,1.0,854014000.0,0.51,560931000.0,-259000.0,71113000.0,74180500.0,14983000.0,37677000.0,17263000.0,20414000.0,379739000.0,294569000.0,85170000.0,10142383916.0,-35735000.0,-129670000.0,-8246000.0,0.0,-122017000.0,-130263000.0,-154175000.0,-264000.0,235370000.0,13333000.0,179124000.0,179124000.0,179124000.0,0.0,0.0,0.107,559771000.0,294243000.0,26161000.0,0.678,15.51,56.622,56.349,134088000.0,0.0,20.68,6.059,6.059,97802000.0,291487000.0,1673957000.0,1673957000.0,0.0,0.18,0.286,3.967,0.176,12399000.0,503433000.0,1.0,490444096.0,490473000,490473000.0,3.413,472732000.0,18420000.0,115378000.0,0.0,0.964,-31774000.0
15,ROL,MRT,2017-09-30,2017-09-30,2017-09-30,2021-09-09,-59601000.0,1046527000.0,967114000.0,282926000.0,763601000.0,1.701,1.326,-23170000.0,113396000.0,113396000.0,805419000.0,183396000.0,0.916,0.609,0.0,0.0,0.0,0.0,118950000.0,54451000.0,0.0,0.012,0.242,278225000.0,332676000.0,0.202,332676000.0,278225000.0,278488000.0,0.376,0.376,0.376,650439000.0,604999250.0,650439000.0,9863274292.0,35.0,29.648,234583000.0,0.478,1.0,839439000.0,0.51,560282000.0,-263000.0,64063000.0,76232500.0,15380000.0,36203000.0,17208000.0,18995000.0,396088000.0,308786000.0,87302000.0,10058111292.0,-25866000.0,-132428000.0,-8218000.0,0.0,-118678000.0,-126733000.0,-154816000.0,0.0,257753000.0,-2070000.0,183396000.0,183396000.0,183396000.0,0.0,0.0,0.111,561297000.0,278142000.0,36195000.0,0.644,15.464,54.844,54.539,132865000.0,0.0,20.507,6.115,6.115,110325000.0,413583000.0,1644858000.0,1644858000.0,0.0,0.19,0.303,3.65,0.169,12229000.0,506074000.0,1.0,490480070.0,490473000,490473000.0,3.354,486245000.0,32491000.0,95092000.0,0.0,0.991,-25860000.0
16,ROL,MRT,2017-06-30,2017-06-30,2017-06-30,2021-09-09,-63686000.0,980526000.0,935861000.0,361626000.0,618900000.0,1.729,1.259,-24314000.0,194837000.0,194837000.0,792246000.0,181617000.0,1.26,0.588,0.0,0.0,0.0,0.0,112973000.0,53221000.0,0.0,0.013,0.236,275630000.0,328851000.0,0.203,328851000.0,275630000.0,275893000.0,0.371,0.371,0.371,617462000.0,585946750.0,617462000.0,8712667372.0,32.0,26.494,225597000.0,0.46,1.0,826164000.0,0.51,415260000.0,-263000.0,83332000.0,82358500.0,15507000.0,36301000.0,16834000.0,19467000.0,363064000.0,287097000.0,75967000.0,8875145372.0,68372000.0,-16593000.0,-20158000.0,0.0,-115431000.0,-134998000.0,-39845000.0,0.0,249911000.0,-6696000.0,181617000.0,181617000.0,181617000.0,0.0,0.0,0.112,550556000.0,275608000.0,33777000.0,0.636,14.374,48.867,48.769,131443000.0,0.0,18.093,5.484,5.484,101229000.0,387218000.0,1618410000.0,1618410000.0,0.0,0.194,0.31,3.347,0.17,11819000.0,496549000.0,1.0,490520194.0,490504500,490504500.0,3.299,565266000.0,34203000.0,94276000.0,0.0,1.152,74529000.0
17,ROL,MRT,2017-03-31,2017-03-31,2017-03-31,2021-09-09,-66068000.0,924865000.0,917129750.0,305755000.0,619110000.0,1.74,1.19,-29579000.0,162478000.0,162478000.0,783709000.0,175711000.0,1.143,0.585,0.0,0.0,0.0,0.0,104325000.0,52025000.0,0.0,0.014,0.229,266643000.0,318668000.0,0.2,318668000.0,266643000.0,266716000.0,0.358,0.358,0.358,583551000.0,571161250.0,583551000.0,7952751440.0,30.0,24.956,212373000.0,0.433,1.0,812279000.0,0.509,416658000.0,-73000.0,78214000.0,83833500.0,14736000.0,31521000.0,15177000.0,16344000.0,341314000.0,267515000.0,73799000.0,8095536440.0,31240000.0,-27389000.0,-29769000.0,0.0,-112205000.0,-141294000.0,-55152000.0,0.0,241952000.0,-14266000.0,175711000.0,175711000.0,175711000.0,0.0,0.0,0.11,545746000.0,266533000.0,31946000.0,0.64,13.873,46.073,46.096,132101000.0,0.0,16.502,5.072,5.071,85178000.0,358588000.0,1595988000.0,1595988000.0,0.0,0.192,0.308,3.181,0.167,11677000.0,493427000.0,1.0,490572502.0,490434750,490434750.0,3.254,508207000.0,36414000.0,91005000.0,0.0,1.036,38240000.0
18,ROL,MRT,2016-12-31,2016-12-31,2016-12-31,2021-09-09,-70075000.0,916538000.0,904167250.0,290171000.0,626367000.0,1.74,1.158,-33081000.0,142785000.0,142785000.0,772348000.0,167369000.0,1.048,0.612,0.0,0.0,0.0,0.0,99820000.0,49894000.0,0.0,0.015,0.222,260636000.0,310530000.0,0.197,310530000.0,260636000.0,260636000.0,0.34,0.34,0.34,568545000.0,560663250.0,568545000.0,7219051222.0,28.0,23.248,193444000.0,0.394,1.0,801129000.0,0.509,417441000.0,0.0,79321000.0,81467000.0,13724000.0,32716000.0,15968000.0,16748000.0,347993000.0,276991000.0,71002000.0,7358314222.0,8211000.0,-45609000.0,-31068000.0,0.0,-109002000.0,-136371000.0,-76842000.0,0.0,226525000.0,-5101000.0,167369000.0,167369000.0,167369000.0,0.0,0.0,0.106,540653000.0,260476000.0,30284000.0,0.653,12.942,43.965,44.157,133477000.0,0.0,15.013,4.676,4.685,88490000.0,343376000.0,1573477000.0,1573477000.0,0.0,0.185,0.299,3.199,0.166,8716000.0,490528000.0,1.0,490118620.0,491049000,491049000.0,3.204,499097000.0,41877000.0,93267000.0,0.0,1.016,13180000.0
19,ROL,MRT,2016-09-30,2016-09-30,2016-09-30,2021-09-09,-66756000.0,921515000.0,887195500.0,299906000.0,621609000.0,1.747,1.17,-38010000.0,139263000.0,139263000.0,761588000.0,161111000.0,1.104,0.605,0.0,0.0,0.0,0.0,110848000.0,46030000.0,0.0,0.016,0.213,259905000.0,305935000.0,0.197,305935000.0,259905000.0,259905000.0,0.333,0.333,0.333,574229000.0,549534250.0,574229000.0,6265363714.0,24.0,20.479,172681000.0,0.352,1.0,788775000.0,0.509,422039000.0,0.0,88567000.0,79692000.0,13787000.0,32266000.0,15984000.0,16282000.0,347286000.0,271646000.0,75640000.0,6391828714.0,4953000.0,-42294000.0,-31043000.0,0.0,-104825000.0,-132149000.0,-78978000.0,0.0,210691000.0,5389000.0,161111000.0,161111000.0,161111000.0,0.0,0.0,0.104,529052000.0,259723000.0,26436000.0,0.64,11.131,39.673,39.079,134166000.0,0.0,13.013,4.123,4.118,99113000.0,348866000.0,1550363000.0,1550363000.0,0.0,0.182,0.293,3.261,0.168,8446000.0,481808000.0,1.0,491175362.0,490587750,490587750.0,3.16,499476000.0,32749000.0,98794000.0,0.0,1.018,28260000.0
20,ROL,MRT,2016-06-30,2016-06-30,2016-06-30,2021-09-09,-63799000.0,905601000.0,872401500.0,286587000.0,619014000.0,1.749,1.136,-41754000.0,126465000.0,126465000.0,751469000.0,156506000.0,1.056,0.622,0.0,0.0,0.0,0.0,109733000.0,44103000.0,0.0,0.016,0.204,252372000.0,296475000.0,0.194,296475000.0,252372000.0,252372000.0,0.324,0.324,0.324,558320000.0,535834500.0,558320000.0,6270063290.0,25.0,21.149,161869000.0,0.329,1.0,774646000.0,0.508,418605000.0,0.0,89232000.0,75481000.0,14635000.0,31880000.0,15263000.0,16617000.0,347281000.0,271299000.0,75982000.0,6401301290.0,16781000.0,-37121000.0,-18599000.0,0.0,-100484000.0,-115710000.0,-76086000.0,0.0,203623000.0,4954000.0,156506000.0,156506000.0,156506000.0,0.0,0.0,0.103,522459000.0,252187000.0,27628000.0,0.63,11.465,40.901,40.151,133519000.0,0.0,13.009,4.195,4.189,96959000.0,332176000.0,1526115000.0,1526115000.0,0.0,0.179,0.292,3.344,0.165,8998000.0,478345000.0,1.0,492071332.0,491483250,491483250.0,3.105,486996000.0,34403000.0,95866000.0,0.0,0.991,15288000.0
21,ROL,MRT,2016-03-31,2016-03-31,2016-03-31,2021-09-09,-61286000.0,873015000.0,858191500.0,270121000.0,602894000.0,1.756,1.101,-40140000.0,131238000.0,131238000.0,745735000.0,153796000.0,1.028,0.612,0.0,0.0,0.0,0.0,102303000.0,42998000.0,0.0,0.016,0.196,247744000.0,290742000.0,0.193,290742000.0,247744000.0,247744000.0,0.32,0.32,0.32,541559000.0,520565250.0,541559000.0,5799457141.0,23.0,19.947,153506000.0,0.312,1.0,761397000.0,0.505,410161000.0,0.0,68748000.0,71393000.0,13616000.0,26509000.0,13150000.0,13359000.0,331456000.0,262868000.0,68588000.0,5934031141.0,37849000.0,-25642000.0,-9695000.0,0.0,-96127000.0,-103138000.0,-63710000.0,0.0,193646000.0,11051000.0,153796000.0,153796000.0,153796000.0,0.0,0.0,0.102,513816000.0,247581000.0,21657000.0,0.613,10.957,38.584,37.667,127427000.0,0.0,12.053,3.937,3.935,86012000.0,315676000.0,1507132000.0,1507132000.0,0.0,0.179,0.295,3.47,0.164,9886000.0,470422000.0,1.0,492314530.0,492043500,492043500.0,3.063,462854000.0,36829000.0,93948000.0,0.0,0.941,7253000.0
22,ROL,MRT,2015-12-31,2015-12-31,2015-12-31,2021-09-09,-71178000.0,848651000.0,840253250.0,269434000.0,579217000.0,1.768,1.066,-39495000.0,134574000.0,134574000.0,735976000.0,152149000.0,1.065,0.619,0.0,0.0,0.0,0.0,96192000.0,42139000.0,0.0,0.016,0.187,243178000.0,285317000.0,0.192,285317000.0,243178000.0,243178000.0,0.311,0.311,0.311,524029000.0,501920500.0,524029000.0,5527179625.0,23.0,19.372,156861000.0,0.319,1.0,749329000.0,0.504,388870000.0,0.0,72221000.0,68557500.0,12801000.0,27466000.0,13830000.0,13636000.0,324622000.0,252986000.0,71636000.0,5661489625.0,26202000.0,-32695000.0,-7407000.0,0.0,-91755000.0,-97216000.0,-69942000.0,0.0,196356000.0,-2996000.0,152149000.0,152149000.0,152149000.0,0.0,0.0,0.102,506311000.0,243018000.0,24919000.0,0.601,10.804,37.21,37.013,121356000.0,0.0,11.511,3.812,3.812,79864000.0,306892000.0,1485305000.0,1485305000.0,0.0,0.181,0.303,3.547,0.164,10164000.0,463742000.0,1.0,491828249.0,491811750,491811750.0,3.02,459781000.0,40665000.0,91029000.0,0.0,0.935,16448000.0
23,ROL,MRT,2015-09-30,2015-09-30,2015-09-30,2021-09-09,-80428000.0,862339000.0,830131000.0,319103000.0,543236000.0,1.767,1.056,-34658000.0,134310000.0,134310000.0,728720000.0,150317000.0,1.205,0.66,0.0,0.0,0.0,0.0,105725000.0,43200000.0,0.0,0.012,0.138,238052000.0,281252000.0,0.192,281252000.0,238052000.0,237914000.0,0.311,0.311,0.311,519430000.0,486582250.0,519430000.0,5763973592.0,24.0,20.494,145885000.0,0.297,1.0,738036000.0,0.503,391432000.0,138000.0,71723000.0,65021250.0,12964000.0,28428000.0,14211000.0,14217000.0,342909000.0,264874000.0,78035000.0,5873657592.0,20094000.0,-34407000.0,-7423000.0,0.0,-82241000.0,-87690000.0,-66034000.0,0.0,180543000.0,-6725000.0,150317000.0,150317000.0,150317000.0,0.0,0.0,0.102,500372000.0,237664000.0,21092000.0,0.444,11.308,39.075,38.399,115731000.0,0.0,11.942,4.005,4.004,90782000.0,314461000.0,1466756000.0,1466756000.0,0.0,0.181,0.309,3.661,0.162,10025000.0,457498000.0,1.0,491839582.0,491836500,491836500.0,2.982,470907000.0,50449000.0,87597000.0,0.0,0.957,54229000.0
24,ROL,MRT,2015-06-30,2015-06-30,2015-06-30,2021-09-09,-71709000.0,848761000.0,821204750.0,299057000.0,549704000.0,1.768,1.011,-34998000.0,109684000.0,109684000.0,722041000.0,146392000.0,1.133,0.707,0.0,0.0,0.0,0.0,107327000.0,43481000.0,0.0,0.011,0.135,231563000.0,275044000.0,0.189,275044000.0,231563000.0,231401000.0,0.302,0.302,0.302,497243000.0,479478000.0,497243000.0,6144427546.0,27.0,22.34,158392000.0,0.322,1.0,729839000.0,0.503,402262000.0,162000.0,72880000.0,58024250.0,14034000.0,28429000.0,14059000.0,14370000.0,351518000.0,263935000.0,87583000.0,6237816546.0,8165000.0,-33620000.0,-30131000.0,0.0,-80097000.0,-108258000.0,-67148000.0,0.0,193390000.0,-9819000.0,146392000.0,146392000.0,146392000.0,0.0,0.0,0.101,498643000.0,231196000.0,28550000.0,0.447,12.545,42.61,41.987,110375000.0,0.0,12.68,4.296,4.296,88267000.0,286892000.0,1451880000.0,1451880000.0,0.0,0.178,0.305,3.991,0.159,9361000.0,454319000.0,1.0,491941368.0,491879250,491879250.0,2.952,446499000.0,49250000.0,85009000.0,0.0,0.908,35122000.0
25,ROL,MRT,2015-03-31,2015-03-31,2015-03-31,2021-09-09,-72637000.0,801262000.0,810161750.0,255231000.0,546031000.0,1.764,0.95,-31894000.0,93389000.0,93389000.0,714474000.0,142179000.0,1.044,0.716,0.0,0.0,0.0,0.0,100104000.0,42844000.0,0.0,0.012,0.132,224900000.0,267744000.0,0.187,267744000.0,224900000.0,224738000.0,0.293,0.293,0.293,466980000.0,474052750.0,466980000.0,5299450314.0,24.0,19.793,165124000.0,0.336,1.0,714613000.0,0.5,406010000.0,162000.0,57406000.0,52027500.0,13766000.0,23614000.0,11964000.0,11650000.0,334282000.0,244457000.0,89825000.0,5407822314.0,10260000.0,-37410000.0,-35364000.0,0.0,-77932000.0,-109657000.0,-67443000.0,0.0,197018000.0,-9658000.0,142179000.0,142179000.0,142179000.0,0.0,0.0,0.099,490100000.0,224513000.0,21426000.0,0.451,11.58,38.035,37.512,105448000.0,0.0,10.991,3.784,3.782,76523000.0,259295000.0,1429087000.0,1429087000.0,0.0,0.175,0.3,4.323,0.157,7040000.0,446449000.0,1.0,492017800.0,491717250,491717250.0,2.906,395252000.0,49661000.0,82559000.0,0.0,0.804,10774000.0
26,ROL,MRT,2014-12-31,2014-12-31,2014-12-31,2021-09-09,-65488000.0,808162000.0,801261500.0,283958000.0,524204000.0,1.762,0.94,-28739000.0,108372000.0,108372000.0,707739000.0,137664000.0,1.124,0.747,0.0,0.0,0.0,0.0,94056000.0,42277000.0,0.0,0.013,0.129,219484000.0,261761000.0,0.185,261761000.0,219484000.0,219484000.0,0.28,0.28,0.28,462676000.0,469749250.0,462676000.0,4702693773.0,21.0,17.966,165407000.0,0.336,1.0,703827000.0,0.499,389035000.0,0.0,58076000.0,47615750.0,14078000.0,24021000.0,12234000.0,11787000.0,345486000.0,252679000.0,92807000.0,4816909773.0,-9844000.0,-62770000.0,-35513000.0,0.0,-75750000.0,-106519000.0,-89471000.0,0.0,194146000.0,-8000000.0,137664000.0,137664000.0,137664000.0,0.0,0.0,0.098,484597000.0,219230000.0,22878000.0,0.461,10.411,34.99,35.026,101669000.0,0.0,9.807,3.412,3.419,77854000.0,247042000.0,1411566000.0,1411566000.0,0.0,0.172,0.293,4.609,0.155,5835000.0,441706000.0,1.0,491150166.0,492063750,492063750.0,2.869,419127000.0,50645000.0,81820000.0,0.0,0.852,31279000.0
27,ROL,MRT,2014-09-30,2014-09-30,2014-09-30,2021-09-09,-34220000.0,826634000.0,784025250.0,287345000.0,539289000.0,1.776,0.998,-28032000.0,114216000.0,114216000.0,700117000.0,135704000.0,1.073,0.684,0.0,0.0,0.0,0.0,104296000.0,41825000.0,0.0,0.014,0.124,214432000.0,256257000.0,0.184,256257000.0,214432000.0,214135000.0,0.279,0.279,0.279,491013000.0,463644000.0,491013000.0,4166022232.0,19.0,16.257,164541000.0,0.334,1.0,692205000.0,0.497,400826000.0,297000.0,43735000.0,44295000.0,12526000.0,25143000.0,12867000.0,12276000.0,335621000.0,267857000.0,67764000.0,4267541232.0,-2518000.0,-59776000.0,-35515000.0,0.0,-72171000.0,-102966000.0,-86802000.0,0.0,192573000.0,-5323000.0,135704000.0,135704000.0,135704000.0,0.0,0.0,0.097,478320000.0,213885000.0,26293000.0,0.444,8.691,31.447,31.095,101986000.0,0.0,8.676,3.065,3.066,87755000.0,319691000.0,1392322000.0,1392322000.0,0.0,0.173,0.293,4.841,0.154,5852000.0,436957000.0,1.0,491904087.0,492075000,492075000.0,2.829,425808000.0,42280000.0,78431000.0,397000.0,0.865,19488000.0
28,ROL,MRT,2014-06-30,2014-06-30,2014-06-30,2021-09-09,-27531000.0,804589000.0,767582750.0,273465000.0,531124000.0,1.784,0.966,-20489000.0,101519000.0,101519000.0,692442000.0,130783000.0,1.054,0.692,0.0,0.0,0.0,0.0,105455000.0,40464000.0,0.0,0.013,0.119,206404000.0,246868000.0,0.18,246868000.0,206404000.0,206232000.0,0.268,0.268,0.268,475542000.0,442713750.0,475542000.0,4297577800.0,21.0,17.408,159046000.0,0.323,1.0,677165000.0,0.494,394746000.0,172000.0,48893000.0,45513000.0,13136000.0,25776000.0,12821000.0,12955000.0,329047000.0,259431000.0,69616000.0,4380706800.0,9922000.0,-69573000.0,-17367000.0,0.0,-69974000.0,-82296000.0,-88815000.0,0.0,179535000.0,1498000.0,130783000.0,130783000.0,130783000.0,0.0,0.0,0.095,471308000.0,205857000.0,27972000.0,0.444,9.212,33.496,33.167,94678000.0,0.0,8.889,3.199,3.195,86156000.0,299975000.0,1369607000.0,1369607000.0,0.0,0.17,0.295,4.535,0.151,5657000.0,431220000.0,1.0,492829515.0,492329250,492329250.0,2.782,409843000.0,45345000.0,75449000.0,0.0,0.832,14034000.0
29,ROL,MRT,2014-03-31,2014-03-31,2014-03-31,2021-09-09,-30237000.0,765661000.0,750702750.0,241004000.0,524657000.0,1.8,0.913,-19049000.0,83129000.0,83129000.0,684161000.0,125917000.0,0.962,0.702,0.0,0.0,0.0,0.0,98461000.0,39624000.0,0.0,0.013,0.113,198011000.0,237635000.0,0.176,237635000.0,198011000.0,197839000.0,0.258,0.258,0.258,449766000.0,420030000.0,449766000.0,4299650109.0,22.0,18.094,146012000.0,0.296,1.0,666887000.0,0.494,392271000.0,172000.0,39759000.0,47109750.0,12688000.0,22476000.0,11230000.0,11246000.0,315895000.0,250502000.0,65393000.0,4417866109.0,650000.0,-65086000.0,-15885000.0,0.0,-67813000.0,-79270000.0,-83373000.0,0.0,165061000.0,-1768000.0,125917000.0,125917000.0,125917000.0,0.0,0.0,0.093,469464000.0,197423000.0,26581000.0,0.438,9.823,35.086,34.729,92026000.0,0.0,8.96,3.27,3.268,75307000.0,279986000.0,1351048000.0,1351048000.0,0.0,0.168,0.3,4.203,0.147,6218000.0,429986000.0,1.0,493065414.0,492718500,492718500.0,2.742,373390000.0,44313000.0,71922000.0,0.0,0.758,-9498000.0
30,ROL,MRT,2013-12-31,2013-12-31,2013-12-31,2021-09-09,-31771000.0,739217000.0,736147000.0,274442000.0,464775000.0,1.817,0.889,-18632000.0,118216000.0,118216000.0,678459000.0,123330000.0,1.164,0.687,0.0,0.0,0.0,0.0,91014000.0,39304000.0,0.0,0.012,0.107,191606000.0,230910000.0,0.173,230910000.0,191606000.0,191606000.0,0.249,0.249,0.249,438255000.0,398830000.0,438255000.0,4301940789.0,22.0,18.63,144033000.0,0.292,1.0,658915000.0,0.493,340416000.0,0.0,44793000.0,47760750.0,12251000.0,23828000.0,12220000.0,11608000.0,300962000.0,235792000.0,65170000.0,4418674789.0,53134000.0,-12530000.0,-13717000.0,0.0,-65658000.0,-75653000.0,-30790000.0,0.0,162665000.0,-3088000.0,123330000.0,123330000.0,123330000.0,0.0,0.0,0.092,467694000.0,191221000.0,23194000.0,0.43,10.082,35.828,36.043,87215000.0,0.0,8.975,3.304,3.309,72849000.0,270397000.0,1337374000.0,1337374000.0,0.0,0.168,0.309,4.012,0.143,6705000.0,428288000.0,1.0,492341612.0,493022250,493022250.0,2.713,398801000.0,44062000.0,68276000.0,0.0,0.809,38650000.0
31,ROL,MRT,2013-09-30,2013-09-30,2013-09-30,2021-09-09,-58218000.0,760864000.0,724469250.0,276681000.0,484183000.0,1.821,0.827,-20580000.0,116734000.0,116734000.0,674127000.0,118287000.0,1.113,0.868,0.0,0.0,0.0,0.0,100114000.0,38967000.0,0.0,0.015,0.116,185269000.0,224236000.0,0.17,224236000.0,185269000.0,185446000.0,0.243,0.243,0.243,407292000.0,378005250.0,407292000.0,3780934916.0,20.0,16.861,128746000.0,0.261,1.0,644933000.0,0.489,346964000.0,-177000.0,48607000.0,47748000.0,11836000.0,25462000.0,12740000.0,12722000.0,353572000.0,248559000.0,105013000.0,3872531916.0,23021000.0,-26366000.0,-13699000.0,0.0,-68606000.0,-78570000.0,-45974000.0,0.0,149326000.0,-1761000.0,118287000.0,118287000.0,118287000.0,0.0,0.0,0.09,459836000.0,185097000.0,26106000.0,0.477,9.508,32.738,32.324,85348000.0,0.0,7.855,2.936,2.934,80902000.0,268667000.0,1319060000.0,1319060000.0,0.0,0.163,0.313,3.88,0.14,6443000.0,419756000.0,1.0,493013776.0,492773625,492773625.0,2.677,413900000.0,60568000.0,67159000.0,0.0,0.84,28122000.0
32,ROL,MRT,2013-06-30,2013-06-30,2013-06-30,2021-09-09,-59079000.0,737069000.0,710760500.0,257792000.0,479277000.0,1.825,0.78,-21235000.0,91597000.0,91597000.0,663470000.0,114298000.0,1.043,0.915,0.0,0.0,0.0,0.0,100057000.0,38356000.0,0.0,0.015,0.113,179069000.0,217425000.0,0.168,217425000.0,179069000.0,179126000.0,0.234,0.234,0.234,384807000.0,368347250.0,384807000.0,3706157046.0,21.0,17.046,120220000.0,0.244,1.0,633614000.0,0.488,343126000.0,-57000.0,55280000.0,42469250.0,12117000.0,25277000.0,12443000.0,12834000.0,352262000.0,247066000.0,105196000.0,3788636046.0,29537000.0,-17226000.0,-9139000.0,0.0,-67143000.0,-72851000.0,-37545000.0,0.0,141455000.0,-1522000.0,114298000.0,114298000.0,114298000.0,0.0,0.0,0.088,454717000.0,178897000.0,30724000.0,0.483,9.846,33.147,32.795,84470000.0,0.0,7.674,2.921,2.92,79015000.0,249590000.0,1297084000.0,1297084000.0,0.0,0.161,0.31,4.216,0.138,6406000.0,415248000.0,1.0,493692921.0,493458750,493458750.0,2.629,393943000.0,60544000.0,64828000.0,0.0,0.798,10726000.0
33,ROL,MRT,2013-03-31,2013-03-31,2013-03-31,2021-09-09,-57744000.0,707438000.0,696686750.0,225206000.0,482232000.0,1.839,0.739,-20065000.0,82479000.0,82479000.0,655102000.0,111431000.0,0.963,0.938,0.0,0.0,0.0,0.0,96251000.0,38201000.0,0.0,0.015,0.11,174989000.0,213190000.0,0.166,213190000.0,174989000.0,175026000.0,0.228,0.228,0.228,364966000.0,358222250.0,364966000.0,3526803975.0,20.0,16.543,123551000.0,0.25,1.0,626056000.0,0.489,348738000.0,-37000.0,42363000.0,35933750.0,11801000.0,22112000.0,10898000.0,11214000.0,342472000.0,233858000.0,108614000.0,3591885975.0,22795000.0,-18811000.0,-19722000.0,0.0,-65702000.0,-82103000.0,-37907000.0,0.0,143616000.0,-811000.0,111431000.0,111431000.0,111431000.0,0.0,0.0,0.087,451112000.0,174944000.0,23078000.0,0.482,9.842,32.234,31.904,83295000.0,0.0,7.274,2.804,2.802,68194000.0,230785000.0,1281158000.0,1281158000.0,0.0,0.16,0.311,4.87,0.137,6347000.0,411798000.0,1.0,493792878.0,493553250,493553250.0,2.596,358700000.0,59421000.0,63595000.0,0.0,0.727,-8652000.0
34,ROL,MRT,2012-12-31,2012-12-31,2012-12-31,2021-09-09,-56967000.0,692506000.0,685528750.0,205992000.0,486514000.0,1.854,0.719,-19040000.0,65082000.0,65082000.0,647578000.0,111332000.0,0.902,0.951,0.0,0.0,0.0,0.0,87753000.0,38074000.0,0.0,0.016,0.107,176656000.0,214730000.0,0.169,214730000.0,176656000.0,176642000.0,0.225,0.225,0.225,354956000.0,351044500.0,354956000.0,3124961633.0,18.0,14.553,122879000.0,0.249,1.0,623331000.0,0.49,354266000.0,14000.0,44742000.0,31273500.0,11847000.0,23504000.0,11823000.0,11681000.0,337550000.0,228416000.0,109134000.0,3218674633.0,18807000.0,-24708000.0,-19938000.0,0.0,-64282000.0,-80989000.0,-42693000.0,0.0,141919000.0,570000.0,111332000.0,111332000.0,111332000.0,0.0,0.0,0.088,446675000.0,176656000.0,24854000.0,0.476,9.068,28.911,29.024,82263000.0,0.0,6.53,2.533,2.537,68920000.0,220752000.0,1270909000.0,1270909000.0,0.0,0.162,0.317,5.649,0.139,6263000.0,407488000.0,1.0,492877808.0,493759125,493782750.0,2.574,338240000.0,60179000.0,65310000.0,0.0,0.685,-22424000.0
35,ROL,MRT,2012-09-30,2012-09-30,2012-09-30,2021-09-09,-46954000.0,706029000.0,673814750.0,241678000.0,464351000.0,1.86,0.748,-17025000.0,93713000.0,93713000.0,635755000.0,110013000.0,1.004,0.915,0.0,0.0,0.0,0.0,95727000.0,38523000.0,0.0,0.013,0.092,176418000.0,214941000.0,0.171,214941000.0,176418000.0,176269000.0,0.225,0.225,0.225,368660000.0,343304750.0,368660000.0,3354537041.0,19.0,15.607,142628000.0,0.289,1.0,617817000.0,0.493,344223000.0,149000.0,27492000.0,26332750.0,10919000.0,24887000.0,12396000.0,12491000.0,337369000.0,240601000.0,96768000.0,3416597041.0,63494000.0,-12484000.0,-21278000.0,-5500000.0,-45328000.0,-68978000.0,-28458000.0,0.0,159653000.0,1277000.0,110013000.0,110013000.0,110013000.0,0.0,0.0,0.088,441399000.0,176418000.0,24679000.0,0.409,9.268,31.056,30.802,77521000.0,0.0,6.93,2.725,2.725,78748000.0,227013000.0,1253572000.0,1253572000.0,0.0,0.163,0.32,6.7,0.141,5907000.0,402471000.0,1.0,492989098.0,492949125,492955875.0,2.543,361806000.0,48927000.0,66256000.0,0.0,0.734,1077000.0
36,ROL,MRT,2012-06-30,2012-06-30,2012-06-30,2021-09-09,-48293000.0,680774000.0,655413250.0,210309000.0,470465000.0,1.888,0.697,-18471000.0,62060000.0,62060000.0,630374000.0,107217000.0,0.874,0.977,0.0,0.0,0.0,0.0,96127000.0,38395000.0,0.0,0.013,0.089,171801000.0,210196000.0,0.17,210196000.0,171801000.0,171592000.0,0.219,0.219,0.219,344307000.0,332764250.0,344307000.0,3224304904.0,19.0,15.34,135441000.0,0.274,1.0,606948000.0,0.491,348836000.0,209000.0,29138000.0,23158500.0,12162000.0,25391000.0,12822000.0,12569000.0,336467000.0,240740000.0,95727000.0,3283988904.0,36240000.0,-13374000.0,-31962000.0,-15000000.0,-43919000.0,-85720000.0,-30926000.0,0.0,153912000.0,-1026000.0,107217000.0,107217000.0,107217000.0,0.0,0.0,0.087,435147000.0,171801000.0,29676000.0,0.406,9.538,30.629,30.266,76963000.0,0.0,6.628,2.654,2.647,73784000.0,206474000.0,1237322000.0,1237322000.0,0.0,0.164,0.322,7.418,0.139,3379000.0,396347000.0,1.0,495460999.0,494157375,494194500.0,2.504,331938000.0,51565000.0,64375000.0,0.0,0.672,-30431000.0
37,ROL,MRT,2012-03-31,2012-03-31,2012-03-31,2021-09-09,-47460000.0,662806000.0,644502750.0,190575000.0,472231000.0,1.897,0.679,-19021000.0,59684000.0,59684000.0,624026000.0,105151000.0,0.834,0.971,0.0,0.0,0.0,0.0,92778000.0,38070000.0,0.0,0.014,0.086,168349000.0,206419000.0,0.169,206419000.0,168349000.0,167982000.0,0.213,0.213,0.213,336255000.0,324983250.0,336255000.0,3079079253.0,18.0,14.917,139761000.0,0.282,1.0,598860000.0,0.49,350817000.0,367000.0,23722000.0,19226750.0,10874000.0,22827000.0,11386000.0,11441000.0,326551000.0,228583000.0,97968000.0,3125354253.0,36344000.0,-13674000.0,-27124000.0,-25018000.0,-42518000.0,-89773000.0,-31954000.0,0.0,158782000.0,-711000.0,105151000.0,105151000.0,105151000.0,0.0,0.0,0.086,430511000.0,168349000.0,19214000.0,0.404,9.295,29.723,29.602,77146000.0,0.0,6.305,2.556,2.553,63790000.0,199373000.0,1222886000.0,1222886000.0,0.0,0.163,0.324,8.756,0.138,3158000.0,392036000.0,1.0,495680010.0,495102375,495159750.0,2.47,311989000.0,51493000.0,62831000.0,0.0,0.63,-38008000.0
38,ROL,MRT,2011-12-31,2011-12-31,2011-12-31,2021-09-09,-48090000.0,645650000.0,632352500.0,175822000.0,469828000.0,1.906,0.654,-18652000.0,46275000.0,46275000.0,616842000.0,100711000.0,0.778,0.993,0.0,0.0,0.0,0.0,85636000.0,37503000.0,0.0,0.013,0.083,161604000.0,199107000.0,0.165,199107000.0,161604000.0,161096000.0,0.204,0.204,0.204,323997000.0,316224500.0,323997000.0,3220381041.0,20.0,16.174,135995000.0,0.274,1.0,588222000.0,0.488,348545000.0,508000.0,24979000.0,17065500.0,11125000.0,22957000.0,11659000.0,11298000.0,321653000.0,225851000.0,95802000.0,3250600041.0,25362000.0,-11261000.0,-30146000.0,-30538000.0,-41110000.0,-99427000.0,-29154000.0,0.0,154647000.0,-704000.0,100711000.0,100711000.0,100711000.0,0.0,0.0,0.084,426618000.0,161604000.0,22584000.0,0.407,10.033,32.277,32.273,76858000.0,0.0,6.584,2.697,2.708,61687000.0,189282000.0,1205064000.0,1205064000.0,0.0,0.159,0.318,9.47,0.134,5188000.0,388710000.0,1.0,493734255.0,495726750,495942750.0,2.431,297105000.0,53876000.0,60385000.0,0.0,0.599,-50029000.0
39,ROL,MRT,2011-09-30,2011-09-30,2011-09-30,2021-09-09,-33548000.0,632423000.0,625693500.0,171880000.0,460543000.0,1.911,0.66,-19627000.0,30219000.0,30219000.0,613262000.0,98322000.0,0.729,0.937,0.0,0.0,0.0,0.0,95022000.0,37190000.0,0.0,0.014,0.08,157209000.0,194399000.0,0.163,194399000.0,157209000.0,156588000.0,0.199,0.199,0.199,326498000.0,309717750.0,326498000.0,2732761137.0,17.0,14.057,127113000.0,0.257,1.0,582674000.0,0.487,351496000.0,621000.0,14795000.0,15652000.0,10607000.0,22776000.0,11668000.0,11108000.0,305925000.0,235913000.0,70012000.0,2748581137.0,9969000.0,-22988000.0,-28921000.0,-27570000.0,-39699000.0,-93705000.0,-42532000.0,0.0,146740000.0,-534000.0,98322000.0,98322000.0,98322000.0,0.0,0.0,0.082,425465000.0,157209000.0,23951000.0,0.402,8.418,27.955,27.858,76046000.0,0.0,5.544,2.298,2.293,71715000.0,179217000.0,1195936000.0,1195936000.0,0.0,0.157,0.317,10.044,0.131,4839000.0,388152000.0,1.0,495802316.0,494602875,494805375.0,2.418,280927000.0,42798000.0,58266000.0,0.0,0.568,-64033000.0
40,ROL,MRT,2011-06-30,2011-06-30,2011-06-30,2021-09-09,-32131000.0,637132000.0,619494000.0,169476000.0,467656000.0,1.9,0.63,-16114000.0,25820000.0,25820000.0,604229000.0,94420000.0,0.68,1.034,10000000.0,10000000.0,0.0,10000000.0,93387000.0,36929000.0,0.0,0.013,0.077,151179000.0,188108000.0,0.16,188108000.0,151179000.0,150537000.0,0.19,0.19,0.19,313183000.0,299703500.0,313183000.0,3006237973.0,20.0,15.981,123242000.0,0.248,1.0,572896000.0,0.487,358652000.0,642000.0,13411000.0,14340250.0,12305000.0,23387000.0,12068000.0,11319000.0,323949000.0,249249000.0,74700000.0,3004577973.0,6534000.0,-40429000.0,-26487000.0,-13105000.0,-38291000.0,-77008000.0,-56455000.0,0.0,139356000.0,641000.0,94420000.0,94420000.0,94420000.0,0.0,0.0,0.08,421717000.0,151179000.0,31853000.0,0.405,9.594,31.821,31.782,74026000.0,0.0,6.039,2.552,2.549,71457000.0,170158000.0,1177125000.0,1177125000.0,0.0,0.152,0.315,10.542,0.128,6206000.0,384665000.0,1.0,497568727.0,496951875,497184750.0,2.369,278480000.0,40784000.0,56117000.0,0.0,0.56,-79773000.0
41,ROL,MRT,2011-03-31,2011-03-31,2011-03-31,2021-09-09,-31803000.0,614205000.0,605812750.0,147244000.0,466961000.0,1.907,0.605,-14841000.0,23340000.0,23340000.0,593012000.0,91059000.0,0.609,1.039,25000000.0,25000000.0,0.0,25000000.0,92193000.0,36608000.0,0.0,0.012,0.074,145878000.0,182486000.0,0.158,182486000.0,145878000.0,145348000.0,0.184,0.184,0.184,301220000.0,290300250.0,301220000.0,3001975371.0,21.0,16.45,113928000.0,0.229,1.0,562480000.0,0.487,358872000.0,530000.0,15077000.0,16635750.0,12680000.0,0.0,0.0,0.0,312985000.0,241916000.0,71069000.0,2996888371.0,9191000.0,-38405000.0,-32927000.0,1874000.0,-36907000.0,-67094000.0,-53387000.0,0.0,128769000.0,903000.0,91059000.0,91059000.0,91059000.0,0.0,0.0,0.079,416602000.0,145878000.0,23081000.0,0.402,9.949,32.912,32.689,73444000.0,0.0,6.015,2.594,2.591,79310000.0,159197000.0,1155492000.0,1155492000.0,0.0,0.15,0.314,8.769,0.126,6679000.0,379871000.0,1.0,498251145.0,497721375,498048750.0,2.322,255333000.0,41514000.0,54289000.0,0.0,0.513,-94672000.0
42,ROL,MRT,2010-12-31,2010-12-31,2010-12-31,2021-09-09,-32490000.0,619014000.0,593594750.0,151021000.0,467993000.0,1.915,0.596,-13036000.0,20913000.0,20913000.0,583089000.0,90002000.0,0.613,1.077,26000000.0,26000000.0,0.0,26000000.0,85489000.0,36408000.0,0.0,0.012,0.071,143982000.0,180390000.0,0.159,180390000.0,143982000.0,143545000.0,0.181,0.181,0.181,297970000.0,282911000.0,297970000.0,2909909205.0,20.0,16.131,111017000.0,0.222,1.0,553801000.0,0.487,358335000.0,437000.0,19325000.0,15289250.0,11899000.0,21237000.0,11044000.0,10193000.0,321044000.0,246441000.0,74603000.0,2906159205.0,11409000.0,-34616000.0,-29437000.0,-1724000.0,-35521000.0,-65497000.0,-47645000.0,0.0,124053000.0,498000.0,90002000.0,90002000.0,90002000.0,0.0,0.0,0.079,409819000.0,143982000.0,25940000.0,0.392,9.753,32.29,32.331,74013000.0,0.0,5.852,2.556,2.572,59389000.0,155463000.0,1136890000.0,1136890000.0,0.0,0.152,0.318,9.417,0.127,6353000.0,373288000.0,1.0,496622143.0,499601250,500279625.0,2.276,260679000.0,42502000.0,53543000.0,0.0,0.522,-95420000.0
43,ROL,MRT,2010-09-30,2010-09-30,2010-09-30,2021-09-09,-31844000.0,607625000.0,580465250.0,150861000.0,456764000.0,1.924,0.575,-12713000.0,20250000.0,20250000.0,572029000.0,90757000.0,0.59,1.121,24000000.0,24000000.0,0.0,24000000.0,95711000.0,36088000.0,0.0,0.015,0.067,136127000.0,172215000.0,0.154,172215000.0,136127000.0,135744000.0,0.182,0.182,0.182,286441000.0,274560000.0,286441000.0,2310023607.0,17.0,13.414,98359000.0,0.197,1.0,544500000.0,0.488,346171000.0,383000.0,9548000.0,15113000.0,11167000.0,0.0,0.0,0.0,321184000.0,255656000.0,65528000.0,2304309607.0,-5971000.0,-26385000.0,-33048000.0,-12886000.0,-33637000.0,-78555000.0,-38906000.0,0.0,111072000.0,418000.0,90757000.0,90757000.0,90757000.0,0.0,0.0,0.081,408373000.0,136127000.0,25693000.0,0.368,8.045,25.39,25.375,70782000.0,0.0,4.618,2.064,2.06,89607000.0,194130000.0,1116529000.0,1116529000.0,0.0,0.156,0.331,9.007,0.122,6293000.0,369350000.0,1.0,498954978.0,498089250,498679875.0,2.242,261454000.0,46933000.0,44987000.0,0.0,0.525,-104795000.0
44,ROL,MRT,2010-06-30,2010-06-30,2010-06-30,2021-09-09,-32149000.0,582407000.0,574940750.0,146310000.0,436097000.0,1.91,0.55,-14139000.0,19286000.0,19286000.0,563401000.0,87977000.0,0.616,1.113,25000000.0,25000000.0,0.0,25000000.0,93450000.0,36333000.0,0.0,0.015,0.063,131890000.0,168223000.0,0.153,168223000.0,131890000.0,131448000.0,0.177,0.177,0.177,275570000.0,266256750.0,275570000.0,2056120454.0,16.0,12.223,91649000.0,0.183,1.0,534862000.0,0.487,328058000.0,442000.0,22593000.0,15565750.0,11122000.0,0.0,0.0,0.0,306837000.0,237470000.0,69367000.0,2055269454.0,-3289000.0,-10049000.0,-27404000.0,-27363000.0,-31713000.0,-85939000.0,-24005000.0,0.0,105788000.0,867000.0,87977000.0,87977000.0,87977000.0,0.0,0.0,0.08,402972000.0,131890000.0,17599000.0,0.356,7.458,23.361,23.09,71260000.0,0.0,4.087,1.871,1.866,85693000.0,184897000.0,1098263000.0,1098263000.0,0.0,0.153,0.33,8.473,0.12,6580000.0,363674000.0,1.0,502890363.0,501410250,502193250.0,2.19,254349000.0,43522000.0,43471000.0,0.0,0.507,-91160000.0
45,ROL,MRT,2010-03-31,2010-03-31,2010-03-31,2021-09-09,-31725000.0,565333000.0,573999500.0,125645000.0,439688000.0,1.889,0.541,-13803000.0,14149000.0,14149000.0,556606000.0,85759000.0,0.559,1.081,15000000.0,15000000.0,0.0,15000000.0,89604000.0,36740000.0,0.0,0.014,0.059,129217000.0,165957000.0,0.153,165957000.0,129217000.0,128582000.0,0.172,0.172,0.172,271663000.0,256706750.0,271663000.0,2175215439.0,17.0,13.107,104645000.0,0.208,1.0,527421000.0,0.487,331630000.0,635000.0,9691000.0,12061750.0,10957000.0,0.0,0.0,0.0,293670000.0,224863000.0,68807000.0,2154719439.0,-808000.0,-10071000.0,-22683000.0,-45458000.0,-29759000.0,-97325000.0,-23496000.0,0.0,118448000.0,1565000.0,85759000.0,85759000.0,85759000.0,0.0,0.0,0.079,398204000.0,129217000.0,20671000.0,0.343,7.932,25.125,24.898,72203000.0,0.0,4.282,1.988,1.984,71958000.0,181414000.0,1084027000.0,1084027000.0,0.0,0.149,0.334,10.713,0.119,5650000.0,358517000.0,1.0,503148854.0,502233750,503175375.0,2.158,233703000.0,43404000.0,42823000.0,0.0,0.465,-99218000.0
46,ROL,MRT,2009-12-31,2009-12-31,2009-12-31,2021-09-09,-32127000.0,566496000.0,574395250.0,120530000.0,445966000.0,1.87,0.525,-15740000.0,9504000.0,9504000.0,551002000.0,83984000.0,0.518,1.141,30000000.0,30000000.0,0.0,30000000.0,85883000.0,37169000.0,0.0,0.014,0.055,127255000.0,164424000.0,0.153,164424000.0,127255000.0,126291000.0,0.166,0.166,0.166,264566000.0,245839750.0,264566000.0,1928586182.0,15.0,11.729,95106000.0,0.189,1.0,522956000.0,0.487,335619000.0,964000.0,18620000.0,12478750.0,10208000.0,0.0,0.0,0.0,301930000.0,232753000.0,69177000.0,1909484182.0,-4212000.0,-10910000.0,-28615000.0,-33471000.0,-27853000.0,-89753000.0,-26562000.0,0.0,110846000.0,1257000.0,83984000.0,83984000.0,83984000.0,0.0,0.0,0.078,395701000.0,127255000.0,15841000.0,0.331,7.217,22.736,22.942,74644000.0,0.0,3.808,1.778,1.785,72110000.0,125681000.0,1073958000.0,1073958000.0,0.0,0.146,0.342,10.198,0.118,5614000.0,355590000.0,1.0,501388157.0,503479125,504981000.0,2.133,230877000.0,43740000.0,42307000.0,0.0,0.459,-112223000.0
47,ROL,MRT,2009-09-30,2009-09-30,2009-09-30,2021-09-09,-32660000.0,585527000.0,575900500.0,141421000.0,444106000.0,1.845,0.505,-14490000.0,26221000.0,26221000.0,547490000.0,76576000.0,0.543,1.312,45323000.0,45263000.0,60000.0,45323000.0,95361000.0,37220000.0,0.0,0.014,0.053,126580000.0,163800000.0,0.154,163800000.0,126580000.0,124821000.0,0.154,0.151,0.154,253228000.0,236806500.0,253228000.0,1902139650.0,15.0,11.613,90835000.0,0.181,1.0,514977000.0,0.485,332607000.0,1759000.0,11359000.0,10048000.0,10341000.0,0.0,0.0,0.0,332299000.0,260663000.0,71636000.0,1869315650.0,9887000.0,-21235000.0,-37998000.0,5858000.0,-26986000.0,-58907000.0,-35682000.0,0.0,105325000.0,-849000.0,76576000.0,76576000.0,76576000.0,0.0,0.0,0.072,388397000.0,126580000.0,16616000.0,0.344,7.382,24.411,24.178,77223000.0,0.0,3.723,1.759,1.759,82687000.0,165999000.0,1062467000.0,1062467000.0,0.0,0.133,0.323,12.598,0.119,5275000.0,351147000.0,1.0,502037691.0,501820312,503354250.0,2.117,252920000.0,34297000.0,48245000.0,0.0,0.504,-119242000.0
48,ROL,MRT,2009-06-30,2009-06-30,2009-06-30,2021-09-09,-33827000.0,578642000.0,573844000.0,132015000.0,446627000.0,1.836,0.471,-13852000.0,22575000.0,22575000.0,545469000.0,73647000.0,0.493,1.438,55399000.0,55314000.0,85000.0,55399000.0,95355000.0,36930000.0,0.0,0.015,0.051,121927000.0,158857000.0,0.151,158857000.0,121927000.0,120153000.0,0.148,0.145,0.148,237370000.0,239264750.0,237370000.0,1776477095.0,15.0,11.183,88864000.0,0.176,1.0,508057000.0,0.482,335128000.0,1774000.0,8577000.0,9880250.0,11196000.0,0.0,0.0,0.0,341272000.0,267761000.0,73511000.0,1728958095.0,7303000.0,-19512000.0,-36177000.0,2061000.0,-26356000.0,-60300000.0,-33247000.0,0.0,102716000.0,-1866000.0,73647000.0,73647000.0,73647000.0,0.0,0.0,0.07,386130000.0,121927000.0,19245000.0,0.345,7.284,23.476,23.103,77183000.0,0.0,3.419,1.641,1.636,80670000.0,152659000.0,1053526000.0,1053526000.0,0.0,0.128,0.308,12.34,0.116,5017000.0,349354000.0,1.0,505652822.0,504128812,505688062.0,2.09,243514000.0,35777000.0,46506000.0,0.0,0.483,-135746000.0
49,ROL,MRT,2009-03-31,2009-03-31,2009-03-31,2021-09-09,-35076000.0,566916000.0,576385500.0,117960000.0,448956000.0,1.828,0.45,-15533000.0,14957000.0,14957000.0,549912000.0,70903000.0,0.445,1.484,62476000.0,62356000.0,120000.0,62476000.0,90785000.0,36241000.0,0.0,0.014,0.049,117877000.0,154118000.0,0.146,154118000.0,117877000.0,115969000.0,0.142,0.139,0.142,228195000.0,242291250.0,228195000.0,1774924580.0,15.0,11.517,80338000.0,0.158,1.0,503546000.0,0.478,337775000.0,1908000.0,11359000.0,9627250.0,11555000.0,0.0,0.0,0.0,338721000.0,265301000.0,73420000.0,1723019580.0,-56408000.0,-152205000.0,-28496000.0,71804000.0,-25695000.0,17752000.0,-167582000.0,0.0,95871000.0,-2449000.0,70903000.0,70903000.0,70903000.0,0.0,0.0,0.067,385669000.0,117877000.0,18712000.0,0.345,7.551,24.301,23.857,78325000.0,0.0,3.388,1.636,1.63,69583000.0,145282000.0,1053458000.0,1053458000.0,0.0,0.123,0.293,12.244,0.112,4720000.0,349578000.0,1.0,508617296.0,507019500,508619250.0,2.078,229141000.0,37406000.0,45066000.0,0.0,0.452,-147341000.0
50,ROL,MRT,2008-12-31,2008-12-31,2008-12-31,2021-09-09,-34758000.0,572517000.0,553339750.0,116838000.0,455679000.0,1.844,0.448,-14815000.0,13716000.0,13716000.0,534494000.0,68934000.0,0.428,1.506,65000000.0,65000000.0,0.0,65000000.0,88288000.0,33443000.0,0.0,0.013,0.047,113715000.0,147158000.0,0.144,147158000.0,113715000.0,112954000.0,0.136,0.133,0.136,228433000.0,244379500.0,228433000.0,1849808572.0,16.0,12.57,75929000.0,0.149,1.0,486070000.0,0.476,342077000.0,761000.0,8897000.0,12827250.0,10893000.0,0.0,0.0,0.0,344084000.0,272827000.0,71257000.0,1823621572.0,-57564000.0,-152048000.0,-22914000.0,68771000.0,-24969000.0,21032000.0,-166717000.0,0.0,90744000.0,-2623000.0,68934000.0,68934000.0,68934000.0,0.0,0.0,0.068,372355000.0,113715000.0,18782000.0,0.346,7.983,26.455,26.26,78625000.0,0.0,3.571,1.787,1.786,70193000.0,145063000.0,1020564000.0,1020564000.0,0.0,0.125,0.282,8.865,0.111,4248000.0,339078000.0,1.0,510624127.0,510310125,512426250.0,2.0,230440000.0,37904000.0,44020000.0,0.0,0.452,-155989000.0
51,ROL,MRT,2008-09-30,2008-09-30,2008-09-30,2021-09-09,-5520000.0,577301000.0,529017500.0,123843000.0,453458000.0,1.868,0.524,-12874000.0,16334000.0,16334000.0,518643000.0,68315000.0,0.477,1.195,42521000.0,42161000.0,360000.0,42521000.0,99297000.0,30933000.0,0.0,0.012,0.045,109403000.0,140336000.0,0.142,140336000.0,109403000.0,110304000.0,0.134,0.136,0.134,263061000.0,245659500.0,263061000.0,1954502083.0,18.0,13.927,74962000.0,0.149,1.0,469799000.0,0.475,333314000.0,-901000.0,10688000.0,15292250.0,11117000.0,0.0,0.0,0.0,314240000.0,259486000.0,54754000.0,1914492083.0,-65487000.0,-136875000.0,-20876000.0,42752000.0,-23969000.0,-1915000.0,-149599000.0,0.0,87836000.0,-1809000.0,68315000.0,68315000.0,68315000.0,0.0,0.0,0.069,360396000.0,109403000.0,20037000.0,0.336,7.278,28.024,27.979,77963000.0,0.0,3.749,1.937,1.905,78758000.0,150740000.0,988442000.0,988442000.0,0.0,0.129,0.278,7.154,0.111,3878000.0,329591000.0,1.0,510648902.0,502367062,506736000.0,1.968,243987000.0,26632000.0,41989000.0,0.0,0.486,-135643000.0
52,ROL,MRT,2008-06-30,2008-06-30,2008-06-30,2021-09-09,-5243000.0,588808000.0,505545250.0,128441000.0,460367000.0,1.876,0.496,-13231000.0,15272000.0,15272000.0,496257000.0,67276000.0,0.455,1.36,55282000.0,54822000.0,460000.0,55282000.0,98837000.0,28787000.0,0.0,0.014,0.042,107289000.0,136076000.0,0.143,136076000.0,107289000.0,108830000.0,0.132,0.134,0.132,249476000.0,236059750.0,249476000.0,1425724617.0,13.0,10.477,82194000.0,0.163,1.0,452390000.0,0.477,339193000.0,-1541000.0,7565000.0,14087750.0,10260000.0,0.0,0.0,0.0,339332000.0,282060000.0,57272000.0,1495534617.0,-41772000.0,-137824000.0,-19618000.0,55980000.0,-22701000.0,13839000.0,-150961000.0,0.0,95425000.0,-75000.0,67276000.0,67276000.0,67276000.0,0.0,0.0,0.071,345101000.0,107289000.0,36444000.0,0.318,5.995,22.23,22.177,78805000.0,0.0,2.927,1.576,1.552,85206000.0,138052000.0,948647000.0,948647000.0,0.0,0.133,0.285,7.616,0.113,3542000.0,316305000.0,1.0,510873414.0,503055562,507115688.0,1.886,249615000.0,25954000.0,41554000.0,0.0,0.496,-153619000.0
53,ROL,MRT,2008-03-31,2008-03-31,2008-03-31,2021-09-09,-5014000.0,474733000.0,474186750.0,161004000.0,313729000.0,1.906,0.47,-12860000.0,71365000.0,71365000.0,471782000.0,65777000.0,0.873,1.007,1555000.0,798000.0,757000.0,1555000.0,85253000.0,27013000.0,0.0,0.011,0.04,103975000.0,130988000.0,0.145,130988000.0,103975000.0,106431000.0,0.128,0.13,0.128,236548000.0,225768250.0,236548000.0,1714595119.0,16.0,13.09,73523000.0,0.146,1.0,431984000.0,0.478,196315000.0,-2456000.0,24159000.0,15347250.0,8715000.0,0.0,0.0,0.0,238185000.0,184449000.0,53736000.0,1784088119.0,16371000.0,-6806000.0,-30357000.0,-418000.0,-21312000.0,-51904000.0,-19577000.0,0.0,86383000.0,1469000.0,65777000.0,65777000.0,65777000.0,0.0,0.0,0.073,328009000.0,103975000.0,18562000.0,0.312,7.542,27.123,27.299,76823000.0,0.0,3.494,1.974,1.945,62826000.0,125527000.0,903766000.0,903766000.0,0.0,0.139,0.291,6.775,0.115,3512000.0,301062000.0,1.0,510567897.0,503151750,508280062.0,1.796,278418000.0,25577000.0,40654000.0,0.0,0.553,-23445000.0
54,ROL,MRT,2007-12-31,2007-12-31,2007-12-31,2021-09-09,-4050000.0,475228000.0,467549500.0,160240000.0,314988000.0,1.914,0.454,-16244000.0,71280000.0,71280000.0,468665000.0,64731000.0,0.852,1.035,1787000.0,1186000.0,601000.0,1787000.0,81678000.0,27068000.0,0.0,0.01,0.037,102624000.0,129692000.0,0.145,129692000.0,102624000.0,104913000.0,0.126,0.126,0.126,233553000.0,217847500.0,233553000.0,1863286125.0,18.0,14.367,72518000.0,0.141,1.0,426255000.0,0.476,198972000.0,-2289000.0,18757000.0,12133000.0,8846000.0,0.0,0.0,0.0,241675000.0,188006000.0,53669000.0,1942986125.0,7936000.0,-6597000.0,-40587000.0,-1916000.0,-20332000.0,-59798000.0,-22754000.0,0.0,88762000.0,1726000.0,64731000.0,64731000.0,64731000.0,0.0,0.0,0.072,323631000.0,102624000.0,19140000.0,0.294,8.319,30.016,30.1,77370000.0,0.0,3.793,2.171,2.178,62866000.0,121783000.0,894920000.0,894920000.0,0.0,0.138,0.297,8.458,0.115,152000.0,296615000.0,1.0,512310795.0,513985500,517412812.0,1.741,276256000.0,24738000.0,40182000.0,0.0,0.537,-27766000.0
55,ROL,MRT,2007-09-30,2007-09-30,2007-09-30,2021-09-09,-16216000.0,483412000.0,462036250.0,176846000.0,306566000.0,1.912,0.444,-16584000.0,81821000.0,81821000.0,464080000.0,63336000.0,0.9,1.152,2121000.0,1240000.0,881000.0,2121000.0,90191000.0,26942000.0,0.0,0.01,0.036,101140000.0,128082000.0,0.145,128082000.0,101140000.0,103635000.0,0.125,0.124,0.125,224662000.0,212324000.0,224662000.0,1743597641.0,17.0,13.613,84294000.0,0.167,1.0,419539000.0,0.475,201385000.0,-2495000.0,5870000.0,8201500.0,8244000.0,0.0,0.0,0.0,258750000.0,196457000.0,62293000.0,1798358641.0,28034000.0,-10830000.0,-28865000.0,-1729000.0,-19509000.0,-47178000.0,-27227000.0,0.0,100878000.0,1561000.0,63336000.0,63336000.0,63336000.0,0.0,0.0,0.072,317983000.0,101556000.0,22589000.0,0.288,8.005,28.394,28.118,77633000.0,0.0,3.515,2.035,2.012,70351000.0,159150000.0,883619000.0,883619000.0,0.0,0.137,0.298,12.332,0.114,2444000.0,291220000.0,1.0,511663017.0,505804500,511196062.0,1.747,282027000.0,29557000.0,40299000.0,0.0,0.558,-19611000.0
56,ROL,MRT,2007-06-30,2007-06-30,2007-06-30,2021-09-09,-17556000.0,463374000.0,454729500.0,156051000.0,307323000.0,1.921,0.41,-17477000.0,57044000.0,57044000.0,460257000.0,61608000.0,0.804,1.224,2283000.0,1270000.0,1013000.0,2283000.0,85754000.0,26719000.0,0.0,0.011,0.034,98900000.0,125619000.0,0.144,125619000.0,98900000.0,100929000.0,0.12,0.12,0.12,208310000.0,205878250.0,208310000.0,1475388010.0,15.0,11.745,78232000.0,0.154,1.0,413062000.0,0.473,202022000.0,-2029000.0,12603000.0,7933250.0,8740000.0,0.0,0.0,0.0,255064000.0,193988000.0,61076000.0,1528260010.0,19823000.0,-9104000.0,-31446000.0,-1821000.0,-18709000.0,-49410000.0,-26395000.0,0.0,95709000.0,-81000.0,61608000.0,61608000.0,61608000.0,0.0,0.0,0.071,314078000.0,98984000.0,24712000.0,0.283,7.336,24.806,24.988,77634000.0,0.0,2.999,1.75,1.746,71026000.0,145420000.0,873319000.0,873319000.0,0.0,0.135,0.299,12.467,0.113,185000.0,287538000.0,1.0,509671693.0,508604062,513909562.0,1.717,261352000.0,31414000.0,39321000.0,0.0,0.514,-37937000.0
57,ROL,MRT,2007-03-31,2007-03-31,2007-03-31,2021-09-09,-19017000.0,448184000.0,449691500.0,143970000.0,304214000.0,1.926,0.401,-19439000.0,54994000.0,54994000.0,457691000.0,59699000.0,0.784,1.188,2122000.0,1183000.0,939000.0,2122000.0,83674000.0,26753000.0,0.0,0.011,0.033,96708000.0,123461000.0,0.143,123461000.0,96708000.0,98215000.0,0.117,0.115,0.117,204865000.0,200811000.0,204865000.0,1507797156.0,16.0,12.213,55338000.0,0.108,1.0,408232000.0,0.471,200375000.0,-1507000.0,11302000.0,6962500.0,8691000.0,0.0,0.0,0.0,243319000.0,183635000.0,59684000.0,1570519156.0,1765000.0,-6515000.0,-29333000.0,-2277000.0,-18069000.0,-46641000.0,-25820000.0,0.0,74777000.0,-551000.0,59699000.0,59699000.0,59699000.0,0.0,0.0,0.069,311784000.0,96448000.0,16965000.0,0.282,7.666,26.307,25.898,76850000.0,0.0,3.03,1.814,1.789,59230000.0,143592000.0,865923000.0,865923000.0,0.0,0.133,0.297,13.89,0.112,191000.0,285119000.0,1.0,518302036.0,511221375,521913375.0,1.694,247809000.0,32559000.0,38516000.0,0.0,0.485,-39665000.0
58,ROL,MRT,2006-12-31,2006-12-31,2006-12-31,2021-09-09,-17784000.0,453175000.0,449476500.0,151073000.0,302102000.0,1.911,0.415,-18729000.0,63344000.0,63344000.0,457869000.0,57809000.0,0.816,1.143,622000.0,498000.0,124000.0,622000.0,79441000.0,26860000.0,0.0,0.011,0.032,93652000.0,120512000.0,0.14,120512000.0,93652000.0,95159000.0,0.113,0.111,0.113,211459000.0,195633500.0,211459000.0,1445656715.0,15.0,11.996,66472000.0,0.13,1.0,401009000.0,0.467,202216000.0,-1507000.0,3031000.0,2892500.0,8401000.0,0.0,0.0,0.0,241716000.0,185206000.0,56510000.0,1498623715.0,20279000.0,-9380000.0,-18366000.0,-763000.0,-17025000.0,-36389000.0,-27981000.0,0.0,85201000.0,-552000.0,57809000.0,57809000.0,57809000.0,0.0,0.0,0.067,307357000.0,93652000.0,16309000.0,0.283,7.087,25.924,25.766,72141000.0,0.0,2.912,1.745,1.729,61489000.0,115669000.0,858878000.0,858878000.0,0.0,0.129,0.295,32.378,0.109,2987000.0,280578000.0,1.0,514707094.0,510031688,523027125.0,1.684,250959000.0,33504000.0,37350000.0,0.0,0.492,-34133000.0
59,ROL,MRT,2006-09-30,2006-09-30,2006-09-30,2021-09-09,-22657000.0,454185000.0,445787750.0,150030000.0,304155000.0,1.905,0.39,-24199000.0,53787000.0,53787000.0,457789000.0,54622000.0,0.77,1.284,820000.0,623000.0,197000.0,820000.0,88945000.0,26872000.0,0.0,0.011,0.03,89829000.0,116701000.0,0.137,116701000.0,89829000.0,89829000.0,0.107,0.106,0.107,198879000.0,187006500.0,198879000.0,1396729305.0,16.0,11.968,44873000.0,0.088,1.0,391266000.0,0.461,201556000.0,0.0,4797000.0,2506750.0,8398000.0,0.0,0.0,0.0,255306000.0,194865000.0,60441000.0,1432958305.0,-25702000.0,-28418000.0,-27926000.0,-566000.0,-16200000.0,-43155000.0,-52595000.0,0.0,69072000.0,976000.0,54622000.0,54622000.0,54622000.0,0.0,0.0,0.064,302683000.0,88583000.0,14092000.0,0.28,7.205,26.234,25.981,72090000.0,0.0,2.78,1.688,1.668,66928000.0,143336000.0,849055000.0,849055000.0,0.0,0.123,0.292,35.835,0.106,1244000.0,276264000.0,1.0,515467889.0,509297625,521690625.0,1.667,252629000.0,37920000.0,35207000.0,0.0,0.496,-44835000.0
60,ROL,MRT,2006-06-30,2006-06-30,2006-06-30,2021-09-09,-22355000.0,443222000.0,445966000.0,136389000.0,306833000.0,1.862,0.367,-22689000.0,37221000.0,37221000.0,448666000.0,52685000.0,0.706,1.357,992000.0,705000.0,287000.0,992000.0,84378000.0,26010000.0,0.0,0.011,0.029,87383000.0,113393000.0,0.137,113393000.0,87383000.0,87383000.0,0.103,0.102,0.103,188041000.0,181957500.0,188041000.0,1292645575.0,15.0,11.4,48614000.0,0.095,1.0,381919000.0,0.46,205063000.0,0.0,8720000.0,-2664000.0,8545000.0,0.0,0.0,0.0,255181000.0,193210000.0,61971000.0,1344637575.0,-27958000.0,-29908000.0,-35686000.0,-393000.0,-15412000.0,-50164000.0,-51963000.0,629000.0,71303000.0,2866000.0,52685000.0,52685000.0,52685000.0,0.0,0.0,0.063,295939000.0,85980000.0,14740000.0,0.282,7.151,25.522,25.11,70908000.0,0.0,2.586,1.619,1.597,66787000.0,132871000.0,830585000.0,830585000.0,0.0,0.118,0.29,-32.801,0.105,2694000.0,270366000.0,1.0,519900285.0,513003375,525814031.0,1.619,238159000.0,40246000.0,34698000.0,0.0,0.464,-56821000.0
61,ROL,MRT,2006-03-31,2006-03-31,2006-03-31,2021-09-09,-23346000.0,447324000.0,446212250.0,140623000.0,306701000.0,1.821,0.358,-24557000.0,53229000.0,53229000.0,443925000.0,52079000.0,0.728,1.429,1237000.0,797000.0,440000.0,1237000.0,84020000.0,25110000.0,0.0,0.011,0.028,86636000.0,111746000.0,0.138,111746000.0,86636000.0,86636000.0,0.101,0.101,0.101,184155000.0,178747750.0,184155000.0,1346552576.0,16.0,12.05,61047000.0,0.119,1.0,368764000.0,0.454,207201000.0,0.0,-4978000.0,-6042250.0,8899000.0,0.0,0.0,0.0,263169000.0,193109000.0,70060000.0,1388232576.0,-2665000.0,-29541000.0,-21445000.0,-148000.0,-14554000.0,-35334000.0,-53344000.0,0.0,85604000.0,409000.0,52079000.0,52079000.0,52079000.0,0.0,0.0,0.064,283541000.0,85223000.0,18146000.0,0.277,7.538,26.656,26.39,68314000.0,0.0,2.665,1.708,1.685,53984000.0,130018000.0,812689000.0,812689000.0,0.0,0.117,0.291,-14.338,0.107,1658000.0,263592000.0,1.0,520844423.0,513907031,528395906.0,1.581,240123000.0,42053000.0,34557000.0,0.0,0.467,-52486000.0
62,ROL,MRT,2005-12-31,2005-12-31,2005-12-31,2021-09-09,-23264000.0,438420000.0,439081250.0,136467000.0,301953000.0,1.827,0.343,-25541000.0,43065000.0,43065000.0,437160000.0,52773000.0,0.72,1.478,1385000.0,825000.0,560000.0,1385000.0,79990000.0,24280000.0,0.0,0.01,0.026,87955000.0,112235000.0,0.14,112235000.0,87955000.0,87955000.0,0.103,0.101,0.103,176951000.0,174869000.0,176951000.0,1266963798.0,14.0,11.288,51209000.0,0.099,1.0,365257000.0,0.455,205584000.0,0.0,1488000.0,-9431500.0,9082000.0,0.0,0.0,0.0,261469000.0,189668000.0,71801000.0,1346452798.0,-13672000.0,-26600000.0,-26993000.0,0.0,-13714000.0,-40149000.0,-51387000.0,0.0,76750000.0,1114000.0,52773000.0,52773000.0,52773000.0,0.0,0.0,0.066,278885000.0,86372000.0,17204000.0,0.252,7.609,25.514,25.2,65932000.0,0.0,2.596,1.678,1.668,57073000.0,123621000.0,802417000.0,802417000.0,0.0,0.12,0.302,-9.326,0.11,1244000.0,259763000.0,1.0,518753218.0,515600438,529831125.0,1.556,232836000.0,46492000.0,35182000.0,0.0,0.452,-53201000.0
63,ROL,MRT,2005-09-30,2005-09-30,2005-09-30,2021-09-09,-26132000.0,454898000.0,434171250.0,175549000.0,279349000.0,1.823,0.345,-24496000.0,79489000.0,79489000.0,424375000.0,59288000.0,0.872,1.546,0.0,0.0,0.0,0.0,91341000.0,24172000.0,0.0,0.01,0.025,98929000.0,123101000.0,0.156,123101000.0,98929000.0,98929000.0,0.115,0.113,0.115,178683000.0,172518500.0,178683000.0,1275143920.0,13.0,10.359,57576000.0,0.111,1.0,367030000.0,0.464,189893000.0,0.0,-15886000.0,-15155250.0,7358000.0,0.0,0.0,0.0,276215000.0,201402000.0,74813000.0,1340322920.0,38595000.0,3057000.0,-18740000.0,0.0,-13041000.0,-34262000.0,-10434000.0,0.0,82072000.0,1219000.0,59288000.0,59288000.0,59288000.0,0.0,0.0,0.075,269514000.0,97516000.0,14901000.0,0.217,7.501,22.607,22.352,57928000.0,0.0,2.571,1.694,1.68,58820000.0,128160000.0,791405000.0,791405000.0,0.0,0.137,0.344,-6.528,0.125,260000.0,260321000.0,1.0,521417888.0,517263469,531881438.0,1.53,265005000.0,47830000.0,39641000.0,0.0,0.512,-25853000.0
64,ROL,MRT,2005-06-30,2005-06-30,2005-06-30,2021-09-09,-26850000.0,444207000.0,427408500.0,162959000.0,281248000.0,1.839,0.34,-24656000.0,65179000.0,65179000.0,419327000.0,57821000.0,0.841,1.535,0.0,0.0,0.0,0.0,86337000.0,24621000.0,0.0,0.009,0.023,96494000.0,121115000.0,0.154,121115000.0,96494000.0,96494000.0,0.112,0.109,0.112,175202000.0,172658500.0,175202000.0,1313426154.0,14.0,10.844,51484000.0,0.1,1.0,366657000.0,0.466,190085000.0,0.0,-4793000.0,-8512500.0,8120000.0,629000.0,629000.0,0.0,269005000.0,193736000.0,75269000.0,1369320154.0,43314000.0,4168000.0,-8499000.0,0.0,-12331000.0,-22268000.0,-10110000.0,-629000.0,76140000.0,-448000.0,57821000.0,57821000.0,57821000.0,0.0,0.0,0.074,271155000.0,95502000.0,12405000.0,0.205,7.816,23.682,23.563,57873000.0,0.0,2.639,1.742,1.732,59160000.0,131291000.0,785984000.0,785984000.0,0.0,0.135,0.335,-11.336,0.123,260000.0,261827000.0,1.0,518875994.0,515896594,531782719.0,1.524,254122000.0,48040000.0,38673000.0,0.0,0.493,-30777000.0
65,ROL,MRT,2005-03-31,2005-03-31,2005-03-31,2021-09-09,-15349000.0,418800000.0,418847000.0,147289000.0,271511000.0,1.849,0.327,-18882000.0,55894000.0,55894000.0,410455000.0,59988000.0,0.782,1.483,0.0,0.0,0.0,0.0,84967000.0,24340000.0,0.0,0.009,0.022,101605000.0,125945000.0,0.163,125945000.0,101605000.0,101605000.0,0.116,0.113,0.116,168640000.0,171252250.0,168640000.0,1214653110.0,12.0,9.644,50751000.0,0.098,1.0,363928000.0,0.47,193209000.0,0.0,-18535000.0,-2205000.0,8600000.0,0.0,0.0,0.0,250160000.0,188232000.0,61928000.0,1271390110.0,-41994000.0,-98539000.0,-8303000.0,0.0,-11642000.0,-21016000.0,-91695000.0,0.0,69633000.0,1084000.0,59988000.0,59988000.0,59988000.0,0.0,0.0,0.077,263008000.0,100920000.0,12859000.0,0.19,7.539,21.194,21.115,52930000.0,0.0,2.449,1.642,1.632,54250000.0,114740000.0,774383000.0,774383000.0,0.0,0.143,0.35,-46.079,0.131,260000.0,263382000.0,1.0,519065519.0,515934562,532040906.0,1.501,225591000.0,39363000.0,41617000.0,0.0,0.437,-40943000.0
66,ROL,MRT,2004-12-31,2004-12-31,2004-12-31,2021-09-09,-16066000.0,418780000.0,404886000.0,146805000.0,271975000.0,1.855,0.323,-14204000.0,56737000.0,56737000.0,395334000.0,52055000.0,0.781,1.499,0.0,0.0,0.0,0.0,81195000.0,23034000.0,0.0,0.009,0.021,92508000.0,115542000.0,0.154,115542000.0,92508000.0,92508000.0,0.1,0.097,0.1,167549000.0,166053000.0,167549000.0,1161142532.0,13.0,10.05,57309000.0,0.11,1.0,355550000.0,0.474,195470000.0,0.0,-21407000.0,5466250.0,8876000.0,0.0,0.0,0.0,251231000.0,187980000.0,63251000.0,1202036532.0,-2803000.0,-97676000.0,1078000.0,0.0,-10924000.0,-10436000.0,-64288000.0,21866000.0,71513000.0,408000.0,52055000.0,52055000.0,52055000.0,0.0,0.0,0.069,257211000.0,98339000.0,15438000.0,0.21,7.174,23.092,23.107,49163000.0,0.0,2.311,1.601,1.597,55224000.0,107927000.0,750884000.0,750884000.0,0.0,0.129,0.313,16.923,0.123,260000.0,258893000.0,1.0,520210766.0,518812594,532830656.0,1.447,223310000.0,41683000.0,40453000.0,0.0,0.43,-41175000.0
67,ROL,MRT,2004-09-30,2004-09-30,2004-09-30,2021-09-09,-313000.0,427847000.0,387667000.0,148375000.0,279472000.0,1.872,0.346,-8560000.0,40894000.0,40894000.0,383872000.0,43011000.0,0.813,1.387,0.0,0.0,0.0,0.0,66566000.0,21591000.0,0.0,0.009,0.02,80051000.0,101642000.0,0.14,101642000.0,80051000.0,80051000.0,0.084,0.079,0.084,179243000.0,158859250.0,179243000.0,1087009206.0,14.0,10.694,53005000.0,0.102,1.0,341718000.0,0.471,193781000.0,0.0,10685000.0,21445750.0,11002000.0,0.0,0.0,0.0,248604000.0,182487000.0,66117000.0,1108874206.0,-14172000.0,-103415000.0,1734000.0,0.0,-10443000.0,-8387000.0,-67802000.0,27000000.0,61565000.0,452000.0,43011000.0,43011000.0,43011000.0,0.0,0.0,0.059,255880000.0,85838000.0,14378000.0,0.238,6.186,25.781,25.386,45186000.0,0.0,2.132,1.528,1.523,63358000.0,129716000.0,725590000.0,725590000.0,0.0,0.111,0.271,3.733,0.11,0.0,250410000.0,1.0,519998775.0,518076000,533058469.0,1.401,234066000.0,31539000.0,37040000.0,0.0,0.452,-34112000.0
68,ROL,MRT,2004-06-30,2004-06-30,2004-06-30,2021-09-09,-414000.0,409961000.0,369976250.0,128861000.0,281100000.0,1.892,0.328,-12016000.0,21865000.0,21865000.0,374902000.0,39178000.0,0.751,1.418,0.0,0.0,0.0,0.0,58511000.0,20407000.0,0.0,0.009,0.019,72913000.0,93320000.0,0.133,93320000.0,72913000.0,72913000.0,0.077,0.073,0.077,169577000.0,144008750.0,169577000.0,947678116.0,13.0,10.155,51200000.0,0.099,1.0,325025000.0,0.464,196019000.0,0.0,20437000.0,31394000.0,12157000.0,0.0,0.0,0.0,240384000.0,171640000.0,68744000.0,1045566116.0,-43000000.0,-103190000.0,1361000.0,0.0,-9961000.0,-8709000.0,-98038000.0,0.0,63216000.0,531000.0,39178000.0,39178000.0,39178000.0,0.0,0.0,0.056,246377000.0,78648000.0,14756000.0,0.247,6.166,26.688,26.235,45313000.0,0.0,2.02,1.494,1.493,62765000.0,120654000.0,699927000.0,699927000.0,0.0,0.106,0.272,2.323,0.104,0.0,241743000.0,1.0,517585899.0,517384969,532929375.0,1.353,213942000.0,30493000.0,33735000.0,0.0,0.414,-42779000.0
69,ROL,MRT,2004-03-31,2004-03-31,2004-03-31,2021-09-09,-300000.0,362956000.0,353494500.0,184256000.0,178700000.0,1.93,0.287,-11375000.0,97888000.0,97888000.0,365038000.0,32149000.0,1.216,1.455,0.0,0.0,0.0,0.0,50702000.0,19680000.0,0.0,0.008,0.018,58692000.0,78372000.0,0.115,78372000.0,58692000.0,58692000.0,0.064,0.06,0.064,147843000.0,129654250.0,147843000.0,1109174701.0,19.0,14.153,52128000.0,0.101,1.0,317269000.0,0.465,101445000.0,0.0,12150000.0,33992000.0,10147000.0,0.0,0.0,0.0,215113000.0,151473000.0,63640000.0,1168714701.0,43537000.0,-1316000.0,0.0,0.0,-9481000.0,-9440000.0,-10991000.0,0.0,63503000.0,465000.0,32149000.0,32149000.0,32149000.0,0.0,0.0,0.047,252889000.0,64380000.0,15325000.0,0.281,7.905,36.353,35.35,34618000.0,0.0,2.262,1.713,1.711,45549000.0,95719000.0,682307000.0,682307000.0,0.0,0.091,0.248,1.727,0.086,0.0,234906000.0,1.0,516584823.0,515972531,531289125.0,1.322,261511000.0,37867000.0,26543000.0,0.0,0.507,32783000.0
70,ROL,MRT,2003-12-31,2003-12-31,2003-12-31,2021-09-09,-314000.0,349904000.0,345687500.0,161280000.0,188624000.0,1.958,0.27,-10597000.0,59540000.0,59540000.0,362422000.0,35761000.0,1.112,1.521,0.0,0.0,0.0,0.0,46007000.0,20179000.0,0.0,0.009,0.017,60030000.0,80209000.0,0.118,80209000.0,60030000.0,60030000.0,0.07,0.067,0.07,138774000.0,117535250.0,138774000.0,962199836.0,16.0,11.996,49722000.0,0.097,1.0,314591000.0,0.465,102831000.0,0.0,42511000.0,40156750.0,9837000.0,21866000.0,21866000.0,0.0,211130000.0,145022000.0,66108000.0,1017265836.0,21225000.0,-1543000.0,0.0,0.0,-9010000.0,-7306000.0,-32306000.0,-21866000.0,60319000.0,518000.0,35761000.0,35761000.0,35761000.0,0.0,0.0,0.053,254993000.0,59598000.0,12290000.0,0.243,7.33,28.446,28.281,35836000.0,0.0,1.98,1.503,1.501,48471000.0,67052000.0,677013000.0,677013000.0,0.0,0.103,0.304,1.495,0.089,0.0,236514000.0,1.0,513848943.0,513367875,526315219.0,1.319,247073000.0,39145000.0,24269000.0,0.0,0.481,16258000.0
71,ROL,MRT,2003-09-30,2003-09-30,2003-09-30,2021-09-09,-16602000.0,357084000.0,337796000.0,180370000.0,176714000.0,1.99,0.233,-13211000.0,55066000.0,55066000.0,361258000.0,34661000.0,1.226,1.98,0.0,0.0,0.0,0.0,49533000.0,20595000.0,0.0,0.01,0.016,55906000.0,76501000.0,0.114,76501000.0,55906000.0,55906000.0,0.068,0.066,0.068,119841000.0,105514250.0,119841000.0,740018195.0,13.0,9.673,45881000.0,0.089,1.0,311102000.0,0.463,104470000.0,0.0,50478000.0,39861750.0,10646000.0,27000000.0,27000000.0,0.0,237243000.0,147070000.0,90173000.0,804883195.0,10572000.0,-1563000.0,-878000.0,0.0,-8247000.0,-6756000.0,-41774000.0,-27000000.0,59092000.0,10000.0,34661000.0,34661000.0,34661000.0,0.0,0.0,0.052,255547000.0,55555000.0,13482000.0,0.235,6.716,23.222,23.032,37484000.0,0.0,1.566,1.197,1.197,52689000.0,87159000.0,672360000.0,672360000.0,0.0,0.103,0.328,1.402,0.083,0.0,234226000.0,1.0,513908220.0,513888047,523900406.0,1.308,252614000.0,56694000.0,21245000.0,0.0,0.492,33300000.0
72,ROL,MRT,2003-06-30,2003-06-30,2003-06-30,2021-09-09,-16613000.0,344034000.0,329780500.0,161167000.0,182867000.0,2.026,0.218,-8088000.0,64865000.0,64865000.0,359595000.0,31615000.0,1.134,2.067,0.0,0.0,0.0,0.0,44848000.0,20955000.0,0.0,0.008,0.014,50993000.0,71948000.0,0.108,71948000.0,50993000.0,50993000.0,0.061,0.061,0.061,112159000.0,100834250.0,112159000.0,795412975.0,16.0,11.055,30880000.0,0.06,1.0,308566000.0,0.462,106198000.0,0.0,30829000.0,37344500.0,11073000.0,0.0,0.0,0.0,231875000.0,142142000.0,89733000.0,849763975.0,18855000.0,-1938000.0,-4874000.0,0.0,-7488000.0,-10097000.0,-10026000.0,0.0,38968000.0,10000.0,31615000.0,31615000.0,31615000.0,0.0,0.0,0.047,257939000.0,50627000.0,15912000.0,0.23,7.576,26.879,27.129,34391000.0,0.0,1.655,1.272,1.273,54392000.0,79492000.0,668161000.0,668161000.0,0.0,0.096,0.314,1.365,0.076,0.0,236291000.0,1.0,513492986.0,513910828,528570562.0,1.3,237836000.0,62078000.0,19378000.0,0.0,0.463,19025000.0
73,ROL,MRT,2003-03-31,2003-03-31,2003-03-31,2021-09-09,-17003000.0,331728000.0,326102250.0,145364000.0,186364000.0,2.046,0.194,-8603000.0,54351000.0,54351000.0,361242000.0,29444000.0,1.086,2.338,0.0,0.0,0.0,0.0,46038000.0,21364000.0,0.0,0.006,0.013,47452000.0,68816000.0,0.103,68816000.0,47452000.0,47491000.0,0.057,0.057,0.057,99367000.0,97767750.0,99367000.0,994802647.0,21.0,14.456,44966000.0,0.088,1.0,306003000.0,0.459,106681000.0,-39000.0,36809000.0,40801250.0,11188000.0,0.0,0.0,0.0,232361000.0,133887000.0,98474000.0,1033117647.0,32451000.0,-1628000.0,-6166000.0,0.0,-6744000.0,-10897000.0,-10231000.0,0.0,53569000.0,10000.0,29444000.0,29444000.0,29444000.0,0.0,0.0,0.044,258823000.0,47180000.0,13960000.0,0.228,10.397,35.088,35.471,36338000.0,0.0,2.022,1.548,1.55,48204000.0,71236000.0,667245000.0,667245000.0,0.0,0.09,0.301,1.163,0.071,0.0,236699000.0,1.0,510979405.0,511575750,525221719.0,1.304,225047000.0,63433000.0,18047000.0,0.0,0.44,11477000.0
74,ROL,MRT,2002-12-31,2002-12-31,2002-12-31,2021-09-09,-16947000.0,318338000.0,319220000.0,127153000.0,191185000.0,2.085,0.177,-10367000.0,38315000.0,38315000.0,361318000.0,27110000.0,0.972,2.51,0.0,0.0,0.0,0.0,43049000.0,21635000.0,0.0,0.008,0.012,43726000.0,65361000.0,0.098,65361000.0,43726000.0,43726000.0,0.053,0.053,0.053,90690000.0,95597750.0,90690000.0,715075247.0,16.0,10.94,43327000.0,0.084,1.0,304107000.0,0.457,107899000.0,0.0,41331000.0,47699000.0,10662000.0,0.0,0.0,0.0,227648000.0,130793000.0,96855000.0,759569247.0,29665000.0,-1788000.0,-6166000.0,-256000.0,-6004000.0,-11884000.0,-12155000.0,0.0,53694000.0,10000.0,27110000.0,27110000.0,27110000.0,0.0,0.0,0.041,260577000.0,43530000.0,12138000.0,0.226,8.375,28.018,28.104,38880000.0,0.0,1.49,1.141,1.148,48671000.0,62539000.0,665425000.0,665425000.0,0.0,0.085,0.284,0.917,0.066,0.0,238180000.0,1.0,509939202.0,512821125,517240688.0,1.298,210439000.0,64441000.0,16616000.0,0.0,0.41,-3640000.0
75,ROL,MRT,2002-09-30,2002-09-30,2002-09-30,2021-09-09,-4808000.0,325022000.0,313775250.0,139083000.0,185939000.0,2.101,0.198,-8190000.0,44494000.0,44494000.0,357439000.0,25000000.0,1.064,2.214,0.0,0.0,0.0,0.0,43072000.0,21557000.0,0.0,0.011,0.012,40597000.0,62154000.0,0.094,62154000.0,40597000.0,40322000.0,0.048,0.048,0.048,101121000.0,94299750.0,101121000.0,540659289.0,13.0,8.699,48687000.0,0.095,1.0,301912000.0,0.458,109439000.0,275000.0,40409000.0,54097000.0,11075000.0,0.0,0.0,0.0,223901000.0,130680000.0,93221000.0,586669289.0,34032000.0,-1768000.0,-6838000.0,-638000.0,-6012000.0,-12887000.0,-9958000.0,0.0,56877000.0,0.0,25000000.0,25000000.0,25000000.0,0.0,0.0,0.038,261648000.0,40264000.0,11734000.0,0.25,5.802,23.467,23.655,38252000.0,0.0,1.135,0.89,0.88,52503000.0,76039000.0,659351000.0,659351000.0,0.0,0.08,0.265,0.75,0.062,0.0,240135000.0,1.0,516690454.0,511268203,513922219.0,1.29,215583000.0,58267000.0,15322000.0,0.0,0.422,8403000.0
76,ROL,MRT,2002-06-30,2002-06-30,2002-06-30,2021-09-09,-4673000.0,329321000.0,308603250.0,139737000.0,189584000.0,2.123,0.194,-9213000.0,46010000.0,46010000.0,358155000.0,22514000.0,1.091,2.297,0.0,0.0,0.0,0.0,39705000.0,21272000.0,0.0,0.01,0.012,36472000.0,57744000.0,0.088,57744000.0,36472000.0,36313000.0,0.043,0.043,0.043,99893000.0,91567000.0,99893000.0,591593758.0,16.0,10.245,42274000.0,0.082,1.0,296939000.0,0.453,110515000.0,159000.0,44656000.0,60731750.0,11596000.0,0.0,0.0,0.0,229428000.0,128140000.0,101288000.0,613493758.0,30611000.0,-1717000.0,-2902000.0,-1015000.0,-6026000.0,-9946000.0,-10930000.0,0.0,51487000.0,0.0,22514000.0,22514000.0,22514000.0,0.0,0.0,0.034,260665000.0,36274000.0,15416000.0,0.279,6.142,27.249,27.685,41318000.0,0.0,1.19,0.936,0.936,53862000.0,74466000.0,655094000.0,655094000.0,0.0,0.073,0.246,0.601,0.056,0.0,239437000.0,1.0,515344936.0,515163797,518763234.0,1.272,218806000.0,57889000.0,13799000.0,0.0,0.425,11597000.0
77,ROL,MRT,2002-03-31,2002-03-31,2002-03-31,2021-09-09,-4826000.0,304199000.0,304640250.0,111270000.0,192929000.0,2.141,0.176,-9732000.0,21900000.0,21900000.0,359669000.0,19861000.0,1.043,2.354,0.0,0.0,0.0,0.0,29856000.0,20570000.0,0.0,0.01,0.012,32130000.0,52700000.0,0.081,52700000.0,32130000.0,32033000.0,0.038,0.038,0.038,90687000.0,88523000.0,90687000.0,627983308.0,20.0,11.916,26769000.0,0.052,1.0,292585000.0,0.449,111224000.0,97000.0,64400000.0,65485500.0,11620000.0,0.0,0.0,0.0,213512000.0,106675000.0,106837000.0,636377308.0,15512000.0,-974000.0,-1610000.0,-1385000.0,-6026000.0,-10283000.0,-10706000.0,0.0,36501000.0,0.0,19861000.0,19861000.0,19861000.0,0.0,0.0,0.03,260653000.0,31932000.0,12794000.0,0.316,7.017,32.042,32.498,43192000.0,0.0,1.235,0.976,0.975,46879000.0,65352000.0,652254000.0,652254000.0,0.0,0.065,0.224,0.491,0.049,0.0,240127000.0,1.0,515312934.0,514802407,518147936.0,1.267,192975000.0,59097000.0,12172000.0,0.0,0.375,4595000.0
78,ROL,MRT,2001-12-31,2001-12-31,2001-12-31,2021-09-09,-4822000.0,296559000.0,302674500.0,100483000.0,196076000.0,2.147,0.166,-8474000.0,8650000.0,8650000.0,361921000.0,16942000.0,0.926,2.469,0.0,0.0,0.0,0.0,27470000.0,20292000.0,0.0,0.01,0.012,27326000.0,47618000.0,0.073,47618000.0,27326000.0,27326000.0,0.032,0.032,0.032,85498000.0,86154250.0,85498000.0,591450940.0,22.0,12.421,21084000.0,0.041,1.0,288004000.0,0.443,112450000.0,0.0,66923000.0,66331250.0,11895000.0,0.0,0.0,0.0,211061000.0,108536000.0,102525000.0,601274940.0,8251000.0,-704000.0,-1610000.0,-3229000.0,-6028000.0,-12129000.0,-9178000.0,0.0,29558000.0,0.0,16942000.0,16942000.0,16942000.0,0.0,0.0,0.026,260876000.0,27128000.0,12920000.0,0.375,7.033,35.49,36.58,44273000.0,0.0,1.171,0.925,0.927,48479000.0,45215000.0,649925000.0,649925000.0,0.0,0.056,0.197,0.412,0.042,0.0,240628000.0,1.0,513667302.0,514856250,517111594.0,1.262,184109000.0,60353000.0,10384000.0,0.0,0.358,-8053000.0
79,ROL,MRT,2001-09-30,2001-09-30,2001-09-30,2021-09-09,0.0,304334000.0,303239500.0,105602000.0,198732000.0,2.132,0.175,-8814000.0,10462000.0,10462000.0,365268000.0,13618000.0,0.919,2.374,638000.0,638000.0,0.0,638000.0,33145000.0,19906000.0,0.0,0.013,0.012,21700000.0,41606000.0,0.064,41606000.0,21700000.0,21965000.0,0.026,0.026,0.026,90190000.0,84429500.0,90190000.0,454901736.0,21.0,10.934,25754000.0,0.05,1.0,281287000.0,0.435,112672000.0,-265000.0,66948000.0,69830250.0,11548000.0,0.0,0.0,0.0,214144000.0,114890000.0,99254000.0,469285736.0,10199000.0,-1061000.0,-60000.0,-6777000.0,-6030000.0,-14494000.0,-9875000.0,0.0,34568000.0,0.0,13618000.0,13618000.0,13618000.0,0.0,0.0,0.021,260037000.0,21250000.0,14661000.0,0.462,5.203,34.461,35.004,45559000.0,0.0,0.91,0.726,0.726,53709000.0,60023000.0,646555000.0,646555000.0,0.0,0.045,0.161,0.311,0.034,0.0,240131000.0,1.0,515639019.0,515591469,517936275.0,1.254,191662000.0,56489000.0,8347000.0,0.0,0.372,-9288000.0
80,ROL,MRT,2001-06-30,2001-06-30,2001-06-30,2021-09-09,0.0,313469000.0,306084000.0,109951000.0,203518000.0,2.121,0.17,-9683000.0,15399000.0,15399000.0,368444000.0,11713000.0,0.905,2.574,1015000.0,1015000.0,0.0,1015000.0,35206000.0,19443000.0,0.0,0.01,0.012,18743000.0,38186000.0,0.059,38186000.0,18743000.0,18892000.0,0.023,0.023,0.023,87717000.0,82204000.0,87717000.0,595863817.0,32.0,15.604,18485000.0,0.036,1.0,280678000.0,0.432,113925000.0,-149000.0,63671000.0,73557250.0,13134000.0,0.0,0.0,0.0,225752000.0,121489000.0,104263000.0,600866817.0,6093000.0,-4408000.0,0.0,-2161000.0,-6025000.0,-9145000.0,-12930000.0,1161000.0,28168000.0,0.0,11713000.0,11713000.0,11713000.0,0.0,0.0,0.018,262385000.0,18293000.0,17978000.0,0.522,6.85,51.299,50.665,48417000.0,0.0,1.165,0.926,0.926,54750000.0,57538000.0,649122000.0,649122000.0,0.0,0.038,0.142,0.255,0.029,0.0,242942000.0,1.0,515639019.0,515639019,518044121.0,1.259,199544000.0,57843000.0,7179000.0,0.0,0.387,-11538000.0
81,ROL,MRT,2001-03-31,2001-03-31,2001-03-31,2021-09-09,0.0,296336000.0,308756000.0,90029000.0,206307000.0,2.1,0.158,-10888000.0,6388000.0,6388000.0,368854000.0,10777000.0,0.826,2.649,1385000.0,1385000.0,0.0,1385000.0,32284000.0,19303000.0,0.0,0.011,0.012,17334000.0,36637000.0,0.057,36637000.0,17334000.0,17382000.0,0.021,0.021,0.021,81212000.0,80370000.0,81212000.0,583483844.0,34.0,15.926,10461000.0,0.02,1.0,279447000.0,0.431,114577000.0,-48000.0,67783000.0,78536750.0,12768000.0,0.0,0.0,0.0,215124000.0,108973000.0,106151000.0,581797844.0,-1220000.0,-5288000.0,-154000.0,-2619000.0,-6048000.0,-8583000.0,-13986000.0,2190000.0,21349000.0,0.0,10777000.0,10777000.0,10777000.0,0.0,0.0,0.017,262563000.0,16884000.0,14169000.0,0.571,7.164,53.985,53.79,47690000.0,0.0,1.13,0.897,0.896,46749000.0,51033000.0,648301000.0,648301000.0,0.0,0.035,0.134,0.221,0.027,0.0,243260000.0,1.0,515055005.0,514442269,517160232.0,1.26,181759000.0,60042000.0,6605000.0,0.0,0.353,-18944000.0
82,ROL,MRT,2000-12-31,2000-12-31,2000-12-31,2021-09-09,0.0,298819000.0,313040250.0,88969000.0,209850000.0,2.066,0.153,-14411000.0,399000.0,399000.0,368974000.0,9550000.0,0.859,2.802,2085000.0,1829000.0,256000.0,2085000.0,26381000.0,18421000.0,0.0,0.01,0.012,15403000.0,33824000.0,0.052,33824000.0,15403000.0,15403000.0,0.018,0.018,0.018,78599000.0,78567500.0,78599000.0,605196773.0,39.0,17.893,-2964000.0,-0.006,1.0,277904000.0,0.43,115966000.0,0.0,80919000.0,81831500.0,12980000.0,0.0,0.0,0.0,220220000.0,103620000.0,116600000.0,602519773.0,-5290000.0,-7437000.0,-154000.0,-1997000.0,-6031000.0,-7973000.0,-8764000.0,13084000.0,11447000.0,0.0,9550000.0,9550000.0,9550000.0,0.0,0.0,0.015,262951000.0,14953000.0,13078000.0,0.667,7.666,63.091,65.226,50986000.0,0.0,1.174,0.931,0.931,50099000.0,48563000.0,646878000.0,646878000.0,0.0,0.031,0.122,0.188,0.024,0.0,244530000.0,1.0,513191186.0,512737594,513375469.0,1.262,182853000.0,61117000.0,5853000.0,0.0,0.357,-14651000.0
83,ROL,MRT,2000-09-30,2000-09-30,2000-09-30,2021-09-09,0.0,315712000.0,315822500.0,101409000.0,214303000.0,2.035,0.158,-18116000.0,263000.0,263000.0,369667000.0,8887000.0,0.851,2.884,2940000.0,2302000.0,638000.0,2940000.0,29819000.0,17419000.0,0.0,0.014,0.012,14333000.0,31752000.0,0.049,31752000.0,14333000.0,14333000.0,0.018,0.018,0.018,81288000.0,76865250.0,81288000.0,439311944.0,31.0,13.836,-21290000.0,-0.041,1.0,273093000.0,0.425,117377000.0,0.0,81856000.0,84070250.0,13036000.0,0.0,0.0,0.0,234424000.0,119156000.0,115268000.0,444835944.0,-3687000.0,-39517000.0,-4362000.0,736000.0,-6032000.0,-9590000.0,9077000.0,66710000.0,-3174000.0,0.0,8887000.0,8887000.0,8887000.0,0.0,0.0,0.014,258739000.0,14354000.0,14565000.0,0.667,5.472,50.055,48.155,50229000.0,0.0,0.867,0.692,0.692,56652000.0,51252000.0,642760000.0,642760000.0,0.0,0.028,0.116,0.17,0.022,0.0,241320000.0,1.0,513196431.0,513196363,513255207.0,1.252,198335000.0,62956000.0,5446000.0,0.0,0.386,-17747000.0
84,ROL,MRT,2000-06-30,2000-06-30,2000-06-30,2021-09-09,0.0,324157000.0,317201750.0,113607000.0,210550000.0,1.969,0.157,-22216000.0,9306000.0,9306000.0,360480000.0,7956000.0,0.939,3.033,3782000.0,2767000.0,1015000.0,3782000.0,29126000.0,16126000.0,0.0,0.014,0.012,12833000.0,28959000.0,0.046,28959000.0,12833000.0,12833000.0,0.016,0.016,0.016,80381000.0,76436000.0,80381000.0,443498285.0,35.0,15.315,-22251000.0,-0.043,1.0,264009000.0,0.423,114054000.0,0.0,83589000.0,100815250.0,14666000.0,1161000.0,1161000.0,0.0,243776000.0,120990000.0,122786000.0,446496285.0,4706000.0,-38012000.0,-8557000.0,-4043000.0,-6046000.0,-17794000.0,22535000.0,82763000.0,-35000.0,0.0,7956000.0,7956000.0,7956000.0,0.0,0.0,0.013,252078000.0,11931000.0,20504000.0,0.75,5.555,56.121,54.394,49536000.0,0.0,0.87,0.715,0.715,54658000.0,50345000.0,624489000.0,624489000.0,0.0,0.025,0.104,0.127,0.021,0.0,235952000.0,1.0,513033465.0,513083459,513094616.0,1.217,210103000.0,63682000.0,4877000.0,0.0,0.409,-7383000.0
85,ROL,MRT,2000-03-31,2000-03-31,2000-03-31,2021-09-09,0.0,313473000.0,319881750.0,101790000.0,211683000.0,1.895,0.145,-20600000.0,7608000.0,7608000.0,351055000.0,7477000.0,0.887,3.236,4610000.0,3225000.0,1385000.0,4610000.0,25307000.0,14703000.0,0.0,0.014,0.012,12062000.0,26765000.0,0.044,26765000.0,12062000.0,12062000.0,0.015,0.015,0.015,74002000.0,77086750.0,74002000.0,444736280.0,37.0,16.616,-15573000.0,-0.03,1.0,255248000.0,0.421,114809000.0,0.0,80962000.0,119002000.0,13593000.0,2190000.0,2190000.0,0.0,239471000.0,114704000.0,124767000.0,444337280.0,6962000.0,-63219000.0,-11652000.0,-4064000.0,-6044000.0,-21601000.0,23536000.0,107355000.0,5027000.0,0.0,7477000.0,7477000.0,7477000.0,0.0,0.0,0.012,245138000.0,10110000.0,18381000.0,0.8,6.004,59.427,58.02,48845000.0,0.0,0.87,0.733,0.734,46280000.0,43968000.0,606303000.0,606303000.0,0.0,0.023,0.097,0.101,0.02,0.0,230435000.0,1.0,510552724.0,511452503,511507349.0,1.185,198664000.0,64388000.0,4585000.0,0.0,0.388,-12914000.0
86,ROL,MRT,1999-12-31,1999-12-31,1999-12-31,2021-09-09,0.0,309948000.0,322604000.0,104757000.0,205191000.0,1.818,0.139,-18818000.0,5689000.0,5689000.0,341475000.0,7150000.0,0.966,3.317,6088000.0,3638000.0,2450000.0,6088000.0,20441000.0,13433000.0,0.0,0.014,0.012,11532000.0,24965000.0,0.043,24965000.0,11532000.0,11532000.0,0.014,0.014,0.014,71790000.0,78311500.0,71790000.0,454468130.0,39.0,18.204,-10656000.0,-0.021,1.0,245164000.0,0.418,112024000.0,0.0,89874000.0,142103750.0,13429000.0,12967000.0,12967000.0,0.0,238158000.0,108449000.0,129709000.0,451133130.0,4445000.0,-60964000.0,-11795000.0,-3421000.0,-6076000.0,-21080000.0,17363000.0,97145000.0,8162000.0,0.0,7150000.0,7150000.0,7150000.0,0.0,0.0,0.012,236680000.0,8484000.0,15275000.0,0.857,6.284,63.096,62.708,46245000.0,0.0,0.878,0.769,0.775,44878000.0,41909000.0,586639000.0,586639000.0,0.0,0.022,0.091,0.081,0.02,0.0,223247000.0,1.0,513868831.0,518131055,518250656.0,1.132,197924000.0,64659000.0,4382000.0,6295000.0,0.382,-3692000.0
87,ROL,MRT,1999-09-30,1999-09-30,1999-09-30,2021-09-09,0.0,321229000.0,326933250.0,163552000.0,157677000.0,1.753,0.154,-14795000.0,3950000.0,3950000.0,333960000.0,10080000.0,1.364,3.037,7285000.0,3697000.0,3588000.0,7285000.0,19821000.0,12649000.0,0.0,0.013,0.012,14168000.0,26817000.0,0.047,26817000.0,14168000.0,14168000.0,0.02,0.02,0.02,79571000.0,80422750.0,79571000.0,471893786.0,33.0,17.597,3097000.0,0.006,1.0,238998000.0,0.417,55849000.0,0.0,148836000.0,162971500.0,12460000.0,66006000.0,66006000.0,0.0,241658000.0,119879000.0,121779000.0,468668786.0,-1347000.0,-31120000.0,-7587000.0,-2720000.0,-6096000.0,-15999000.0,-3240000.0,42675000.0,17892000.0,0.0,10080000.0,10080000.0,10080000.0,-3410000.0,0.0,0.018,233026000.0,5972000.0,15777000.0,0.6,5.89,46.495,45.183,41439000.0,0.0,0.904,0.818,0.816,45604000.0,49412000.0,572958000.0,572958000.0,0.0,0.031,0.125,0.087,0.025,0.0,220377000.0,1.0,518629896.0,517497969,,1.107,265380000.0,59069000.0,4088000.0,0.0,0.513,43673000.0
88,ROL,MRT,1999-06-30,1999-06-30,1999-06-30,2021-09-09,0.0,334877000.0,330653000.0,182072000.0,152805000.0,1.704,0.159,-9848000.0,4600000.0,4600000.0,330283000.0,9528000.0,1.448,3.035,7825000.0,3527000.0,4298000.0,7825000.0,19923000.0,12137000.0,0.0,0.019,0.018,13277000.0,25414000.0,0.045,25414000.0,13277000.0,13277000.0,0.019,0.019,0.019,82984000.0,80955750.0,82984000.0,494873681.0,37.0,19.472,10767000.0,0.021,1.0,233066000.0,0.414,56060000.0,0.0,156336000.0,171022250.0,13793000.0,83201000.0,83201000.0,0.0,251893000.0,125706000.0,126187000.0,486845681.0,-36156000.0,-28973000.0,-46042000.0,-3006000.0,-9161000.0,-58528000.0,1757000.0,40578000.0,20615000.0,0.0,9528000.0,9528000.0,9528000.0,-3410000.0,0.0,0.017,229308000.0,3758000.0,17451000.0,0.947,5.867,51.096,49.102,36769000.0,0.0,0.933,0.864,0.864,45562000.0,52588000.0,563349000.0,563349000.0,0.0,0.029,0.118,0.078,0.024,0.0,217171000.0,1.0,521845350.0,521424540,,1.08,278817000.0,61013000.0,3749000.0,0.0,0.535,56366000.0
89,ROL,MRT,1999-03-31,1999-03-31,1999-03-31,2021-09-09,0.0,324362000.0,346078250.0,196136000.0,128226000.0,1.607,0.151,-10094000.0,646000.0,646000.0,327296000.0,8818000.0,1.656,3.111,8674000.0,3473000.0,5201000.0,8674000.0,17827000.0,12363000.0,0.0,0.023,0.023,12130000.0,24493000.0,0.044,24493000.0,12130000.0,12130000.0,0.016,0.016,0.016,78901000.0,92049250.0,78901000.0,520630186.0,43.0,21.256,-2429000.0,-0.005,1.0,228761000.0,0.411,40566000.0,0.0,173369000.0,180112500.0,14193000.0,109296000.0,109296000.0,0.0,245461000.0,118455000.0,127006000.0,512365186.0,-110389000.0,-3476000.0,-54660000.0,-2937000.0,-12600000.0,-70050000.0,-48004000.0,-34434000.0,7665000.0,0.0,8818000.0,8818000.0,8818000.0,-3410000.0,0.0,0.016,227525000.0,1236000.0,16243000.0,1.438,6.494,58.104,61.491,36431000.0,0.0,0.984,0.921,0.922,38523000.0,48425000.0,556057000.0,556057000.0,0.0,0.025,0.096,0.067,0.022,0.0,215780000.0,1.0,520775702.0,520882540,,1.068,283796000.0,62796000.0,3312000.0,0.0,0.545,77681000.0
90,ROL,MRT,1998-12-31,1998-12-31,1998-12-31,2021-09-09,0.0,327265000.0,369028750.0,199108000.0,128157000.0,1.488,0.154,-10402000.0,1244000.0,1244000.0,327353000.0,6587000.0,1.73,3.079,9509000.0,3419000.0,6090000.0,9509000.0,15210000.0,11458000.0,0.0,0.028,0.029,8534000.0,19992000.0,0.036,19992000.0,8534000.0,8534000.0,0.012,0.012,0.012,80235000.0,106636500.0,80235000.0,539010667.0,63.0,26.961,-11081000.0,-0.021,1.0,221783000.0,0.404,47092000.0,0.0,173345000.0,173034500.0,13335000.0,110229000.0,110229000.0,0.0,247030000.0,115093000.0,131937000.0,534302667.0,-124598000.0,-3517000.0,-56195000.0,-2868000.0,-16064000.0,-74967000.0,-48952000.0,-35033000.0,-679000.0,0.0,6587000.0,6587000.0,6587000.0,-3410000.0,0.0,0.012,225640000.0,-3857000.0,10890000.0,2.417,6.659,81.115,85.353,35466000.0,0.0,1.024,0.973,0.973,42353000.0,49746000.0,549136000.0,549136000.0,0.0,0.018,0.062,0.049,0.016,0.0,214182000.0,1.0,521660685.0,521660685,,1.053,280173000.0,64452000.0,1947000.0,7188000.0,0.537,84015000.0
91,ROL,MRT,1998-09-30,1998-09-30,1998-09-30,2021-09-09,0.0,336108000.0,395382500.0,208092000.0,128016000.0,1.365,0.154,-11070000.0,5297000.0,5297000.0,361628000.0,-1603000.0,1.73,3.114,10005000.0,3290000.0,6715000.0,10005000.0,15381000.0,12885000.0,0.0,0.034,0.035,-61792000.0,-48907000.0,-0.091,-48907000.0,-61792000.0,-61792000.0,-0.002,-0.002,-0.002,81703000.0,122988750.0,81703000.0,549249530.0,-9.0,-11.23,-28621000.0,-0.054,1.0,177910000.0,0.33,39525000.0,0.0,181039000.0,166976750.0,14040000.0,110243000.0,110243000.0,0.0,254405000.0,120252000.0,134153000.0,579174530.0,-7684000.0,130821000.0,-64783000.0,-2896000.0,-19593000.0,-87145000.0,96313000.0,-23438000.0,-17551000.0,0.0,-1603000.0,-1603000.0,-1603000.0,-96600000.0,0.0,-0.003,347285000.0,-169375000.0,14772000.0,-17.5,7.089,-361.307,-519.433,35974000.0,0.0,1.039,1.073,1.022,45142000.0,51171000.0,539538000.0,539538000.0,0.0,-0.004,-0.013,-0.37,-0.115,0.0,218018000.0,1.0,557506469.0,530779860,,1.017,296583000.0,68050000.0,-60189000.0,0.0,0.559,87840000.0
92,ROL,MRT,1998-06-30,1998-06-30,1998-06-30,2021-09-09,0.0,396578000.0,387621750.0,268952000.0,127626000.0,1.381,0.225,-9782000.0,40756000.0,40756000.0,364915000.0,-4817000.0,2.001,2.114,10831000.0,3236000.0,7595000.0,10831000.0,16643000.0,12287000.0,0.0,0.029,0.035,-72817000.0,-60530000.0,-0.113,-60530000.0,-72817000.0,-72817000.0,-0.008,-0.008,-0.008,127358000.0,144314750.0,127358000.0,581596065.0,-8.0,-9.608,-23120000.0,-0.041,1.0,170417000.0,0.318,39529000.0,0.0,192697000.0,164288500.0,16252000.0,124385000.0,124385000.0,0.0,269220000.0,134427000.0,134793000.0,681020065.0,33769000.0,155215000.0,-22133000.0,-2803000.0,-20065000.0,-44858000.0,91190000.0,-54243000.0,-13338000.0,0.0,-4817000.0,-4817000.0,-4817000.0,-106129000.0,0.0,-0.009,359609000.0,-189192000.0,17940000.0,-4.375,5.347,-141.378,-149.977,35963000.0,0.0,1.2,1.272,1.267,47916000.0,94728000.0,535332000.0,535332000.0,0.0,-0.012,-0.033,-0.443,-0.136,0.0,230940000.0,1.0,567603233.0,565180122,,0.947,357049000.0,71948000.0,-68000000.0,0.0,0.632,134525000.0
93,ROL,MRT,1998-03-31,1998-03-31,1998-03-31,2021-09-09,0.0,416164000.0,363979750.0,285775000.0,130389000.0,1.469,0.241,-10036000.0,111035000.0,111035000.0,366753000.0,-5411000.0,2.163,2.032,11611000.0,3187000.0,8424000.0,11611000.0,15352000.0,10895000.0,0.0,0.029,0.035,-73836000.0,-62941000.0,-0.118,-62941000.0,-73836000.0,-73836000.0,-0.009,-0.009,-0.009,137250000.0,156043500.0,137250000.0,580880504.0,-8.0,-9.229,-22940000.0,-0.04,1.0,167900000.0,0.314,39533000.0,0.0,145057000.0,160971250.0,16455000.0,74945000.0,74945000.0,0.0,278914000.0,132150000.0,146764000.0,694345504.0,96746000.0,155875000.0,-18440000.0,-2893000.0,-20155000.0,-41263000.0,151335000.0,5496000.0,-12904000.0,0.0,-5411000.0,-5411000.0,-5411000.0,-106229000.0,0.0,-0.01,356958000.0,-189058000.0,19736000.0,-3.889,5.059,-128.321,-135.784,36121000.0,0.0,1.222,1.299,1.299,44175000.0,104030000.0,534653000.0,534653000.0,0.0,-0.015,-0.035,-0.459,-0.138,0.0,229063000.0,1.0,568177389.0,568445467,,0.941,376631000.0,74432000.0,-68425000.0,0.0,0.663,153625000.0
94,ROL,MRT,1997-12-31,1997-12-31,1997-12-31,2021-09-09,0.0,432680000.0,337601500.0,301618000.0,131062000.0,1.595,0.253,-8956000.0,125842000.0,125842000.0,362161000.0,1497000.0,2.307,1.971,12377000.0,3138000.0,9239000.0,12377000.0,13831000.0,10712000.0,0.0,0.03,0.035,-62724000.0,-52012000.0,-0.097,-52012000.0,-62724000.0,-62724000.0,0.002,0.002,0.002,145644000.0,166949750.0,145644000.0,682584578.0,-11.0,-13.124,-3276000.0,-0.006,1.0,176478000.0,0.328,39383000.0,0.0,149114000.0,169654000.0,15010000.0,75037000.0,75037000.0,0.0,287036000.0,130718000.0,156318000.0,682664578.0,113692000.0,155029000.0,-26083000.0,-2521000.0,-20360000.0,-48664000.0,155919000.0,9846000.0,5680000.0,0.0,1497000.0,1497000.0,1497000.0,-106278000.0,0.0,0.003,353068000.0,-176590000.0,25420000.0,17.5,4.687,456.022,592.593,34639000.0,0.0,1.185,1.267,1.267,49166000.0,112365000.0,538639000.0,538639000.0,0.0,0.004,0.009,-0.37,-0.116,0.0,225356000.0,1.0,575998237.0,575998237,,0.935,393297000.0,73898000.0,-64221000.0,12057000.0,0.683,170900000.0
95,ROL,MRT,1997-09-30,1997-09-30,1997-09-30,2021-09-09,0.0,305065000.0,303595500.0,211436000.0,93629000.0,1.709,0.287,-5673000.0,12981000.0,12981000.0,308237000.0,9390000.0,2.241,0.827,12901000.0,3044000.0,9857000.0,12901000.0,15219000.0,7167000.0,0.0,0.025,0.035,10151000.0,17318000.0,0.033,17318000.0,10151000.0,10151000.0,0.016,,0.016,167007000.0,178111250.0,167007000.0,811595783.0,80.0,46.864,9554000.0,0.016,1.0,210631000.0,0.406,40346000.0,0.0,170286000.0,179806750.0,15488000.0,85863000.0,85863000.0,0.0,138058000.0,94353000.0,43705000.0,804948783.0,-18811000.0,26942000.0,-34531000.0,3116000.0,-20448000.0,-51584000.0,18303000.0,-2966000.0,15227000.0,0.0,9390000.0,9390000.0,9390000.0,-8100000.0,0.0,0.018,214197000.0,-3566000.0,23025000.0,2.188,4.82,85.724,87.353,37984000.0,0.0,1.398,1.551,1.569,75826000.0,133295000.0,518868000.0,518868000.0,0.0,0.031,0.053,0.056,0.02,0.0,206495000.0,1.0,575934029.0,582322546,,0.891,264719000.0,8143000.0,761000.0,4119000.0,0.455,117083000.0
96,ROL,MRT,1997-06-30,1997-06-30,1997-06-30,2021-09-09,0.0,302010000.0,,193904000.0,108106000.0,,0.302,-6935000.0,6987000.0,6987000.0,305789000.0,15030000.0,2.22,0.733,13634000.0,2998000.0,10636000.0,13634000.0,16617000.0,7200000.0,0.0,0.03,0.035,24932000.0,32132000.0,0.061,32132000.0,24932000.0,24932000.0,0.026,,0.026,174273000.0,,174273000.0,687468922.0,28.0,21.395,13575000.0,0.024,1.0,219281000.0,0.418,41883000.0,0.0,179428000.0,,19504000.0,70108000.0,70108000.0,0.0,127737000.0,87346000.0,40391000.0,687253922.0,-23285000.0,2069000.0,-34531000.0,3469000.0,-20536000.0,-51134000.0,8172000.0,13038000.0,20510000.0,0.0,15030000.0,15030000.0,15030000.0,1174000.0,0.0,0.029,198799000.0,20482000.0,18881000.0,1.346,3.944,45.725,45.314,42242000.0,0.0,1.178,1.309,1.296,82500000.0,140565000.0,525070000.0,525070000.0,0.0,,,,0.047,0.0,191261000.0,1.0,583327250.0,577624904,,0.909,260127000.0,4813000.0,9902000.0,4558000.0,0.45,106558000.0
97,ROL,MRT,1997-03-31,1997-03-31,1997-03-31,2021-09-09,0.0,310651000.0,,204795000.0,105856000.0,,0.307,-7490000.0,14289000.0,14289000.0,311460000.0,21552000.0,2.297,0.717,14504000.0,3097000.0,11407000.0,14504000.0,15700000.0,7134000.0,0.0,0.031,0.035,35513000.0,42647000.0,0.078,42647000.0,35513000.0,35513000.0,0.036,,0.036,180875000.0,,180875000.0,668754139.0,19.0,15.681,35223000.0,0.06,1.0,237086000.0,0.432,41907000.0,0.0,179788000.0,,17132000.0,80101000.0,80101000.0,0.0,129776000.0,89171000.0,40605000.0,653856139.0,-23039000.0,228000.0,-35521000.0,3792000.0,-20660000.0,-52185000.0,-13931000.0,-6669000.0,42713000.0,0.0,21552000.0,21552000.0,21552000.0,1274000.0,0.0,0.039,206238000.0,30848000.0,19957000.0,0.972,3.615,30.339,30.89,41571000.0,0.0,1.112,1.192,1.194,78530000.0,146734000.0,548546000.0,548546000.0,0.0,,,,0.065,0.0,198766000.0,1.0,587986586.0,588922673,,0.931,268744000.0,4542000.0,13961000.0,5558000.0,0.456,115624000.0
98,ROL,MRT,1996-12-31,1996-12-31,1996-12-31,2021-09-09,0.0,296656000.0,305790500.0,187006000.0,109650000.0,1.742,0.314,-8292000.0,12150000.0,12150000.0,302929000.0,22795000.0,2.678,0.559,14898000.0,2735000.0,12163000.0,14898000.0,11677000.0,7046000.0,0.0,0.029,0.034,36517000.0,43563000.0,0.082,43563000.0,36517000.0,36517000.0,0.037,0.037,0.037,190290000.0,202304000.0,190290000.0,,,,43639000.0,0.072,1.0,229856000.0,0.431,39849000.0,0.0,189725000.0,200182000.0,11593000.0,84785000.0,84785000.0,0.0,106366000.0,69830000.0,36536000.0,688269620.0,-21473000.0,-2373000.0,-26200000.0,4186000.0,-20669000.0,-42263000.0,-30326000.0,-19661000.0,51931000.0,0.0,22795000.0,22795000.0,22795000.0,-409000.0,0.0,0.043,199715000.0,30141000.0,13781000.0,0.919,3.617,30.194,31.637,36567000.0,0.0,1.171,1.292,1.332,64400000.0,155696000.0,532785000.0,532785000.0,0.0,0.075,0.113,0.182,0.069,0.0,192669000.0,1.0,587986586.0,606174891,,0.879,256807000.0,4379000.0,13722000.0,6220000.0,0.424,117176000.0
99,ROL,MRT,1996-09-30,1996-09-30,1996-09-30,2021-09-09,,,,,,,,,,,,,,,,,,,,,,0.029,0.034,,,,,,,,,,,,,,,,,,1.0,,,,,,,,,,,,,,,,,,,,,,,,,,,,,,,,,,,,,,,,1.178,,,,,,,,,,,,,,1.0,,606227447,,,,,,,,
100,ROL,MRT,1996-06-30,1996-06-30,1996-06-30,2021-09-09,,,,,,,,,,,,,,,,,,,,,,0.024,0.033,,,,,,,,,,,,,,,,,,1.0,,,,,,,,,,,,,,,,,,,,,,,,,,,,,,,,,,,,,,,,1.375,,,,,,,,,,,,,,1.0,,609828923,,,,,,,,
101,ROL,MRT,1996-03-31,1996-03-31,1996-03-31,2021-09-09,,,,,,,,,,,,,,,,,,,,,,0.024,0.033,,,,,,,,,,,,,,,,,,1.0,,,,,,,,,,,,,,,,,,,,,,,,,,,,,,,,,,,,,,,,1.368,,,,,,,,,,,,,,1.0,,612926399,,,,,,,,
102,ROL,MRT,1995-12-31,1995-12-31,1995-12-31,2021-09-09,0.0,314925000.0,,222765000.0,92160000.0,,0.35,-5377000.0,0.0,0.0,272709000.0,39277000.0,3.137,0.469,8736000.0,1314000.0,7422000.0,8736000.0,14695000.0,6069000.0,0.0,0.025,0.033,62973000.0,69042000.0,0.13,69042000.0,62973000.0,62973000.0,0.064,0.064,0.064,214318000.0,,214318000.0,,,,37090000.0,0.061,1.0,257079000.0,0.485,42013000.0,0.0,210639000.0,,13924000.0,65743000.0,65743000.0,0.0,100607000.0,71009000.0,29598000.0,,1706000.0,-1475000.0,0.0,0.0,-20076000.0,-19503000.0,-19315000.0,-12463000.0,42467000.0,0.0,39277000.0,39277000.0,39277000.0,-616000.0,0.0,0.074,199710000.0,57369000.0,13334000.0,0.516,,,20.229,37799000.0,0.0,1.295,,1.497,88542000.0,224009000.0,529788000.0,529788000.0,0.0,,,,0.119,0.0,193641000.0,1.0,,612513773,,0.865,272912000.0,7447000.0,23696000.0,6240000.0,0.446,151756000.0
103,ROL,MRT,1994-12-31,1994-12-31,1994-12-31,2021-09-09,,,,,,,,-7104000.0,,,311315000.0,49561000.0,,,,,,,,8130000.0,,0.022,0.03,80587000.0,88717000.0,0.147,88717000.0,80587000.0,80587000.0,0.081,,0.081,,,,,,,32236000.0,0.053,1.0,294012000.0,0.486,,0.0,,,,,,,,,,,13815000.0,-740000.0,0.0,0.0,-17887000.0,-15771000.0,-9754000.0,-1910000.0,39340000.0,0.0,49561000.0,49561000.0,49561000.0,0.0,0.0,0.082,216419000.0,77593000.0,,0.37,,,16.706,,0.0,1.353,,1.366,,,605327000.0,605327000.0,0.0,,,,0.133,0.0,208289000.0,1.0,,611163984,,0.99,,,31026000.0,,,
