None,ticker,dimension,calendardate,datekey,reportperiod,lastupdated,accoci,assets,assetsavg,assetsc,assetsnc,assetturnover,bvps,capex,cashneq,cashnequsd,cor,consolinc,currentratio,de,debt,debtc,debtnc,debtusd,deferredrev,depamor,deposits,divyield,dps,ebit,ebitda,ebitdamargin,ebitdausd,ebitusd,ebt,eps,epsdil,epsusd,equity,equityavg,equityusd,ev,evebit,evebitda,fcf,fcfps,fxusd,gp,grossmargin,intangibles,intexp,invcap,invcapavg,inventory,investments,investmentsc,investmentsnc,liabilities,liabilitiesc,liabilitiesnc,marketcap,ncf,ncfbus,ncfcommon,ncfdebt,ncfdiv,ncff,ncfi,ncfinv,ncfo,ncfx,netinc,netinccmn,netinccmnusd,netincdis,netincnci,netmargin,opex,opinc,payables,payoutratio,pb,pe,pe1,ppnenet,prefdivis,price,ps,ps1,receivables,retearn,revenue,revenueusd,rnd,roa,roe,roic,ros,sbcomp,sgna,sharefactor,sharesbas,shareswa,shareswadil,sps,tangibles,taxassets,taxexp,taxliabilities,tbvps,workingcapital
0,SCG,MRY,2017-12-31,2017-12-31,2017-12-31,2018-11-05,-50000000.0,18739000000.0,19068000000.0,1851000000.0,16888000000.0,0.231,36.748,-928000000.0,409000000.0,409000000.0,2567000000.0,-119000000.0,0.876,2.566,6983000000.0,1077000000.0,5906000000.0,6983000000.0,0.0,323000000.0,112000000.0,0.062,2.449,132000000.0,455000000.0,0.103,455000000.0,132000000.0,-231000000.0,-0.83,-0.83,-0.83,5255000000.0,5671500000.0,5255000000.0,12316274584.0,93.0,27.069,78000000.0,0.545,1.0,1840000000.0,0.418,0.0,363000000.0,23200000000.0,24023000000.0,304000000.0,474000000.0,0.0,474000000.0,13484000000.0,2113000000.0,11371000000.0,5673274584.0,231000000.0,-28000000.0,0.0,-556000000.0,-319000000.0,-872000000.0,97000000.0,-43000000.0,1006000000.0,0.0,-119000000.0,-119000000.0,-119000000.0,0.0,0.0,-0.027,1764000000.0,76000000.0,438000000.0,-2.951,1.08,-47.675,-47.928,10918000000.0,0.0,39.78,1.287,1.291,665000000.0,2915000000.0,4407000000.0,4407000000.0,0.0,-0.006,-0.021,0.005,0.03,0.0,0.0,1.0,142616254.0,143000000,143000000.0,30.818,18739000000.0,198000000.0,-112000000.0,1494000000.0,131.042,-262000000.0
1,SCG,MRY,2016-12-31,2016-12-31,2016-12-31,2018-11-05,-49000000.0,18707000000.0,18048250000.0,1506000000.0,17201000000.0,0.234,40.035,-1399000000.0,208000000.0,208000000.0,2449000000.0,595000000.0,0.729,2.268,7431000000.0,958000000.0,6473000000.0,7431000000.0,0.0,310000000.0,168000000.0,0.031,2.3,1208000000.0,1518000000.0,0.359,1518000000.0,1208000000.0,866000000.0,4.16,4.16,4.16,5725000000.0,5626500000.0,5725000000.0,17783951678.0,15.0,11.715,-477000000.0,-3.336,1.0,1778000000.0,0.421,0.0,342000000.0,23865000000.0,23285000000.0,291000000.0,475000000.0,0.0,475000000.0,12982000000.0,2065000000.0,10917000000.0,10472951678.0,34000000.0,9000000.0,0.0,762000000.0,-301000000.0,561000000.0,-1449000000.0,-59000000.0,922000000.0,0.0,595000000.0,595000000.0,595000000.0,0.0,0.0,0.141,625000000.0,1153000000.0,404000000.0,0.553,1.829,17.602,17.615,14600000000.0,0.0,73.28,2.478,2.479,616000000.0,3384000000.0,4227000000.0,4227000000.0,0.0,0.033,0.106,0.052,0.286,0.0,0.0,1.0,142916917.0,143000000,143000000.0,29.559,18707000000.0,142000000.0,271000000.0,2579000000.0,130.818,-559000000.0
2,SCG,MRY,2015-12-31,2015-12-31,2015-12-31,2018-11-05,-65000000.0,17146000000.0,16606500000.0,1378000000.0,15768000000.0,0.264,38.063,-1008000000.0,176000000.0,176000000.0,2714000000.0,746000000.0,0.706,2.15,6529000000.0,647000000.0,5882000000.0,6529000000.0,0.0,294000000.0,137000000.0,0.036,2.18,1457000000.0,1751000000.0,0.4,1751000000.0,1457000000.0,1139000000.0,5.22,5.22,5.22,5443000000.0,5384500000.0,5443000000.0,14889044309.0,10.0,8.503,70000000.0,0.49,1.0,1666000000.0,0.38,0.0,318000000.0,21547000000.0,21317000000.0,312000000.0,466000000.0,0.0,466000000.0,11703000000.0,1952000000.0,9751000000.0,8645044309.0,30000000.0,71000000.0,0.0,141000000.0,-285000000.0,54000000.0,-1102000000.0,-165000000.0,1078000000.0,0.0,746000000.0,746000000.0,746000000.0,0.0,0.0,0.17,592000000.0,1074000000.0,590000000.0,0.418,1.588,11.589,11.588,13425000000.0,0.0,60.49,1.974,1.975,505000000.0,3118000000.0,4380000000.0,4380000000.0,0.0,0.045,0.139,0.068,0.333,0.0,0.0,1.0,142916917.0,143000000,143000000.0,30.629,17146000000.0,0.0,393000000.0,2193000000.0,119.902,-574000000.0
3,SCG,MRY,2014-12-31,2014-12-31,2014-12-31,2018-11-05,-75000000.0,16818000000.0,15914250000.0,2145000000.0,14673000000.0,0.311,35.144,-1092000000.0,137000000.0,137000000.0,3331000000.0,538000000.0,0.869,2.372,6581000000.0,1084000000.0,5497000000.0,6581000000.0,0.0,403000000.0,98000000.0,0.035,2.1,1098000000.0,1501000000.0,0.303,1501000000.0,1098000000.0,786000000.0,3.79,3.79,3.79,4987000000.0,4899500000.0,4987000000.0,14748032926.0,13.0,9.825,-362000000.0,-2.551,1.0,1620000000.0,0.327,0.0,312000000.0,20794000000.0,20307750000.0,361000000.0,472000000.0,0.0,472000000.0,11831000000.0,2468000000.0,9363000000.0,8610032926.0,1000000.0,0.0,98000000.0,782000000.0,-294000000.0,586000000.0,-1315000000.0,-223000000.0,730000000.0,0.0,538000000.0,538000000.0,538000000.0,0.0,0.0,0.109,613000000.0,1007000000.0,520000000.0,0.554,1.726,16.004,15.937,12516000000.0,0.0,60.4,1.739,1.731,684000000.0,2684000000.0,4951000000.0,4951000000.0,0.0,0.034,0.11,0.054,0.222,0.0,0.0,1.0,142550214.0,141900000,141900000.0,34.891,16818000000.0,0.0,248000000.0,2113000000.0,118.52,-323000000.0
4,SCG,MRY,2013-12-31,2013-12-31,2013-12-31,2018-11-05,-60000000.0,15164000000.0,14964000000.0,1421000000.0,13743000000.0,0.3,33.627,-1106000000.0,136000000.0,136000000.0,2987000000.0,471000000.0,0.985,2.251,5825000000.0,430000000.0,5395000000.0,5825000000.0,0.0,393000000.0,88000000.0,0.043,2.03,991000000.0,1384000000.0,0.308,1384000000.0,991000000.0,694000000.0,3.4,3.39,3.4,4664000000.0,4557750000.0,4664000000.0,12393959595.0,13.0,8.955,-56000000.0,-0.404,1.0,1508000000.0,0.335,0.0,297000000.0,19411000000.0,19351250000.0,363000000.0,504000000.0,0.0,504000000.0,10500000000.0,1442000000.0,9058000000.0,6595959595.0,64000000.0,0.0,295000000.0,-54000000.0,-281000000.0,-40000000.0,-946000000.0,160000000.0,1050000000.0,0.0,471000000.0,471000000.0,471000000.0,0.0,0.0,0.105,598000000.0,910000000.0,425000000.0,0.597,1.414,14.004,13.803,11960000000.0,0.0,46.93,1.467,1.448,802000000.0,2444000000.0,4495000000.0,4495000000.0,0.0,0.031,0.103,0.051,0.22,0.0,0.0,1.0,140548894.0,138700000,139100000.0,32.408,15164000000.0,0.0,223000000.0,1941000000.0,109.329,-21000000.0
5,SCG,MRY,2012-12-31,2012-12-31,2012-12-31,2018-11-05,0.0,14616000000.0,13977250000.0,1527000000.0,13089000000.0,0.299,31.686,-1077000000.0,72000000.0,72000000.0,2754000000.0,420000000.0,0.843,2.519,5744000000.0,795000000.0,4949000000.0,5744000000.0,0.0,368000000.0,86000000.0,0.043,1.98,897000000.0,1265000000.0,0.303,1265000000.0,897000000.0,602000000.0,3.2,3.15,3.2,4154000000.0,4059000000.0,4154000000.0,11520016500.0,13.0,9.107,-238000000.0,-1.815,1.0,1422000000.0,0.341,0.0,295000000.0,18477000000.0,17968000000.0,441000000.0,487000000.0,0.0,487000000.0,10462000000.0,1811000000.0,8651000000.0,6015016500.0,43000000.0,0.0,97000000.0,420000000.0,-257000000.0,260000000.0,-1056000000.0,21000000.0,839000000.0,0.0,420000000.0,420000000.0,420000000.0,0.0,0.0,0.101,563000000.0,859000000.0,428000000.0,0.619,1.448,14.321,14.262,11202000000.0,0.0,45.64,1.44,1.433,780000000.0,,4176000000.0,4176000000.0,0.0,0.03,0.103,0.05,0.215,0.0,0.0,1.0,131792649.0,131100000,133300000.0,31.854,14616000000.0,11000000.0,182000000.0,1853000000.0,111.487,-284000000.0
6,SCG,MRY,2011-12-31,2011-12-31,2011-12-31,2018-11-05,0.0,13534000000.0,13180250000.0,1491000000.0,12043000000.0,0.335,30.194,-884000000.0,29000000.0,29000000.0,3049000000.0,387000000.0,0.908,2.48,5306000000.0,684000000.0,4622000000.0,5306000000.0,0.0,354000000.0,103000000.0,0.043,1.94,839000000.0,1193000000.0,0.271,1193000000.0,839000000.0,555000000.0,3.01,2.97,3.01,3889000000.0,3833000000.0,3889000000.0,11010099834.0,13.0,9.229,-73000000.0,-0.567,1.0,1360000000.0,0.308,0.0,284000000.0,17169000000.0,16592750000.0,444000000.0,476000000.0,0.0,476000000.0,9645000000.0,1642000000.0,8003000000.0,5842099834.0,-26000000.0,0.0,97000000.0,391000000.0,-248000000.0,240000000.0,-1077000000.0,-193000000.0,811000000.0,0.0,387000000.0,387000000.0,387000000.0,0.0,0.0,0.088,547000000.0,813000000.0,374000000.0,0.645,1.502,15.096,14.97,10352000000.0,0.0,45.06,1.325,1.316,756000000.0,,4409000000.0,4409000000.0,0.0,0.029,0.101,0.051,0.19,0.0,0.0,1.0,129651572.0,128800000,130200000.0,34.231,13534000000.0,26000000.0,168000000.0,1727000000.0,105.078,-151000000.0
7,SCG,MRY,2010-12-31,2010-12-31,2010-12-31,2018-11-05,0.0,12968000000.0,12491000000.0,1631000000.0,11337000000.0,0.368,29.451,-876000000.0,55000000.0,55000000.0,3308000000.0,376000000.0,0.874,2.503,4909000000.0,757000000.0,4152000000.0,4909000000.0,0.0,341000000.0,100000000.0,0.047,1.9,801000000.0,1142000000.0,0.248,1142000000.0,801000000.0,535000000.0,2.99,2.98,2.99,3702000000.0,3581000000.0,3702000000.0,9969239955.0,12.0,8.73,-65000000.0,-0.517,1.0,1293000000.0,0.281,0.0,266000000.0,15955000000.0,15608750000.0,447000000.0,453000000.0,0.0,453000000.0,9266000000.0,1867000000.0,7399000000.0,5165239955.0,-107000000.0,0.0,149000000.0,44000000.0,-237000000.0,-44000000.0,-874000000.0,2000000.0,811000000.0,0.0,376000000.0,376000000.0,376000000.0,0.0,0.0,0.082,525000000.0,768000000.0,526000000.0,0.635,1.395,13.737,13.579,9961000000.0,0.0,40.6,1.123,1.109,837000000.0,,4601000000.0,4601000000.0,0.0,0.03,0.105,0.051,0.174,0.0,0.0,1.0,127222659.0,125700000,126300000.0,36.603,12968000000.0,21000000.0,159000000.0,1593000000.0,103.166,-236000000.0
8,SCG,MRY,2009-12-31,2009-12-31,2009-12-31,2018-11-05,0.0,12094000000.0,11766000000.0,1521000000.0,10573000000.0,0.36,27.912,-914000000.0,162000000.0,162000000.0,3045000000.0,357000000.0,1.211,2.549,4846000000.0,363000000.0,4483000000.0,4846000000.0,0.0,329000000.0,103000000.0,0.05,1.88,757000000.0,1086000000.0,0.256,1086000000.0,757000000.0,524000000.0,2.85,2.85,2.85,3408000000.0,3312750000.0,3408000000.0,9043636896.0,12.0,8.327,-235000000.0,-1.925,1.0,1192000000.0,0.281,0.0,233000000.0,15522000000.0,15154750000.0,501000000.0,431000000.0,0.0,431000000.0,8686000000.0,1256000000.0,7430000000.0,4639636896.0,-110000000.0,0.0,78000000.0,256000000.0,-234000000.0,100000000.0,-889000000.0,25000000.0,679000000.0,0.0,357000000.0,348000000.0,348000000.0,0.0,0.0,0.082,493000000.0,699000000.0,428000000.0,0.66,1.361,13.332,13.221,9300000000.0,9000000.0,37.68,1.095,1.086,694000000.0,,4237000000.0,4237000000.0,0.0,0.03,0.105,0.05,0.179,0.0,0.0,1.0,123132614.0,122100000,122200000.0,34.701,12094000000.0,0.0,167000000.0,1367000000.0,99.05,265000000.0
9,SCG,MRY,2008-12-31,2008-12-31,2008-12-31,2018-11-05,0.0,11502000000.0,10723250000.0,1836000000.0,9666000000.0,0.496,26.026,-904000000.0,272000000.0,272000000.0,4122000000.0,353000000.0,1.59,2.777,4585000000.0,224000000.0,4361000000.0,4585000000.0,0.0,327000000.0,97000000.0,0.052,1.84,769000000.0,1096000000.0,0.206,1096000000.0,769000000.0,542000000.0,2.95,2.95,2.95,3045000000.0,3120000000.0,3045000000.0,8222644965.0,11.0,7.502,-450000000.0,-3.846,1.0,1197000000.0,0.225,0.0,227000000.0,14660000000.0,13494250000.0,481000000.0,316000000.0,0.0,316000000.0,8457000000.0,1155000000.0,7302000000.0,4183644965.0,138000000.0,0.0,42000000.0,748000000.0,-219000000.0,571000000.0,-887000000.0,17000000.0,454000000.0,0.0,353000000.0,346000000.0,346000000.0,0.0,0.0,0.065,487000000.0,710000000.0,405000000.0,0.624,1.374,12.091,12.068,8499000000.0,7000000.0,35.6,0.787,0.783,828000000.0,,5319000000.0,5319000000.0,0.0,0.032,0.111,0.057,0.145,0.0,0.0,1.0,117518117.0,117000000,117100000.0,45.462,11502000000.0,23000000.0,189000000.0,1240000000.0,98.308,681000000.0
10,SCG,MRY,2007-12-31,2007-12-31,2007-12-31,2018-11-05,0.0,10165000000.0,9811250000.0,1301000000.0,8864000000.0,0.471,26.272,-725000000.0,134000000.0,134000000.0,3504000000.0,327000000.0,0.756,2.315,3739000000.0,860000000.0,2879000000.0,3739000000.0,0.0,330000000.0,85000000.0,0.042,1.76,673000000.0,1003000000.0,0.217,1003000000.0,673000000.0,467000000.0,2.74,2.74,2.74,3066000000.0,3025750000.0,3066000000.0,8434426926.0,13.0,8.409,5000000.0,0.043,1.0,1117000000.0,0.242,0.0,206000000.0,12049000000.0,11931250000.0,426000000.0,275000000.0,0.0,275000000.0,7099000000.0,1721000000.0,5378000000.0,4917426926.0,-67000000.0,0.0,-8000000.0,146000000.0,-210000000.0,-72000000.0,-725000000.0,0.0,730000000.0,0.0,327000000.0,320000000.0,320000000.0,0.0,0.0,0.069,484000000.0,633000000.0,428000000.0,0.642,1.604,15.367,15.383,7669000000.0,7000000.0,42.15,1.064,1.064,670000000.0,,4621000000.0,4621000000.0,0.0,0.033,0.106,0.056,0.146,0.0,0.0,1.0,116664933.0,116700000,116700000.0,39.597,10165000000.0,9000000.0,140000000.0,1204000000.0,87.104,-420000000.0
11,SCG,MRY,2006-12-31,2006-12-31,2006-12-31,2018-11-05,0.0,9817000000.0,9501500000.0,1376000000.0,8441000000.0,0.48,25.492,-527000000.0,201000000.0,201000000.0,3475000000.0,310000000.0,0.979,2.326,3597000000.0,530000000.0,3067000000.0,3597000000.0,0.0,347000000.0,85000000.0,0.041,1.68,638000000.0,985000000.0,0.216,985000000.0,638000000.0,429000000.0,2.68,2.68,2.68,2952000000.0,2902250000.0,2952000000.0,8053971576.0,13.0,8.177,226000000.0,1.952,1.0,1088000000.0,0.238,0.0,209000000.0,11808000000.0,11690500000.0,442000000.0,276000000.0,0.0,276000000.0,6865000000.0,1405000000.0,5460000000.0,4731971576.0,139000000.0,0.0,79000000.0,36000000.0,-198000000.0,-83000000.0,-531000000.0,-4000000.0,753000000.0,0.0,310000000.0,310000000.0,310000000.0,0.0,0.0,0.068,485000000.0,603000000.0,441000000.0,0.627,1.603,15.264,15.157,7139000000.0,0.0,40.62,1.037,1.031,687000000.0,,4563000000.0,4563000000.0,0.0,0.033,0.107,0.055,0.14,0.0,0.0,1.0,116493638.0,115800000,115800000.0,39.404,9817000000.0,34000000.0,119000000.0,1188000000.0,84.775,-29000000.0
12,SCG,MRY,2005-12-31,2005-12-31,2005-12-31,2018-11-05,0.0,9519000000.0,9045250000.0,1464000000.0,8055000000.0,0.528,24.455,-385000000.0,62000000.0,62000000.0,3686000000.0,320000000.0,0.976,2.42,3563000000.0,615000000.0,2948000000.0,3563000000.0,0.0,518000000.0,70000000.0,0.04,1.56,414000000.0,932000000.0,0.195,932000000.0,414000000.0,202000000.0,2.81,2.81,2.81,2783000000.0,2711000000.0,2783000000.0,7825357552.0,19.0,8.396,82000000.0,0.721,1.0,1091000000.0,0.228,0.0,212000000.0,11520000000.0,11195500000.0,417000000.0,247000000.0,0.0,247000000.0,6736000000.0,1500000000.0,5236000000.0,4508357552.0,-57000000.0,0.0,83000000.0,-33000000.0,-181000000.0,-131000000.0,-393000000.0,-8000000.0,467000000.0,0.0,320000000.0,320000000.0,320000000.0,0.0,0.0,0.067,655000000.0,436000000.0,497000000.0,0.555,1.62,14.089,14.014,6842000000.0,0.0,39.38,0.944,0.938,905000000.0,,4777000000.0,4777000000.0,0.0,0.035,0.118,0.037,0.087,0.0,0.0,1.0,114483432.0,113800000,113800000.0,41.977,9519000000.0,26000000.0,-118000000.0,1173000000.0,83.647,-36000000.0
13,SCG,MRY,2004-12-31,2004-12-31,2004-12-31,2018-11-05,0.0,9006000000.0,8718750000.0,1182000000.0,7824000000.0,0.446,22.912,-501000000.0,119000000.0,119000000.0,2879000000.0,257000000.0,0.998,2.522,3601000000.0,415000000.0,3186000000.0,3601000000.0,0.0,274000000.0,66000000.0,0.037,1.46,582000000.0,856000000.0,0.22,856000000.0,582000000.0,380000000.0,2.3,2.3,2.3,2557000000.0,2519250000.0,2557000000.0,7861873629.0,14.0,9.184,78000000.0,0.699,1.0,1006000000.0,0.259,0.0,202000000.0,11304000000.0,11174250000.0,270000000.0,236000000.0,0.0,236000000.0,6449000000.0,1184000000.0,5265000000.0,4425873629.0,2000000.0,0.0,61000000.0,-17000000.0,-168000000.0,-124000000.0,-453000000.0,48000000.0,579000000.0,0.0,257000000.0,257000000.0,257000000.0,0.0,0.0,0.066,410000000.0,596000000.0,399000000.0,0.635,1.731,17.221,17.13,6866000000.0,0.0,39.4,1.139,1.132,731000000.0,,3885000000.0,3885000000.0,0.0,0.029,0.102,0.052,0.15,0.0,0.0,1.0,112331818.0,111600000,111600000.0,34.812,9006000000.0,10000000.0,123000000.0,1148000000.0,80.699,-2000000.0
14,SCG,MRY,2003-12-31,2003-12-31,2003-12-31,2018-11-05,0.0,8458000000.0,7971250000.0,893000000.0,7565000000.0,0.429,21.769,-680000000.0,117000000.0,117000000.0,2488000000.0,282000000.0,0.873,2.507,3622000000.0,397000000.0,3225000000.0,3622000000.0,0.0,249000000.0,43000000.0,0.04,1.38,617000000.0,866000000.0,0.254,866000000.0,617000000.0,417000000.0,2.54,2.54,2.54,2412000000.0,2378500000.0,2412000000.0,7209132974.0,12.0,8.325,-135000000.0,-1.218,1.0,928000000.0,0.272,0.0,200000000.0,10940000000.0,10208000000.0,213000000.0,318000000.0,0.0,318000000.0,6046000000.0,1023000000.0,5023000000.0,3793132974.0,-188000000.0,0.0,-55000000.0,108000000.0,-158000000.0,-105000000.0,-628000000.0,52000000.0,545000000.0,0.0,282000000.0,282000000.0,282000000.0,0.0,0.0,0.083,377000000.0,551000000.0,300000000.0,0.543,1.573,13.451,13.484,6513000000.0,0.0,34.25,1.11,1.111,516000000.0,,3416000000.0,3416000000.0,0.0,0.035,0.119,0.06,0.181,0.0,0.0,1.0,110748408.0,110800000,110800000.0,30.83,8458000000.0,0.0,135000000.0,1016000000.0,76.336,-130000000.0
15,SCG,MRY,2002-12-31,2002-12-31,2002-12-31,2018-11-05,0.0,8074000000.0,7802500000.0,1140000000.0,6934000000.0,0.379,21.538,-694000000.0,374000000.0,374000000.0,2093000000.0,-142000000.0,0.893,2.537,3456000000.0,622000000.0,2834000000.0,3456000000.0,0.0,233000000.0,33000000.0,0.042,1.3,93000000.0,326000000.0,0.11,326000000.0,93000000.0,-106000000.0,-1.34,-1.34,-1.34,2283000000.0,2284750000.0,2283000000.0,6753458078.0,73.0,20.716,-230000000.0,-2.17,1.0,861000000.0,0.291,0.0,199000000.0,9880000000.0,9838000000.0,237000000.0,326000000.0,0.0,326000000.0,5791000000.0,1276000000.0,4515000000.0,3428458078.0,155000000.0,-62000000.0,149000000.0,-158000000.0,-133000000.0,-121000000.0,-188000000.0,568000000.0,464000000.0,0.0,-142000000.0,-142000000.0,-142000000.0,0.0,0.0,-0.048,347000000.0,514000000.0,362000000.0,-0.97,1.502,-24.144,-23.104,5894000000.0,0.0,30.96,1.161,1.111,489000000.0,,2954000000.0,2954000000.0,0.0,-0.018,-0.062,0.009,0.031,0.0,0.0,1.0,110738310.0,106000000,106000000.0,27.868,8074000000.0,0.0,36000000.0,947000000.0,76.17,-136000000.0
16,SCG,MRY,2001-12-31,2001-12-31,2001-12-31,2018-11-05,0.0,7822000000.0,7752750000.0,1557000000.0,6265000000.0,0.445,21.968,-548000000.0,212000000.0,212000000.0,2584000000.0,539000000.0,0.997,2.401,3600000000.0,904000000.0,2696000000.0,3600000000.0,0.0,236000000.0,41000000.0,0.043,1.2,1067000000.0,1303000000.0,0.378,1303000000.0,1067000000.0,844000000.0,5.15,5.15,5.15,2300000000.0,2321250000.0,2300000000.0,6306587698.0,6.0,4.84,-55000000.0,-0.525,1.0,867000000.0,0.251,0.0,223000000.0,9649000000.0,9764000000.0,236000000.0,951000000.0,664000000.0,287000000.0,5522000000.0,1561000000.0,3961000000.0,2914587698.0,50000000.0,-46000000.0,0.0,247000000.0,-123000000.0,123000000.0,-566000000.0,28000000.0,493000000.0,0.0,539000000.0,539000000.0,539000000.0,0.0,0.0,0.156,339000000.0,528000000.0,275000000.0,0.233,1.267,5.407,5.404,5356000000.0,0.0,27.83,0.845,0.844,424000000.0,,3451000000.0,3451000000.0,0.0,0.07,0.232,0.109,0.309,0.0,0.0,1.0,104728268.0,104700000,104700000.0,32.961,7822000000.0,0.0,305000000.0,1074000000.0,74.709,-4000000.0
17,SCG,MRY,2000-12-31,2000-12-31,2000-12-31,2018-11-05,0.0,7427000000.0,6719000000.0,1531000000.0,5896000000.0,0.511,20.459,-361000000.0,159000000.0,159000000.0,2548000000.0,250000000.0,1.372,2.474,3339000000.0,439000000.0,2900000000.0,3339000000.0,0.0,227000000.0,27000000.0,0.039,1.15,616000000.0,843000000.0,0.246,843000000.0,616000000.0,391000000.0,2.4,2.4,2.4,2138000000.0,2171500000.0,2138000000.0,,,,30000000.0,0.287,1.0,885000000.0,0.258,0.0,225000000.0,9491000000.0,8317500000.0,183000000.0,761000000.0,479000000.0,282000000.0,5289000000.0,1116000000.0,4173000000.0,3095793112.0,43000000.0,-232000000.0,-488000000.0,857000000.0,-124000000.0,237000000.0,-585000000.0,8000000.0,391000000.0,0.0,250000000.0,250000000.0,250000000.0,0.0,0.0,0.073,331000000.0,554000000.0,394000000.0,0.479,1.448,12.383,12.317,5028000000.0,0.0,29.56,0.902,0.9,694000000.0,,3433000000.0,3433000000.0,0.0,0.037,0.115,0.074,0.179,0.0,0.0,1.0,104729131.0,104500000,104500000.0,32.852,7427000000.0,0.0,141000000.0,992000000.0,71.072,415000000.0
18,SCG,MRY,1999-12-31,1999-12-31,1999-12-31,2018-11-05,0.0,6011000000.0,,618000000.0,5393000000.0,,21.284,-261000000.0,116000000.0,116000000.0,1453000000.0,179000000.0,0.662,1.726,2182000000.0,569000000.0,1613000000.0,2182000000.0,0.0,177000000.0,16000000.0,0.049,1.32,432000000.0,609000000.0,0.293,609000000.0,432000000.0,290000000.0,1.73,1.73,1.73,2205000000.0,,2205000000.0,,,,-36000000.0,-0.347,1.0,625000000.0,0.301,0.0,142000000.0,7144000000.0,,164000000.0,938000000.0,0.0,938000000.0,3806000000.0,933000000.0,2873000000.0,,54000000.0,112000000.0,0.0,207000000.0,-148000000.0,52000000.0,-223000000.0,-74000000.0,225000000.0,0.0,179000000.0,179000000.0,179000000.0,0.0,0.0,0.086,272000000.0,353000000.0,189000000.0,0.763,,,15.538,3912000000.0,0.0,26.88,,1.34,318000000.0,,2078000000.0,2078000000.0,0.0,,,,0.208,0.0,0.0,1.0,,103600000,103600000.0,20.058,6011000000.0,16000000.0,111000000.0,1007000000.0,58.021,-315000000.0
19,SCG,MRY,1998-12-31,1998-12-31,1998-12-31,2018-11-05,,,,,,,,-303000000.0,,,1390000000.0,223000000.0,,,,,,,,152000000.0,,0.048,1.54,477000000.0,629000000.0,0.299,629000000.0,477000000.0,354000000.0,2.12,2.12,2.12,,,,,,,164000000.0,1.557,1.0,716000000.0,0.34,,123000000.0,,,,,,,,,,,2000000.0,0.0,0.0,225000000.0,-272000000.0,-56000000.0,-409000000.0,-106000000.0,467000000.0,0.0,223000000.0,223000000.0,223000000.0,0.0,0.0,0.106,246000000.0,470000000.0,,0.726,,,15.212,,0.0,32.25,,1.613,,,2106000000.0,2106000000.0,0.0,,,,0.226,0.0,0.0,,,105300000,105300000.0,20.0,,,131000000.0,,,
0,SCG,MRQ,2018-09-30,2018-09-30,2018-09-30,2018-11-05,-34000000.0,18816000000.0,,1420000000.0,17396000000.0,,37.699,-74000000.0,462000000.0,462000000.0,576000000.0,67000000.0,1.22,2.49,7067000000.0,332000000.0,6735000000.0,7067000000.0,61000000.0,94000000.0,146000000.0,0.038,0.247,186000000.0,280000000.0,0.302,280000000.0,186000000.0,87000000.0,0.47,0.47,0.47,5391000000.0,,5391000000.0,12491702428.0,3123.0,35.896,494000000.0,3.455,1.0,350000000.0,0.378,0.0,99000000.0,24257000000.0,,289000000.0,543000000.0,0.0,543000000.0,13425000000.0,1164000000.0,12261000000.0,5546702428.0,217000000.0,-33000000.0,0.0,-236000000.0,-8000000.0,-244000000.0,-107000000.0,0.0,568000000.0,0.0,67000000.0,67000000.0,67000000.0,0.0,0.0,0.072,167000000.0,183000000.0,263000000.0,0.526,1.029,-27.596,-27.779,11151000000.0,0.0,38.89,1.351,1.354,474000000.0,3036000000.0,926000000.0,926000000.0,0.0,,,,,0.0,0.0,1.0,142625416.0,143000000,143000000.0,6.476,18816000000.0,0.0,20000000.0,1553000000.0,131.58,256000000.0
1,SCG,MRQ,2018-06-30,2018-06-30,2018-06-30,2018-11-05,-39000000.0,18901000000.0,,1494000000.0,17407000000.0,,37.322,-305000000.0,238000000.0,238000000.0,570000000.0,8000000.0,0.76,2.542,7183000000.0,1085000000.0,6098000000.0,7183000000.0,164000000.0,81000000.0,151000000.0,0.048,0.0,107000000.0,188000000.0,0.223,188000000.0,107000000.0,12000000.0,0.06,0.06,0.06,5337000000.0,,5337000000.0,12271036030.0,-299.0,42.314,-97000000.0,-0.678,1.0,273000000.0,0.324,0.0,95000000.0,23881000000.0,,286000000.0,542000000.0,0.0,542000000.0,13564000000.0,1965000000.0,11599000000.0,5494036030.0,32000000.0,44000000.0,0.0,140000000.0,-74000000.0,86000000.0,-262000000.0,-1000000.0,208000000.0,0.0,8000000.0,8000000.0,8000000.0,0.0,0.0,0.009,170000000.0,103000000.0,263000000.0,0.0,1.029,-23.479,-23.632,11071000000.0,0.0,38.52,1.291,1.294,517000000.0,2987000000.0,843000000.0,843000000.0,0.0,,,,,0.0,0.0,1.0,142628142.0,143000000,143000000.0,5.895,18901000000.0,206000000.0,4000000.0,1475000000.0,132.175,-471000000.0
2,SCG,MRQ,2018-03-31,2018-03-31,2018-03-31,2018-11-05,-42000000.0,18584000000.0,,1447000000.0,17137000000.0,,37.371,-159000000.0,199000000.0,199000000.0,818000000.0,169000000.0,0.815,2.478,6976000000.0,975000000.0,6001000000.0,6976000000.0,0.0,84000000.0,206000000.0,0.065,0.613,317000000.0,401000000.0,0.34,401000000.0,317000000.0,220000000.0,1.18,1.18,1.18,5344000000.0,,5344000000.0,11930070831.0,102.0,26.809,-166000000.0,-1.161,1.0,362000000.0,0.307,0.0,97000000.0,23586000000.0,,284000000.0,575000000.0,0.0,575000000.0,13240000000.0,1775000000.0,11465000000.0,5356070831.0,-205000000.0,-232000000.0,0.0,145000000.0,-82000000.0,63000000.0,-261000000.0,130000000.0,-7000000.0,0.0,169000000.0,169000000.0,169000000.0,0.0,0.0,0.143,173000000.0,189000000.0,266000000.0,0.519,1.002,-44.265,-44.702,10962000000.0,0.0,37.55,1.213,1.216,578000000.0,2997000000.0,1180000000.0,1180000000.0,0.0,,,,,0.0,0.0,1.0,142638371.0,143000000,143000000.0,8.252,18584000000.0,198000000.0,51000000.0,1398000000.0,129.958,-328000000.0
3,SCG,MRQ,2017-12-31,2017-12-31,2017-12-31,2018-11-05,-50000000.0,18739000000.0,,1851000000.0,16888000000.0,,36.748,-46000000.0,409000000.0,409000000.0,698000000.0,-445000000.0,0.876,2.566,6983000000.0,1077000000.0,5906000000.0,6983000000.0,0.0,85000000.0,112000000.0,0.062,0.613,-606000000.0,-521000000.0,-0.45,-521000000.0,-606000000.0,-699000000.0,-3.11,-3.11,-3.11,5255000000.0,,5255000000.0,12316274584.0,93.0,27.069,132000000.0,0.923,1.0,460000000.0,0.397,0.0,93000000.0,23200000000.0,,304000000.0,474000000.0,0.0,474000000.0,13484000000.0,2113000000.0,11371000000.0,5673274584.0,-620000000.0,-28000000.0,0.0,-688000000.0,-81000000.0,-766000000.0,-32000000.0,-41000000.0,178000000.0,0.0,-445000000.0,-445000000.0,-445000000.0,0.0,0.0,-0.384,1069000000.0,-609000000.0,438000000.0,-0.197,1.08,-47.675,-47.928,10918000000.0,0.0,39.78,1.287,1.291,665000000.0,2915000000.0,1158000000.0,1158000000.0,0.0,,,,,0.0,0.0,1.0,142616254.0,143000000,143000000.0,8.098,18739000000.0,198000000.0,-254000000.0,1494000000.0,131.042,-262000000.0
4,SCG,MRQ,2017-09-30,2017-09-30,2017-09-30,2018-11-05,-49000000.0,20019000000.0,,2164000000.0,17855000000.0,,40.469,-232000000.0,1011000000.0,1011000000.0,581000000.0,34000000.0,0.883,2.459,7654000000.0,1199000000.0,6455000000.0,7654000000.0,0.0,81000000.0,116000000.0,0.05,0.613,141000000.0,222000000.0,0.206,222000000.0,141000000.0,46000000.0,0.24,0.24,0.24,5787000000.0,,5787000000.0,14601041305.0,14.0,10.995,175000000.0,1.224,1.0,495000000.0,0.46,0.0,95000000.0,24211000000.0,,288000000.0,481000000.0,0.0,481000000.0,14232000000.0,2451000000.0,11781000000.0,6930041305.0,979000000.0,0.0,0.0,-132000000.0,-80000000.0,-212000000.0,784000000.0,3000000.0,407000000.0,0.0,34000000.0,34000000.0,34000000.0,0.0,0.0,0.032,373000000.0,122000000.0,266000000.0,2.554,1.198,15.4,15.394,10707000000.0,0.0,48.49,1.609,1.61,545000000.0,3447000000.0,1076000000.0,1076000000.0,0.0,,,,,0.0,0.0,1.0,142916917.0,143000000,143000000.0,7.524,20019000000.0,6000000.0,12000000.0,2695000000.0,139.993,-287000000.0
5,SCG,MRQ,2017-06-30,2017-06-30,2017-06-30,2018-11-05,-52000000.0,19056000000.0,,1186000000.0,17870000000.0,,40.825,-368000000.0,91000000.0,91000000.0,588000000.0,121000000.0,0.543,2.264,7762000000.0,1307000000.0,6455000000.0,7762000000.0,0.0,78000000.0,125000000.0,0.035,0.61,265000000.0,343000000.0,0.343,343000000.0,265000000.0,177000000.0,0.85,0.85,0.85,5838000000.0,,5838000000.0,16916862608.0,14.0,10.928,-200000000.0,-1.399,1.0,413000000.0,0.413,0.0,88000000.0,24544000000.0,,281000000.0,482000000.0,0.0,482000000.0,13218000000.0,2183000000.0,11035000000.0,9576862608.0,25000000.0,0.0,0.0,307000000.0,-79000000.0,228000000.0,-371000000.0,-3000000.0,168000000.0,0.0,121000000.0,121000000.0,121000000.0,0.0,0.0,0.121,162000000.0,251000000.0,330000000.0,0.718,1.64,15.83,15.842,15236000000.0,0.0,67.01,2.215,2.217,523000000.0,3501000000.0,1001000000.0,1001000000.0,0.0,,,,,0.0,0.0,1.0,142916917.0,143000000,143000000.0,7.0,19056000000.0,6000000.0,56000000.0,2632000000.0,133.259,-997000000.0
6,SCG,MRQ,2017-03-31,2017-03-31,2017-03-31,2018-11-05,-51000000.0,18458000000.0,,1047000000.0,17411000000.0,,40.601,-282000000.0,12000000.0,12000000.0,692000000.0,171000000.0,0.63,2.179,7352000000.0,886000000.0,6466000000.0,7352000000.0,0.0,79000000.0,158000000.0,0.036,0.613,332000000.0,411000000.0,0.35,411000000.0,332000000.0,245000000.0,1.19,1.19,1.19,5806000000.0,,5806000000.0,16562620526.0,14.0,10.947,-29000000.0,-0.203,1.0,481000000.0,0.41,0.0,87000000.0,24137000000.0,,267000000.0,478000000.0,0.0,478000000.0,12652000000.0,1661000000.0,10991000000.0,9339620526.0,-153000000.0,0.0,0.0,-43000000.0,-79000000.0,-122000000.0,-284000000.0,-2000000.0,253000000.0,0.0,171000000.0,171000000.0,171000000.0,0.0,0.0,0.146,161000000.0,320000000.0,269000000.0,0.515,1.609,15.857,15.862,14810000000.0,0.0,65.35,2.21,2.211,549000000.0,3468000000.0,1173000000.0,1173000000.0,0.0,,,,,0.0,0.0,1.0,142916917.0,143000000,143000000.0,8.203,18458000000.0,6000000.0,74000000.0,2517000000.0,129.077,-614000000.0
7,SCG,MRQ,2016-12-31,2016-12-31,2016-12-31,2018-11-05,-49000000.0,18707000000.0,,1506000000.0,17201000000.0,,40.035,-375000000.0,208000000.0,208000000.0,646000000.0,124000000.0,0.729,2.268,7431000000.0,958000000.0,6473000000.0,7431000000.0,0.0,81000000.0,168000000.0,0.031,0.575,271000000.0,352000000.0,0.333,352000000.0,271000000.0,184000000.0,0.87,0.87,0.87,5725000000.0,,5725000000.0,17783951678.0,15.0,11.715,72000000.0,0.503,1.0,410000000.0,0.388,0.0,87000000.0,23865000000.0,,291000000.0,475000000.0,0.0,475000000.0,12982000000.0,2065000000.0,10917000000.0,10472951678.0,135000000.0,9000000.0,0.0,-11000000.0,-77000000.0,-88000000.0,-224000000.0,54000000.0,447000000.0,0.0,124000000.0,124000000.0,124000000.0,0.0,0.0,0.117,157000000.0,253000000.0,404000000.0,0.661,1.829,17.602,17.615,14600000000.0,0.0,73.28,2.478,2.479,616000000.0,3384000000.0,1056000000.0,1056000000.0,0.0,,,,,0.0,0.0,1.0,142916917.0,143000000,143000000.0,7.385,18707000000.0,142000000.0,60000000.0,2579000000.0,130.818,-559000000.0
8,SCG,MRQ,2016-09-30,2016-09-30,2016-09-30,2018-11-05,-57000000.0,18446000000.0,,1453000000.0,16993000000.0,,39.685,-372000000.0,56000000.0,56000000.0,586000000.0,189000000.0,0.78,2.25,7367000000.0,895000000.0,6472000000.0,7367000000.0,0.0,79000000.0,179000000.0,0.031,0.575,363000000.0,442000000.0,0.404,442000000.0,363000000.0,275000000.0,1.32,1.32,1.32,5675000000.0,,5675000000.0,17528897283.0,15.0,12.476,-2000000.0,-0.014,1.0,507000000.0,0.464,0.0,88000000.0,23893000000.0,,286000000.0,476000000.0,0.0,476000000.0,12771000000.0,1864000000.0,10907000000.0,10342897283.0,10000000.0,0.0,0.0,110000000.0,-75000000.0,35000000.0,-395000000.0,-23000000.0,370000000.0,0.0,189000000.0,189000000.0,189000000.0,0.0,0.0,0.173,159000000.0,348000000.0,278000000.0,0.436,1.823,18.209,18.183,14277000000.0,0.0,72.37,2.506,2.508,530000000.0,3342000000.0,1093000000.0,1093000000.0,0.0,,,,,0.0,0.0,1.0,142916917.0,143000000,143000000.0,7.643,18446000000.0,306000000.0,86000000.0,2475000000.0,128.993,-411000000.0
9,SCG,MRQ,2016-06-30,2016-06-30,2016-06-30,2018-11-05,-58000000.0,17672000000.0,,1142000000.0,16530000000.0,,38.957,-315000000.0,67000000.0,67000000.0,530000000.0,105000000.0,0.697,2.174,7253000000.0,785000000.0,6468000000.0,7253000000.0,0.0,74000000.0,190000000.0,0.03,0.575,234000000.0,308000000.0,0.34,308000000.0,234000000.0,151000000.0,0.74,0.74,0.74,5567000000.0,,5567000000.0,17639093940.0,16.0,13.134,-155000000.0,-1.085,1.0,375000000.0,0.414,0.0,83000000.0,23219000000.0,,286000000.0,474000000.0,0.0,474000000.0,12105000000.0,1639000000.0,10466000000.0,10813093940.0,-38000000.0,0.0,0.0,210000000.0,-74000000.0,236000000.0,-434000000.0,-31000000.0,160000000.0,0.0,105000000.0,105000000.0,105000000.0,0.0,0.0,0.116,154000000.0,221000000.0,225000000.0,0.777,1.942,20.479,20.449,13876000000.0,0.0,75.66,2.636,2.636,483000000.0,3235000000.0,905000000.0,905000000.0,0.0,,,,,0.0,0.0,1.0,142916917.0,142900000,142900000.0,6.333,17672000000.0,0.0,46000000.0,1996000000.0,123.667,-497000000.0
10,SCG,MRQ,2016-03-31,2016-03-31,2016-03-31,2018-11-05,-63000000.0,17368000000.0,,1217000000.0,16151000000.0,,38.761,-337000000.0,86000000.0,86000000.0,687000000.0,176000000.0,0.599,2.136,6912000000.0,1033000000.0,5879000000.0,6912000000.0,0.0,76000000.0,176000000.0,0.032,0.575,338000000.0,414000000.0,0.353,414000000.0,338000000.0,255000000.0,1.23,1.23,1.23,5539000000.0,,5539000000.0,16378621728.0,15.0,12.043,-392000000.0,-2.743,1.0,485000000.0,0.414,0.0,83000000.0,22163000000.0,,282000000.0,472000000.0,0.0,472000000.0,11829000000.0,2031000000.0,9798000000.0,10025621728.0,-73000000.0,0.0,0.0,453000000.0,-75000000.0,378000000.0,-396000000.0,-59000000.0,-55000000.0,0.0,176000000.0,176000000.0,176000000.0,0.0,0.0,0.15,154000000.0,331000000.0,369000000.0,0.467,1.81,19.206,19.219,13645000000.0,0.0,70.15,2.408,2.407,505000000.0,3212000000.0,1172000000.0,1172000000.0,0.0,,,,,0.0,0.0,1.0,142916917.0,142900000,142900000.0,8.202,17368000000.0,0.0,79000000.0,1981000000.0,121.54,-814000000.0
11,SCG,MRQ,2015-12-31,2015-12-31,2015-12-31,2018-11-05,-65000000.0,17146000000.0,,1378000000.0,15768000000.0,,37.983,-157000000.0,176000000.0,176000000.0,594000000.0,98000000.0,0.706,2.15,6529000000.0,647000000.0,5882000000.0,6529000000.0,0.0,18000000.0,137000000.0,0.036,0.545,223000000.0,241000000.0,0.252,241000000.0,223000000.0,141000000.0,0.69,0.69,0.69,5443000000.0,,5443000000.0,14889044309.0,10.0,8.503,114000000.0,0.796,1.0,363000000.0,0.379,0.0,82000000.0,21547000000.0,,312000000.0,466000000.0,0.0,466000000.0,11703000000.0,1952000000.0,9751000000.0,8645044309.0,113000000.0,-576000000.0,-14000000.0,468000000.0,-54000000.0,598000000.0,-756000000.0,-175000000.0,271000000.0,0.0,98000000.0,98000000.0,98000000.0,0.0,0.0,0.102,149000000.0,214000000.0,590000000.0,0.79,1.588,11.589,11.588,13425000000.0,0.0,60.49,1.974,1.975,505000000.0,3118000000.0,957000000.0,957000000.0,0.0,,,,,0.0,0.0,1.0,142916917.0,143300000,143300000.0,6.678,17146000000.0,0.0,43000000.0,2193000000.0,119.651,-574000000.0
12,SCG,MRQ,2015-09-30,2015-09-30,2015-09-30,2018-11-05,-70000000.0,16506000000.0,,1221000000.0,15285000000.0,,37.922,-257000000.0,54000000.0,54000000.0,643000000.0,149000000.0,0.944,2.046,6298000000.0,280000000.0,6018000000.0,6298000000.0,0.0,77000000.0,110000000.0,0.038,0.545,303000000.0,380000000.0,0.356,380000000.0,303000000.0,222000000.0,1.04,1.04,1.04,5419000000.0,,5419000000.0,14292505750.0,10.0,7.722,173000000.0,1.211,1.0,425000000.0,0.398,0.0,81000000.0,21456000000.0,,311000000.0,467000000.0,0.0,467000000.0,11087000000.0,1294000000.0,9793000000.0,8040505750.0,-1000000.0,0.0,0.0,-10000000.0,-78000000.0,-88000000.0,-343000000.0,-86000000.0,430000000.0,0.0,149000000.0,149000000.0,149000000.0,0.0,0.0,0.14,133000000.0,292000000.0,312000000.0,0.524,1.484,10.678,10.696,13010000000.0,0.0,56.26,1.733,1.733,618000000.0,3098000000.0,1068000000.0,1068000000.0,0.0,,,,,0.0,0.0,1.0,142916917.0,142900000,142900000.0,7.474,16506000000.0,0.0,73000000.0,2048000000.0,115.507,-73000000.0
13,SCG,MRQ,2015-06-30,2015-06-30,2015-06-30,2018-11-05,-67000000.0,16368000000.0,,1289000000.0,15079000000.0,,37.446,-242000000.0,55000000.0,55000000.0,595000000.0,99000000.0,1.107,2.059,6307000000.0,289000000.0,6018000000.0,6307000000.0,0.0,99000000.0,99000000.0,0.042,0.545,226000000.0,325000000.0,0.336,325000000.0,226000000.0,148000000.0,0.69,0.69,0.69,5351000000.0,,5351000000.0,13373741846.0,9.0,7.202,-60000000.0,-0.42,1.0,372000000.0,0.385,0.0,78000000.0,21456000000.0,,331000000.0,474000000.0,0.0,474000000.0,11017000000.0,1164000000.0,9853000000.0,7238741846.0,24000000.0,2000000.0,0.0,134000000.0,-78000000.0,56000000.0,-214000000.0,178000000.0,182000000.0,0.0,99000000.0,99000000.0,99000000.0,0.0,0.0,0.102,156000000.0,216000000.0,326000000.0,0.79,1.353,9.677,9.685,12875000000.0,0.0,50.65,1.543,1.543,658000000.0,3027000000.0,967000000.0,967000000.0,0.0,,,,,0.0,0.0,1.0,142916917.0,142900000,142900000.0,6.767,16368000000.0,0.0,49000000.0,1967000000.0,114.542,125000000.0
14,SCG,MRQ,2015-03-31,2015-03-31,2015-03-31,2018-11-05,-73000000.0,16406000000.0,,1435000000.0,14971000000.0,,37.264,-352000000.0,31000000.0,31000000.0,883000000.0,400000000.0,0.829,2.081,6166000000.0,641000000.0,5525000000.0,6166000000.0,0.0,100000000.0,109000000.0,0.039,0.545,705000000.0,805000000.0,0.58,805000000.0,705000000.0,628000000.0,2.8,2.8,2.8,5325000000.0,,5325000000.0,14337001266.0,10.0,7.754,-157000000.0,-1.099,1.0,506000000.0,0.364,0.0,77000000.0,20809000000.0,,318000000.0,477000000.0,0.0,477000000.0,11081000000.0,1732000000.0,9349000000.0,7859001266.0,-106000000.0,645000000.0,14000000.0,-451000000.0,-75000000.0,-512000000.0,211000000.0,-82000000.0,195000000.0,0.0,400000000.0,400000000.0,400000000.0,0.0,0.0,0.288,155000000.0,351000000.0,331000000.0,0.195,1.476,10.549,10.534,12695000000.0,0.0,54.99,1.654,1.654,778000000.0,3006000000.0,1389000000.0,1389000000.0,0.0,,,,,0.0,0.0,1.0,142916917.0,142900000,142900000.0,9.72,16406000000.0,0.0,228000000.0,2000000000.0,114.808,-297000000.0
15,SCG,MRQ,2014-12-31,2014-12-31,2014-12-31,2018-11-05,-75000000.0,16818000000.0,,2145000000.0,14673000000.0,,34.923,-314000000.0,137000000.0,137000000.0,827000000.0,105000000.0,0.869,2.372,6581000000.0,1084000000.0,5497000000.0,6581000000.0,0.0,105000000.0,98000000.0,0.035,0.525,236000000.0,341000000.0,0.281,341000000.0,236000000.0,155000000.0,0.73,0.73,0.73,4987000000.0,,4987000000.0,14748032926.0,13.0,9.825,-142000000.0,-0.994,1.0,388000000.0,0.319,0.0,81000000.0,20794000000.0,,361000000.0,472000000.0,0.0,472000000.0,11831000000.0,2468000000.0,9363000000.0,8610032926.0,55000000.0,0.0,23000000.0,394000000.0,-74000000.0,343000000.0,-460000000.0,-146000000.0,172000000.0,0.0,105000000.0,105000000.0,105000000.0,0.0,0.0,0.086,153000000.0,235000000.0,520000000.0,0.719,1.726,16.004,15.937,12516000000.0,0.0,60.4,1.739,1.731,684000000.0,2684000000.0,1215000000.0,1215000000.0,0.0,,,,,0.0,0.0,1.0,142550214.0,142800000,142800000.0,8.508,16818000000.0,0.0,50000000.0,2113000000.0,117.773,-323000000.0
16,SCG,MRQ,2014-09-30,2014-09-30,2014-09-30,2018-11-05,-61000000.0,15871000000.0,,1359000000.0,14512000000.0,,34.821,-261000000.0,82000000.0,82000000.0,698000000.0,144000000.0,0.885,2.208,6220000000.0,539000000.0,5681000000.0,6220000000.0,0.0,100000000.0,96000000.0,0.042,0.525,286000000.0,386000000.0,0.344,386000000.0,286000000.0,207000000.0,1.01,1.01,1.01,4948000000.0,,4948000000.0,13104243774.0,12.0,8.801,-4000000.0,-0.028,1.0,423000000.0,0.377,0.0,79000000.0,20473000000.0,,356000000.0,511000000.0,0.0,511000000.0,10923000000.0,1536000000.0,9387000000.0,7047243774.0,10000000.0,0.0,24000000.0,89000000.0,-75000000.0,38000000.0,-285000000.0,-24000000.0,257000000.0,0.0,144000000.0,144000000.0,144000000.0,0.0,0.0,0.128,154000000.0,269000000.0,387000000.0,0.52,1.424,13.148,13.09,12517000000.0,0.0,49.61,1.452,1.452,690000000.0,2654000000.0,1121000000.0,1121000000.0,0.0,,,,,0.0,0.0,1.0,142052888.0,142100000,142100000.0,7.889,15871000000.0,0.0,63000000.0,1947000000.0,111.689,-177000000.0
17,SCG,MRQ,2014-06-30,2014-06-30,2014-06-30,2018-11-05,-62000000.0,15626000000.0,,1328000000.0,14298000000.0,,34.255,-228000000.0,72000000.0,72000000.0,719000000.0,96000000.0,0.92,2.219,6129000000.0,448000000.0,5681000000.0,6129000000.0,0.0,99000000.0,106000000.0,0.038,0.525,218000000.0,317000000.0,0.309,317000000.0,218000000.0,142000000.0,0.68,0.68,0.68,4854000000.0,,4854000000.0,13510038561.0,13.0,9.209,-65000000.0,-0.459,1.0,307000000.0,0.299,0.0,76000000.0,20239000000.0,,319000000.0,511000000.0,0.0,511000000.0,10772000000.0,1444000000.0,9328000000.0,7619038561.0,-38000000.0,0.0,29000000.0,124000000.0,-79000000.0,74000000.0,-275000000.0,-47000000.0,163000000.0,0.0,96000000.0,96000000.0,96000000.0,0.0,0.0,0.094,153000000.0,154000000.0,413000000.0,0.772,1.57,14.568,14.465,12321000000.0,0.0,53.81,1.593,1.594,713000000.0,2585000000.0,1026000000.0,1026000000.0,0.0,,,,,0.0,0.0,1.0,141591499.0,141700000,141700000.0,7.241,15626000000.0,0.0,46000000.0,1862000000.0,110.275,-116000000.0
18,SCG,MRQ,2014-03-31,2014-03-31,2014-03-31,2018-11-05,-61000000.0,15342000000.0,,1344000000.0,13998000000.0,,34.082,-289000000.0,110000000.0,110000000.0,1087000000.0,193000000.0,0.891,2.19,6001000000.0,613000000.0,5388000000.0,6001000000.0,0.0,99000000.0,116000000.0,0.04,0.525,358000000.0,457000000.0,0.287,457000000.0,358000000.0,282000000.0,1.37,1.37,1.37,4809000000.0,,4809000000.0,12932553240.0,12.0,8.956,-151000000.0,-1.07,1.0,503000000.0,0.316,0.0,76000000.0,19725000000.0,,280000000.0,508000000.0,0.0,508000000.0,10533000000.0,1508000000.0,9025000000.0,7243553240.0,-26000000.0,0.0,22000000.0,175000000.0,-66000000.0,131000000.0,-295000000.0,-6000000.0,138000000.0,0.0,193000000.0,193000000.0,193000000.0,0.0,0.0,0.121,153000000.0,350000000.0,390000000.0,0.383,1.506,14.148,14.099,12116000000.0,0.0,51.32,1.517,1.517,846000000.0,2563000000.0,1590000000.0,1590000000.0,0.0,,,,,0.0,0.0,1.0,141144841.0,141100000,141100000.0,11.269,15342000000.0,0.0,89000000.0,1804000000.0,108.731,-164000000.0
19,SCG,MRQ,2013-12-31,2013-12-31,2013-12-31,2018-11-05,-60000000.0,15164000000.0,,1421000000.0,13743000000.0,,33.125,-238000000.0,136000000.0,136000000.0,793000000.0,103000000.0,0.985,2.251,5825000000.0,430000000.0,5395000000.0,5825000000.0,0.0,99000000.0,88000000.0,0.043,0.507,230000000.0,329000000.0,0.295,329000000.0,230000000.0,156000000.0,0.73,0.73,0.73,4664000000.0,,4664000000.0,12393959595.0,13.0,8.955,33000000.0,0.234,1.0,324000000.0,0.29,0.0,74000000.0,19411000000.0,,363000000.0,504000000.0,0.0,504000000.0,10500000000.0,1442000000.0,9058000000.0,6595959595.0,106000000.0,0.0,23000000.0,-4000000.0,-74000000.0,-55000000.0,-110000000.0,128000000.0,271000000.0,0.0,103000000.0,103000000.0,103000000.0,0.0,0.0,0.092,152000000.0,172000000.0,425000000.0,0.695,1.414,14.004,13.803,11960000000.0,0.0,46.93,1.467,1.448,802000000.0,2444000000.0,1117000000.0,1117000000.0,0.0,,,,,0.0,0.0,1.0,140548894.0,140800000,140600000.0,7.933,15164000000.0,0.0,53000000.0,1941000000.0,107.699,-21000000.0
20,SCG,MRQ,2013-09-30,2013-09-30,2013-09-30,2018-11-05,0.0,14997000000.0,,1351000000.0,13646000000.0,,32.819,-342000000.0,30000000.0,30000000.0,647000000.0,131000000.0,1.123,2.262,5828000000.0,397000000.0,5431000000.0,5828000000.0,0.0,100000000.0,83000000.0,0.044,0.507,264000000.0,364000000.0,0.346,364000000.0,264000000.0,190000000.0,0.94,0.94,0.94,4598000000.0,,4598000000.0,12111920542.0,12.0,8.834,-56000000.0,-0.4,1.0,404000000.0,0.384,0.0,74000000.0,19592000000.0,,408000000.0,504000000.0,0.0,504000000.0,10399000000.0,1203000000.0,9196000000.0,6444920542.0,-62000000.0,0.0,25000000.0,41000000.0,-70000000.0,-4000000.0,-344000000.0,-2000000.0,286000000.0,0.0,131000000.0,131000000.0,131000000.0,0.0,0.0,0.125,149000000.0,255000000.0,340000000.0,0.539,1.402,13.654,13.306,11897000000.0,0.0,46.04,1.432,1.433,710000000.0,,1051000000.0,1051000000.0,0.0,,,,,0.0,0.0,1.0,139985242.0,140100000,140100000.0,7.502,14997000000.0,9000000.0,59000000.0,1893000000.0,107.045,148000000.0
21,SCG,MRQ,2013-06-30,2013-06-30,2013-06-30,2018-11-05,0.0,14938000000.0,,1419000000.0,13519000000.0,,32.278,-235000000.0,92000000.0,92000000.0,678000000.0,85000000.0,1.22,2.315,5759000000.0,327000000.0,5432000000.0,5759000000.0,0.0,97000000.0,79000000.0,0.041,0.507,197000000.0,294000000.0,0.289,294000000.0,197000000.0,123000000.0,0.6,0.6,0.6,4506000000.0,,4506000000.0,12548376301.0,13.0,9.302,65000000.0,0.466,1.0,338000000.0,0.333,0.0,74000000.0,19442000000.0,,412000000.0,497000000.0,0.0,497000000.0,10432000000.0,1163000000.0,9269000000.0,6849376301.0,49000000.0,0.0,26000000.0,11000000.0,-71000000.0,-34000000.0,-217000000.0,18000000.0,300000000.0,0.0,85000000.0,85000000.0,85000000.0,0.0,0.0,0.084,149000000.0,189000000.0,401000000.0,0.845,1.52,14.793,14.232,11661000000.0,0.0,49.1,1.526,1.528,685000000.0,,1016000000.0,1016000000.0,0.0,,,,,0.0,0.0,1.0,139498499.0,139600000,139600000.0,7.278,14938000000.0,12000000.0,38000000.0,1833000000.0,107.006,256000000.0
22,SCG,MRQ,2013-03-31,2013-03-31,2013-03-31,2018-11-05,0.0,14757000000.0,,1404000000.0,13353000000.0,,33.207,-291000000.0,43000000.0,43000000.0,870000000.0,151000000.0,0.939,2.307,5742000000.0,703000000.0,5039000000.0,5742000000.0,0.0,97000000.0,82000000.0,0.039,0.507,298000000.0,395000000.0,0.301,395000000.0,298000000.0,223000000.0,1.13,1.11,1.13,4463000000.0,,4463000000.0,12446397342.0,13.0,9.401,-98000000.0,-0.729,1.0,441000000.0,0.336,0.0,75000000.0,18960000000.0,,391000000.0,492000000.0,0.0,492000000.0,10294000000.0,1496000000.0,8798000000.0,6774397342.0,-29000000.0,0.0,221000000.0,-102000000.0,-66000000.0,53000000.0,-275000000.0,16000000.0,193000000.0,0.0,151000000.0,151000000.0,151000000.0,0.0,0.0,0.115,148000000.0,293000000.0,360000000.0,0.449,1.518,15.054,15.047,11466000000.0,0.0,51.16,1.547,1.57,775000000.0,,1311000000.0,1311000000.0,0.0,,,,,0.0,0.0,1.0,132415898.0,134400000,136100000.0,9.754,14757000000.0,10000000.0,72000000.0,1771000000.0,109.799,-92000000.0
23,SCG,MRQ,2012-12-31,2012-12-31,2012-12-31,2018-11-05,0.0,14616000000.0,,1527000000.0,13089000000.0,,31.47,-209000000.0,72000000.0,72000000.0,770000000.0,105000000.0,0.843,2.519,5744000000.0,795000000.0,4949000000.0,5744000000.0,0.0,91000000.0,86000000.0,0.043,0.495,227000000.0,318000000.0,0.283,318000000.0,227000000.0,151000000.0,0.79,0.78,0.79,4154000000.0,,4154000000.0,11520016500.0,13.0,9.107,-138000000.0,-1.045,1.0,352000000.0,0.314,0.0,76000000.0,18477000000.0,,441000000.0,487000000.0,0.0,487000000.0,10462000000.0,1811000000.0,8651000000.0,6015016500.0,31000000.0,0.0,24000000.0,190000000.0,-65000000.0,149000000.0,-189000000.0,20000000.0,71000000.0,0.0,105000000.0,105000000.0,105000000.0,0.0,0.0,0.094,140000000.0,212000000.0,428000000.0,0.627,1.448,14.321,14.262,11202000000.0,0.0,45.64,1.44,1.433,780000000.0,,1122000000.0,1122000000.0,0.0,,,,,0.0,0.0,1.0,131792649.0,132000000,133900000.0,8.5,14616000000.0,11000000.0,46000000.0,1853000000.0,110.727,-284000000.0
24,SCG,MRQ,2012-09-30,2012-09-30,2012-09-30,2018-11-05,0.0,13964000000.0,,1361000000.0,12603000000.0,,31.164,-277000000.0,41000000.0,41000000.0,661000000.0,122000000.0,0.965,2.41,5546000000.0,570000000.0,4976000000.0,5546000000.0,0.0,94000000.0,103000000.0,0.041,0.495,248000000.0,342000000.0,0.329,342000000.0,248000000.0,173000000.0,0.93,0.91,0.93,4095000000.0,,4095000000.0,11862816632.0,13.0,9.468,52000000.0,0.396,1.0,377000000.0,0.363,0.0,75000000.0,18058000000.0,,440000000.0,488000000.0,0.0,488000000.0,9869000000.0,1411000000.0,8458000000.0,6337816632.0,13000000.0,0.0,23000000.0,-11000000.0,-64000000.0,-52000000.0,-264000000.0,13000000.0,329000000.0,0.0,122000000.0,122000000.0,122000000.0,0.0,0.0,0.118,139000000.0,238000000.0,297000000.0,0.532,1.548,15.346,15.227,10904000000.0,0.0,48.27,1.55,1.552,694000000.0,,1038000000.0,1038000000.0,0.0,,,,,0.0,0.0,1.0,131299288.0,131400000,133800000.0,7.9,13964000000.0,9000000.0,51000000.0,1768000000.0,106.271,-50000000.0
25,SCG,MRQ,2012-06-30,2012-06-30,2012-06-30,2018-11-05,0.0,13749000000.0,,1367000000.0,12382000000.0,,30.634,-270000000.0,28000000.0,28000000.0,595000000.0,72000000.0,0.843,2.429,5553000000.0,846000000.0,4707000000.0,5553000000.0,0.0,91000000.0,103000000.0,0.041,0.495,178000000.0,269000000.0,0.296,269000000.0,178000000.0,105000000.0,0.55,0.54,0.55,4010000000.0,,4010000000.0,11707099279.0,14.0,9.572,-16000000.0,-0.122,1.0,313000000.0,0.345,0.0,73000000.0,17652000000.0,,443000000.0,482000000.0,0.0,482000000.0,9739000000.0,1622000000.0,8117000000.0,6257099279.0,1000000.0,0.0,24000000.0,74000000.0,-65000000.0,33000000.0,-286000000.0,-16000000.0,254000000.0,0.0,72000000.0,72000000.0,72000000.0,0.0,0.0,0.079,142000000.0,171000000.0,251000000.0,0.9,1.56,15.801,15.685,10719000000.0,0.0,47.84,1.511,1.512,665000000.0,,908000000.0,908000000.0,0.0,,,,,0.0,0.0,1.0,130792209.0,130900000,133100000.0,6.937,13749000000.0,17000000.0,33000000.0,1740000000.0,105.034,-255000000.0
26,SCG,MRQ,2012-03-31,2012-03-31,2012-03-31,2018-11-05,0.0,13580000000.0,,1359000000.0,12221000000.0,,30.522,-321000000.0,27000000.0,27000000.0,728000000.0,121000000.0,1.01,2.415,5477000000.0,615000000.0,4862000000.0,5477000000.0,0.0,92000000.0,95000000.0,0.043,0.495,245000000.0,337000000.0,0.304,337000000.0,245000000.0,173000000.0,0.93,0.91,0.93,3977000000.0,,3977000000.0,11219795543.0,14.0,9.444,-136000000.0,-1.044,1.0,379000000.0,0.342,0.0,72000000.0,17685000000.0,,442000000.0,485000000.0,0.0,485000000.0,9603000000.0,1345000000.0,8258000000.0,5942795543.0,-2000000.0,0.0,26000000.0,167000000.0,-63000000.0,130000000.0,-317000000.0,4000000.0,185000000.0,0.0,121000000.0,121000000.0,121000000.0,0.0,0.0,0.109,141000000.0,238000000.0,342000000.0,0.532,1.494,15.639,15.514,10559000000.0,0.0,45.61,1.404,1.404,715000000.0,,1107000000.0,1107000000.0,0.0,,,,,0.0,0.0,1.0,130295890.0,130300000,132200000.0,8.496,13580000000.0,22000000.0,52000000.0,1675000000.0,104.221,14000000.0
27,SCG,MRQ,2011-12-31,2011-12-31,2011-12-31,2018-11-05,0.0,13534000000.0,,1491000000.0,12043000000.0,,29.985,-169000000.0,29000000.0,29000000.0,692000000.0,98000000.0,0.908,2.48,5306000000.0,684000000.0,4622000000.0,5306000000.0,0.0,91000000.0,103000000.0,0.043,0.485,214000000.0,305000000.0,0.295,305000000.0,214000000.0,142000000.0,0.76,0.74,0.76,3889000000.0,,3889000000.0,11010099834.0,13.0,9.229,-35000000.0,-0.27,1.0,343000000.0,0.331,0.0,72000000.0,17169000000.0,,444000000.0,476000000.0,0.0,476000000.0,9645000000.0,1642000000.0,8003000000.0,5842099834.0,-45000000.0,0.0,24000000.0,61000000.0,-63000000.0,22000000.0,-201000000.0,-32000000.0,134000000.0,0.0,98000000.0,98000000.0,98000000.0,0.0,0.0,0.095,135000000.0,208000000.0,374000000.0,0.638,1.502,15.096,14.97,10352000000.0,0.0,45.06,1.325,1.316,756000000.0,,1035000000.0,1035000000.0,0.0,,,,,0.0,0.0,1.0,129651572.0,129700000,131400000.0,7.98,13534000000.0,26000000.0,44000000.0,1727000000.0,104.348,-151000000.0
28,SCG,MRQ,2011-09-30,2011-09-30,2011-09-30,2018-11-05,0.0,13170000000.0,,1421000000.0,11749000000.0,,29.729,-238000000.0,74000000.0,74000000.0,740000000.0,105000000.0,0.843,2.431,5242000000.0,866000000.0,4376000000.0,5242000000.0,0.0,90000000.0,95000000.0,0.048,0.485,222000000.0,312000000.0,0.286,312000000.0,222000000.0,149000000.0,0.81,0.81,0.81,3838000000.0,,3838000000.0,10263850910.0,12.0,8.654,14000000.0,0.108,1.0,352000000.0,0.322,0.0,73000000.0,16652000000.0,,409000000.0,472000000.0,0.0,472000000.0,9332000000.0,1686000000.0,7646000000.0,5218850910.0,-92000000.0,0.0,23000000.0,31000000.0,-63000000.0,-9000000.0,-335000000.0,-97000000.0,252000000.0,0.0,105000000.0,105000000.0,105000000.0,0.0,0.0,0.096,137000000.0,215000000.0,296000000.0,0.599,1.36,13.591,13.528,10226000000.0,0.0,40.45,1.155,1.156,631000000.0,,1092000000.0,1092000000.0,0.0,,,,,0.0,0.0,1.0,129019800.0,129100000,130300000.0,8.459,13170000000.0,21000000.0,44000000.0,1631000000.0,102.014,-265000000.0
29,SCG,MRQ,2011-06-30,2011-06-30,2011-06-30,2018-11-05,0.0,13144000000.0,,1435000000.0,11709000000.0,,29.611,-182000000.0,166000000.0,166000000.0,721000000.0,56000000.0,0.868,2.454,5211000000.0,832000000.0,4379000000.0,5211000000.0,0.0,85000000.0,96000000.0,0.049,0.485,149000000.0,234000000.0,0.234,234000000.0,149000000.0,79000000.0,0.44,0.43,0.44,3805000000.0,,3805000000.0,10022223628.0,12.0,8.64,2000000.0,0.016,1.0,279000000.0,0.279,0.0,70000000.0,16536000000.0,,416000000.0,469000000.0,0.0,469000000.0,9339000000.0,1653000000.0,7686000000.0,5056223628.0,44000000.0,0.0,25000000.0,137000000.0,-61000000.0,101000000.0,-241000000.0,-59000000.0,184000000.0,0.0,56000000.0,56000000.0,56000000.0,0.0,0.0,0.056,137000000.0,142000000.0,379000000.0,1.102,1.329,13.306,13.211,10251000000.0,0.0,39.37,1.12,1.12,627000000.0,,1000000000.0,1000000000.0,0.0,,,,,0.0,0.0,1.0,128428337.0,128500000,129700000.0,7.782,13144000000.0,19000000.0,23000000.0,1555000000.0,102.288,-218000000.0
30,SCG,MRQ,2011-03-31,2011-03-31,2011-03-31,2018-11-05,0.0,12873000000.0,,1395000000.0,11478000000.0,,29.711,-295000000.0,122000000.0,122000000.0,895000000.0,128000000.0,0.764,2.388,5088000000.0,1099000000.0,3989000000.0,5088000000.0,0.0,88000000.0,100000000.0,0.049,0.485,255000000.0,343000000.0,0.268,343000000.0,255000000.0,185000000.0,1.0,1.0,1.0,3800000000.0,,3800000000.0,9888463356.0,12.0,8.517,-54000000.0,-0.422,1.0,386000000.0,0.301,0.0,70000000.0,16014000000.0,,419000000.0,458000000.0,0.0,458000000.0,9073000000.0,1825000000.0,7248000000.0,5034463356.0,67000000.0,0.0,25000000.0,162000000.0,-61000000.0,126000000.0,-300000000.0,-5000000.0,241000000.0,0.0,128000000.0,128000000.0,128000000.0,0.0,0.0,0.1,138000000.0,248000000.0,294000000.0,0.485,1.325,13.319,13.256,10093000000.0,0.0,39.37,1.13,1.131,645000000.0,,1281000000.0,1281000000.0,0.0,,,,,0.0,0.0,1.0,127875625.0,127900000,129000000.0,10.016,12873000000.0,21000000.0,57000000.0,1503000000.0,100.649,-430000000.0
31,SCG,MRQ,2010-12-31,2010-12-31,2010-12-31,2018-11-05,0.0,12968000000.0,,1631000000.0,11337000000.0,,29.104,-253000000.0,55000000.0,55000000.0,814000000.0,95000000.0,0.874,2.503,4909000000.0,757000000.0,4152000000.0,4909000000.0,0.0,87000000.0,100000000.0,0.047,0.475,210000000.0,297000000.0,0.259,297000000.0,210000000.0,142000000.0,0.74,0.74,0.74,3702000000.0,,3702000000.0,9969239955.0,12.0,8.73,-89000000.0,-0.7,1.0,332000000.0,0.29,0.0,68000000.0,15955000000.0,,447000000.0,453000000.0,0.0,453000000.0,9266000000.0,1867000000.0,7399000000.0,5165239955.0,28000000.0,0.0,25000000.0,66000000.0,-60000000.0,31000000.0,-167000000.0,86000000.0,164000000.0,0.0,95000000.0,95000000.0,95000000.0,0.0,0.0,0.083,127000000.0,205000000.0,526000000.0,0.642,1.395,13.737,13.579,9961000000.0,0.0,40.6,1.123,1.109,837000000.0,,1146000000.0,1146000000.0,0.0,,,,,0.0,0.0,1.0,127222659.0,127200000,128400000.0,9.009,12968000000.0,21000000.0,47000000.0,1593000000.0,101.95,-236000000.0
32,SCG,MRQ,2010-09-30,2010-09-30,2010-09-30,2018-11-05,0.0,12602000000.0,,1476000000.0,11126000000.0,,28.31,-176000000.0,27000000.0,27000000.0,758000000.0,101000000.0,0.75,2.516,4831000000.0,966000000.0,3865000000.0,4831000000.0,0.0,80000000.0,91000000.0,0.047,0.475,206000000.0,286000000.0,0.263,286000000.0,206000000.0,139000000.0,0.8,0.79,0.8,3584000000.0,,3584000000.0,9904345939.0,13.0,8.963,111000000.0,0.877,1.0,330000000.0,0.303,0.0,67000000.0,15438000000.0,,437000000.0,447000000.0,0.0,447000000.0,9018000000.0,1968000000.0,7050000000.0,5105345939.0,-55000000.0,0.0,18000000.0,-54000000.0,-60000000.0,-96000000.0,-246000000.0,-70000000.0,287000000.0,0.0,101000000.0,101000000.0,101000000.0,0.0,0.0,0.093,134000000.0,196000000.0,397000000.0,0.594,1.424,14.261,14.049,9756000000.0,0.0,40.32,1.122,1.122,641000000.0,,1088000000.0,1088000000.0,0.0,,,,,0.0,0.0,1.0,126620683.0,126600000,127500000.0,8.594,12602000000.0,17000000.0,38000000.0,1440000000.0,99.542,-492000000.0
33,SCG,MRQ,2010-06-30,2010-06-30,2010-06-30,2018-11-05,0.0,12252000000.0,,1318000000.0,10934000000.0,,28.307,-217000000.0,82000000.0,82000000.0,669000000.0,54000000.0,0.822,2.457,4881000000.0,860000000.0,4021000000.0,4881000000.0,0.0,86000000.0,91000000.0,0.053,0.475,149000000.0,235000000.0,0.25,235000000.0,149000000.0,83000000.0,0.43,0.43,0.43,3544000000.0,,3544000000.0,9214721334.0,12.0,8.385,-30000000.0,-0.24,1.0,270000000.0,0.288,0.0,66000000.0,15447000000.0,,449000000.0,441000000.0,0.0,441000000.0,8708000000.0,1604000000.0,7104000000.0,4448721334.0,-75000000.0,0.0,80000000.0,-46000000.0,-59000000.0,-25000000.0,-237000000.0,-20000000.0,187000000.0,0.0,54000000.0,54000000.0,54000000.0,0.0,0.0,0.058,133000000.0,137000000.0,311000000.0,1.105,1.255,12.358,12.289,9571000000.0,0.0,35.76,1.015,1.022,594000000.0,,939000000.0,939000000.0,0.0,,,,,0.0,0.0,1.0,124404959.0,125200000,125400000.0,7.5,12252000000.0,0.0,29000000.0,1291000000.0,97.859,-286000000.0
34,SCG,MRQ,2010-03-31,2010-03-31,2010-03-31,2018-11-05,0.0,12142000000.0,,1421000000.0,10721000000.0,,28.223,-230000000.0,157000000.0,157000000.0,1067000000.0,127000000.0,1.082,2.475,4923000000.0,548000000.0,4375000000.0,4923000000.0,0.0,88000000.0,109000000.0,0.05,0.475,237000000.0,325000000.0,0.228,325000000.0,237000000.0,172000000.0,1.02,1.02,1.02,3494000000.0,,3494000000.0,9340603340.0,12.0,8.569,-57000000.0,-0.46,1.0,361000000.0,0.253,0.0,65000000.0,15595000000.0,,434000000.0,439000000.0,0.0,439000000.0,8648000000.0,1313000000.0,7335000000.0,4656603340.0,-5000000.0,0.0,26000000.0,78000000.0,-58000000.0,46000000.0,-224000000.0,6000000.0,173000000.0,0.0,127000000.0,127000000.0,127000000.0,0.0,0.0,0.089,131000000.0,230000000.0,337000000.0,0.466,1.333,12.899,12.829,9411000000.0,0.0,37.59,1.078,1.077,697000000.0,,1428000000.0,1428000000.0,0.0,,,,,0.0,0.0,1.0,123878780.0,123800000,123900000.0,11.535,12142000000.0,4000000.0,45000000.0,1288000000.0,98.078,108000000.0
35,SCG,MRQ,2009-12-31,2009-12-31,2009-12-31,2018-11-05,0.0,12094000000.0,,1521000000.0,10573000000.0,,27.707,-196000000.0,162000000.0,162000000.0,808000000.0,80000000.0,1.211,2.549,4846000000.0,363000000.0,4483000000.0,4846000000.0,0.0,73000000.0,103000000.0,0.05,0.47,186000000.0,259000000.0,0.237,259000000.0,186000000.0,125000000.0,0.62,0.62,0.62,3408000000.0,,3408000000.0,9043636896.0,12.0,8.327,-121000000.0,-0.984,1.0,286000000.0,0.261,0.0,61000000.0,15522000000.0,,501000000.0,431000000.0,0.0,431000000.0,8686000000.0,1256000000.0,7430000000.0,4639636896.0,59000000.0,0.0,-89000000.0,330000000.0,-61000000.0,180000000.0,-196000000.0,0.0,75000000.0,0.0,80000000.0,76000000.0,76000000.0,0.0,0.0,0.069,110000000.0,176000000.0,428000000.0,0.758,1.361,13.332,13.221,9300000000.0,4000000.0,37.68,1.095,1.086,694000000.0,,1094000000.0,1094000000.0,0.0,,,,,0.0,0.0,1.0,123132614.0,123000000,123400000.0,8.894,12094000000.0,0.0,45000000.0,1367000000.0,98.325,265000000.0
36,SCG,MRQ,2009-09-30,2009-09-30,2009-09-30,2018-11-05,0.0,11648000000.0,,1259000000.0,10389000000.0,,27.306,-261000000.0,103000000.0,103000000.0,619000000.0,104000000.0,1.184,2.482,4507000000.0,341000000.0,4166000000.0,4507000000.0,0.0,77000000.0,91000000.0,0.054,0.47,203000000.0,280000000.0,0.304,280000000.0,203000000.0,144000000.0,0.84,0.84,0.84,3345000000.0,,3345000000.0,8597862216.0,11.0,7.76,-57000000.0,-0.465,1.0,302000000.0,0.328,0.0,59000000.0,14989000000.0,,492000000.0,414000000.0,0.0,414000000.0,8303000000.0,1063000000.0,7240000000.0,4275862216.0,-287000000.0,0.0,20000000.0,-201000000.0,-59000000.0,-240000000.0,-251000000.0,10000000.0,204000000.0,0.0,104000000.0,103000000.0,103000000.0,0.0,0.0,0.112,127000000.0,175000000.0,292000000.0,0.56,1.278,11.944,11.791,9101000000.0,1000000.0,34.9,0.962,0.962,498000000.0,,921000000.0,921000000.0,0.0,,,,,0.0,0.0,1.0,122517542.0,122500000,122600000.0,7.518,11648000000.0,0.0,40000000.0,1294000000.0,95.086,196000000.0
37,SCG,MRQ,2009-06-30,2009-06-30,2009-06-30,2018-11-05,0.0,11720000000.0,,1546000000.0,10174000000.0,,26.847,-217000000.0,390000000.0,390000000.0,625000000.0,57000000.0,1.735,2.584,4712000000.0,166000000.0,4546000000.0,4712000000.0,0.0,93000000.0,88000000.0,0.057,0.47,133000000.0,226000000.0,0.257,226000000.0,133000000.0,78000000.0,0.45,0.45,0.45,3270000000.0,,3270000000.0,8187582907.0,11.0,7.337,-65000000.0,-0.534,1.0,253000000.0,0.288,0.0,55000000.0,15151000000.0,,431000000.0,376000000.0,0.0,376000000.0,8450000000.0,891000000.0,7559000000.0,3955582907.0,-58000000.0,0.0,21000000.0,29000000.0,-58000000.0,-8000000.0,-202000000.0,15000000.0,152000000.0,0.0,57000000.0,55000000.0,55000000.0,0.0,0.0,0.063,128000000.0,125000000.0,338000000.0,1.044,1.21,11.334,11.12,8890000000.0,2000000.0,32.47,0.826,0.826,549000000.0,,878000000.0,878000000.0,0.0,,,,,0.0,0.0,1.0,121822695.0,121800000,121800000.0,7.209,11720000000.0,9000000.0,21000000.0,1223000000.0,96.223,655000000.0
38,SCG,MRQ,2009-03-31,2009-03-31,2009-03-31,2018-11-05,0.0,11602000000.0,,1649000000.0,9953000000.0,,26.7,-240000000.0,448000000.0,448000000.0,992000000.0,116000000.0,1.88,2.594,4680000000.0,156000000.0,4524000000.0,4680000000.0,0.0,86000000.0,91000000.0,0.06,0.47,235000000.0,321000000.0,0.239,321000000.0,235000000.0,177000000.0,0.94,0.94,0.94,3228000000.0,,3228000000.0,8056315625.0,10.0,7.251,8000000.0,0.066,1.0,351000000.0,0.261,0.0,58000000.0,14957000000.0,,402000000.0,338000000.0,0.0,338000000.0,8374000000.0,877000000.0,7497000000.0,3743315625.0,176000000.0,0.0,126000000.0,98000000.0,-56000000.0,168000000.0,-240000000.0,0.0,248000000.0,0.0,116000000.0,114000000.0,114000000.0,0.0,0.0,0.085,128000000.0,223000000.0,293000000.0,0.5,1.16,10.665,10.471,8658000000.0,2000000.0,30.89,0.73,0.728,642000000.0,,1343000000.0,1343000000.0,0.0,,,,,0.0,0.0,1.0,121182118.0,120900000,120900000.0,11.108,11602000000.0,19000000.0,61000000.0,1186000000.0,95.964,772000000.0
39,SCG,MRQ,2008-12-31,2008-12-31,2008-12-31,2018-11-05,0.0,11502000000.0,,1836000000.0,9666000000.0,,25.893,-210000000.0,272000000.0,272000000.0,1006000000.0,87000000.0,1.59,2.777,4585000000.0,224000000.0,4361000000.0,4585000000.0,0.0,82000000.0,97000000.0,0.052,0.46,199000000.0,281000000.0,0.216,281000000.0,199000000.0,135000000.0,0.73,0.73,0.73,3045000000.0,,3045000000.0,8222644965.0,11.0,7.502,-160000000.0,-1.361,1.0,295000000.0,0.227,0.0,64000000.0,14660000000.0,,481000000.0,316000000.0,0.0,316000000.0,8457000000.0,1155000000.0,7302000000.0,4183644965.0,150000000.0,0.0,19000000.0,346000000.0,-54000000.0,311000000.0,-211000000.0,-1000000.0,50000000.0,0.0,87000000.0,86000000.0,86000000.0,0.0,0.0,0.066,118000000.0,177000000.0,405000000.0,0.63,1.374,12.091,12.068,8499000000.0,1000000.0,35.6,0.787,0.783,828000000.0,,1301000000.0,1301000000.0,0.0,,,,,0.0,0.0,1.0,117518117.0,117600000,118000000.0,11.063,11502000000.0,23000000.0,48000000.0,1240000000.0,97.806,681000000.0
40,SCG,MRQ,2008-09-30,2008-09-30,2008-09-30,2018-11-05,0.0,10624000000.0,,1174000000.0,9450000000.0,,27.037,-233000000.0,122000000.0,122000000.0,954000000.0,96000000.0,1.116,2.356,4161000000.0,339000000.0,3822000000.0,4161000000.0,0.0,86000000.0,80000000.0,0.047,0.46,202000000.0,288000000.0,0.227,288000000.0,202000000.0,146000000.0,0.8,0.8,0.8,3166000000.0,,3166000000.0,8419081075.0,11.0,7.803,-156000000.0,-1.332,1.0,312000000.0,0.246,0.0,56000000.0,13611000000.0,,449000000.0,303000000.0,0.0,303000000.0,7458000000.0,1052000000.0,6406000000.0,4554081075.0,-28000000.0,0.0,23000000.0,146000000.0,-56000000.0,113000000.0,-218000000.0,15000000.0,77000000.0,0.0,96000000.0,94000000.0,94000000.0,0.0,0.0,0.074,123000000.0,189000000.0,323000000.0,0.575,1.438,13.086,13.108,8165000000.0,2000000.0,38.93,0.878,0.879,498000000.0,,1266000000.0,1266000000.0,0.0,,,,,0.0,0.0,1.0,116981276.0,117100000,117100000.0,10.811,10624000000.0,17000000.0,50000000.0,1189000000.0,90.726,122000000.0
41,SCG,MRQ,2008-06-30,2008-06-30,2008-06-30,2018-11-05,0.0,10518000000.0,,1270000000.0,9248000000.0,,26.915,-283000000.0,150000000.0,150000000.0,965000000.0,59000000.0,0.954,2.349,4015000000.0,587000000.0,3428000000.0,4015000000.0,0.0,79000000.0,77000000.0,0.049,0.46,142000000.0,221000000.0,0.181,221000000.0,142000000.0,88000000.0,0.48,0.48,0.48,3141000000.0,,3141000000.0,8003602521.0,11.0,7.579,-110000000.0,-0.943,1.0,253000000.0,0.208,0.0,54000000.0,13052000000.0,,352000000.0,294000000.0,0.0,294000000.0,7377000000.0,1331000000.0,6046000000.0,4316602521.0,-28000000.0,0.0,0.0,136000000.0,-56000000.0,80000000.0,-281000000.0,3000000.0,173000000.0,0.0,59000000.0,57000000.0,57000000.0,0.0,0.0,0.047,122000000.0,131000000.0,414000000.0,0.958,1.374,12.476,12.5,8009000000.0,2000000.0,37.0,0.863,0.863,591000000.0,,1218000000.0,1218000000.0,0.0,,,,,0.0,0.0,1.0,116664933.0,116700000,116700000.0,10.437,10518000000.0,0.0,29000000.0,1157000000.0,90.129,-61000000.0
42,SCG,MRQ,2008-03-31,2008-03-31,2008-03-31,2018-11-05,0.0,10249000000.0,,1265000000.0,8984000000.0,,26.804,-178000000.0,178000000.0,178000000.0,1197000000.0,111000000.0,0.987,2.277,3865000000.0,589000000.0,3276000000.0,3865000000.0,0.0,80000000.0,75000000.0,0.049,0.46,226000000.0,306000000.0,0.2,306000000.0,226000000.0,173000000.0,0.94,0.94,0.94,3128000000.0,,3128000000.0,7872603249.0,11.0,7.512,-24000000.0,-0.206,1.0,336000000.0,0.219,0.0,53000000.0,12654000000.0,,325000000.0,280000000.0,0.0,280000000.0,7121000000.0,1282000000.0,5839000000.0,4267603249.0,44000000.0,0.0,0.0,120000000.0,-53000000.0,67000000.0,-177000000.0,0.0,154000000.0,0.0,111000000.0,109000000.0,109000000.0,0.0,0.0,0.071,123000000.0,213000000.0,365000000.0,0.489,1.364,12.406,12.4,7808000000.0,2000000.0,36.58,0.891,0.891,662000000.0,,1533000000.0,1533000000.0,0.0,,,,,0.0,0.0,1.0,116664933.0,116700000,116700000.0,13.136,10249000000.0,4000000.0,62000000.0,1143000000.0,87.823,-17000000.0
43,SCG,MRQ,2007-12-31,2007-12-31,2007-12-31,2018-11-05,0.0,10165000000.0,,1301000000.0,8864000000.0,,26.272,-233000000.0,134000000.0,134000000.0,896000000.0,95000000.0,0.756,2.315,3739000000.0,860000000.0,2879000000.0,3739000000.0,0.0,72000000.0,85000000.0,0.042,0.44,192000000.0,264000000.0,0.225,264000000.0,192000000.0,142000000.0,0.75,0.75,0.75,3066000000.0,,3066000000.0,8434426926.0,13.0,8.409,-38000000.0,-0.326,1.0,276000000.0,0.235,0.0,50000000.0,12049000000.0,,426000000.0,275000000.0,0.0,275000000.0,7099000000.0,1721000000.0,5378000000.0,4917426926.0,7000000.0,0.0,25000000.0,66000000.0,-53000000.0,38000000.0,-226000000.0,9000000.0,195000000.0,0.0,95000000.0,88000000.0,88000000.0,0.0,0.0,0.075,111000000.0,165000000.0,428000000.0,0.587,1.604,15.367,15.383,7669000000.0,7000000.0,42.15,1.064,1.064,670000000.0,,1172000000.0,1172000000.0,0.0,,,,,0.0,0.0,1.0,116664933.0,116700000,116700000.0,10.043,10165000000.0,9000000.0,47000000.0,1204000000.0,87.104,-420000000.0
44,SCG,MRQ,2007-09-30,2007-09-30,2007-09-30,2018-11-05,0.0,9814000000.0,,1114000000.0,8700000000.0,,26.015,-149000000.0,127000000.0,127000000.0,773000000.0,92000000.0,0.813,2.233,3644000000.0,688000000.0,2956000000.0,3644000000.0,0.0,76000000.0,80000000.0,0.045,0.44,189000000.0,265000000.0,0.246,265000000.0,189000000.0,138000000.0,0.79,0.79,0.79,3036000000.0,,3036000000.0,8015599504.0,13.0,8.238,32000000.0,0.274,1.0,306000000.0,0.284,0.0,51000000.0,11961000000.0,,436000000.0,273000000.0,0.0,273000000.0,6778000000.0,1370000000.0,5408000000.0,4519599504.0,37000000.0,0.0,-29000000.0,89000000.0,-57000000.0,3000000.0,-147000000.0,1000000.0,181000000.0,0.0,92000000.0,92000000.0,92000000.0,0.0,0.0,0.085,117000000.0,189000000.0,279000000.0,0.557,1.489,15.116,15.133,7433000000.0,0.0,38.74,0.979,0.979,501000000.0,,1079000000.0,1079000000.0,0.0,,,,,0.0,0.0,1.0,116664933.0,116700000,116700000.0,9.246,9814000000.0,23000000.0,46000000.0,1188000000.0,84.096,-256000000.0
45,SCG,MRQ,2007-06-30,2007-06-30,2007-06-30,2018-11-05,0.0,9662000000.0,,1082000000.0,8580000000.0,,25.707,-194000000.0,90000000.0,90000000.0,767000000.0,55000000.0,0.839,2.221,3586000000.0,627000000.0,2959000000.0,3586000000.0,0.0,90000000.0,77000000.0,0.045,0.44,123000000.0,213000000.0,0.212,213000000.0,123000000.0,72000000.0,0.47,0.47,0.47,3000000000.0,,3000000000.0,7929100285.0,13.0,8.132,16000000.0,0.137,1.0,240000000.0,0.238,0.0,51000000.0,11869000000.0,,403000000.0,300000000.0,0.0,300000000.0,6662000000.0,1289000000.0,5373000000.0,4467100285.0,38000000.0,0.0,-1000000.0,73000000.0,-49000000.0,23000000.0,-195000000.0,-2000000.0,210000000.0,0.0,55000000.0,55000000.0,55000000.0,0.0,0.0,0.055,124000000.0,116000000.0,308000000.0,0.936,1.489,15.092,15.134,7333000000.0,0.0,38.29,0.971,0.971,529000000.0,,1007000000.0,1007000000.0,0.0,,,,,0.0,0.0,1.0,116664933.0,116700000,116700000.0,8.629,9662000000.0,26000000.0,17000000.0,1136000000.0,82.793,-207000000.0
46,SCG,MRQ,2007-03-31,2007-03-31,2007-03-31,2018-11-05,0.0,9604000000.0,,1131000000.0,8473000000.0,,25.716,-149000000.0,52000000.0,52000000.0,1068000000.0,86000000.0,0.927,2.2,3514000000.0,549000000.0,2965000000.0,3514000000.0,0.0,92000000.0,74000000.0,0.039,0.44,169000000.0,261000000.0,0.191,261000000.0,169000000.0,116000000.0,0.73,0.73,0.73,3001000000.0,,3001000000.0,8432425158.0,14.0,8.675,-5000000.0,-0.043,1.0,295000000.0,0.216,0.0,53000000.0,11846000000.0,,379000000.0,286000000.0,0.0,286000000.0,6603000000.0,1220000000.0,5383000000.0,5036425158.0,-149000000.0,0.0,-3000000.0,-82000000.0,-51000000.0,-136000000.0,-157000000.0,-8000000.0,144000000.0,0.0,86000000.0,86000000.0,86000000.0,0.0,0.0,0.063,132000000.0,163000000.0,367000000.0,0.603,1.678,16.844,16.863,7236000000.0,0.0,43.17,1.11,1.11,642000000.0,,1363000000.0,1363000000.0,0.0,,,,,0.0,0.0,1.0,116664933.0,116700000,116700000.0,11.68,9604000000.0,24000000.0,30000000.0,1115000000.0,82.296,-89000000.0
47,SCG,MRQ,2006-12-31,2006-12-31,2006-12-31,2018-11-05,0.0,9817000000.0,,1376000000.0,8441000000.0,,25.296,-189000000.0,201000000.0,201000000.0,908000000.0,66000000.0,0.979,2.326,3597000000.0,530000000.0,3067000000.0,3597000000.0,0.0,92000000.0,85000000.0,0.041,0.42,142000000.0,234000000.0,0.2,234000000.0,142000000.0,92000000.0,0.57,0.57,0.57,2952000000.0,,2952000000.0,8053971576.0,13.0,8.177,-43000000.0,-0.368,1.0,260000000.0,0.223,0.0,50000000.0,11808000000.0,,442000000.0,276000000.0,0.0,276000000.0,6865000000.0,1405000000.0,5460000000.0,4731971576.0,100000000.0,0.0,19000000.0,175000000.0,-50000000.0,144000000.0,-190000000.0,17000000.0,146000000.0,0.0,66000000.0,66000000.0,66000000.0,0.0,0.0,0.057,120000000.0,140000000.0,441000000.0,0.737,1.603,15.264,15.157,7139000000.0,0.0,40.62,1.037,1.031,687000000.0,,1168000000.0,1168000000.0,0.0,,,,,0.0,0.0,1.0,116493638.0,116700000,116700000.0,10.009,9817000000.0,34000000.0,26000000.0,1188000000.0,84.122,-29000000.0
48,SCG,MRQ,2006-09-30,2006-09-30,2006-09-30,2018-11-05,0.0,9431000000.0,,1099000000.0,8332000000.0,,25.202,-93000000.0,101000000.0,101000000.0,770000000.0,89000000.0,1.066,2.223,3423000000.0,348000000.0,3075000000.0,3423000000.0,0.0,101000000.0,83000000.0,0.041,0.42,166000000.0,267000000.0,0.251,267000000.0,166000000.0,114000000.0,0.76,0.76,0.76,2926000000.0,,2926000000.0,8015574708.0,12.0,8.064,45000000.0,0.388,1.0,292000000.0,0.275,0.0,52000000.0,11722000000.0,,430000000.0,267000000.0,0.0,267000000.0,6505000000.0,1031000000.0,5474000000.0,4671574708.0,-59000000.0,0.0,20000000.0,-73000000.0,-51000000.0,-104000000.0,-93000000.0,0.0,138000000.0,0.0,89000000.0,89000000.0,89000000.0,0.0,0.0,0.084,136000000.0,156000000.0,261000000.0,0.553,1.597,14.644,14.591,7070000000.0,0.0,40.27,0.957,0.958,520000000.0,,1062000000.0,1062000000.0,0.0,,,,,0.0,0.0,1.0,116006325.0,116100000,116100000.0,9.147,9431000000.0,32000000.0,25000000.0,1183000000.0,81.232,68000000.0
49,SCG,MRQ,2006-06-30,2006-06-30,2006-06-30,2018-11-05,0.0,9398000000.0,,1148000000.0,8250000000.0,,24.926,-152000000.0,160000000.0,160000000.0,708000000.0,58000000.0,1.074,2.264,3504000000.0,461000000.0,3043000000.0,3504000000.0,0.0,76000000.0,72000000.0,0.042,0.42,134000000.0,210000000.0,0.222,210000000.0,134000000.0,81000000.0,0.5,0.5,0.5,2879000000.0,,2879000000.0,7864311146.0,12.0,7.88,98000000.0,0.848,1.0,236000000.0,0.25,0.0,53000000.0,11673000000.0,,396000000.0,264000000.0,0.0,264000000.0,6519000000.0,1069000000.0,5450000000.0,4455311146.0,51000000.0,0.0,19000000.0,-22000000.0,-51000000.0,-54000000.0,-145000000.0,-11000000.0,250000000.0,0.0,58000000.0,58000000.0,58000000.0,0.0,0.0,0.061,114000000.0,122000000.0,284000000.0,0.84,1.548,13.501,13.396,7031000000.0,0.0,38.58,0.9,0.9,542000000.0,,944000000.0,944000000.0,0.0,,,,,0.0,0.0,1.0,115482404.0,115500000,115500000.0,8.173,9398000000.0,30000000.0,23000000.0,1167000000.0,81.368,79000000.0
50,SCG,MRQ,2006-03-31,2006-03-31,2006-03-31,2018-11-05,0.0,9360000000.0,,1228000000.0,8132000000.0,,24.8,-93000000.0,109000000.0,109000000.0,1089000000.0,98000000.0,1.015,2.282,3518000000.0,602000000.0,2916000000.0,3518000000.0,0.0,78000000.0,67000000.0,0.041,0.42,197000000.0,275000000.0,0.198,275000000.0,197000000.0,143000000.0,0.85,0.85,0.85,2852000000.0,,2852000000.0,8014885463.0,13.0,8.137,126000000.0,1.096,1.0,300000000.0,0.216,0.0,54000000.0,11559000000.0,,370000000.0,255000000.0,0.0,255000000.0,6508000000.0,1210000000.0,5298000000.0,4513885463.0,47000000.0,0.0,21000000.0,-44000000.0,-46000000.0,-69000000.0,-103000000.0,-10000000.0,219000000.0,0.0,98000000.0,98000000.0,98000000.0,0.0,0.0,0.071,115000000.0,185000000.0,301000000.0,0.494,1.583,14.284,14.166,6940000000.0,0.0,39.24,0.921,0.921,670000000.0,,1389000000.0,1389000000.0,0.0,,,,,0.0,0.0,1.0,115032759.0,115000000,115000000.0,12.078,9360000000.0,28000000.0,45000000.0,1130000000.0,81.391,18000000.0
51,SCG,MRQ,2005-12-31,2005-12-31,2005-12-31,2018-11-05,0.0,9519000000.0,,1464000000.0,8055000000.0,,24.327,-107000000.0,62000000.0,62000000.0,1224000000.0,74000000.0,0.976,2.42,3563000000.0,615000000.0,2948000000.0,3563000000.0,0.0,93000000.0,70000000.0,0.04,0.39,149000000.0,242000000.0,0.163,242000000.0,149000000.0,97000000.0,0.65,0.65,0.65,2783000000.0,,2783000000.0,7825357552.0,19.0,8.396,-166000000.0,-1.451,1.0,262000000.0,0.176,0.0,52000000.0,11520000000.0,,417000000.0,247000000.0,0.0,247000000.0,6736000000.0,1500000000.0,5236000000.0,4508357552.0,-109000000.0,0.0,17000000.0,73000000.0,-47000000.0,44000000.0,-94000000.0,13000000.0,-59000000.0,0.0,74000000.0,74000000.0,74000000.0,0.0,0.0,0.05,118000000.0,144000000.0,497000000.0,0.6,1.62,14.089,14.014,6842000000.0,0.0,39.38,0.944,0.938,905000000.0,,1486000000.0,1486000000.0,0.0,,,,,0.0,0.0,1.0,114483432.0,114400000,114400000.0,12.99,9519000000.0,26000000.0,23000000.0,1173000000.0,83.208,-36000000.0
52,SCG,MRQ,2005-09-30,2005-09-30,2005-09-30,2018-11-05,0.0,8958000000.0,,1178000000.0,7780000000.0,,24.084,-59000000.0,171000000.0,171000000.0,828000000.0,100000000.0,0.939,2.26,3488000000.0,551000000.0,2937000000.0,3488000000.0,0.0,83000000.0,64000000.0,0.036,0.39,188000000.0,271000000.0,0.24,271000000.0,188000000.0,136000000.0,0.88,0.88,0.88,2748000000.0,,2748000000.0,8243166689.0,22.0,9.596,134000000.0,1.174,1.0,303000000.0,0.268,0.0,52000000.0,11021000000.0,,366000000.0,216000000.0,0.0,216000000.0,6210000000.0,1254000000.0,4956000000.0,4817166689.0,26000000.0,0.0,19000000.0,-82000000.0,-45000000.0,-108000000.0,-59000000.0,0.0,193000000.0,0.0,100000000.0,100000000.0,100000000.0,0.0,0.0,0.088,124000000.0,179000000.0,353000000.0,0.443,1.753,16.785,16.696,6769000000.0,0.0,42.24,1.109,1.11,569000000.0,,1131000000.0,1131000000.0,0.0,,,,,0.0,0.0,1.0,114042772.0,114100000,114100000.0,9.912,8958000000.0,0.0,36000000.0,1092000000.0,78.51,-76000000.0
53,SCG,MRQ,2005-06-30,2005-06-30,2005-06-30,2018-11-05,0.0,8761000000.0,,1053000000.0,7708000000.0,,23.468,-95000000.0,146000000.0,146000000.0,679000000.0,44000000.0,0.995,2.286,3572000000.0,500000000.0,3072000000.0,3572000000.0,0.0,96000000.0,50000000.0,0.035,0.39,101000000.0,197000000.0,0.221,197000000.0,101000000.0,47000000.0,0.39,0.39,0.39,2666000000.0,,2666000000.0,8280792571.0,27.0,10.469,51000000.0,0.449,1.0,214000000.0,0.24,0.0,54000000.0,11129000000.0,,286000000.0,215000000.0,0.0,215000000.0,6095000000.0,1058000000.0,5037000000.0,4847792571.0,-184000000.0,0.0,22000000.0,-193000000.0,-46000000.0,-218000000.0,-112000000.0,-17000000.0,146000000.0,0.0,44000000.0,44000000.0,44000000.0,0.0,0.0,0.049,129000000.0,85000000.0,250000000.0,1.0,1.818,20.115,20.052,6739000000.0,0.0,42.71,1.191,1.192,567000000.0,,893000000.0,893000000.0,0.0,,,,,0.0,0.0,1.0,113504860.0,113600000,113600000.0,7.861,8761000000.0,0.0,3000000.0,1046000000.0,77.121,-5000000.0
54,SCG,MRQ,2005-03-31,2005-03-31,2005-03-31,2018-11-05,0.0,8943000000.0,,1283000000.0,7660000000.0,,23.446,-124000000.0,329000000.0,329000000.0,954000000.0,101000000.0,1.015,2.379,3762000000.0,689000000.0,3073000000.0,3762000000.0,0.0,246000000.0,51000000.0,0.039,0.39,-24000000.0,222000000.0,0.175,222000000.0,-24000000.0,-78000000.0,0.89,0.89,0.89,2647000000.0,,2647000000.0,7796416531.0,22.0,9.685,63000000.0,0.558,1.0,312000000.0,0.246,0.0,54000000.0,11112000000.0,,216000000.0,216000000.0,0.0,216000000.0,6296000000.0,1264000000.0,5032000000.0,4315416531.0,210000000.0,0.0,25000000.0,169000000.0,-43000000.0,151000000.0,-128000000.0,-4000000.0,187000000.0,0.0,101000000.0,101000000.0,101000000.0,0.0,0.0,0.08,284000000.0,28000000.0,277000000.0,0.438,1.63,16.792,16.763,6709000000.0,0.0,38.22,1.073,1.073,708000000.0,,1266000000.0,1266000000.0,0.0,,,,,0.0,0.0,1.0,112909904.0,112900000,112900000.0,11.213,8943000000.0,0.0,-179000000.0,1032000000.0,79.212,19000000.0
55,SCG,MRQ,2004-12-31,2004-12-31,2004-12-31,2018-11-05,0.0,9006000000.0,,1182000000.0,7824000000.0,,22.729,-175000000.0,119000000.0,119000000.0,835000000.0,36000000.0,0.998,2.522,3601000000.0,415000000.0,3186000000.0,3601000000.0,0.0,67000000.0,66000000.0,0.037,0.365,102000000.0,169000000.0,0.16,169000000.0,102000000.0,51000000.0,0.37,0.37,0.37,2557000000.0,,2557000000.0,7861873629.0,14.0,9.184,-86000000.0,-0.764,1.0,218000000.0,0.207,0.0,51000000.0,11304000000.0,,270000000.0,236000000.0,0.0,236000000.0,6449000000.0,1184000000.0,5265000000.0,4425873629.0,-72000000.0,14000000.0,18000000.0,-21000000.0,-43000000.0,-46000000.0,-115000000.0,46000000.0,89000000.0,0.0,36000000.0,42000000.0,42000000.0,0.0,0.0,0.04,100000000.0,118000000.0,399000000.0,0.986,1.731,17.221,17.13,6866000000.0,-6000000.0,39.4,1.139,1.132,731000000.0,,1053000000.0,1053000000.0,0.0,,,,,0.0,0.0,1.0,112331818.0,112500000,112500000.0,9.36,9006000000.0,10000000.0,15000000.0,1148000000.0,80.053,-2000000.0
56,SCG,MRQ,2004-09-30,2004-09-30,2004-09-30,2018-11-05,0.0,8709000000.0,,913000000.0,7796000000.0,,22.791,-70000000.0,191000000.0,191000000.0,592000000.0,56000000.0,0.946,2.418,3627000000.0,442000000.0,3185000000.0,3627000000.0,0.0,73000000.0,44000000.0,0.039,0.365,130000000.0,203000000.0,0.237,203000000.0,130000000.0,80000000.0,0.48,0.48,0.48,2548000000.0,,2548000000.0,7646365277.0,13.0,9.028,75000000.0,0.671,1.0,265000000.0,0.309,0.0,50000000.0,11180000000.0,,263000000.0,296000000.0,0.0,296000000.0,6161000000.0,965000000.0,5196000000.0,4167365277.0,-36000000.0,-6000000.0,25000000.0,-89000000.0,-42000000.0,-106000000.0,-75000000.0,1000000.0,145000000.0,0.0,56000000.0,54000000.0,54000000.0,0.0,0.0,0.063,104000000.0,161000000.0,203000000.0,0.76,1.636,16.343,16.306,6757000000.0,2000000.0,37.34,1.124,1.126,392000000.0,,857000000.0,857000000.0,0.0,,,,,0.0,0.0,1.0,111605926.0,111800000,111800000.0,7.665,8709000000.0,0.0,24000000.0,1059000000.0,77.898,-52000000.0
57,SCG,MRQ,2004-06-30,2004-06-30,2004-06-30,2018-11-05,0.0,8611000000.0,,958000000.0,7653000000.0,,22.446,-83000000.0,227000000.0,227000000.0,619000000.0,62000000.0,0.92,2.45,3706000000.0,526000000.0,3180000000.0,3706000000.0,0.0,70000000.0,44000000.0,0.039,0.365,141000000.0,211000000.0,0.249,211000000.0,141000000.0,90000000.0,0.54,0.54,0.54,2496000000.0,,2496000000.0,7548239602.0,12.0,8.617,52000000.0,0.468,1.0,227000000.0,0.268,0.0,51000000.0,11049000000.0,,220000000.0,299000000.0,0.0,299000000.0,6115000000.0,1041000000.0,5074000000.0,4041239602.0,9000000.0,-5000000.0,7000000.0,-3000000.0,-43000000.0,-39000000.0,-87000000.0,1000000.0,135000000.0,0.0,62000000.0,60000000.0,60000000.0,0.0,0.0,0.071,104000000.0,123000000.0,246000000.0,0.676,1.619,14.18,14.152,6633000000.0,2000000.0,36.37,1.122,1.122,438000000.0,,846000000.0,846000000.0,0.0,,,,,0.0,0.0,1.0,111114644.0,111200000,111200000.0,7.608,8611000000.0,7000000.0,28000000.0,1005000000.0,77.437,-83000000.0
58,SCG,MRQ,2004-03-31,2004-03-31,2004-03-31,2018-11-05,0.0,8549000000.0,,952000000.0,7597000000.0,,22.326,-173000000.0,218000000.0,218000000.0,840000000.0,103000000.0,1.067,2.453,3725000000.0,393000000.0,3332000000.0,3725000000.0,0.0,64000000.0,45000000.0,0.04,0.365,208000000.0,272000000.0,0.239,272000000.0,208000000.0,158000000.0,0.91,0.91,0.91,2476000000.0,,2476000000.0,7400341557.0,12.0,8.287,37000000.0,0.334,1.0,296000000.0,0.261,0.0,50000000.0,11164000000.0,,169000000.0,307000000.0,0.0,307000000.0,6073000000.0,892000000.0,5181000000.0,3914341557.0,101000000.0,-3000000.0,11000000.0,96000000.0,-40000000.0,67000000.0,-176000000.0,0.0,210000000.0,0.0,103000000.0,101000000.0,101000000.0,0.0,0.0,0.089,102000000.0,194000000.0,254000000.0,0.401,1.581,13.004,13.093,6581000000.0,2000000.0,35.35,1.124,1.126,512000000.0,,1136000000.0,1136000000.0,0.0,,,,,0.0,0.0,1.0,110731020.0,110900000,110900000.0,10.243,8549000000.0,12000000.0,55000000.0,969000000.0,77.087,60000000.0
59,SCG,MRQ,2003-12-31,2003-12-31,2003-12-31,2018-11-05,0.0,8458000000.0,,893000000.0,7565000000.0,,21.828,-116000000.0,117000000.0,117000000.0,644000000.0,34000000.0,0.873,2.507,3622000000.0,397000000.0,3225000000.0,3622000000.0,0.0,61000000.0,43000000.0,0.04,0.345,100000000.0,161000000.0,0.185,161000000.0,100000000.0,49000000.0,0.36,0.36,0.36,2412000000.0,,2412000000.0,7209132974.0,12.0,8.325,-34000000.0,-0.308,1.0,226000000.0,0.26,0.0,51000000.0,10940000000.0,,213000000.0,318000000.0,0.0,318000000.0,6046000000.0,1023000000.0,5023000000.0,3793132974.0,41000000.0,11000000.0,-59000000.0,179000000.0,-45000000.0,81000000.0,-122000000.0,-17000000.0,82000000.0,0.0,34000000.0,40000000.0,40000000.0,0.0,0.0,0.046,93000000.0,133000000.0,300000000.0,0.958,1.573,13.451,13.484,6513000000.0,-6000000.0,34.25,1.11,1.111,516000000.0,,870000000.0,870000000.0,0.0,,,,,0.0,0.0,1.0,110748408.0,110500000,110500000.0,7.873,8458000000.0,0.0,15000000.0,1016000000.0,76.543,-130000000.0
60,SCG,MRQ,2003-09-30,2003-09-30,2003-09-30,2018-11-05,0.0,7788000000.0,,729000000.0,7059000000.0,,21.749,-180000000.0,80000000.0,80000000.0,507000000.0,86000000.0,0.652,2.229,3496000000.0,644000000.0,2852000000.0,3496000000.0,0.0,63000000.0,43000000.0,0.04,0.345,169000000.0,232000000.0,0.309,232000000.0,169000000.0,121000000.0,0.76,0.76,0.76,2412000000.0,,2412000000.0,7124108743.0,11.0,8.17,24000000.0,0.216,1.0,244000000.0,0.325,0.0,48000000.0,10086000000.0,,236000000.0,350000000.0,0.0,350000000.0,5376000000.0,1118000000.0,4258000000.0,3799108743.0,-92000000.0,-3000000.0,2000000.0,-79000000.0,-38000000.0,-117000000.0,-179000000.0,4000000.0,204000000.0,0.0,86000000.0,84000000.0,84000000.0,0.0,0.0,0.112,94000000.0,150000000.0,215000000.0,0.454,1.575,13.191,13.173,5999000000.0,2000000.0,34.25,1.139,1.139,373000000.0,,751000000.0,751000000.0,0.0,,,,,0.0,0.0,1.0,110922883.0,110900000,110900000.0,6.772,7788000000.0,4000000.0,35000000.0,973000000.0,70.225,-389000000.0
61,SCG,MRQ,2003-06-30,2003-06-30,2003-06-30,2018-11-05,0.0,7796000000.0,,878000000.0,6918000000.0,,21.336,-210000000.0,220000000.0,220000000.0,530000000.0,74000000.0,0.78,2.298,3545000000.0,615000000.0,2930000000.0,3545000000.0,0.0,63000000.0,39000000.0,0.039,0.345,165000000.0,228000000.0,0.314,228000000.0,165000000.0,114000000.0,0.67,0.67,0.67,2364000000.0,,2364000000.0,6984500107.0,11.0,8.056,-106000000.0,-0.957,1.0,196000000.0,0.27,0.0,51000000.0,9996000000.0,,214000000.0,349000000.0,0.0,349000000.0,5432000000.0,1125000000.0,4307000000.0,3799500107.0,-118000000.0,-4000000.0,2000000.0,-35000000.0,-38000000.0,-73000000.0,-149000000.0,65000000.0,104000000.0,0.0,76000000.0,76000000.0,76000000.0,0.0,-2000000.0,0.105,96000000.0,100000000.0,235000000.0,0.515,1.607,13.473,13.287,5877000000.0,0.0,34.28,1.159,1.159,392000000.0,,726000000.0,726000000.0,0.0,,,,,0.0,0.0,1.0,110837226.0,110800000,110800000.0,6.552,7796000000.0,8000000.0,38000000.0,957000000.0,70.361,-247000000.0
62,SCG,MRQ,2003-03-31,2003-03-31,2003-03-31,2018-11-05,0.0,7843000000.0,,1104000000.0,6739000000.0,,20.993,-174000000.0,367000000.0,367000000.0,806000000.0,84000000.0,0.906,2.372,3552000000.0,617000000.0,2935000000.0,3552000000.0,0.0,62000000.0,38000000.0,0.044,0.345,183000000.0,245000000.0,0.229,245000000.0,183000000.0,132000000.0,0.75,0.75,0.75,2326000000.0,,2326000000.0,6425115790.0,11.0,7.962,-19000000.0,-0.171,1.0,263000000.0,0.246,0.0,51000000.0,9810000000.0,,175000000.0,378000000.0,0.0,378000000.0,5517000000.0,1218000000.0,4299000000.0,3316115790.0,-19000000.0,-4000000.0,0.0,43000000.0,-37000000.0,4000000.0,-178000000.0,0.0,155000000.0,0.0,86000000.0,86000000.0,86000000.0,0.0,-2000000.0,0.08,95000000.0,168000000.0,361000000.0,0.46,1.426,13.48,13.066,5718000000.0,0.0,29.92,1.036,1.036,521000000.0,,1069000000.0,1069000000.0,0.0,,,,,0.0,0.0,1.0,110832747.0,110800000,110800000.0,9.648,7843000000.0,1000000.0,46000000.0,922000000.0,70.785,-114000000.0
63,SCG,MRQ,2002-12-31,2002-12-31,2002-12-31,2018-11-05,0.0,8074000000.0,,1140000000.0,6934000000.0,,20.773,-258000000.0,374000000.0,374000000.0,582000000.0,42000000.0,0.893,2.537,3456000000.0,622000000.0,2834000000.0,3456000000.0,0.0,61000000.0,33000000.0,0.042,0.325,106000000.0,167000000.0,0.212,167000000.0,106000000.0,58000000.0,0.42,0.42,0.42,2283000000.0,,2283000000.0,6753458078.0,73.0,20.716,-141000000.0,-1.283,1.0,207000000.0,0.262,0.0,48000000.0,9880000000.0,,237000000.0,326000000.0,0.0,326000000.0,5791000000.0,1276000000.0,4515000000.0,3428458078.0,176000000.0,-37000000.0,149000000.0,-23000000.0,-33000000.0,121000000.0,-62000000.0,233000000.0,117000000.0,0.0,42000000.0,42000000.0,42000000.0,0.0,0.0,0.053,89000000.0,118000000.0,362000000.0,0.774,1.502,-24.144,-23.104,5894000000.0,0.0,30.96,1.161,1.111,489000000.0,,789000000.0,789000000.0,0.0,,,,,0.0,0.0,1.0,110738310.0,109900000,109900000.0,7.179,8074000000.0,0.0,16000000.0,947000000.0,73.467,-136000000.0
64,SCG,MRQ,2002-09-30,2002-09-30,2002-09-30,2018-11-05,0.0,7579000000.0,,956000000.0,6623000000.0,,21.862,-160000000.0,194000000.0,194000000.0,453000000.0,78000000.0,0.96,2.311,3519000000.0,532000000.0,2987000000.0,3519000000.0,0.0,59000000.0,46000000.0,0.049,0.325,168000000.0,227000000.0,0.327,227000000.0,168000000.0,119000000.0,0.74,0.74,0.74,2289000000.0,,2289000000.0,5973138245.0,122.0,21.106,-1000000.0,-0.01,1.0,241000000.0,0.347,0.0,49000000.0,9908000000.0,,246000000.0,434000000.0,151000000.0,283000000.0,5290000000.0,996000000.0,4294000000.0,2725138245.0,-210000000.0,-5000000.0,0.0,-166000000.0,-34000000.0,-203000000.0,-166000000.0,-1000000.0,159000000.0,0.0,78000000.0,78000000.0,78000000.0,0.0,0.0,0.112,87000000.0,154000000.0,213000000.0,0.439,1.191,-15.31,-15.866,5635000000.0,0.0,26.02,0.957,0.957,343000000.0,,694000000.0,694000000.0,0.0,,,,,0.0,0.0,1.0,104732446.0,104700000,104700000.0,6.628,7579000000.0,0.0,41000000.0,941000000.0,72.388,-40000000.0
65,SCG,MRQ,2002-06-30,2002-06-30,2002-06-30,2018-11-05,0.0,7668000000.0,,1197000000.0,6471000000.0,,21.547,-157000000.0,404000000.0,404000000.0,473000000.0,40000000.0,1.109,2.399,3652000000.0,609000000.0,3043000000.0,3652000000.0,0.0,58000000.0,46000000.0,0.04,0.325,110000000.0,168000000.0,0.259,168000000.0,110000000.0,59000000.0,0.38,0.38,0.38,2256000000.0,,2256000000.0,6304036987.0,175.0,23.435,-150000000.0,-1.433,1.0,176000000.0,0.271,0.0,51000000.0,9837000000.0,,211000000.0,450000000.0,170000000.0,280000000.0,5412000000.0,1079000000.0,4333000000.0,3233036987.0,-255000000.0,-4000000.0,0.0,-88000000.0,-34000000.0,-124000000.0,-138000000.0,23000000.0,7000000.0,0.0,40000000.0,40000000.0,40000000.0,0.0,0.0,0.062,87000000.0,89000000.0,237000000.0,0.855,1.433,-16.927,-17.441,5529000000.0,0.0,30.87,1.129,1.129,381000000.0,,649000000.0,649000000.0,0.0,,,,,0.0,0.0,1.0,104730709.0,104700000,104700000.0,6.199,7668000000.0,0.0,19000000.0,921000000.0,73.238,118000000.0
66,SCG,MRQ,2002-03-31,2002-03-31,2002-03-31,2018-11-05,0.0,7889000000.0,,1563000000.0,6326000000.0,,22.073,-119000000.0,656000000.0,656000000.0,584000000.0,-302000000.0,1.268,2.414,3727000000.0,697000000.0,3030000000.0,3727000000.0,0.0,55000000.0,41000000.0,0.04,0.325,-290000000.0,-235000000.0,-0.286,-235000000.0,-290000000.0,-341000000.0,-2.88,-2.88,-2.88,2311000000.0,,2311000000.0,6592685001.0,11.0,8.109,62000000.0,0.592,1.0,238000000.0,0.29,0.0,51000000.0,9727000000.0,,199000000.0,558000000.0,274000000.0,284000000.0,5578000000.0,1233000000.0,4345000000.0,3204685001.0,444000000.0,-16000000.0,0.0,119000000.0,-32000000.0,85000000.0,178000000.0,313000000.0,181000000.0,0.0,-302000000.0,-302000000.0,-302000000.0,0.0,0.0,-0.367,85000000.0,153000000.0,231000000.0,-0.113,1.387,20.81,20.132,5423000000.0,0.0,30.6,1.085,1.085,413000000.0,,822000000.0,822000000.0,0.0,,,,,0.0,0.0,1.0,104728268.0,104700000,104700000.0,7.851,7889000000.0,0.0,-39000000.0,1019000000.0,75.349,330000000.0
67,SCG,MRQ,2001-12-31,2001-12-31,2001-12-31,2018-11-05,0.0,7822000000.0,,1557000000.0,6265000000.0,,21.968,-202000000.0,212000000.0,212000000.0,481000000.0,12000000.0,0.997,2.401,3600000000.0,904000000.0,2696000000.0,3600000000.0,0.0,62000000.0,41000000.0,0.043,0.3,61000000.0,123000000.0,0.18,123000000.0,61000000.0,11000000.0,0.12,0.12,0.12,2300000000.0,,2300000000.0,6306587698.0,6.0,4.84,21000000.0,0.201,1.0,201000000.0,0.295,0.0,50000000.0,9649000000.0,,236000000.0,951000000.0,664000000.0,287000000.0,5522000000.0,1561000000.0,3961000000.0,2914587698.0,67000000.0,-3000000.0,0.0,75000000.0,-31000000.0,49000000.0,-205000000.0,0.0,223000000.0,0.0,6000000.0,6000000.0,6000000.0,0.0,6000000.0,0.009,83000000.0,118000000.0,275000000.0,2.5,1.267,5.407,5.404,5356000000.0,0.0,27.83,0.845,0.844,424000000.0,,682000000.0,682000000.0,0.0,,,,,0.0,0.0,1.0,104728268.0,104700000,104700000.0,6.514,7822000000.0,0.0,5000000.0,1074000000.0,74.709,-4000000.0
68,SCG,MRQ,2001-09-30,2001-09-30,2001-09-30,2018-11-05,0.0,7540000000.0,,1400000000.0,6140000000.0,,21.366,-138000000.0,142000000.0,142000000.0,482000000.0,63000000.0,1.045,2.371,3534000000.0,813000000.0,2721000000.0,3534000000.0,0.0,58000000.0,27000000.0,0.047,0.3,155000000.0,213000000.0,0.3,213000000.0,155000000.0,103000000.0,0.61,0.61,0.61,2237000000.0,,2237000000.0,6027003442.0,5.0,4.393,40000000.0,0.382,1.0,228000000.0,0.321,0.0,52000000.0,9592000000.0,,236000000.0,921000000.0,609000000.0,312000000.0,5303000000.0,1340000000.0,3963000000.0,2658003442.0,-43000000.0,-15000000.0,0.0,-37000000.0,-31000000.0,-70000000.0,-151000000.0,2000000.0,178000000.0,0.0,65000000.0,65000000.0,65000000.0,0.0,-2000000.0,0.092,85000000.0,143000000.0,159000000.0,0.492,1.188,4.52,4.532,5188000000.0,0.0,25.38,0.681,0.681,394000000.0,,710000000.0,710000000.0,0.0,,,,,0.0,0.0,1.0,104728268.0,104700000,104700000.0,6.781,7540000000.0,0.0,38000000.0,1041000000.0,72.015,60000000.0
69,SCG,MRQ,2001-06-30,2001-06-30,2001-06-30,2018-11-05,0.0,7848000000.0,,1781000000.0,6067000000.0,,23.018,-118000000.0,185000000.0,185000000.0,562000000.0,385000000.0,1.522,2.256,3554000000.0,554000000.0,3000000000.0,3554000000.0,0.0,58000000.0,21000000.0,0.041,0.3,654000000.0,712000000.0,0.962,712000000.0,654000000.0,595000000.0,3.67,3.67,3.67,2410000000.0,,2410000000.0,6267282811.0,5.0,4.591,-40000000.0,-0.382,1.0,178000000.0,0.241,0.0,59000000.0,10047000000.0,,225000000.0,1209000000.0,883000000.0,326000000.0,5438000000.0,1170000000.0,4268000000.0,2974282811.0,-104000000.0,-2000000.0,0.0,-31000000.0,-32000000.0,-64000000.0,-118000000.0,2000000.0,78000000.0,0.0,385000000.0,385000000.0,385000000.0,0.0,0.0,0.52,85000000.0,93000000.0,238000000.0,0.082,1.234,5.11,5.117,5127000000.0,0.0,28.4,0.742,0.742,461000000.0,,740000000.0,740000000.0,0.0,,,,,0.0,0.0,1.0,104728268.0,104700000,104700000.0,7.068,7848000000.0,0.0,210000000.0,1097000000.0,74.957,611000000.0
70,SCG,MRQ,2001-03-31,2001-03-31,2001-03-31,2018-11-05,0.0,7801000000.0,,1826000000.0,5975000000.0,,22.33,-90000000.0,289000000.0,289000000.0,1059000000.0,79000000.0,1.377,2.337,3582000000.0,731000000.0,2851000000.0,3582000000.0,0.0,58000000.0,21000000.0,0.043,0.3,192000000.0,250000000.0,0.19,250000000.0,192000000.0,130000000.0,0.75,0.75,0.75,2338000000.0,,2338000000.0,6023395907.0,10.0,7.283,-76000000.0,-0.726,1.0,259000000.0,0.197,0.0,62000000.0,9768000000.0,,187000000.0,1024000000.0,700000000.0,324000000.0,5463000000.0,1326000000.0,4137000000.0,2843395907.0,130000000.0,-26000000.0,0.0,240000000.0,-29000000.0,208000000.0,-92000000.0,24000000.0,14000000.0,0.0,79000000.0,79000000.0,79000000.0,0.0,0.0,0.06,86000000.0,173000000.0,277000000.0,0.4,1.216,12.637,5.123,5059000000.0,0.0,27.15,0.724,0.723,632000000.0,,1318000000.0,1318000000.0,0.0,,,,,0.0,0.0,1.0,104729131.0,104700000,104700000.0,12.588,7801000000.0,0.0,51000000.0,1065000000.0,74.508,500000000.0
71,SCG,MRQ,2000-12-31,2000-12-31,2000-12-31,2018-11-05,0.0,7427000000.0,,1531000000.0,5896000000.0,,20.459,-157000000.0,159000000.0,159000000.0,915000000.0,59000000.0,1.372,2.474,3339000000.0,439000000.0,2900000000.0,3339000000.0,0.0,47000000.0,27000000.0,0.039,0.287,150000000.0,197000000.0,0.174,197000000.0,150000000.0,92000000.0,0.57,0.57,0.57,2138000000.0,,2138000000.0,,,,-95000000.0,-0.909,1.0,218000000.0,0.192,0.0,58000000.0,9491000000.0,,183000000.0,761000000.0,479000000.0,282000000.0,5289000000.0,1116000000.0,4173000000.0,3095793112.0,17000000.0,-20000000.0,-488000000.0,125000000.0,458000000.0,93000000.0,-138000000.0,8000000.0,62000000.0,0.0,59000000.0,59000000.0,59000000.0,0.0,0.0,0.052,81000000.0,137000000.0,394000000.0,0.504,1.448,12.383,12.317,5028000000.0,0.0,29.56,0.902,0.9,694000000.0,,1133000000.0,1133000000.0,0.0,,,,,0.0,0.0,1.0,104729131.0,104500000,104500000.0,10.842,7427000000.0,0.0,33000000.0,992000000.0,71.072,415000000.0
72,SCG,MRQ,2000-09-30,2000-09-30,2000-09-30,2018-11-05,,,,,,,,-67000000.0,,,587000000.0,59000000.0,,,,,,,,53000000.0,,0.037,0.287,153000000.0,206000000.0,0.252,206000000.0,153000000.0,95000000.0,0.56,0.56,0.56,,,,,,,36000000.0,0.344,1.0,229000000.0,0.281,,58000000.0,,,,,,,,,,,67000000.0,0.0,0.0,78000000.0,-30000000.0,46000000.0,-82000000.0,17000000.0,103000000.0,0.0,59000000.0,59000000.0,59000000.0,0.0,0.0,0.072,83000000.0,146000000.0,,0.512,,,,,0.0,30.89,,,,,816000000.0,816000000.0,0.0,,,,,0.0,0.0,1.0,,104700000,104700000.0,7.794,,,36000000.0,,,
73,SCG,MRQ,2000-06-30,2000-06-30,2000-06-30,2018-11-05,,,,,,,,-81000000.0,,,481000000.0,28000000.0,,,,,,,,70000000.0,,0.047,0.287,104000000.0,174000000.0,0.263,174000000.0,104000000.0,49000000.0,3.42,3.42,3.42,,,,,,,11000000.0,0.104,1.0,181000000.0,0.273,,55000000.0,,,,,,,,,,,-23000000.0,-3000000.0,0.0,14000000.0,-30000000.0,-18000000.0,-97000000.0,-14000000.0,92000000.0,0.0,28000000.0,28000000.0,28000000.0,0.0,0.0,0.042,82000000.0,99000000.0,,0.084,,,,,0.0,24.13,,,,,662000000.0,662000000.0,0.0,,,,,0.0,0.0,1.0,,105400000,105400000.0,6.281,,,21000000.0,,,
74,SCG,MRQ,2000-03-31,2000-03-31,2000-03-31,2018-11-05,,,,,,,,-56000000.0,,,567000000.0,104000000.0,,,,,,,,57000000.0,,0.05,0.287,262000000.0,319000000.0,0.389,319000000.0,262000000.0,154000000.0,1.0,1.0,1.0,,,,,,,78000000.0,0.75,1.0,254000000.0,0.309,,108000000.0,,,,,,,,,,,-18000000.0,-209000000.0,0.0,640000000.0,-522000000.0,116000000.0,-268000000.0,-3000000.0,134000000.0,0.0,104000000.0,104000000.0,104000000.0,0.0,0.0,0.127,84000000.0,170000000.0,,0.287,,,,,0.0,24.56,,,,,821000000.0,821000000.0,0.0,,,,,0.0,0.0,1.0,,104000000,104000000.0,7.894,,,50000000.0,,,
75,SCG,MRQ,1999-12-31,1999-12-31,1999-12-31,2018-11-05,0.0,6011000000.0,,618000000.0,5393000000.0,,21.284,,116000000.0,116000000.0,,,0.662,1.726,2182000000.0,569000000.0,1613000000.0,2182000000.0,0.0,,16000000.0,0.049,0.275,,,,,,,,,,2205000000.0,,2205000000.0,,,,,,1.0,,,0.0,,7144000000.0,,164000000.0,938000000.0,0.0,938000000.0,3806000000.0,933000000.0,2873000000.0,,,,,,,,,,,,,,,,,,,,189000000.0,,,,15.538,3912000000.0,,26.88,,1.34,318000000.0,,,,,,,,,,,1.0,,103600000,,,6011000000.0,16000000.0,,1007000000.0,58.021,-315000000.0
0,SCG,MRT,2018-09-30,2018-09-30,2018-09-30,2018-11-05,-34000000.0,18816000000.0,18760000000.0,1420000000.0,17396000000.0,0.219,37.699,-584000000.0,462000000.0,462000000.0,2662000000.0,-201000000.0,1.22,2.49,7067000000.0,332000000.0,6735000000.0,7067000000.0,61000000.0,344000000.0,146000000.0,0.038,1.473,4000000.0,348000000.0,0.085,348000000.0,4000000.0,-380000000.0,-1.4,-1.4,-1.4,5391000000.0,5331750000.0,5391000000.0,12491702428.0,3123.0,35.896,363000000.0,2.538,1.0,1445000000.0,0.352,0.0,384000000.0,24257000000.0,23731000000.0,289000000.0,543000000.0,0.0,543000000.0,13425000000.0,1164000000.0,12261000000.0,5546702428.0,-576000000.0,-249000000.0,0.0,-639000000.0,-245000000.0,-861000000.0,-662000000.0,88000000.0,947000000.0,0.0,-201000000.0,-201000000.0,-201000000.0,0.0,0.0,-0.049,1579000000.0,-134000000.0,263000000.0,-1.052,1.029,-27.596,-27.779,11151000000.0,0.0,38.89,1.351,1.354,474000000.0,3036000000.0,4107000000.0,4107000000.0,0.0,-0.011,-0.038,0.0,0.001,0.0,0.0,1.0,142625416.0,143000000,143000000.0,28.72,18816000000.0,0.0,-179000000.0,1553000000.0,131.58,256000000.0
1,SCG,MRT,2018-06-30,2018-06-30,2018-06-30,2018-11-05,-39000000.0,18901000000.0,19060750000.0,1494000000.0,17407000000.0,0.223,37.322,-742000000.0,238000000.0,238000000.0,2667000000.0,-234000000.0,0.76,2.542,7183000000.0,1085000000.0,6098000000.0,7183000000.0,164000000.0,331000000.0,151000000.0,0.048,1.839,-41000000.0,290000000.0,0.068,290000000.0,-41000000.0,-421000000.0,-1.63,-1.63,-1.63,5337000000.0,5430750000.0,5337000000.0,12271036030.0,-299.0,42.314,44000000.0,0.308,1.0,1590000000.0,0.374,0.0,380000000.0,23881000000.0,23719500000.0,286000000.0,542000000.0,0.0,542000000.0,13564000000.0,1965000000.0,11599000000.0,5494036030.0,186000000.0,-216000000.0,0.0,-535000000.0,-317000000.0,-829000000.0,229000000.0,91000000.0,786000000.0,0.0,-234000000.0,-234000000.0,-234000000.0,0.0,0.0,-0.055,1785000000.0,-195000000.0,263000000.0,-1.128,1.029,-23.479,-23.632,11071000000.0,0.0,38.52,1.291,1.294,517000000.0,2987000000.0,4257000000.0,4257000000.0,0.0,-0.012,-0.043,-0.002,-0.01,0.0,0.0,1.0,142628142.0,143000000,143000000.0,29.769,18901000000.0,206000000.0,-187000000.0,1475000000.0,132.175,-471000000.0
2,SCG,MRT,2018-03-31,2018-03-31,2018-03-31,2018-11-05,-42000000.0,18584000000.0,19099500000.0,1447000000.0,17137000000.0,0.231,37.371,-805000000.0,199000000.0,199000000.0,2685000000.0,-121000000.0,0.815,2.478,6976000000.0,975000000.0,6001000000.0,6976000000.0,0.0,328000000.0,206000000.0,0.065,2.449,117000000.0,445000000.0,0.101,445000000.0,117000000.0,-256000000.0,-0.84,-0.84,-0.84,5344000000.0,5556000000.0,5344000000.0,11930070831.0,102.0,26.809,-59000000.0,-0.413,1.0,1730000000.0,0.392,0.0,373000000.0,23586000000.0,23885250000.0,284000000.0,575000000.0,0.0,575000000.0,13240000000.0,1775000000.0,11465000000.0,5356070831.0,179000000.0,-260000000.0,0.0,-368000000.0,-322000000.0,-687000000.0,120000000.0,89000000.0,746000000.0,0.0,-121000000.0,-121000000.0,-121000000.0,0.0,0.0,-0.027,1777000000.0,-47000000.0,266000000.0,-2.915,1.002,-44.265,-44.702,10962000000.0,0.0,37.55,1.213,1.216,578000000.0,2997000000.0,4415000000.0,4415000000.0,0.0,-0.006,-0.022,0.005,0.027,0.0,0.0,1.0,142638371.0,143000000,143000000.0,30.874,18584000000.0,198000000.0,-135000000.0,1398000000.0,129.958,-328000000.0
3,SCG,MRT,2017-12-31,2017-12-31,2017-12-31,2018-11-05,-50000000.0,18739000000.0,19068000000.0,1851000000.0,16888000000.0,0.231,36.748,-928000000.0,409000000.0,409000000.0,2567000000.0,-119000000.0,0.876,2.566,6983000000.0,1077000000.0,5906000000.0,6983000000.0,0.0,323000000.0,112000000.0,0.062,2.449,132000000.0,455000000.0,0.103,455000000.0,132000000.0,-231000000.0,-0.83,-0.83,-0.83,5255000000.0,5671500000.0,5255000000.0,12316274584.0,93.0,27.069,78000000.0,0.545,1.0,1840000000.0,0.418,0.0,363000000.0,23200000000.0,24023000000.0,304000000.0,474000000.0,0.0,474000000.0,13484000000.0,2113000000.0,11371000000.0,5673274584.0,231000000.0,-28000000.0,0.0,-556000000.0,-319000000.0,-872000000.0,97000000.0,-43000000.0,1006000000.0,0.0,-119000000.0,-119000000.0,-119000000.0,0.0,0.0,-0.027,1764000000.0,76000000.0,438000000.0,-2.951,1.08,-47.675,-47.928,10918000000.0,0.0,39.78,1.287,1.291,665000000.0,2915000000.0,4407000000.0,4407000000.0,0.0,-0.006,-0.021,0.005,0.03,0.0,0.0,1.0,142616254.0,143000000,143000000.0,30.818,18739000000.0,198000000.0,-112000000.0,1494000000.0,131.042,-262000000.0
4,SCG,MRT,2017-09-30,2017-09-30,2017-09-30,2018-11-05,-49000000.0,20019000000.0,19060000000.0,2164000000.0,17855000000.0,0.226,40.469,-1257000000.0,1011000000.0,1011000000.0,2507000000.0,450000000.0,0.883,2.459,7654000000.0,1199000000.0,6455000000.0,7654000000.0,0.0,319000000.0,116000000.0,0.05,2.411,1009000000.0,1328000000.0,0.308,1328000000.0,1009000000.0,652000000.0,3.15,3.15,3.15,5787000000.0,5789000000.0,5787000000.0,14601041305.0,14.0,10.995,18000000.0,0.126,1.0,1799000000.0,0.418,0.0,357000000.0,24211000000.0,24189250000.0,288000000.0,481000000.0,0.0,481000000.0,14232000000.0,2451000000.0,11781000000.0,6930041305.0,986000000.0,9000000.0,0.0,121000000.0,-315000000.0,-194000000.0,-95000000.0,52000000.0,1275000000.0,0.0,450000000.0,450000000.0,450000000.0,0.0,0.0,0.105,853000000.0,946000000.0,266000000.0,0.765,1.198,15.4,15.394,10707000000.0,0.0,48.49,1.609,1.61,545000000.0,3447000000.0,4306000000.0,4306000000.0,0.0,0.024,0.078,0.042,0.234,0.0,0.0,1.0,142916917.0,143000000,143000000.0,30.112,20019000000.0,6000000.0,202000000.0,2695000000.0,139.993,-287000000.0
5,SCG,MRT,2017-06-30,2017-06-30,2017-06-30,2018-11-05,-52000000.0,19056000000.0,18666750000.0,1186000000.0,17870000000.0,0.232,40.825,-1397000000.0,91000000.0,91000000.0,2512000000.0,605000000.0,0.543,2.264,7762000000.0,1307000000.0,6455000000.0,7762000000.0,0.0,317000000.0,125000000.0,0.035,2.373,1231000000.0,1548000000.0,0.358,1548000000.0,1231000000.0,881000000.0,4.23,4.23,4.23,5838000000.0,5761000000.0,5838000000.0,16916862608.0,14.0,10.928,-159000000.0,-1.112,1.0,1811000000.0,0.419,0.0,350000000.0,24544000000.0,24109750000.0,281000000.0,482000000.0,0.0,482000000.0,13218000000.0,2183000000.0,11035000000.0,9576862608.0,17000000.0,9000000.0,0.0,363000000.0,-310000000.0,53000000.0,-1274000000.0,26000000.0,1238000000.0,0.0,605000000.0,605000000.0,605000000.0,0.0,0.0,0.14,639000000.0,1172000000.0,330000000.0,0.561,1.64,15.83,15.842,15236000000.0,0.0,67.01,2.215,2.217,523000000.0,3501000000.0,4323000000.0,4323000000.0,0.0,0.032,0.105,0.051,0.285,0.0,0.0,1.0,142916917.0,143000000,143000000.0,30.231,19056000000.0,6000000.0,276000000.0,2632000000.0,133.259,-997000000.0
6,SCG,MRT,2017-03-31,2017-03-31,2017-03-31,2018-11-05,-51000000.0,18458000000.0,18320750000.0,1047000000.0,17411000000.0,0.231,40.601,-1344000000.0,12000000.0,12000000.0,2454000000.0,589000000.0,0.63,2.179,7352000000.0,886000000.0,6466000000.0,7352000000.0,0.0,313000000.0,158000000.0,0.036,2.338,1200000000.0,1513000000.0,0.358,1513000000.0,1200000000.0,855000000.0,4.12,4.12,4.12,5806000000.0,5693250000.0,5806000000.0,16562620526.0,14.0,10.947,-114000000.0,-0.797,1.0,1773000000.0,0.419,0.0,345000000.0,24137000000.0,23778500000.0,267000000.0,478000000.0,0.0,478000000.0,12652000000.0,1661000000.0,10991000000.0,9339620526.0,-46000000.0,9000000.0,0.0,266000000.0,-305000000.0,61000000.0,-1337000000.0,-2000000.0,1230000000.0,0.0,589000000.0,589000000.0,589000000.0,0.0,0.0,0.139,631000000.0,1142000000.0,269000000.0,0.567,1.609,15.857,15.862,14810000000.0,0.0,65.35,2.21,2.211,549000000.0,3468000000.0,4227000000.0,4227000000.0,0.0,0.032,0.103,0.05,0.284,0.0,0.0,1.0,142916917.0,143000000,143000000.0,29.559,18458000000.0,6000000.0,266000000.0,2517000000.0,129.077,-614000000.0
7,SCG,MRT,2016-12-31,2016-12-31,2016-12-31,2018-11-05,-49000000.0,18707000000.0,18048250000.0,1506000000.0,17201000000.0,0.234,40.035,-1399000000.0,208000000.0,208000000.0,2449000000.0,595000000.0,0.729,2.268,7431000000.0,958000000.0,6473000000.0,7431000000.0,0.0,310000000.0,168000000.0,0.031,2.3,1208000000.0,1518000000.0,0.359,1518000000.0,1208000000.0,866000000.0,4.16,4.16,4.16,5725000000.0,5626500000.0,5725000000.0,17783951678.0,15.0,11.715,-477000000.0,-3.336,1.0,1778000000.0,0.421,0.0,342000000.0,23865000000.0,23285000000.0,291000000.0,475000000.0,0.0,475000000.0,12982000000.0,2065000000.0,10917000000.0,10472951678.0,34000000.0,9000000.0,0.0,762000000.0,-301000000.0,561000000.0,-1449000000.0,-59000000.0,922000000.0,0.0,595000000.0,595000000.0,595000000.0,0.0,0.0,0.141,625000000.0,1153000000.0,404000000.0,0.553,1.829,17.602,17.615,14600000000.0,0.0,73.28,2.478,2.479,616000000.0,3384000000.0,4227000000.0,4227000000.0,0.0,0.033,0.106,0.052,0.286,0.0,0.0,1.0,142916917.0,143000000,143000000.0,29.559,18707000000.0,142000000.0,271000000.0,2579000000.0,130.818,-559000000.0
8,SCG,MRT,2016-09-30,2016-09-30,2016-09-30,2018-11-05,-57000000.0,18446000000.0,17658000000.0,1453000000.0,16993000000.0,0.234,39.685,-1181000000.0,56000000.0,56000000.0,2397000000.0,568000000.0,0.78,2.25,7367000000.0,895000000.0,6472000000.0,7367000000.0,0.0,247000000.0,179000000.0,0.031,2.27,1158000000.0,1405000000.0,0.34,1405000000.0,1158000000.0,822000000.0,3.98,3.98,3.98,5675000000.0,5556000000.0,5675000000.0,17528897283.0,15.0,12.476,-435000000.0,-3.042,1.0,1730000000.0,0.419,0.0,336000000.0,23893000000.0,22705500000.0,286000000.0,476000000.0,0.0,476000000.0,12771000000.0,1864000000.0,10907000000.0,10342897283.0,12000000.0,-576000000.0,-14000000.0,1241000000.0,-278000000.0,1247000000.0,-1981000000.0,-288000000.0,746000000.0,0.0,568000000.0,568000000.0,568000000.0,0.0,0.0,0.138,616000000.0,1114000000.0,278000000.0,0.57,1.823,18.209,18.183,14277000000.0,0.0,72.37,2.506,2.508,530000000.0,3342000000.0,4127000000.0,4127000000.0,0.0,0.032,0.102,0.051,0.281,0.0,0.0,1.0,142916917.0,143000000,143000000.0,28.86,18446000000.0,306000000.0,254000000.0,2475000000.0,128.993,-411000000.0
9,SCG,MRT,2016-06-30,2016-06-30,2016-06-30,2018-11-05,-58000000.0,17672000000.0,17173000000.0,1142000000.0,16530000000.0,0.239,38.957,-1066000000.0,67000000.0,67000000.0,2454000000.0,528000000.0,0.697,2.174,7253000000.0,785000000.0,6468000000.0,7253000000.0,0.0,245000000.0,190000000.0,0.03,2.24,1098000000.0,1343000000.0,0.327,1343000000.0,1098000000.0,769000000.0,3.7,3.7,3.7,5567000000.0,5492000000.0,5567000000.0,17639093940.0,16.0,13.134,-260000000.0,-1.819,1.0,1648000000.0,0.402,0.0,329000000.0,23219000000.0,22096250000.0,286000000.0,474000000.0,0.0,474000000.0,12105000000.0,1639000000.0,10466000000.0,10813093940.0,1000000.0,-576000000.0,-14000000.0,1121000000.0,-281000000.0,1124000000.0,-1929000000.0,-351000000.0,806000000.0,0.0,528000000.0,528000000.0,528000000.0,0.0,0.0,0.129,590000000.0,1058000000.0,225000000.0,0.605,1.942,20.479,20.449,13876000000.0,0.0,75.66,2.636,2.636,483000000.0,3235000000.0,4102000000.0,4102000000.0,0.0,0.031,0.096,0.05,0.268,0.0,0.0,1.0,142916917.0,142900000,142900000.0,28.705,17672000000.0,0.0,241000000.0,1996000000.0,123.667,-497000000.0
10,SCG,MRT,2016-03-31,2016-03-31,2016-03-31,2018-11-05,-63000000.0,17368000000.0,16847000000.0,1217000000.0,16151000000.0,0.247,38.761,-993000000.0,86000000.0,86000000.0,2519000000.0,522000000.0,0.599,2.136,6912000000.0,1033000000.0,5879000000.0,6912000000.0,0.0,270000000.0,176000000.0,0.032,2.21,1090000000.0,1360000000.0,0.327,1360000000.0,1090000000.0,766000000.0,3.65,3.65,3.65,5539000000.0,5438000000.0,5539000000.0,16378621728.0,15.0,12.043,-165000000.0,-1.155,1.0,1645000000.0,0.395,0.0,324000000.0,22163000000.0,21655500000.0,282000000.0,472000000.0,0.0,472000000.0,11829000000.0,2031000000.0,9798000000.0,10025621728.0,63000000.0,-574000000.0,-14000000.0,1045000000.0,-285000000.0,944000000.0,-1709000000.0,-142000000.0,828000000.0,0.0,522000000.0,522000000.0,522000000.0,0.0,0.0,0.125,592000000.0,1053000000.0,369000000.0,0.605,1.81,19.206,19.219,13645000000.0,0.0,70.15,2.408,2.407,505000000.0,3212000000.0,4164000000.0,4164000000.0,0.0,0.031,0.096,0.05,0.262,0.0,0.0,1.0,142916917.0,142900000,142900000.0,29.139,17368000000.0,0.0,244000000.0,1981000000.0,121.54,-814000000.0
11,SCG,MRT,2015-12-31,2015-12-31,2015-12-31,2018-11-05,-65000000.0,17146000000.0,16606500000.0,1378000000.0,15768000000.0,0.264,38.063,-1008000000.0,176000000.0,176000000.0,2714000000.0,746000000.0,0.706,2.15,6529000000.0,647000000.0,5882000000.0,6529000000.0,0.0,294000000.0,137000000.0,0.036,2.18,1457000000.0,1751000000.0,0.4,1751000000.0,1457000000.0,1139000000.0,5.22,5.22,5.22,5443000000.0,5384500000.0,5443000000.0,14889044309.0,10.0,8.503,70000000.0,0.49,1.0,1666000000.0,0.38,0.0,318000000.0,21547000000.0,21317000000.0,312000000.0,466000000.0,0.0,466000000.0,11703000000.0,1952000000.0,9751000000.0,8645044309.0,30000000.0,71000000.0,0.0,141000000.0,-285000000.0,54000000.0,-1102000000.0,-165000000.0,1078000000.0,0.0,746000000.0,746000000.0,746000000.0,0.0,0.0,0.17,592000000.0,1074000000.0,590000000.0,0.418,1.588,11.589,11.588,13425000000.0,0.0,60.49,1.974,1.975,505000000.0,3118000000.0,4380000000.0,4380000000.0,0.0,0.045,0.139,0.068,0.333,0.0,0.0,1.0,142916917.0,143000000,143000000.0,30.629,17146000000.0,0.0,393000000.0,2193000000.0,119.902,-574000000.0
12,SCG,MRT,2015-09-30,2015-09-30,2015-09-30,2018-11-05,-70000000.0,16506000000.0,16524500000.0,1221000000.0,15285000000.0,0.281,37.922,-1165000000.0,54000000.0,54000000.0,2948000000.0,753000000.0,0.944,2.046,6298000000.0,280000000.0,6018000000.0,6298000000.0,0.0,381000000.0,110000000.0,0.038,2.16,1470000000.0,1851000000.0,0.399,1851000000.0,1470000000.0,1153000000.0,5.26,5.26,5.26,5419000000.0,5270500000.0,5419000000.0,14292505750.0,10.0,7.722,-186000000.0,-1.302,1.0,1691000000.0,0.365,0.0,317000000.0,21456000000.0,21128750000.0,311000000.0,467000000.0,0.0,467000000.0,11087000000.0,1294000000.0,9793000000.0,8040505750.0,-28000000.0,647000000.0,37000000.0,67000000.0,-305000000.0,-201000000.0,-806000000.0,-136000000.0,979000000.0,0.0,753000000.0,753000000.0,753000000.0,0.0,0.0,0.162,597000000.0,1094000000.0,312000000.0,0.411,1.484,10.678,10.696,13010000000.0,0.0,56.26,1.733,1.733,618000000.0,3098000000.0,4639000000.0,4639000000.0,0.0,0.046,0.143,0.07,0.317,0.0,0.0,1.0,142916917.0,142900000,142900000.0,32.463,16506000000.0,0.0,400000000.0,2048000000.0,115.507,-73000000.0
13,SCG,MRT,2015-06-30,2015-06-30,2015-06-30,2018-11-05,-67000000.0,16368000000.0,16365750000.0,1289000000.0,15079000000.0,0.287,37.446,-1169000000.0,55000000.0,55000000.0,3003000000.0,748000000.0,1.107,2.059,6307000000.0,289000000.0,6018000000.0,6307000000.0,0.0,404000000.0,99000000.0,0.042,2.14,1453000000.0,1857000000.0,0.396,1857000000.0,1453000000.0,1138000000.0,5.23,5.23,5.23,5351000000.0,5152750000.0,5351000000.0,13373741846.0,9.0,7.202,-363000000.0,-2.54,1.0,1689000000.0,0.36,0.0,315000000.0,21456000000.0,20883000000.0,331000000.0,474000000.0,0.0,474000000.0,11017000000.0,1164000000.0,9853000000.0,7238741846.0,-17000000.0,647000000.0,61000000.0,166000000.0,-302000000.0,-75000000.0,-748000000.0,-74000000.0,806000000.0,0.0,748000000.0,748000000.0,748000000.0,0.0,0.0,0.159,618000000.0,1071000000.0,326000000.0,0.409,1.353,9.677,9.685,12875000000.0,0.0,50.65,1.543,1.543,658000000.0,3027000000.0,4692000000.0,4692000000.0,0.0,0.046,0.145,0.07,0.31,0.0,0.0,1.0,142916917.0,142900000,142900000.0,32.834,16368000000.0,0.0,390000000.0,1967000000.0,114.542,125000000.0
14,SCG,MRT,2015-03-31,2015-03-31,2015-03-31,2018-11-05,-73000000.0,16406000000.0,16180250000.0,1435000000.0,14971000000.0,0.294,37.264,-1155000000.0,31000000.0,31000000.0,3127000000.0,745000000.0,0.829,2.081,6166000000.0,641000000.0,5525000000.0,6166000000.0,0.0,404000000.0,109000000.0,0.039,2.12,1445000000.0,1849000000.0,0.389,1849000000.0,1445000000.0,1132000000.0,5.22,5.22,5.22,5325000000.0,5028500000.0,5325000000.0,14337001266.0,10.0,7.754,-368000000.0,-2.575,1.0,1624000000.0,0.342,0.0,313000000.0,20809000000.0,20578750000.0,318000000.0,477000000.0,0.0,477000000.0,11081000000.0,1732000000.0,9349000000.0,7859001266.0,-79000000.0,645000000.0,90000000.0,156000000.0,-303000000.0,-57000000.0,-809000000.0,-299000000.0,787000000.0,0.0,745000000.0,745000000.0,745000000.0,0.0,0.0,0.157,615000000.0,1009000000.0,331000000.0,0.406,1.476,10.549,10.534,12695000000.0,0.0,54.99,1.654,1.654,778000000.0,3006000000.0,4751000000.0,4751000000.0,0.0,0.046,0.148,0.07,0.304,0.0,0.0,1.0,142916917.0,142900000,142900000.0,33.247,16406000000.0,0.0,387000000.0,2000000000.0,114.808,-297000000.0
15,SCG,MRT,2014-12-31,2014-12-31,2014-12-31,2018-11-05,-75000000.0,16818000000.0,15914250000.0,2145000000.0,14673000000.0,0.311,35.144,-1092000000.0,137000000.0,137000000.0,3331000000.0,538000000.0,0.869,2.372,6581000000.0,1084000000.0,5497000000.0,6581000000.0,0.0,403000000.0,98000000.0,0.035,2.1,1098000000.0,1501000000.0,0.303,1501000000.0,1098000000.0,786000000.0,3.79,3.79,3.79,4987000000.0,4899500000.0,4987000000.0,14748032926.0,13.0,9.825,-362000000.0,-2.551,1.0,1620000000.0,0.327,0.0,312000000.0,20794000000.0,20307750000.0,361000000.0,472000000.0,0.0,472000000.0,11831000000.0,2468000000.0,9363000000.0,8610032926.0,1000000.0,0.0,98000000.0,782000000.0,-294000000.0,586000000.0,-1315000000.0,-223000000.0,730000000.0,0.0,538000000.0,538000000.0,538000000.0,0.0,0.0,0.109,613000000.0,1007000000.0,520000000.0,0.554,1.726,16.004,15.937,12516000000.0,0.0,60.4,1.739,1.731,684000000.0,2684000000.0,4951000000.0,4951000000.0,0.0,0.034,0.11,0.054,0.222,0.0,0.0,1.0,142550214.0,141900000,141900000.0,34.891,16818000000.0,0.0,248000000.0,2113000000.0,118.52,-323000000.0
16,SCG,MRT,2014-09-30,2014-09-30,2014-09-30,2018-11-05,-61000000.0,15871000000.0,15500750000.0,1359000000.0,14512000000.0,0.313,34.821,-1016000000.0,82000000.0,82000000.0,3297000000.0,536000000.0,0.885,2.208,6220000000.0,539000000.0,5681000000.0,6220000000.0,0.0,397000000.0,96000000.0,0.042,2.083,1092000000.0,1489000000.0,0.307,1489000000.0,1092000000.0,787000000.0,3.79,3.79,3.79,4948000000.0,4818750000.0,4948000000.0,13104243774.0,12.0,8.801,-187000000.0,-1.316,1.0,1557000000.0,0.321,0.0,305000000.0,20473000000.0,19962000000.0,356000000.0,511000000.0,0.0,511000000.0,10923000000.0,1536000000.0,9387000000.0,7047243774.0,52000000.0,0.0,98000000.0,384000000.0,-294000000.0,188000000.0,-965000000.0,51000000.0,829000000.0,0.0,536000000.0,536000000.0,536000000.0,0.0,0.0,0.11,612000000.0,945000000.0,387000000.0,0.55,1.424,13.148,13.09,12517000000.0,0.0,49.61,1.452,1.452,690000000.0,2654000000.0,4854000000.0,4854000000.0,0.0,0.035,0.111,0.055,0.225,0.0,0.0,1.0,142052888.0,142100000,142100000.0,34.159,15871000000.0,0.0,251000000.0,1947000000.0,111.689,-177000000.0
17,SCG,MRT,2014-06-30,2014-06-30,2014-06-30,2018-11-05,-62000000.0,15626000000.0,15282250000.0,1328000000.0,14298000000.0,0.313,34.255,-1097000000.0,72000000.0,72000000.0,3246000000.0,523000000.0,0.92,2.219,6129000000.0,448000000.0,5681000000.0,6129000000.0,0.0,397000000.0,106000000.0,0.038,2.065,1070000000.0,1467000000.0,0.307,1467000000.0,1070000000.0,770000000.0,3.72,3.72,3.72,4854000000.0,4731250000.0,4854000000.0,13510038561.0,13.0,9.209,-239000000.0,-1.687,1.0,1538000000.0,0.321,0.0,300000000.0,20239000000.0,19741750000.0,319000000.0,511000000.0,0.0,511000000.0,10772000000.0,1444000000.0,9328000000.0,7619038561.0,-20000000.0,0.0,99000000.0,336000000.0,-289000000.0,146000000.0,-1024000000.0,73000000.0,858000000.0,0.0,523000000.0,523000000.0,523000000.0,0.0,0.0,0.109,607000000.0,931000000.0,413000000.0,0.555,1.57,14.568,14.465,12321000000.0,0.0,53.81,1.593,1.594,713000000.0,2585000000.0,4784000000.0,4784000000.0,0.0,0.034,0.111,0.054,0.224,0.0,0.0,1.0,141591499.0,141700000,141700000.0,33.761,15626000000.0,0.0,247000000.0,1862000000.0,110.275,-116000000.0
18,SCG,MRT,2014-03-31,2014-03-31,2014-03-31,2018-11-05,-61000000.0,15342000000.0,15110250000.0,1344000000.0,13998000000.0,0.316,34.082,-1104000000.0,110000000.0,110000000.0,3205000000.0,512000000.0,0.891,2.19,6001000000.0,613000000.0,5388000000.0,6001000000.0,0.0,395000000.0,116000000.0,0.04,2.047,1049000000.0,1444000000.0,0.302,1444000000.0,1049000000.0,751000000.0,3.64,3.64,3.64,4809000000.0,4644250000.0,4809000000.0,12932553240.0,12.0,8.956,-109000000.0,-0.773,1.0,1569000000.0,0.329,0.0,298000000.0,19725000000.0,19542500000.0,280000000.0,508000000.0,0.0,508000000.0,10533000000.0,1508000000.0,9025000000.0,7243553240.0,67000000.0,0.0,96000000.0,223000000.0,-281000000.0,38000000.0,-966000000.0,138000000.0,995000000.0,0.0,512000000.0,512000000.0,512000000.0,0.0,0.0,0.107,603000000.0,966000000.0,390000000.0,0.562,1.506,14.148,14.099,12116000000.0,0.0,51.32,1.517,1.517,846000000.0,2563000000.0,4774000000.0,4774000000.0,0.0,0.034,0.11,0.054,0.22,0.0,0.0,1.0,141144841.0,141100000,141100000.0,33.834,15342000000.0,0.0,239000000.0,1804000000.0,108.731,-164000000.0
19,SCG,MRT,2013-12-31,2013-12-31,2013-12-31,2018-11-05,-60000000.0,15164000000.0,14964000000.0,1421000000.0,13743000000.0,0.3,33.627,-1106000000.0,136000000.0,136000000.0,2987000000.0,471000000.0,0.985,2.251,5825000000.0,430000000.0,5395000000.0,5825000000.0,0.0,393000000.0,88000000.0,0.043,2.03,991000000.0,1384000000.0,0.308,1384000000.0,991000000.0,694000000.0,3.4,3.39,3.4,4664000000.0,4557750000.0,4664000000.0,12393959595.0,13.0,8.955,-56000000.0,-0.404,1.0,1508000000.0,0.335,0.0,297000000.0,19411000000.0,19351250000.0,363000000.0,504000000.0,0.0,504000000.0,10500000000.0,1442000000.0,9058000000.0,6595959595.0,64000000.0,0.0,295000000.0,-54000000.0,-281000000.0,-40000000.0,-946000000.0,160000000.0,1050000000.0,0.0,471000000.0,471000000.0,471000000.0,0.0,0.0,0.105,598000000.0,910000000.0,425000000.0,0.597,1.414,14.004,13.803,11960000000.0,0.0,46.93,1.467,1.448,802000000.0,2444000000.0,4495000000.0,4495000000.0,0.0,0.031,0.103,0.051,0.22,0.0,0.0,1.0,140548894.0,138700000,139100000.0,32.408,15164000000.0,0.0,223000000.0,1941000000.0,109.329,-21000000.0
20,SCG,MRT,2013-09-30,2013-09-30,2013-09-30,2018-11-05,0.0,14997000000.0,14827000000.0,1351000000.0,13646000000.0,0.304,32.819,-1077000000.0,30000000.0,30000000.0,2965000000.0,472000000.0,1.123,2.262,5828000000.0,397000000.0,5431000000.0,5828000000.0,0.0,385000000.0,83000000.0,0.044,2.018,986000000.0,1371000000.0,0.305,1371000000.0,986000000.0,687000000.0,3.46,3.43,3.46,4598000000.0,4430250000.0,4598000000.0,12111920542.0,12.0,8.834,-227000000.0,-1.62,1.0,1535000000.0,0.341,0.0,299000000.0,19592000000.0,19117750000.0,408000000.0,504000000.0,0.0,504000000.0,10399000000.0,1203000000.0,9196000000.0,6444920542.0,-11000000.0,0.0,296000000.0,140000000.0,-272000000.0,164000000.0,-1025000000.0,52000000.0,850000000.0,0.0,472000000.0,472000000.0,472000000.0,0.0,0.0,0.105,586000000.0,949000000.0,340000000.0,0.583,1.402,13.654,13.306,11897000000.0,0.0,46.04,1.432,1.433,710000000.0,,4500000000.0,4500000000.0,0.0,0.032,0.107,0.052,0.219,0.0,0.0,1.0,139985242.0,140100000,140100000.0,32.12,14997000000.0,9000000.0,215000000.0,1893000000.0,107.045,148000000.0
21,SCG,MRT,2013-06-30,2013-06-30,2013-06-30,2018-11-05,0.0,14938000000.0,14568750000.0,1419000000.0,13519000000.0,0.308,32.278,-1012000000.0,92000000.0,92000000.0,2979000000.0,463000000.0,1.22,2.315,5759000000.0,327000000.0,5432000000.0,5759000000.0,0.0,379000000.0,79000000.0,0.041,2.005,970000000.0,1349000000.0,0.301,1349000000.0,970000000.0,670000000.0,3.45,3.4,3.45,4506000000.0,4304500000.0,4506000000.0,12548376301.0,13.0,9.302,-119000000.0,-0.852,1.0,1508000000.0,0.336,0.0,300000000.0,19442000000.0,18734250000.0,412000000.0,497000000.0,0.0,497000000.0,10432000000.0,1163000000.0,9269000000.0,6849376301.0,64000000.0,0.0,294000000.0,88000000.0,-266000000.0,116000000.0,-945000000.0,67000000.0,893000000.0,0.0,463000000.0,463000000.0,463000000.0,0.0,0.0,0.103,576000000.0,932000000.0,401000000.0,0.581,1.52,14.793,14.232,11661000000.0,0.0,49.1,1.526,1.528,685000000.0,,4487000000.0,4487000000.0,0.0,0.032,0.108,0.052,0.216,0.0,0.0,1.0,139498499.0,139600000,139600000.0,32.142,14938000000.0,12000000.0,207000000.0,1833000000.0,107.006,256000000.0
22,SCG,MRT,2013-03-31,2013-03-31,2013-03-31,2018-11-05,0.0,14757000000.0,14271500000.0,1404000000.0,13353000000.0,0.307,33.207,-1047000000.0,43000000.0,43000000.0,2896000000.0,450000000.0,0.939,2.307,5742000000.0,703000000.0,5039000000.0,5742000000.0,0.0,373000000.0,82000000.0,0.039,1.993,951000000.0,1324000000.0,0.302,1324000000.0,951000000.0,652000000.0,3.4,3.34,3.4,4463000000.0,4180500000.0,4463000000.0,12446397342.0,13.0,9.401,-200000000.0,-1.488,1.0,1483000000.0,0.339,0.0,299000000.0,18960000000.0,18286750000.0,391000000.0,492000000.0,0.0,492000000.0,10294000000.0,1496000000.0,8798000000.0,6774397342.0,16000000.0,0.0,292000000.0,151000000.0,-260000000.0,183000000.0,-1014000000.0,33000000.0,847000000.0,0.0,450000000.0,450000000.0,450000000.0,0.0,0.0,0.103,569000000.0,914000000.0,360000000.0,0.586,1.518,15.054,15.047,11466000000.0,0.0,51.16,1.547,1.57,775000000.0,,4379000000.0,4379000000.0,0.0,0.032,0.108,0.052,0.217,0.0,0.0,1.0,132415898.0,134400000,136100000.0,32.582,14757000000.0,10000000.0,202000000.0,1771000000.0,109.799,-92000000.0
23,SCG,MRT,2012-12-31,2012-12-31,2012-12-31,2018-11-05,0.0,14616000000.0,13977250000.0,1527000000.0,13089000000.0,0.299,31.686,-1077000000.0,72000000.0,72000000.0,2754000000.0,420000000.0,0.843,2.519,5744000000.0,795000000.0,4949000000.0,5744000000.0,0.0,368000000.0,86000000.0,0.043,1.98,897000000.0,1265000000.0,0.303,1265000000.0,897000000.0,602000000.0,3.2,3.15,3.2,4154000000.0,4059000000.0,4154000000.0,11520016500.0,13.0,9.107,-238000000.0,-1.815,1.0,1422000000.0,0.341,0.0,295000000.0,18477000000.0,17968000000.0,441000000.0,487000000.0,0.0,487000000.0,10462000000.0,1811000000.0,8651000000.0,6015016500.0,43000000.0,0.0,97000000.0,420000000.0,-257000000.0,260000000.0,-1056000000.0,21000000.0,839000000.0,0.0,420000000.0,420000000.0,420000000.0,0.0,0.0,0.101,563000000.0,859000000.0,428000000.0,0.619,1.448,14.321,14.262,11202000000.0,0.0,45.64,1.44,1.433,780000000.0,,4176000000.0,4176000000.0,0.0,0.03,0.103,0.05,0.215,0.0,0.0,1.0,131792649.0,131100000,133300000.0,31.854,14616000000.0,11000000.0,182000000.0,1853000000.0,111.487,-284000000.0
24,SCG,MRT,2012-09-30,2012-09-30,2012-09-30,2018-11-05,0.0,13964000000.0,13706750000.0,1361000000.0,12603000000.0,0.298,31.164,-1037000000.0,41000000.0,41000000.0,2676000000.0,413000000.0,0.965,2.41,5546000000.0,570000000.0,4976000000.0,5546000000.0,0.0,368000000.0,103000000.0,0.041,1.97,885000000.0,1253000000.0,0.307,1253000000.0,885000000.0,593000000.0,3.17,3.1,3.17,4095000000.0,3992750000.0,4095000000.0,11862816632.0,13.0,9.468,-135000000.0,-1.027,1.0,1412000000.0,0.345,0.0,292000000.0,18058000000.0,17641000000.0,440000000.0,488000000.0,0.0,488000000.0,9869000000.0,1411000000.0,8458000000.0,6337816632.0,-33000000.0,0.0,97000000.0,291000000.0,-255000000.0,133000000.0,-1068000000.0,-31000000.0,902000000.0,0.0,413000000.0,413000000.0,413000000.0,0.0,0.0,0.101,557000000.0,855000000.0,297000000.0,0.621,1.548,15.346,15.227,10904000000.0,0.0,48.27,1.55,1.552,694000000.0,,4088000000.0,4088000000.0,0.0,0.03,0.103,0.05,0.216,0.0,0.0,1.0,131299288.0,131400000,133800000.0,31.111,13964000000.0,9000000.0,180000000.0,1768000000.0,106.271,-50000000.0
25,SCG,MRT,2012-06-30,2012-06-30,2012-06-30,2018-11-05,0.0,13749000000.0,13508250000.0,1367000000.0,12382000000.0,0.307,30.634,-998000000.0,28000000.0,28000000.0,2755000000.0,396000000.0,0.843,2.429,5553000000.0,846000000.0,4707000000.0,5553000000.0,0.0,364000000.0,103000000.0,0.041,1.96,859000000.0,1223000000.0,0.295,1223000000.0,859000000.0,569000000.0,3.05,3.0,3.05,4010000000.0,3928500000.0,4010000000.0,11707099279.0,14.0,9.572,-173000000.0,-1.322,1.0,1387000000.0,0.335,0.0,290000000.0,17652000000.0,17289500000.0,443000000.0,482000000.0,0.0,482000000.0,9739000000.0,1622000000.0,8117000000.0,6257099279.0,-138000000.0,0.0,97000000.0,333000000.0,-254000000.0,176000000.0,-1139000000.0,-141000000.0,825000000.0,0.0,396000000.0,396000000.0,396000000.0,0.0,0.0,0.096,555000000.0,832000000.0,251000000.0,0.643,1.56,15.801,15.685,10719000000.0,0.0,47.84,1.511,1.512,665000000.0,,4142000000.0,4142000000.0,0.0,0.029,0.101,0.05,0.207,0.0,0.0,1.0,130792209.0,130900000,133100000.0,31.642,13749000000.0,17000000.0,173000000.0,1740000000.0,105.034,-255000000.0
26,SCG,MRT,2012-03-31,2012-03-31,2012-03-31,2018-11-05,0.0,13580000000.0,13357000000.0,1359000000.0,12221000000.0,0.317,30.522,-910000000.0,27000000.0,27000000.0,2881000000.0,380000000.0,1.01,2.415,5477000000.0,615000000.0,4862000000.0,5477000000.0,0.0,358000000.0,95000000.0,0.043,1.95,830000000.0,1188000000.0,0.281,1188000000.0,830000000.0,543000000.0,2.94,2.89,2.94,3977000000.0,3877250000.0,3977000000.0,11219795543.0,14.0,9.444,-155000000.0,-1.19,1.0,1353000000.0,0.32,0.0,287000000.0,17685000000.0,17010500000.0,442000000.0,485000000.0,0.0,485000000.0,9603000000.0,1345000000.0,8258000000.0,5942795543.0,-95000000.0,0.0,98000000.0,396000000.0,-250000000.0,244000000.0,-1094000000.0,-184000000.0,755000000.0,0.0,380000000.0,380000000.0,380000000.0,0.0,0.0,0.09,550000000.0,803000000.0,342000000.0,0.663,1.494,15.639,15.514,10559000000.0,0.0,45.61,1.404,1.404,715000000.0,,4234000000.0,4234000000.0,0.0,0.028,0.098,0.049,0.196,0.0,0.0,1.0,130295890.0,130300000,132200000.0,32.494,13580000000.0,22000000.0,163000000.0,1675000000.0,104.221,14000000.0
27,SCG,MRT,2011-12-31,2011-12-31,2011-12-31,2018-11-05,0.0,13534000000.0,13180250000.0,1491000000.0,12043000000.0,0.335,30.194,-884000000.0,29000000.0,29000000.0,3049000000.0,387000000.0,0.908,2.48,5306000000.0,684000000.0,4622000000.0,5306000000.0,0.0,354000000.0,103000000.0,0.043,1.94,839000000.0,1193000000.0,0.271,1193000000.0,839000000.0,555000000.0,3.01,2.97,3.01,3889000000.0,3833000000.0,3889000000.0,11010099834.0,13.0,9.229,-73000000.0,-0.567,1.0,1360000000.0,0.308,0.0,284000000.0,17169000000.0,16592750000.0,444000000.0,476000000.0,0.0,476000000.0,9645000000.0,1642000000.0,8003000000.0,5842099834.0,-26000000.0,0.0,97000000.0,391000000.0,-248000000.0,240000000.0,-1077000000.0,-193000000.0,811000000.0,0.0,387000000.0,387000000.0,387000000.0,0.0,0.0,0.088,547000000.0,813000000.0,374000000.0,0.645,1.502,15.096,14.97,10352000000.0,0.0,45.06,1.325,1.316,756000000.0,,4409000000.0,4409000000.0,0.0,0.029,0.101,0.051,0.19,0.0,0.0,1.0,129651572.0,128800000,130200000.0,34.231,13534000000.0,26000000.0,168000000.0,1727000000.0,105.078,-151000000.0
28,SCG,MRT,2011-09-30,2011-09-30,2011-09-30,2018-11-05,0.0,13170000000.0,13038750000.0,1421000000.0,11749000000.0,0.347,29.729,-968000000.0,74000000.0,74000000.0,3170000000.0,384000000.0,0.843,2.431,5242000000.0,866000000.0,4376000000.0,5242000000.0,0.0,350000000.0,95000000.0,0.048,1.93,836000000.0,1186000000.0,0.262,1186000000.0,836000000.0,555000000.0,2.99,2.98,2.99,3838000000.0,3786250000.0,3838000000.0,10263850910.0,12.0,8.654,-127000000.0,-0.984,1.0,1349000000.0,0.299,0.0,281000000.0,16652000000.0,16289250000.0,409000000.0,472000000.0,0.0,472000000.0,9332000000.0,1686000000.0,7646000000.0,5218850910.0,47000000.0,0.0,98000000.0,396000000.0,-245000000.0,249000000.0,-1043000000.0,-75000000.0,841000000.0,0.0,384000000.0,384000000.0,384000000.0,0.0,0.0,0.085,539000000.0,810000000.0,296000000.0,0.645,1.36,13.591,13.528,10226000000.0,0.0,40.45,1.155,1.156,631000000.0,,4519000000.0,4519000000.0,0.0,0.029,0.101,0.051,0.185,0.0,0.0,1.0,129019800.0,129100000,130300000.0,35.004,13170000000.0,21000000.0,171000000.0,1631000000.0,102.014,-265000000.0
29,SCG,MRT,2011-06-30,2011-06-30,2011-06-30,2018-11-05,0.0,13144000000.0,12896750000.0,1435000000.0,11709000000.0,0.35,29.611,-906000000.0,166000000.0,166000000.0,3188000000.0,380000000.0,0.868,2.454,5211000000.0,832000000.0,4379000000.0,5211000000.0,0.0,340000000.0,96000000.0,0.049,1.92,820000000.0,1160000000.0,0.257,1160000000.0,820000000.0,545000000.0,2.98,2.96,2.98,3805000000.0,3722750000.0,3805000000.0,10022223628.0,12.0,8.64,-30000000.0,-0.233,1.0,1327000000.0,0.294,0.0,275000000.0,16536000000.0,15985750000.0,416000000.0,469000000.0,0.0,469000000.0,9339000000.0,1653000000.0,7686000000.0,5056223628.0,84000000.0,0.0,93000000.0,311000000.0,-242000000.0,162000000.0,-954000000.0,-48000000.0,876000000.0,0.0,380000000.0,380000000.0,380000000.0,0.0,0.0,0.084,536000000.0,791000000.0,379000000.0,0.644,1.329,13.306,13.211,10251000000.0,0.0,39.37,1.12,1.12,627000000.0,,4515000000.0,4515000000.0,0.0,0.029,0.102,0.051,0.182,0.0,0.0,1.0,128428337.0,128500000,129700000.0,35.136,13144000000.0,19000000.0,165000000.0,1555000000.0,102.288,-218000000.0
30,SCG,MRT,2011-03-31,2011-03-31,2011-03-31,2018-11-05,0.0,12873000000.0,12673750000.0,1395000000.0,11478000000.0,0.351,29.711,-941000000.0,122000000.0,122000000.0,3136000000.0,378000000.0,0.764,2.388,5088000000.0,1099000000.0,3989000000.0,5088000000.0,0.0,341000000.0,100000000.0,0.049,1.91,820000000.0,1161000000.0,0.261,1161000000.0,820000000.0,549000000.0,2.97,2.96,2.97,3800000000.0,3657500000.0,3800000000.0,9888463356.0,12.0,8.517,-62000000.0,-0.485,1.0,1318000000.0,0.296,0.0,271000000.0,16014000000.0,15713500000.0,419000000.0,458000000.0,0.0,458000000.0,9073000000.0,1825000000.0,7248000000.0,5034463356.0,-35000000.0,0.0,148000000.0,128000000.0,-240000000.0,36000000.0,-950000000.0,-9000000.0,879000000.0,0.0,378000000.0,378000000.0,378000000.0,0.0,0.0,0.085,532000000.0,786000000.0,294000000.0,0.643,1.325,13.319,13.256,10093000000.0,0.0,39.37,1.13,1.131,645000000.0,,4454000000.0,4454000000.0,0.0,0.03,0.103,0.052,0.184,0.0,0.0,1.0,127875625.0,127900000,129000000.0,34.824,12873000000.0,21000000.0,171000000.0,1503000000.0,100.649,-430000000.0
31,SCG,MRT,2010-12-31,2010-12-31,2010-12-31,2018-11-05,0.0,12968000000.0,12491000000.0,1631000000.0,11337000000.0,0.368,29.451,-876000000.0,55000000.0,55000000.0,3308000000.0,376000000.0,0.874,2.503,4909000000.0,757000000.0,4152000000.0,4909000000.0,0.0,341000000.0,100000000.0,0.047,1.9,801000000.0,1142000000.0,0.248,1142000000.0,801000000.0,535000000.0,2.99,2.98,2.99,3702000000.0,3581000000.0,3702000000.0,9969239955.0,12.0,8.73,-65000000.0,-0.517,1.0,1293000000.0,0.281,0.0,266000000.0,15955000000.0,15608750000.0,447000000.0,453000000.0,0.0,453000000.0,9266000000.0,1867000000.0,7399000000.0,5165239955.0,-107000000.0,0.0,149000000.0,44000000.0,-237000000.0,-44000000.0,-874000000.0,2000000.0,811000000.0,0.0,376000000.0,376000000.0,376000000.0,0.0,0.0,0.082,525000000.0,768000000.0,526000000.0,0.635,1.395,13.737,13.579,9961000000.0,0.0,40.6,1.123,1.109,837000000.0,,4601000000.0,4601000000.0,0.0,0.03,0.105,0.051,0.174,0.0,0.0,1.0,127222659.0,125700000,126300000.0,36.603,12968000000.0,21000000.0,159000000.0,1593000000.0,103.166,-236000000.0
32,SCG,MRT,2010-09-30,2010-09-30,2010-09-30,2018-11-05,0.0,12602000000.0,12272500000.0,1476000000.0,11126000000.0,0.371,28.31,-819000000.0,27000000.0,27000000.0,3302000000.0,362000000.0,0.75,2.516,4831000000.0,966000000.0,3865000000.0,4831000000.0,0.0,327000000.0,91000000.0,0.047,1.895,778000000.0,1105000000.0,0.243,1105000000.0,778000000.0,519000000.0,2.87,2.86,2.87,3584000000.0,3507500000.0,3584000000.0,9904345939.0,13.0,8.963,-97000000.0,-0.766,1.0,1247000000.0,0.274,0.0,259000000.0,15438000000.0,15500500000.0,437000000.0,447000000.0,0.0,447000000.0,9018000000.0,1968000000.0,7050000000.0,5105345939.0,-76000000.0,0.0,35000000.0,308000000.0,-238000000.0,105000000.0,-903000000.0,-84000000.0,722000000.0,0.0,362000000.0,358000000.0,358000000.0,0.0,0.0,0.079,508000000.0,739000000.0,397000000.0,0.66,1.424,14.261,14.049,9756000000.0,4000000.0,40.32,1.122,1.122,641000000.0,,4549000000.0,4549000000.0,0.0,0.029,0.102,0.05,0.171,0.0,0.0,1.0,126620683.0,126600000,127500000.0,35.932,12602000000.0,17000000.0,157000000.0,1440000000.0,99.542,-492000000.0
33,SCG,MRT,2010-06-30,2010-06-30,2010-06-30,2018-11-05,0.0,12252000000.0,12034000000.0,1318000000.0,10934000000.0,0.364,28.307,-904000000.0,82000000.0,82000000.0,3163000000.0,365000000.0,0.822,2.457,4881000000.0,860000000.0,4021000000.0,4881000000.0,0.0,324000000.0,91000000.0,0.053,1.89,775000000.0,1099000000.0,0.251,1099000000.0,775000000.0,524000000.0,2.91,2.91,2.91,3544000000.0,3447750000.0,3544000000.0,9214721334.0,12.0,8.385,-265000000.0,-2.117,1.0,1219000000.0,0.278,0.0,251000000.0,15447000000.0,15388250000.0,449000000.0,441000000.0,0.0,441000000.0,8708000000.0,1604000000.0,7104000000.0,4448721334.0,-308000000.0,0.0,37000000.0,161000000.0,-237000000.0,-39000000.0,-908000000.0,-4000000.0,639000000.0,0.0,365000000.0,360000000.0,360000000.0,0.0,0.0,0.082,501000000.0,718000000.0,311000000.0,0.649,1.255,12.358,12.289,9571000000.0,5000000.0,35.76,1.015,1.022,594000000.0,,4382000000.0,4382000000.0,0.0,0.03,0.104,0.05,0.177,0.0,0.0,1.0,124404959.0,125200000,125400000.0,35.0,12252000000.0,0.0,159000000.0,1291000000.0,97.859,-286000000.0
34,SCG,MRT,2010-03-31,2010-03-31,2010-03-31,2018-11-05,0.0,12142000000.0,11901000000.0,1421000000.0,10721000000.0,0.363,28.223,-904000000.0,157000000.0,157000000.0,3119000000.0,368000000.0,1.082,2.475,4923000000.0,548000000.0,4375000000.0,4923000000.0,0.0,331000000.0,109000000.0,0.05,1.885,759000000.0,1090000000.0,0.252,1090000000.0,759000000.0,519000000.0,2.93,2.93,2.93,3494000000.0,3379250000.0,3494000000.0,9340603340.0,12.0,8.569,-300000000.0,-2.423,1.0,1202000000.0,0.278,0.0,240000000.0,15595000000.0,15314250000.0,434000000.0,439000000.0,0.0,439000000.0,8648000000.0,1313000000.0,7335000000.0,4656603340.0,-291000000.0,0.0,-22000000.0,236000000.0,-236000000.0,-22000000.0,-873000000.0,31000000.0,604000000.0,0.0,368000000.0,361000000.0,361000000.0,0.0,0.0,0.084,496000000.0,706000000.0,337000000.0,0.643,1.333,12.899,12.829,9411000000.0,7000000.0,37.59,1.078,1.077,697000000.0,,4321000000.0,4321000000.0,0.0,0.03,0.107,0.05,0.176,0.0,0.0,1.0,123878780.0,123800000,123900000.0,34.903,12142000000.0,4000000.0,151000000.0,1288000000.0,98.078,108000000.0
35,SCG,MRT,2009-12-31,2009-12-31,2009-12-31,2018-11-05,0.0,12094000000.0,11766000000.0,1521000000.0,10573000000.0,0.36,27.912,-914000000.0,162000000.0,162000000.0,3045000000.0,357000000.0,1.211,2.549,4846000000.0,363000000.0,4483000000.0,4846000000.0,0.0,329000000.0,103000000.0,0.05,1.88,757000000.0,1086000000.0,0.256,1086000000.0,757000000.0,524000000.0,2.85,2.85,2.85,3408000000.0,3312750000.0,3408000000.0,9043636896.0,12.0,8.327,-235000000.0,-1.925,1.0,1192000000.0,0.281,0.0,233000000.0,15522000000.0,15154750000.0,501000000.0,431000000.0,0.0,431000000.0,8686000000.0,1256000000.0,7430000000.0,4639636896.0,-110000000.0,0.0,78000000.0,256000000.0,-234000000.0,100000000.0,-889000000.0,25000000.0,679000000.0,0.0,357000000.0,348000000.0,348000000.0,0.0,0.0,0.082,493000000.0,699000000.0,428000000.0,0.66,1.361,13.332,13.221,9300000000.0,9000000.0,37.68,1.095,1.086,694000000.0,,4237000000.0,4237000000.0,0.0,0.03,0.105,0.05,0.179,0.0,0.0,1.0,123132614.0,122100000,122200000.0,34.701,12094000000.0,0.0,167000000.0,1367000000.0,99.05,265000000.0
36,SCG,MRT,2009-09-30,2009-09-30,2009-09-30,2018-11-05,0.0,11648000000.0,11618000000.0,1259000000.0,10389000000.0,0.382,27.306,-928000000.0,103000000.0,103000000.0,3242000000.0,364000000.0,1.184,2.482,4507000000.0,341000000.0,4166000000.0,4507000000.0,0.0,338000000.0,91000000.0,0.054,1.87,770000000.0,1108000000.0,0.249,1108000000.0,770000000.0,534000000.0,2.96,2.96,2.96,3345000000.0,3222000000.0,3345000000.0,8597862216.0,11.0,7.76,-274000000.0,-2.237,1.0,1201000000.0,0.27,0.0,236000000.0,14989000000.0,14939250000.0,492000000.0,414000000.0,0.0,414000000.0,8303000000.0,1063000000.0,7240000000.0,4275862216.0,-19000000.0,0.0,186000000.0,272000000.0,-227000000.0,231000000.0,-904000000.0,24000000.0,654000000.0,0.0,364000000.0,358000000.0,358000000.0,0.0,0.0,0.081,501000000.0,700000000.0,292000000.0,0.632,1.278,11.944,11.791,9101000000.0,6000000.0,34.9,0.962,0.962,498000000.0,,4443000000.0,4443000000.0,0.0,0.031,0.111,0.052,0.173,0.0,0.0,1.0,122517542.0,122500000,122600000.0,36.269,11648000000.0,0.0,170000000.0,1294000000.0,95.086,196000000.0
37,SCG,MRT,2009-06-30,2009-06-30,2009-06-30,2018-11-05,0.0,11720000000.0,11362000000.0,1546000000.0,10174000000.0,0.421,26.847,-900000000.0,390000000.0,390000000.0,3577000000.0,356000000.0,1.735,2.584,4712000000.0,166000000.0,4546000000.0,4712000000.0,0.0,347000000.0,88000000.0,0.057,1.86,769000000.0,1116000000.0,0.233,1116000000.0,769000000.0,536000000.0,2.92,2.92,2.92,3270000000.0,3177250000.0,3270000000.0,8187582907.0,11.0,7.337,-373000000.0,-3.062,1.0,1211000000.0,0.253,0.0,233000000.0,15151000000.0,14594750000.0,431000000.0,376000000.0,0.0,376000000.0,8450000000.0,891000000.0,7559000000.0,3955582907.0,240000000.0,0.0,189000000.0,619000000.0,-224000000.0,584000000.0,-871000000.0,29000000.0,527000000.0,0.0,356000000.0,349000000.0,349000000.0,0.0,0.0,0.073,497000000.0,714000000.0,338000000.0,0.637,1.21,11.334,11.12,8890000000.0,7000000.0,32.47,0.826,0.826,549000000.0,,4788000000.0,4788000000.0,0.0,0.031,0.11,0.053,0.161,0.0,0.0,1.0,121822695.0,121800000,121800000.0,39.31,11720000000.0,9000000.0,180000000.0,1223000000.0,96.223,655000000.0
38,SCG,MRT,2009-03-31,2009-03-31,2009-03-31,2018-11-05,0.0,11602000000.0,11061500000.0,1649000000.0,9953000000.0,0.464,26.7,-966000000.0,448000000.0,448000000.0,3917000000.0,358000000.0,1.88,2.594,4680000000.0,156000000.0,4524000000.0,4680000000.0,0.0,333000000.0,91000000.0,0.06,1.85,778000000.0,1111000000.0,0.217,1111000000.0,778000000.0,546000000.0,2.95,2.95,2.95,3228000000.0,3145000000.0,3228000000.0,8056315625.0,10.0,7.251,-418000000.0,-3.457,1.0,1211000000.0,0.236,0.0,232000000.0,14957000000.0,14070000000.0,402000000.0,338000000.0,0.0,338000000.0,8374000000.0,877000000.0,7497000000.0,3743315625.0,270000000.0,0.0,168000000.0,726000000.0,-222000000.0,672000000.0,-950000000.0,17000000.0,548000000.0,0.0,358000000.0,351000000.0,351000000.0,0.0,0.0,0.068,491000000.0,720000000.0,293000000.0,0.627,1.16,10.665,10.471,8658000000.0,7000000.0,30.89,0.73,0.728,642000000.0,,5128000000.0,5128000000.0,0.0,0.032,0.112,0.055,0.152,0.0,0.0,1.0,121182118.0,120900000,120900000.0,42.415,11602000000.0,19000000.0,188000000.0,1186000000.0,95.964,772000000.0
39,SCG,MRT,2008-12-31,2008-12-31,2008-12-31,2018-11-05,0.0,11502000000.0,10723250000.0,1836000000.0,9666000000.0,0.496,26.026,-904000000.0,272000000.0,272000000.0,4122000000.0,353000000.0,1.59,2.777,4585000000.0,224000000.0,4361000000.0,4585000000.0,0.0,327000000.0,97000000.0,0.052,1.84,769000000.0,1096000000.0,0.206,1096000000.0,769000000.0,542000000.0,2.95,2.95,2.95,3045000000.0,3120000000.0,3045000000.0,8222644965.0,11.0,7.502,-450000000.0,-3.846,1.0,1197000000.0,0.225,0.0,227000000.0,14660000000.0,13494250000.0,481000000.0,316000000.0,0.0,316000000.0,8457000000.0,1155000000.0,7302000000.0,4183644965.0,138000000.0,0.0,42000000.0,748000000.0,-219000000.0,571000000.0,-887000000.0,17000000.0,454000000.0,0.0,353000000.0,346000000.0,346000000.0,0.0,0.0,0.065,487000000.0,710000000.0,405000000.0,0.624,1.374,12.091,12.068,8499000000.0,7000000.0,35.6,0.787,0.783,828000000.0,,5319000000.0,5319000000.0,0.0,0.032,0.111,0.057,0.145,0.0,0.0,1.0,117518117.0,117000000,117100000.0,45.462,11502000000.0,23000000.0,189000000.0,1240000000.0,98.308,681000000.0
40,SCG,MRT,2008-09-30,2008-09-30,2008-09-30,2018-11-05,0.0,10624000000.0,10389000000.0,1174000000.0,9450000000.0,0.499,27.037,-927000000.0,122000000.0,122000000.0,4012000000.0,361000000.0,1.116,2.356,4161000000.0,339000000.0,3822000000.0,4161000000.0,0.0,317000000.0,80000000.0,0.047,1.82,762000000.0,1079000000.0,0.208,1079000000.0,762000000.0,549000000.0,2.97,2.97,2.97,3166000000.0,3125250000.0,3166000000.0,8419081075.0,11.0,7.803,-328000000.0,-2.801,1.0,1177000000.0,0.227,0.0,213000000.0,13611000000.0,12841500000.0,449000000.0,303000000.0,0.0,303000000.0,7458000000.0,1052000000.0,6406000000.0,4554081075.0,-5000000.0,0.0,48000000.0,468000000.0,-218000000.0,298000000.0,-902000000.0,27000000.0,599000000.0,0.0,361000000.0,348000000.0,348000000.0,0.0,0.0,0.067,479000000.0,698000000.0,323000000.0,0.613,1.438,13.086,13.108,8165000000.0,13000000.0,38.93,0.878,0.879,498000000.0,,5189000000.0,5189000000.0,0.0,0.033,0.111,0.059,0.147,0.0,0.0,1.0,116981276.0,117100000,117100000.0,44.313,10624000000.0,17000000.0,188000000.0,1189000000.0,90.726,122000000.0
41,SCG,MRT,2008-06-30,2008-06-30,2008-06-30,2018-11-05,0.0,10518000000.0,10186500000.0,1270000000.0,9248000000.0,0.491,26.915,-843000000.0,150000000.0,150000000.0,3831000000.0,357000000.0,0.954,2.349,4015000000.0,587000000.0,3428000000.0,4015000000.0,0.0,307000000.0,77000000.0,0.049,1.8,749000000.0,1056000000.0,0.211,1056000000.0,749000000.0,541000000.0,2.96,2.96,2.96,3141000000.0,3092750000.0,3141000000.0,8003602521.0,11.0,7.579,-140000000.0,-1.2,1.0,1171000000.0,0.234,0.0,208000000.0,13052000000.0,12429000000.0,352000000.0,294000000.0,0.0,294000000.0,7377000000.0,1331000000.0,6046000000.0,4316602521.0,60000000.0,0.0,-4000000.0,411000000.0,-219000000.0,188000000.0,-831000000.0,13000000.0,703000000.0,0.0,357000000.0,346000000.0,346000000.0,0.0,0.0,0.069,473000000.0,698000000.0,414000000.0,0.608,1.374,12.476,12.5,8009000000.0,11000000.0,37.0,0.863,0.863,591000000.0,,5002000000.0,5002000000.0,0.0,0.034,0.112,0.06,0.15,0.0,0.0,1.0,116664933.0,116700000,116700000.0,42.862,10518000000.0,0.0,184000000.0,1157000000.0,90.129,-61000000.0
42,SCG,MRT,2008-03-31,2008-03-31,2008-03-31,2018-11-05,0.0,10249000000.0,9972500000.0,1265000000.0,8984000000.0,0.48,26.804,-754000000.0,178000000.0,178000000.0,3633000000.0,353000000.0,0.987,2.277,3865000000.0,589000000.0,3276000000.0,3865000000.0,0.0,318000000.0,75000000.0,0.049,1.78,730000000.0,1048000000.0,0.219,1048000000.0,730000000.0,525000000.0,2.95,2.95,2.95,3128000000.0,3057500000.0,3128000000.0,7872603249.0,11.0,7.512,-14000000.0,-0.12,1.0,1158000000.0,0.242,0.0,205000000.0,12654000000.0,12133250000.0,325000000.0,280000000.0,0.0,280000000.0,7121000000.0,1282000000.0,5839000000.0,4267603249.0,126000000.0,0.0,-5000000.0,348000000.0,-212000000.0,131000000.0,-745000000.0,8000000.0,740000000.0,0.0,353000000.0,344000000.0,344000000.0,0.0,0.0,0.072,475000000.0,683000000.0,365000000.0,0.603,1.364,12.406,12.4,7808000000.0,9000000.0,36.58,0.891,0.891,662000000.0,,4791000000.0,4791000000.0,0.0,0.034,0.113,0.06,0.152,0.0,0.0,1.0,116664933.0,116700000,116700000.0,41.054,10249000000.0,4000000.0,172000000.0,1143000000.0,87.823,-17000000.0
43,SCG,MRT,2007-12-31,2007-12-31,2007-12-31,2018-11-05,0.0,10165000000.0,9811250000.0,1301000000.0,8864000000.0,0.471,26.272,-725000000.0,134000000.0,134000000.0,3504000000.0,327000000.0,0.756,2.315,3739000000.0,860000000.0,2879000000.0,3739000000.0,0.0,330000000.0,85000000.0,0.042,1.76,673000000.0,1003000000.0,0.217,1003000000.0,673000000.0,467000000.0,2.74,2.74,2.74,3066000000.0,3025750000.0,3066000000.0,8434426926.0,13.0,8.409,5000000.0,0.043,1.0,1117000000.0,0.242,0.0,206000000.0,12049000000.0,11931250000.0,426000000.0,275000000.0,0.0,275000000.0,7099000000.0,1721000000.0,5378000000.0,4917426926.0,-67000000.0,0.0,-8000000.0,146000000.0,-210000000.0,-72000000.0,-725000000.0,0.0,730000000.0,0.0,327000000.0,320000000.0,320000000.0,0.0,0.0,0.069,484000000.0,633000000.0,428000000.0,0.642,1.604,15.367,15.383,7669000000.0,7000000.0,42.15,1.064,1.064,670000000.0,,4621000000.0,4621000000.0,0.0,0.033,0.106,0.056,0.146,0.0,0.0,1.0,116664933.0,116700000,116700000.0,39.597,10165000000.0,9000000.0,140000000.0,1204000000.0,87.104,-420000000.0
44,SCG,MRT,2007-09-30,2007-09-30,2007-09-30,2018-11-05,0.0,9814000000.0,9724250000.0,1114000000.0,8700000000.0,0.475,26.015,-681000000.0,127000000.0,127000000.0,3516000000.0,299000000.0,0.813,2.233,3644000000.0,688000000.0,2956000000.0,3644000000.0,0.0,350000000.0,80000000.0,0.045,1.74,623000000.0,973000000.0,0.211,973000000.0,623000000.0,418000000.0,2.56,2.56,2.56,3036000000.0,2997250000.0,3036000000.0,8015599504.0,13.0,8.238,0.0,0.0,1.0,1101000000.0,0.238,0.0,205000000.0,11961000000.0,11871000000.0,436000000.0,273000000.0,0.0,273000000.0,6778000000.0,1370000000.0,5408000000.0,4519599504.0,26000000.0,0.0,-14000000.0,255000000.0,-207000000.0,34000000.0,-689000000.0,8000000.0,681000000.0,0.0,299000000.0,299000000.0,299000000.0,0.0,0.0,0.065,493000000.0,608000000.0,279000000.0,0.68,1.489,15.116,15.133,7433000000.0,0.0,38.74,0.979,0.979,501000000.0,,4617000000.0,4617000000.0,0.0,0.031,0.1,0.052,0.135,0.0,0.0,1.0,116664933.0,116700000,116700000.0,39.563,9814000000.0,23000000.0,119000000.0,1188000000.0,84.096,-256000000.0
45,SCG,MRT,2007-06-30,2007-06-30,2007-06-30,2018-11-05,0.0,9662000000.0,9628500000.0,1082000000.0,8580000000.0,0.478,25.707,-625000000.0,90000000.0,90000000.0,3513000000.0,296000000.0,0.839,2.221,3586000000.0,627000000.0,2959000000.0,3586000000.0,0.0,375000000.0,77000000.0,0.045,1.72,600000000.0,975000000.0,0.212,975000000.0,600000000.0,394000000.0,2.53,2.53,2.53,3000000000.0,2969750000.0,3000000000.0,7929100285.0,13.0,8.132,13000000.0,0.111,1.0,1087000000.0,0.236,0.0,206000000.0,11869000000.0,11811250000.0,403000000.0,300000000.0,0.0,300000000.0,6662000000.0,1289000000.0,5373000000.0,4467100285.0,-70000000.0,0.0,35000000.0,93000000.0,-201000000.0,-73000000.0,-635000000.0,7000000.0,638000000.0,0.0,296000000.0,296000000.0,296000000.0,0.0,0.0,0.064,512000000.0,575000000.0,308000000.0,0.68,1.489,15.092,15.134,7333000000.0,0.0,38.29,0.971,0.971,529000000.0,,4600000000.0,4600000000.0,0.0,0.031,0.1,0.051,0.13,0.0,0.0,1.0,116664933.0,116700000,116700000.0,39.417,9662000000.0,26000000.0,98000000.0,1136000000.0,82.793,-207000000.0
46,SCG,MRT,2007-03-31,2007-03-31,2007-03-31,2018-11-05,0.0,9604000000.0,9562500000.0,1131000000.0,8473000000.0,0.474,25.716,-583000000.0,52000000.0,52000000.0,3454000000.0,299000000.0,0.927,2.2,3514000000.0,549000000.0,2965000000.0,3514000000.0,0.0,361000000.0,74000000.0,0.039,1.7,611000000.0,972000000.0,0.214,972000000.0,611000000.0,403000000.0,2.56,2.56,2.56,3001000000.0,2939500000.0,3001000000.0,8432425158.0,14.0,8.675,95000000.0,0.814,1.0,1083000000.0,0.239,0.0,208000000.0,11846000000.0,11762250000.0,379000000.0,286000000.0,0.0,286000000.0,6603000000.0,1220000000.0,5383000000.0,5036425158.0,-57000000.0,0.0,55000000.0,-2000000.0,-203000000.0,-150000000.0,-585000000.0,-2000000.0,678000000.0,0.0,299000000.0,299000000.0,299000000.0,0.0,0.0,0.066,502000000.0,581000000.0,367000000.0,0.664,1.678,16.844,16.863,7236000000.0,0.0,43.17,1.11,1.11,642000000.0,,4537000000.0,4537000000.0,0.0,0.031,0.102,0.052,0.135,0.0,0.0,1.0,116664933.0,116700000,116700000.0,38.877,9604000000.0,24000000.0,104000000.0,1115000000.0,82.296,-89000000.0
47,SCG,MRT,2006-12-31,2006-12-31,2006-12-31,2018-11-05,0.0,9817000000.0,9501500000.0,1376000000.0,8441000000.0,0.48,25.492,-527000000.0,201000000.0,201000000.0,3475000000.0,310000000.0,0.979,2.326,3597000000.0,530000000.0,3067000000.0,3597000000.0,0.0,347000000.0,85000000.0,0.041,1.68,638000000.0,985000000.0,0.216,985000000.0,638000000.0,429000000.0,2.68,2.68,2.68,2952000000.0,2902250000.0,2952000000.0,8053971576.0,13.0,8.177,226000000.0,1.952,1.0,1088000000.0,0.238,0.0,209000000.0,11808000000.0,11690500000.0,442000000.0,276000000.0,0.0,276000000.0,6865000000.0,1405000000.0,5460000000.0,4731971576.0,139000000.0,0.0,79000000.0,36000000.0,-198000000.0,-83000000.0,-531000000.0,-4000000.0,753000000.0,0.0,310000000.0,310000000.0,310000000.0,0.0,0.0,0.068,485000000.0,603000000.0,441000000.0,0.627,1.603,15.264,15.157,7139000000.0,0.0,40.62,1.037,1.031,687000000.0,,4563000000.0,4563000000.0,0.0,0.033,0.107,0.055,0.14,0.0,0.0,1.0,116493638.0,115800000,115800000.0,39.404,9817000000.0,34000000.0,119000000.0,1188000000.0,84.775,-29000000.0
48,SCG,MRT,2006-09-30,2006-09-30,2006-09-30,2018-11-05,0.0,9431000000.0,9427000000.0,1099000000.0,8332000000.0,0.518,25.202,-445000000.0,101000000.0,101000000.0,3791000000.0,319000000.0,1.066,2.223,3423000000.0,348000000.0,3075000000.0,3423000000.0,0.0,348000000.0,83000000.0,0.041,1.65,646000000.0,994000000.0,0.204,994000000.0,646000000.0,435000000.0,2.76,2.76,2.76,2926000000.0,2860000000.0,2926000000.0,8015574708.0,12.0,8.064,103000000.0,0.887,1.0,1090000000.0,0.223,0.0,211000000.0,11722000000.0,11618500000.0,430000000.0,267000000.0,0.0,267000000.0,6505000000.0,1031000000.0,5474000000.0,4671574708.0,-70000000.0,0.0,77000000.0,-66000000.0,-195000000.0,-183000000.0,-435000000.0,-8000000.0,548000000.0,0.0,319000000.0,319000000.0,319000000.0,0.0,0.0,0.065,483000000.0,607000000.0,261000000.0,0.598,1.597,14.644,14.591,7070000000.0,0.0,40.27,0.957,0.958,520000000.0,,4881000000.0,4881000000.0,0.0,0.034,0.112,0.056,0.132,0.0,0.0,1.0,116006325.0,116100000,116100000.0,42.041,9431000000.0,32000000.0,116000000.0,1183000000.0,81.232,68000000.0
49,SCG,MRT,2006-06-30,2006-06-30,2006-06-30,2018-11-05,0.0,9398000000.0,9308750000.0,1148000000.0,8250000000.0,0.532,24.926,-411000000.0,160000000.0,160000000.0,3849000000.0,330000000.0,1.074,2.264,3504000000.0,461000000.0,3043000000.0,3504000000.0,0.0,330000000.0,72000000.0,0.042,1.62,668000000.0,998000000.0,0.202,998000000.0,668000000.0,457000000.0,2.88,2.88,2.88,2879000000.0,2815500000.0,2879000000.0,7864311146.0,12.0,7.88,192000000.0,1.662,1.0,1101000000.0,0.222,0.0,211000000.0,11673000000.0,11443250000.0,396000000.0,264000000.0,0.0,264000000.0,6519000000.0,1069000000.0,5450000000.0,4455311146.0,15000000.0,0.0,76000000.0,-75000000.0,-189000000.0,-187000000.0,-401000000.0,-8000000.0,603000000.0,0.0,330000000.0,330000000.0,330000000.0,0.0,0.0,0.067,471000000.0,630000000.0,284000000.0,0.563,1.548,13.501,13.396,7031000000.0,0.0,38.58,0.9,0.9,542000000.0,,4950000000.0,4950000000.0,0.0,0.035,0.117,0.058,0.135,0.0,0.0,1.0,115482404.0,115500000,115500000.0,42.857,9398000000.0,30000000.0,127000000.0,1167000000.0,81.368,79000000.0
50,SCG,MRT,2006-03-31,2006-03-31,2006-03-31,2018-11-05,0.0,9360000000.0,9149500000.0,1228000000.0,8132000000.0,0.535,24.8,-354000000.0,109000000.0,109000000.0,3820000000.0,316000000.0,1.015,2.282,3518000000.0,602000000.0,2916000000.0,3518000000.0,0.0,350000000.0,67000000.0,0.041,1.59,635000000.0,985000000.0,0.201,985000000.0,635000000.0,423000000.0,2.77,2.77,2.77,2852000000.0,2762250000.0,2852000000.0,8014885463.0,13.0,8.137,145000000.0,1.261,1.0,1079000000.0,0.22,0.0,212000000.0,11559000000.0,11307250000.0,370000000.0,255000000.0,0.0,255000000.0,6508000000.0,1210000000.0,5298000000.0,4513885463.0,-220000000.0,0.0,79000000.0,-246000000.0,-184000000.0,-351000000.0,-368000000.0,-14000000.0,499000000.0,0.0,316000000.0,316000000.0,316000000.0,0.0,0.0,0.065,486000000.0,593000000.0,301000000.0,0.574,1.583,14.284,14.166,6940000000.0,0.0,39.24,0.921,0.921,670000000.0,,4899000000.0,4899000000.0,0.0,0.035,0.114,0.056,0.13,0.0,0.0,1.0,115032759.0,115000000,115000000.0,42.6,9360000000.0,28000000.0,107000000.0,1130000000.0,81.391,18000000.0
51,SCG,MRT,2005-12-31,2005-12-31,2005-12-31,2018-11-05,0.0,9519000000.0,9045250000.0,1464000000.0,8055000000.0,0.528,24.455,-385000000.0,62000000.0,62000000.0,3686000000.0,320000000.0,0.976,2.42,3563000000.0,615000000.0,2948000000.0,3563000000.0,0.0,518000000.0,70000000.0,0.04,1.56,414000000.0,932000000.0,0.195,932000000.0,414000000.0,202000000.0,2.81,2.81,2.81,2783000000.0,2711000000.0,2783000000.0,7825357552.0,19.0,8.396,82000000.0,0.721,1.0,1091000000.0,0.228,0.0,212000000.0,11520000000.0,11195500000.0,417000000.0,247000000.0,0.0,247000000.0,6736000000.0,1500000000.0,5236000000.0,4508357552.0,-57000000.0,0.0,83000000.0,-33000000.0,-181000000.0,-131000000.0,-393000000.0,-8000000.0,467000000.0,0.0,320000000.0,320000000.0,320000000.0,0.0,0.0,0.067,655000000.0,436000000.0,497000000.0,0.555,1.62,14.089,14.014,6842000000.0,0.0,39.38,0.944,0.938,905000000.0,,4777000000.0,4777000000.0,0.0,0.035,0.118,0.037,0.087,0.0,0.0,1.0,114483432.0,113800000,113800000.0,41.977,9519000000.0,26000000.0,-118000000.0,1173000000.0,83.647,-36000000.0
52,SCG,MRT,2005-09-30,2005-09-30,2005-09-30,2018-11-05,0.0,8958000000.0,8917000000.0,1178000000.0,7780000000.0,0.487,24.084,-453000000.0,171000000.0,171000000.0,3296000000.0,281000000.0,0.939,2.26,3488000000.0,551000000.0,2937000000.0,3488000000.0,0.0,492000000.0,64000000.0,0.036,1.535,367000000.0,859000000.0,0.198,859000000.0,367000000.0,156000000.0,2.53,2.53,2.53,2748000000.0,2654500000.0,2748000000.0,8243166689.0,22.0,9.596,162000000.0,1.42,1.0,1047000000.0,0.241,0.0,211000000.0,11021000000.0,11141500000.0,366000000.0,216000000.0,0.0,216000000.0,6210000000.0,1254000000.0,4956000000.0,4817166689.0,-20000000.0,14000000.0,84000000.0,-127000000.0,-177000000.0,-221000000.0,-414000000.0,25000000.0,615000000.0,0.0,281000000.0,287000000.0,287000000.0,0.0,0.0,0.066,637000000.0,410000000.0,353000000.0,0.607,1.753,16.785,16.696,6769000000.0,-6000000.0,42.24,1.109,1.11,569000000.0,,4343000000.0,4343000000.0,0.0,0.032,0.108,0.033,0.085,0.0,0.0,1.0,114042772.0,114100000,114100000.0,38.063,8958000000.0,0.0,-125000000.0,1092000000.0,78.51,-76000000.0
53,SCG,MRT,2005-06-30,2005-06-30,2005-06-30,2018-11-05,0.0,8761000000.0,8854750000.0,1053000000.0,7708000000.0,0.46,23.468,-464000000.0,146000000.0,146000000.0,3060000000.0,237000000.0,0.995,2.286,3572000000.0,500000000.0,3072000000.0,3572000000.0,0.0,482000000.0,50000000.0,0.035,1.51,309000000.0,791000000.0,0.194,791000000.0,309000000.0,100000000.0,2.13,2.13,2.13,2666000000.0,2604500000.0,2666000000.0,8280792571.0,27.0,10.469,103000000.0,0.907,1.0,1009000000.0,0.248,0.0,209000000.0,11129000000.0,11181250000.0,286000000.0,215000000.0,0.0,215000000.0,6095000000.0,1058000000.0,5037000000.0,4847792571.0,-82000000.0,8000000.0,90000000.0,-134000000.0,-174000000.0,-219000000.0,-430000000.0,26000000.0,567000000.0,0.0,237000000.0,241000000.0,241000000.0,0.0,0.0,0.059,617000000.0,392000000.0,250000000.0,0.709,1.818,20.115,20.052,6739000000.0,-4000000.0,42.71,1.191,1.192,567000000.0,,4069000000.0,4069000000.0,0.0,0.027,0.093,0.028,0.076,0.0,0.0,1.0,113504860.0,113600000,113600000.0,35.819,8761000000.0,0.0,-137000000.0,1046000000.0,77.121,-5000000.0
54,SCG,MRT,2005-03-31,2005-03-31,2005-03-31,2018-11-05,0.0,8943000000.0,8817250000.0,1283000000.0,7660000000.0,0.456,23.446,-452000000.0,329000000.0,329000000.0,3000000000.0,255000000.0,1.015,2.379,3762000000.0,689000000.0,3073000000.0,3762000000.0,0.0,456000000.0,51000000.0,0.039,1.485,349000000.0,805000000.0,0.2,805000000.0,349000000.0,143000000.0,2.28,2.28,2.28,2647000000.0,2562000000.0,2647000000.0,7796416531.0,22.0,9.685,104000000.0,0.921,1.0,1022000000.0,0.254,0.0,206000000.0,11112000000.0,11161250000.0,216000000.0,216000000.0,0.0,216000000.0,6296000000.0,1264000000.0,5032000000.0,4315416531.0,111000000.0,3000000.0,75000000.0,56000000.0,-171000000.0,-40000000.0,-405000000.0,44000000.0,556000000.0,0.0,255000000.0,257000000.0,257000000.0,0.0,0.0,0.064,592000000.0,430000000.0,277000000.0,0.651,1.63,16.792,16.763,6709000000.0,-2000000.0,38.22,1.073,1.073,708000000.0,,4022000000.0,4022000000.0,0.0,0.029,0.1,0.031,0.087,0.0,0.0,1.0,112909904.0,112900000,112900000.0,35.624,8943000000.0,0.0,-112000000.0,1032000000.0,79.212,19000000.0
55,SCG,MRT,2004-12-31,2004-12-31,2004-12-31,2018-11-05,0.0,9006000000.0,8718750000.0,1182000000.0,7824000000.0,0.446,22.912,-501000000.0,119000000.0,119000000.0,2879000000.0,257000000.0,0.998,2.522,3601000000.0,415000000.0,3186000000.0,3601000000.0,0.0,274000000.0,66000000.0,0.037,1.46,582000000.0,856000000.0,0.22,856000000.0,582000000.0,380000000.0,2.3,2.3,2.3,2557000000.0,2519250000.0,2557000000.0,7861873629.0,14.0,9.184,78000000.0,0.699,1.0,1006000000.0,0.259,0.0,202000000.0,11304000000.0,11174250000.0,270000000.0,236000000.0,0.0,236000000.0,6449000000.0,1184000000.0,5265000000.0,4425873629.0,2000000.0,0.0,61000000.0,-17000000.0,-168000000.0,-124000000.0,-453000000.0,48000000.0,579000000.0,0.0,257000000.0,257000000.0,257000000.0,0.0,0.0,0.066,410000000.0,596000000.0,399000000.0,0.635,1.731,17.221,17.13,6866000000.0,0.0,39.4,1.139,1.132,731000000.0,,3885000000.0,3885000000.0,0.0,0.029,0.102,0.052,0.15,0.0,0.0,1.0,112331818.0,111600000,111600000.0,34.812,9006000000.0,10000000.0,123000000.0,1148000000.0,80.699,-2000000.0
56,SCG,MRT,2004-09-30,2004-09-30,2004-09-30,2018-11-05,0.0,8709000000.0,8581750000.0,913000000.0,7796000000.0,0.432,22.791,-442000000.0,191000000.0,191000000.0,2695000000.0,255000000.0,0.946,2.418,3627000000.0,442000000.0,3185000000.0,3627000000.0,0.0,268000000.0,44000000.0,0.039,1.44,579000000.0,847000000.0,0.228,847000000.0,579000000.0,377000000.0,2.29,2.29,2.29,2548000000.0,2483000000.0,2548000000.0,7646365277.0,13.0,9.028,130000000.0,1.163,1.0,1014000000.0,0.273,0.0,202000000.0,11180000000.0,11083250000.0,263000000.0,296000000.0,0.0,296000000.0,6161000000.0,965000000.0,5196000000.0,4167365277.0,115000000.0,-3000000.0,-16000000.0,183000000.0,-170000000.0,3000000.0,-460000000.0,-15000000.0,572000000.0,0.0,255000000.0,255000000.0,255000000.0,0.0,0.0,0.069,403000000.0,611000000.0,203000000.0,0.629,1.636,16.343,16.306,6757000000.0,0.0,37.34,1.124,1.126,392000000.0,,3709000000.0,3709000000.0,0.0,0.03,0.103,0.052,0.156,0.0,0.0,1.0,111605926.0,111800000,111800000.0,33.175,8709000000.0,0.0,122000000.0,1059000000.0,77.898,-52000000.0
57,SCG,MRT,2004-06-30,2004-06-30,2004-06-30,2018-11-05,0.0,8611000000.0,8351500000.0,958000000.0,7653000000.0,0.431,22.446,-552000000.0,227000000.0,227000000.0,2610000000.0,285000000.0,0.92,2.45,3706000000.0,526000000.0,3180000000.0,3706000000.0,0.0,258000000.0,44000000.0,0.039,1.42,618000000.0,876000000.0,0.243,876000000.0,618000000.0,418000000.0,2.57,2.57,2.57,2496000000.0,2449000000.0,2496000000.0,7548239602.0,12.0,8.617,79000000.0,0.71,1.0,993000000.0,0.276,0.0,200000000.0,11049000000.0,10809750000.0,220000000.0,299000000.0,0.0,299000000.0,6115000000.0,1041000000.0,5074000000.0,4041239602.0,59000000.0,0.0,-39000000.0,193000000.0,-166000000.0,-8000000.0,-564000000.0,-12000000.0,631000000.0,0.0,285000000.0,285000000.0,285000000.0,0.0,0.0,0.079,393000000.0,600000000.0,246000000.0,0.553,1.619,14.18,14.152,6633000000.0,0.0,36.37,1.122,1.122,438000000.0,,3603000000.0,3603000000.0,0.0,0.034,0.116,0.057,0.172,0.0,0.0,1.0,111114644.0,111200000,111200000.0,32.401,8611000000.0,7000000.0,133000000.0,1005000000.0,77.437,-83000000.0
58,SCG,MRT,2004-03-31,2004-03-31,2004-03-31,2018-11-05,0.0,8549000000.0,8147750000.0,952000000.0,7597000000.0,0.427,22.326,-679000000.0,218000000.0,218000000.0,2521000000.0,297000000.0,1.067,2.453,3725000000.0,393000000.0,3332000000.0,3725000000.0,0.0,251000000.0,45000000.0,0.04,1.4,642000000.0,893000000.0,0.256,893000000.0,642000000.0,442000000.0,2.7,2.7,2.7,2476000000.0,2416000000.0,2476000000.0,7400341557.0,12.0,8.287,-79000000.0,-0.712,1.0,962000000.0,0.276,0.0,200000000.0,11164000000.0,10546500000.0,169000000.0,307000000.0,0.0,307000000.0,6073000000.0,892000000.0,5181000000.0,3914341557.0,-68000000.0,1000000.0,-44000000.0,161000000.0,-161000000.0,-42000000.0,-626000000.0,52000000.0,600000000.0,0.0,299000000.0,301000000.0,301000000.0,0.0,-2000000.0,0.086,385000000.0,577000000.0,254000000.0,0.519,1.581,13.004,13.093,6581000000.0,-2000000.0,35.35,1.124,1.126,512000000.0,,3483000000.0,3483000000.0,0.0,0.037,0.125,0.061,0.184,0.0,0.0,1.0,110731020.0,110900000,110900000.0,31.407,8549000000.0,12000000.0,143000000.0,969000000.0,77.087,60000000.0
59,SCG,MRT,2003-12-31,2003-12-31,2003-12-31,2018-11-05,0.0,8458000000.0,7971250000.0,893000000.0,7565000000.0,0.429,21.769,-680000000.0,117000000.0,117000000.0,2488000000.0,282000000.0,0.873,2.507,3622000000.0,397000000.0,3225000000.0,3622000000.0,0.0,249000000.0,43000000.0,0.04,1.38,617000000.0,866000000.0,0.254,866000000.0,617000000.0,417000000.0,2.54,2.54,2.54,2412000000.0,2378500000.0,2412000000.0,7209132974.0,12.0,8.325,-135000000.0,-1.218,1.0,928000000.0,0.272,0.0,200000000.0,10940000000.0,10208000000.0,213000000.0,318000000.0,0.0,318000000.0,6046000000.0,1023000000.0,5023000000.0,3793132974.0,-188000000.0,0.0,-55000000.0,108000000.0,-158000000.0,-105000000.0,-628000000.0,52000000.0,545000000.0,0.0,282000000.0,282000000.0,282000000.0,0.0,0.0,0.083,377000000.0,551000000.0,300000000.0,0.543,1.573,13.451,13.484,6513000000.0,0.0,34.25,1.11,1.111,516000000.0,,3416000000.0,3416000000.0,0.0,0.035,0.119,0.06,0.181,0.0,0.0,1.0,110748408.0,110800000,110800000.0,30.83,8458000000.0,0.0,135000000.0,1016000000.0,76.336,-130000000.0
60,SCG,MRT,2003-09-30,2003-09-30,2003-09-30,2018-11-05,0.0,7788000000.0,7875250000.0,729000000.0,7059000000.0,0.423,21.749,-822000000.0,80000000.0,80000000.0,2425000000.0,286000000.0,0.652,2.229,3496000000.0,644000000.0,2852000000.0,3496000000.0,0.0,249000000.0,43000000.0,0.04,1.36,623000000.0,872000000.0,0.261,872000000.0,623000000.0,425000000.0,2.6,2.6,2.6,2412000000.0,2346250000.0,2412000000.0,7124108743.0,11.0,8.17,-242000000.0,-2.182,1.0,910000000.0,0.273,0.0,198000000.0,10086000000.0,9943000000.0,236000000.0,350000000.0,0.0,350000000.0,5376000000.0,1118000000.0,4258000000.0,3799108743.0,-53000000.0,-48000000.0,153000000.0,-94000000.0,-146000000.0,-65000000.0,-568000000.0,302000000.0,580000000.0,0.0,290000000.0,288000000.0,288000000.0,0.0,-4000000.0,0.086,374000000.0,536000000.0,215000000.0,0.523,1.575,13.191,13.173,5999000000.0,2000000.0,34.25,1.139,1.139,373000000.0,,3335000000.0,3335000000.0,0.0,0.037,0.123,0.063,0.187,0.0,0.0,1.0,110922883.0,110900000,110900000.0,30.072,7788000000.0,4000000.0,135000000.0,973000000.0,70.225,-389000000.0
61,SCG,MRT,2003-06-30,2003-06-30,2003-06-30,2018-11-05,0.0,7796000000.0,7823000000.0,878000000.0,6918000000.0,0.419,21.336,-802000000.0,220000000.0,220000000.0,2371000000.0,278000000.0,0.78,2.298,3545000000.0,615000000.0,2930000000.0,3545000000.0,0.0,245000000.0,39000000.0,0.039,1.34,622000000.0,867000000.0,0.264,867000000.0,622000000.0,423000000.0,2.58,2.58,2.58,2364000000.0,2315500000.0,2364000000.0,6984500107.0,11.0,8.056,-267000000.0,-2.41,1.0,907000000.0,0.277,0.0,199000000.0,9996000000.0,9898500000.0,214000000.0,349000000.0,0.0,349000000.0,5432000000.0,1125000000.0,4307000000.0,3799500107.0,-171000000.0,-50000000.0,151000000.0,-181000000.0,-142000000.0,-151000000.0,-555000000.0,297000000.0,535000000.0,0.0,282000000.0,282000000.0,282000000.0,0.0,-4000000.0,0.086,367000000.0,540000000.0,235000000.0,0.519,1.607,13.473,13.287,5877000000.0,0.0,34.28,1.159,1.159,392000000.0,,3278000000.0,3278000000.0,0.0,0.036,0.122,0.063,0.19,0.0,0.0,1.0,110837226.0,110800000,110800000.0,29.585,7796000000.0,8000000.0,141000000.0,957000000.0,70.361,-247000000.0
62,SCG,MRT,2003-03-31,2003-03-31,2003-03-31,2018-11-05,0.0,7843000000.0,7791000000.0,1104000000.0,6739000000.0,0.411,20.993,-749000000.0,367000000.0,367000000.0,2314000000.0,244000000.0,0.906,2.372,3552000000.0,617000000.0,2935000000.0,3552000000.0,0.0,240000000.0,38000000.0,0.044,1.32,567000000.0,807000000.0,0.252,807000000.0,567000000.0,368000000.0,2.29,2.29,2.29,2326000000.0,2288500000.0,2326000000.0,6425115790.0,11.0,7.962,-311000000.0,-2.807,1.0,887000000.0,0.277,0.0,199000000.0,9810000000.0,9858750000.0,175000000.0,378000000.0,0.0,378000000.0,5517000000.0,1218000000.0,4299000000.0,3316115790.0,-308000000.0,-50000000.0,149000000.0,-234000000.0,-138000000.0,-202000000.0,-544000000.0,255000000.0,438000000.0,0.0,246000000.0,246000000.0,246000000.0,0.0,-2000000.0,0.077,358000000.0,529000000.0,361000000.0,0.576,1.426,13.48,13.066,5718000000.0,0.0,29.92,1.036,1.036,521000000.0,,3201000000.0,3201000000.0,0.0,0.032,0.107,0.058,0.177,0.0,0.0,1.0,110832747.0,110800000,110800000.0,28.89,7843000000.0,1000000.0,122000000.0,922000000.0,70.785,-114000000.0
63,SCG,MRT,2002-12-31,2002-12-31,2002-12-31,2018-11-05,0.0,8074000000.0,7802500000.0,1140000000.0,6934000000.0,0.379,21.538,-694000000.0,374000000.0,374000000.0,2093000000.0,-142000000.0,0.893,2.537,3456000000.0,622000000.0,2834000000.0,3456000000.0,0.0,233000000.0,33000000.0,0.042,1.3,93000000.0,326000000.0,0.11,326000000.0,93000000.0,-106000000.0,-1.34,-1.34,-1.34,2283000000.0,2284750000.0,2283000000.0,6753458078.0,73.0,20.716,-230000000.0,-2.17,1.0,861000000.0,0.291,0.0,199000000.0,9880000000.0,9838000000.0,237000000.0,326000000.0,0.0,326000000.0,5791000000.0,1276000000.0,4515000000.0,3428458078.0,155000000.0,-62000000.0,149000000.0,-158000000.0,-133000000.0,-121000000.0,-188000000.0,568000000.0,464000000.0,0.0,-142000000.0,-142000000.0,-142000000.0,0.0,0.0,-0.048,347000000.0,514000000.0,362000000.0,-0.97,1.502,-24.144,-23.104,5894000000.0,0.0,30.96,1.161,1.111,489000000.0,,2954000000.0,2954000000.0,0.0,-0.018,-0.062,0.009,0.031,0.0,0.0,1.0,110738310.0,106000000,106000000.0,27.868,8074000000.0,0.0,36000000.0,947000000.0,76.17,-136000000.0
64,SCG,MRT,2002-09-30,2002-09-30,2002-09-30,2018-11-05,0.0,7579000000.0,7739500000.0,956000000.0,6623000000.0,0.368,21.862,-638000000.0,194000000.0,194000000.0,1991000000.0,-172000000.0,0.96,2.311,3519000000.0,532000000.0,2987000000.0,3519000000.0,0.0,234000000.0,46000000.0,0.049,1.275,49000000.0,283000000.0,0.099,283000000.0,49000000.0,-152000000.0,-1.64,-1.64,-1.64,2289000000.0,2289000000.0,2289000000.0,5973138245.0,122.0,21.106,-68000000.0,-0.649,1.0,856000000.0,0.301,0.0,201000000.0,9908000000.0,9780250000.0,246000000.0,434000000.0,151000000.0,283000000.0,5290000000.0,996000000.0,4294000000.0,2725138245.0,46000000.0,-28000000.0,0.0,-60000000.0,-131000000.0,-193000000.0,-331000000.0,335000000.0,570000000.0,0.0,-178000000.0,-178000000.0,-178000000.0,0.0,6000000.0,-0.063,342000000.0,514000000.0,213000000.0,-0.777,1.191,-15.31,-15.866,5635000000.0,0.0,26.02,0.957,0.957,343000000.0,,2847000000.0,2847000000.0,0.0,-0.023,-0.078,0.005,0.017,0.0,0.0,1.0,104732446.0,104700000,104700000.0,27.192,7579000000.0,0.0,26000000.0,941000000.0,72.388,-40000000.0
65,SCG,MRT,2002-06-30,2002-06-30,2002-06-30,2018-11-05,0.0,7668000000.0,7729750000.0,1197000000.0,6471000000.0,0.37,21.547,-616000000.0,404000000.0,404000000.0,2020000000.0,-187000000.0,1.109,2.399,3652000000.0,609000000.0,3043000000.0,3652000000.0,0.0,233000000.0,46000000.0,0.04,1.25,36000000.0,269000000.0,0.094,269000000.0,36000000.0,-168000000.0,-1.77,-1.77,-1.77,2256000000.0,2276000000.0,2256000000.0,6304036987.0,175.0,23.435,-27000000.0,-0.258,1.0,843000000.0,0.294,0.0,204000000.0,9837000000.0,9701250000.0,211000000.0,450000000.0,170000000.0,280000000.0,5412000000.0,1079000000.0,4333000000.0,3233036987.0,213000000.0,-38000000.0,0.0,69000000.0,-128000000.0,-60000000.0,-316000000.0,338000000.0,589000000.0,0.0,-191000000.0,-191000000.0,-191000000.0,0.0,4000000.0,-0.067,340000000.0,503000000.0,237000000.0,-0.706,1.433,-16.927,-17.441,5529000000.0,0.0,30.87,1.129,1.129,381000000.0,,2863000000.0,2863000000.0,0.0,-0.025,-0.084,0.004,0.013,0.0,0.0,1.0,104730709.0,104700000,104700000.0,27.345,7668000000.0,0.0,23000000.0,921000000.0,73.238,118000000.0
66,SCG,MRT,2002-03-31,2002-03-31,2002-03-31,2018-11-05,0.0,7889000000.0,7774750000.0,1563000000.0,6326000000.0,0.38,22.073,-577000000.0,656000000.0,656000000.0,2109000000.0,158000000.0,1.268,2.414,3727000000.0,697000000.0,3030000000.0,3727000000.0,0.0,233000000.0,41000000.0,0.04,1.225,580000000.0,813000000.0,0.275,813000000.0,580000000.0,368000000.0,1.52,1.52,1.52,2311000000.0,2314500000.0,2311000000.0,6592685001.0,11.0,8.109,83000000.0,0.793,1.0,845000000.0,0.286,0.0,212000000.0,9727000000.0,9753750000.0,199000000.0,558000000.0,274000000.0,284000000.0,5578000000.0,1233000000.0,4345000000.0,3204685001.0,364000000.0,-36000000.0,0.0,126000000.0,-126000000.0,0.0,-296000000.0,317000000.0,660000000.0,0.0,154000000.0,154000000.0,154000000.0,0.0,4000000.0,0.052,338000000.0,507000000.0,231000000.0,0.806,1.387,20.81,20.132,5423000000.0,0.0,30.6,1.085,1.085,413000000.0,,2954000000.0,2954000000.0,0.0,0.02,0.067,0.059,0.196,0.0,0.0,1.0,104728268.0,104700000,104700000.0,28.214,7889000000.0,0.0,214000000.0,1019000000.0,75.349,330000000.0
67,SCG,MRT,2001-12-31,2001-12-31,2001-12-31,2018-11-05,0.0,7822000000.0,7752750000.0,1557000000.0,6265000000.0,0.445,21.968,-548000000.0,212000000.0,212000000.0,2584000000.0,539000000.0,0.997,2.401,3600000000.0,904000000.0,2696000000.0,3600000000.0,0.0,236000000.0,41000000.0,0.043,1.2,1067000000.0,1303000000.0,0.378,1303000000.0,1067000000.0,844000000.0,5.15,5.15,5.15,2300000000.0,2321250000.0,2300000000.0,6306587698.0,6.0,4.84,-55000000.0,-0.525,1.0,867000000.0,0.251,0.0,223000000.0,9649000000.0,9764000000.0,236000000.0,951000000.0,664000000.0,287000000.0,5522000000.0,1561000000.0,3961000000.0,2914587698.0,50000000.0,-46000000.0,0.0,247000000.0,-123000000.0,123000000.0,-566000000.0,28000000.0,493000000.0,0.0,539000000.0,539000000.0,539000000.0,0.0,0.0,0.156,339000000.0,528000000.0,275000000.0,0.233,1.267,5.407,5.404,5356000000.0,0.0,27.83,0.845,0.844,424000000.0,,3451000000.0,3451000000.0,0.0,0.07,0.232,0.109,0.309,0.0,0.0,1.0,104728268.0,104700000,104700000.0,32.961,7822000000.0,0.0,305000000.0,1074000000.0,74.709,-4000000.0
68,SCG,MRT,2001-09-30,2001-09-30,2001-09-30,2018-11-05,0.0,7540000000.0,7654000000.0,1400000000.0,6140000000.0,0.51,21.366,-503000000.0,142000000.0,142000000.0,3018000000.0,586000000.0,1.045,2.371,3534000000.0,813000000.0,2721000000.0,3534000000.0,0.0,221000000.0,27000000.0,0.047,1.188,1151000000.0,1372000000.0,0.352,1372000000.0,1151000000.0,920000000.0,5.6,5.6,5.6,2237000000.0,2280750000.0,2237000000.0,6027003442.0,5.0,4.393,-171000000.0,-1.633,1.0,883000000.0,0.226,0.0,231000000.0,9592000000.0,9724500000.0,236000000.0,921000000.0,609000000.0,312000000.0,5303000000.0,1340000000.0,3963000000.0,2658003442.0,0.0,-63000000.0,-488000000.0,297000000.0,366000000.0,167000000.0,-499000000.0,36000000.0,332000000.0,0.0,588000000.0,588000000.0,588000000.0,0.0,-2000000.0,0.151,337000000.0,546000000.0,159000000.0,0.212,1.188,4.52,4.532,5188000000.0,0.0,25.38,0.681,0.681,394000000.0,,3901000000.0,3901000000.0,0.0,0.077,0.258,0.118,0.295,0.0,0.0,1.0,104728268.0,104700000,104700000.0,37.259,7540000000.0,0.0,332000000.0,1041000000.0,72.015,60000000.0
69,SCG,MRT,2001-06-30,2001-06-30,2001-06-30,2018-11-05,0.0,7848000000.0,,1781000000.0,6067000000.0,,23.018,-432000000.0,185000000.0,185000000.0,3123000000.0,582000000.0,1.522,2.256,3554000000.0,554000000.0,3000000000.0,3554000000.0,0.0,216000000.0,21000000.0,0.041,1.175,1149000000.0,1365000000.0,0.341,1365000000.0,1149000000.0,912000000.0,5.55,5.55,5.55,2410000000.0,,2410000000.0,6267282811.0,5.0,4.591,-175000000.0,-1.671,1.0,884000000.0,0.221,0.0,237000000.0,10047000000.0,,225000000.0,1209000000.0,883000000.0,326000000.0,5438000000.0,1170000000.0,4268000000.0,2974282811.0,110000000.0,-48000000.0,-488000000.0,412000000.0,367000000.0,283000000.0,-430000000.0,51000000.0,257000000.0,0.0,582000000.0,582000000.0,582000000.0,0.0,0.0,0.145,335000000.0,549000000.0,238000000.0,0.212,1.234,5.11,5.117,5127000000.0,0.0,28.4,0.742,0.742,461000000.0,,4007000000.0,4007000000.0,0.0,,,,0.287,0.0,0.0,1.0,104728268.0,104700000,104700000.0,38.271,7848000000.0,0.0,330000000.0,1097000000.0,74.957,611000000.0
70,SCG,MRT,2001-03-31,2001-03-31,2001-03-31,2018-11-05,0.0,7801000000.0,,1826000000.0,5975000000.0,,22.33,-395000000.0,289000000.0,289000000.0,3042000000.0,225000000.0,1.377,2.337,3582000000.0,731000000.0,2851000000.0,3582000000.0,0.0,228000000.0,21000000.0,0.043,1.162,599000000.0,827000000.0,0.21,827000000.0,599000000.0,366000000.0,5.3,5.3,5.3,2338000000.0,,2338000000.0,6023395907.0,10.0,7.283,-124000000.0,-1.184,1.0,887000000.0,0.226,0.0,233000000.0,9768000000.0,,187000000.0,1024000000.0,700000000.0,324000000.0,5463000000.0,1326000000.0,4137000000.0,2843395907.0,191000000.0,-49000000.0,-488000000.0,457000000.0,369000000.0,329000000.0,-409000000.0,35000000.0,271000000.0,0.0,225000000.0,225000000.0,225000000.0,0.0,0.0,0.057,332000000.0,555000000.0,277000000.0,0.219,1.216,12.637,5.123,5059000000.0,0.0,27.15,0.724,0.723,632000000.0,,3929000000.0,3929000000.0,0.0,,,,0.152,0.0,0.0,1.0,104729131.0,104700000,104700000.0,37.526,7801000000.0,0.0,141000000.0,1065000000.0,74.508,500000000.0
71,SCG,MRT,2000-12-31,2000-12-31,2000-12-31,2018-11-05,0.0,7427000000.0,6719000000.0,1531000000.0,5896000000.0,0.511,20.459,-361000000.0,159000000.0,159000000.0,2548000000.0,250000000.0,1.372,2.474,3339000000.0,439000000.0,2900000000.0,3339000000.0,0.0,227000000.0,27000000.0,0.039,1.15,616000000.0,843000000.0,0.246,843000000.0,616000000.0,391000000.0,2.4,2.4,2.4,2138000000.0,2171500000.0,2138000000.0,,,,30000000.0,0.287,1.0,885000000.0,0.258,0.0,225000000.0,9491000000.0,8317500000.0,183000000.0,761000000.0,479000000.0,282000000.0,5289000000.0,1116000000.0,4173000000.0,3095793112.0,43000000.0,-232000000.0,-488000000.0,857000000.0,-124000000.0,237000000.0,-585000000.0,8000000.0,391000000.0,0.0,250000000.0,250000000.0,250000000.0,0.0,0.0,0.073,331000000.0,554000000.0,394000000.0,0.479,1.448,12.383,12.317,5028000000.0,0.0,29.56,0.902,0.9,694000000.0,,3433000000.0,3433000000.0,0.0,0.037,0.115,0.074,0.179,0.0,0.0,1.0,104729131.0,104500000,104500000.0,32.852,7427000000.0,0.0,141000000.0,992000000.0,71.072,415000000.0
72,SCG,MRT,2000-09-30,2000-09-30,2000-09-30,2018-11-05,,,,,,,,,,,,,,,,,,,,,,0.037,1.137,,,,,,,,,,,,,,,,,,1.0,,,,,,,,,,,,,,,,,,,,,,,,,,,,,,,,,,,,,,,,30.89,,,,,,,,,,,,,,1.0,,104700000,,,,,,,,
73,SCG,MRT,2000-06-30,2000-06-30,2000-06-30,2018-11-05,,,,,,,,,,,,,,,,,,,,,,0.047,1.125,,,,,,,,,,,,,,,,,,1.0,,,,,,,,,,,,,,,,,,,,,,,,,,,,,,,,,,,,,,,,24.13,,,,,,,,,,,,,,1.0,,105400000,,,,,,,,
74,SCG,MRT,2000-03-31,2000-03-31,2000-03-31,2018-11-05,,,,,,,,,,,,,,,,,,,,,,0.05,1.223,,,,,,,,,,,,,,,,,,1.0,,,,,,,,,,,,,,,,,,,,,,,,,,,,,,,,,,,,,,,,24.56,,,,,,,,,,,,,,1.0,,104000000,,,,,,,,
75,SCG,MRT,1999-12-31,1999-12-31,1999-12-31,2018-11-05,0.0,6011000000.0,,618000000.0,5393000000.0,,21.284,-261000000.0,116000000.0,116000000.0,1453000000.0,179000000.0,0.662,1.726,2182000000.0,569000000.0,1613000000.0,2182000000.0,0.0,177000000.0,16000000.0,0.049,1.32,432000000.0,609000000.0,0.293,609000000.0,432000000.0,290000000.0,1.73,1.73,1.73,2205000000.0,,2205000000.0,,,,-36000000.0,-0.347,1.0,625000000.0,0.301,0.0,142000000.0,7144000000.0,,164000000.0,938000000.0,0.0,938000000.0,3806000000.0,933000000.0,2873000000.0,,54000000.0,112000000.0,0.0,207000000.0,-148000000.0,52000000.0,-223000000.0,-74000000.0,225000000.0,0.0,179000000.0,179000000.0,179000000.0,0.0,0.0,0.086,272000000.0,353000000.0,189000000.0,0.763,,,15.538,3912000000.0,0.0,26.88,,1.34,318000000.0,,2078000000.0,2078000000.0,0.0,,,,0.208,0.0,0.0,1.0,,103600000,103600000.0,20.058,6011000000.0,16000000.0,111000000.0,1007000000.0,58.021,-315000000.0
76,SCG,MRT,1998-12-31,1998-12-31,1998-12-31,2018-11-05,,,,,,,,-303000000.0,,,1390000000.0,223000000.0,,,,,,,,152000000.0,,0.048,1.54,477000000.0,629000000.0,0.299,629000000.0,477000000.0,354000000.0,2.12,2.12,2.12,,,,,,,164000000.0,1.557,1.0,716000000.0,0.34,,123000000.0,,,,,,,,,,,2000000.0,0.0,0.0,225000000.0,-272000000.0,-56000000.0,-409000000.0,-106000000.0,467000000.0,0.0,223000000.0,223000000.0,223000000.0,0.0,0.0,0.106,246000000.0,470000000.0,,0.726,,,15.212,,0.0,32.25,,1.613,,,2106000000.0,2106000000.0,0.0,,,,0.226,0.0,0.0,,,105300000,105300000.0,20.0,,,131000000.0,,,
