None,ticker,dimension,calendardate,datekey,reportperiod,lastupdated,accoci,assets,assetsavg,assetsc,assetsnc,assetturnover,bvps,capex,cashneq,cashnequsd,cor,consolinc,currentratio,de,debt,debtc,debtnc,debtusd,deferredrev,depamor,deposits,divyield,dps,ebit,ebitda,ebitdamargin,ebitdausd,ebitusd,ebt,eps,epsdil,epsusd,equity,equityavg,equityusd,ev,evebit,evebitda,fcf,fcfps,fxusd,gp,grossmargin,intangibles,intexp,invcap,invcapavg,inventory,investments,investmentsc,investmentsnc,liabilities,liabilitiesc,liabilitiesnc,marketcap,ncf,ncfbus,ncfcommon,ncfdebt,ncfdiv,ncff,ncfi,ncfinv,ncfo,ncfx,netinc,netinccmn,netinccmnusd,netincdis,netincnci,netmargin,opex,opinc,payables,payoutratio,pb,pe,pe1,ppnenet,prefdivis,price,ps,ps1,receivables,retearn,revenue,revenueusd,rnd,roa,roe,roic,ros,sbcomp,sgna,sharefactor,sharesbas,shareswa,shareswadil,sps,tangibles,taxassets,taxexp,taxliabilities,tbvps,workingcapital
0,CHTR,MRY,2020-12-31,2020-12-31,2020-12-31,2021-07-30,0.0,144206000000.0,145021750000.0,3909000000.0,140297000000.0,0.332,117.083,-7956000000.0,1001000000.0,1001000000.0,0.0,3676000000.0,0.396,4.786,82752000000.0,1008000000.0,81744000000.0,82752000000.0,0.0,9704000000.0,0.0,0.0,0.0,7696000000.0,17400000000.0,0.362,17400000000.0,7696000000.0,3848000000.0,15.85,15.4,15.85,23805000000.0,27423750000.0,23805000000.0,210603390928.0,27.0,12.104,6606000000.0,32.491,1.0,48097000000.0,1.0,35169000000.0,3848000000.0,180913000000.0,176856750000.0,0.0,0.0,0.0,0.0,113925000000.0,9875000000.0,104050000000.0,132227390928.0,-2548000000.0,0.0,-11010000000.0,3657000000.0,0.0,-8953000000.0,-8157000000.0,0.0,14562000000.0,0.0,3222000000.0,3222000000.0,3222000000.0,0.0,454000000.0,0.067,39692000000.0,8405000000.0,8867000000.0,0.0,5.555,41.039,41.738,34357000000.0,0.0,661.55,2.749,2.797,2539000000.0,-5195000000.0,48097000000.0,48097000000.0,0.0,0.022,0.117,0.044,0.16,351000000.0,29930000000.0,1.0,199875128.0,203316483.0,209273247.0,236.562,109037000000.0,0.0,626000000.0,18108000000.0,536.292,-5966000000.0
1,CHTR,MRY,2019-12-31,2019-12-31,2019-12-31,2021-07-30,0.0,148188000000.0,146699250000.0,6471000000.0,141717000000.0,0.312,143.253,-7140000000.0,3549000000.0,3549000000.0,0.0,1992000000.0,0.522,3.478,79078000000.0,3500000000.0,75578000000.0,79078000000.0,0.0,9926000000.0,0.0,0.0,0.0,5904000000.0,15830000000.0,0.346,15830000000.0,5904000000.0,2107000000.0,7.6,7.45,7.6,31445000000.0,33859750000.0,31445000000.0,179688540125.0,30.0,11.351,4608000000.0,20.993,1.0,45764000000.0,1.0,37007000000.0,3797000000.0,174325000000.0,171983250000.0,0.0,0.0,0.0,0.0,109377000000.0,12385000000.0,96992000000.0,104185540125.0,2784000000.0,0.0,-6755000000.0,6273000000.0,0.0,-1633000000.0,-7331000000.0,0.0,11748000000.0,0.0,1668000000.0,1668000000.0,1668000000.0,0.0,324000000.0,0.036,39253000000.0,6511000000.0,8885000000.0,0.0,3.313,62.461,63.826,34591000000.0,0.0,485.08,2.277,2.327,2227000000.0,40000000.0,45764000000.0,45764000000.0,0.0,0.011,0.049,0.034,0.129,315000000.0,29224000000.0,1.0,214780119.0,219506735.0,223786380.0,208.486,111181000000.0,0.0,439000000.0,17711000000.0,506.504,-5914000000.0
2,CHTR,MRY,2018-12-31,2018-12-31,2018-12-31,2021-07-30,-2000000.0,146130000000.0,146154250000.0,2730000000.0,143400000000.0,0.299,156.161,-9595000000.0,765000000.0,765000000.0,0.0,1506000000.0,0.226,2.807,72827000000.0,3290000000.0,69537000000.0,72827000000.0,0.0,10318000000.0,0.0,0.0,0.0,4950000000.0,15268000000.0,0.35,15268000000.0,4950000000.0,1410000000.0,5.29,5.22,5.29,36285000000.0,37400250000.0,36285000000.0,137048674689.0,28.0,8.976,2172000000.0,9.348,1.0,43634000000.0,1.0,39119000000.0,3540000000.0,166978000000.0,165174250000.0,0.0,0.0,0.0,0.0,101858000000.0,12095000000.0,89763000000.0,65234674689.0,144000000.0,0.0,-4330000000.0,3364000000.0,0.0,-1887000000.0,-9736000000.0,0.0,11767000000.0,0.0,1230000000.0,1230000000.0,1230000000.0,0.0,276000000.0,0.028,38413000000.0,5221000000.0,8805000000.0,0.0,1.798,53.036,53.87,35126000000.0,0.0,284.97,1.495,1.518,1733000000.0,2780000000.0,43634000000.0,43634000000.0,0.0,0.008,0.033,0.03,0.113,285000000.0,27860000000.0,1.0,228917692.0,232356665.0,235525226.0,187.789,107011000000.0,0.0,180000000.0,17389000000.0,460.546,-9365000000.0
3,CHTR,MRY,2017-12-31,2017-12-31,2017-12-31,2021-07-30,-1000000.0,146623000000.0,147813750000.0,2555000000.0,144068000000.0,0.281,152.243,-7861000000.0,621000000.0,621000000.0,0.0,10115000000.0,0.23,2.535,70231000000.0,2045000000.0,68186000000.0,70231000000.0,0.0,10588000000.0,0.0,0.0,0.0,3898000000.0,14486000000.0,0.348,14486000000.0,3898000000.0,808000000.0,38.55,34.09,38.55,39084000000.0,37165250000.0,39084000000.0,149491161407.0,38.0,10.32,4093000000.0,15.943,1.0,41581000000.0,1.0,41505000000.0,3090000000.0,163638000000.0,160074000000.0,0.0,0.0,0.0,0.0,99092000000.0,11090000000.0,88002000000.0,83523161407.0,-914000000.0,0.0,-11599000000.0,8658000000.0,0.0,-4770000000.0,-8098000000.0,0.0,11954000000.0,0.0,9895000000.0,9895000000.0,9895000000.0,0.0,220000000.0,0.238,37475000000.0,4106000000.0,9045000000.0,0.0,2.137,8.441,8.715,33888000000.0,0.0,335.96,2.009,2.074,1635000000.0,3832000000.0,41581000000.0,41581000000.0,0.0,0.067,0.266,0.024,0.094,310000000.0,26541000000.0,1.0,248610434.0,256720715.0,296703956.0,161.97,105118000000.0,0.0,-9087000000.0,17314000000.0,409.464,-8535000000.0
4,CHTR,MRY,2016-12-31,2016-12-31,2016-12-31,2021-07-30,-7000000.0,149067000000.0,121920750000.0,3300000000.0,145767000000.0,0.238,194.341,-33532000000.0,1535000000.0,1535000000.0,0.0,3745000000.0,0.345,2.459,61747000000.0,2028000000.0,59719000000.0,61747000000.0,0.0,6907000000.0,0.0,0.0,0.0,3096000000.0,10003000000.0,0.345,10003000000.0,3096000000.0,597000000.0,17.05,15.94,17.05,40139000000.0,30109250000.0,40139000000.0,138760979377.0,45.0,13.872,-25491000000.0,-123.42,1.0,29003000000.0,1.0,44117000000.0,2499000000.0,155590000000.0,129355250000.0,0.0,0.0,0.0,0.0,98701000000.0,9572000000.0,89129000000.0,77929979377.0,-20734000000.0,0.0,3524000000.0,1539000000.0,0.0,4779000000.0,-33554000000.0,0.0,8041000000.0,0.0,3522000000.0,3522000000.0,3522000000.0,0.0,223000000.0,0.121,25662000000.0,3341000000.0,7544000000.0,0.0,1.942,22.127,16.887,32963000000.0,0.0,287.92,2.687,2.05,1432000000.0,733000000.0,29003000000.0,29003000000.0,0.0,0.029,0.117,0.024,0.107,492000000.0,18655000000.0,1.0,270665391.0,206539100.0,234791439.0,140.424,104950000000.0,0.0,-2925000000.0,26665000000.0,508.136,-6272000000.0
5,CHTR,MRY,2015-12-31,2015-12-31,2015-12-31,2021-07-30,-13000000.0,39316000000.0,29479500000.0,345000000.0,38971000000.0,0.331,-0.455,-1812000000.0,22269000000.0,22269000000.0,0.0,-271000000.0,0.175,-855.696,35723000000.0,0.0,35723000000.0,35723000000.0,0.0,2125000000.0,0.0,0.0,0.0,975000000.0,3100000000.0,0.318,3100000000.0,975000000.0,-331000000.0,-2.68,-2.68,-2.68,-46000000.0,15000000.0,-46000000.0,34207335249.0,35.0,11.035,547000000.0,5.408,1.0,9754000000.0,1.0,2024000000.0,1306000000.0,48774000000.0,37563750000.0,0.0,0.0,0.0,0.0,39362000000.0,1972000000.0,37390000000.0,20552335249.0,2000000.0,0.0,-38000000.0,14683000000.0,0.0,14675000000.0,-17032000000.0,-15153000000.0,2359000000.0,0.0,-271000000.0,-271000000.0,-271000000.0,0.0,0.0,-0.028,8647000000.0,1107000000.0,1972000000.0,0.0,-446.79,-75.839,-68.321,8345000000.0,0.0,183.1,2.107,1.899,279000000.0,-2061000000.0,9754000000.0,9754000000.0,0.0,-0.009,-18.067,0.026,0.1,78000000.0,6426000000.0,1.0,112246506.0,101152647.0,101152647.0,96.429,37292000000.0,0.0,-60000000.0,1590000000.0,368.671,-1627000000.0
6,CHTR,MRY,2014-12-31,2014-12-31,2014-12-31,2021-07-30,-22000000.0,24388000000.0,20001000000.0,345000000.0,24043000000.0,0.455,1.49,-2177000000.0,7114000000.0,7114000000.0,0.0,-183000000.0,0.211,166.041,20887000000.0,0.0,20887000000.0,20887000000.0,0.0,2102000000.0,0.0,0.0,0.0,964000000.0,3066000000.0,0.337,3066000000.0,964000000.0,53000000.0,-1.88,-1.88,-1.88,146000000.0,122250000.0,146000000.0,32278287645.0,33.0,10.528,182000000.0,1.857,1.0,9108000000.0,1.0,2273000000.0,911000000.0,34253000000.0,30017000000.0,0.0,0.0,0.0,0.0,24242000000.0,1635000000.0,22607000000.0,18206287645.0,-18000000.0,0.0,-19000000.0,6820000000.0,0.0,6927000000.0,-9304000000.0,-7111000000.0,2359000000.0,0.0,-183000000.0,-183000000.0,-183000000.0,0.0,0.0,-0.02,8137000000.0,971000000.0,1635000000.0,0.0,124.701,-99.488,-88.628,8373000000.0,0.0,166.62,1.999,1.793,285000000.0,-1762000000.0,9108000000.0,9108000000.0,0.0,-0.009,-1.497,0.032,0.106,55000000.0,5973000000.0,1.0,109268321.0,97991915.0,97991915.0,92.946,22115000000.0,0.0,236000000.0,1648000000.0,225.682,-1290000000.0
7,CHTR,MRY,2013-12-31,2013-12-31,2013-12-31,2021-07-30,-41000000.0,17295000000.0,16443250000.0,322000000.0,16973000000.0,0.496,1.481,-2425000000.0,21000000.0,21000000.0,0.0,-169000000.0,0.219,113.536,14181000000.0,0.0,14181000000.0,14181000000.0,0.0,1854000000.0,0.0,0.0,0.0,797000000.0,2651000000.0,0.325,2651000000.0,797000000.0,-49000000.0,-1.65,-1.65,-1.65,151000000.0,100500000.0,151000000.0,28506209660.0,36.0,10.753,-267000000.0,-2.619,1.0,8155000000.0,1.0,2566000000.0,846000000.0,27422000000.0,26130500000.0,0.0,0.0,0.0,0.0,17144000000.0,1467000000.0,15677000000.0,14241209660.0,14000000.0,0.0,89000000.0,212000000.0,0.0,299000000.0,-2443000000.0,0.0,2158000000.0,0.0,-169000000.0,-169000000.0,-169000000.0,0.0,0.0,-0.021,7246000000.0,909000000.0,1467000000.0,0.0,94.313,-84.268,-82.885,7981000000.0,0.0,136.76,1.746,1.709,234000000.0,-1568000000.0,8155000000.0,8155000000.0,0.0,-0.01,-1.682,0.031,0.098,0.0,5345000000.0,1.0,104132858.0,101934630.0,101934630.0,80.002,14729000000.0,0.0,120000000.0,1431000000.0,144.495,-1145000000.0
8,CHTR,MRY,2012-12-31,2012-12-31,2012-12-31,2021-07-30,-75000000.0,15596000000.0,15791250000.0,330000000.0,15266000000.0,0.475,1.495,-1713000000.0,34000000.0,34000000.0,0.0,-304000000.0,0.27,103.671,12808000000.0,0.0,12808000000.0,12808000000.0,0.0,1713000000.0,0.0,0.0,0.0,860000000.0,2573000000.0,0.343,2573000000.0,860000000.0,-47000000.0,-3.05,-3.05,-3.05,149000000.0,223000000.0,149000000.0,20499270351.0,24.0,7.967,163000000.0,1.636,1.0,7504000000.0,1.0,2377000000.0,907000000.0,24769000000.0,24665000000.0,0.0,0.0,0.0,0.0,15447000000.0,1224000000.0,14223000000.0,7704270351.0,5000000.0,0.0,4000000.0,-124000000.0,0.0,-134000000.0,-1737000000.0,0.0,1876000000.0,0.0,-304000000.0,-304000000.0,-304000000.0,0.0,0.0,-0.041,6589000000.0,915000000.0,1224000000.0,0.0,51.707,-25.343,-24.997,7206000000.0,0.0,76.24,1.027,1.013,234000000.0,-1392000000.0,7504000000.0,7504000000.0,0.0,-0.019,-1.363,0.035,0.115,0.0,4860000000.0,1.0,101052864.0,99657989.0,99657989.0,75.298,13219000000.0,0.0,257000000.0,1321000000.0,132.644,-894000000.0
9,CHTR,MRY,2011-12-31,2011-12-31,2011-12-31,2021-07-30,-65000000.0,15601000000.0,15688250000.0,357000000.0,15244000000.0,0.459,3.754,-1342000000.0,29000000.0,29000000.0,0.0,-369000000.0,0.309,37.144,12856000000.0,0.0,12856000000.0,12856000000.0,0.0,1592000000.0,0.0,0.0,0.0,893000000.0,2485000000.0,0.345,2485000000.0,893000000.0,-70000000.0,-3.39,-3.39,-3.39,409000000.0,879750000.0,409000000.0,18677669255.0,21.0,7.516,395000000.0,3.626,1.0,7204000000.0,1.0,2658000000.0,963000000.0,24613000000.0,24410000000.0,0.0,0.0,0.0,0.0,15192000000.0,1157000000.0,14035000000.0,6128669255.0,-2000000.0,0.0,-728000000.0,355000000.0,0.0,-373000000.0,-1366000000.0,0.0,1737000000.0,0.0,-369000000.0,-369000000.0,-369000000.0,0.0,0.0,-0.051,6168000000.0,1036000000.0,1157000000.0,0.0,14.985,-16.609,-16.796,6897000000.0,0.0,56.94,0.851,0.861,268000000.0,-1082000000.0,7204000000.0,7204000000.0,0.0,-0.024,-0.419,0.037,0.124,0.0,4564000000.0,1.0,107633812.0,108948554.0,108948554.0,66.123,12943000000.0,0.0,299000000.0,847000000.0,118.799,-800000000.0
10,CHTR,MRY,2010-12-31,2010-12-31,2010-12-31,2021-07-30,-57000000.0,15737000000.0,16119500000.0,356000000.0,15381000000.0,0.438,13.064,-1201000000.0,32000000.0,32000000.0,0.0,-237000000.0,0.339,9.647,12306000000.0,0.0,12306000000.0,12306000000.0,0.0,1524000000.0,0.0,0.0,0.0,935000000.0,2459000000.0,0.348,2459000000.0,935000000.0,58000000.0,-2.09,-2.09,-2.09,1478000000.0,1599000000.0,1478000000.0,16955927670.0,18.0,6.895,727000000.0,6.426,1.0,7059000000.0,1.0,2951000000.0,877000000.0,24011000000.0,24353500000.0,0.0,0.0,0.0,0.0,14259000000.0,1049000000.0,13210000000.0,4463927670.0,-705000000.0,0.0,-6000000.0,-1313000000.0,0.0,-1463000000.0,-1170000000.0,0.0,1928000000.0,0.0,-237000000.0,-237000000.0,-237000000.0,0.0,0.0,-0.034,6039000000.0,1020000000.0,1049000000.0,0.0,3.02,-18.835,-18.632,6819000000.0,0.0,38.94,0.632,0.624,247000000.0,-235000000.0,7059000000.0,7059000000.0,0.0,-0.015,-0.148,0.038,0.132,0.0,4486000000.0,1.0,114636047.0,113138461.0,113138461.0,62.393,12786000000.0,0.0,295000000.0,568000000.0,113.012,-693000000.0
11,CHTR,MRY,2009-12-31,2009-11-30,2009-11-30,2021-07-30,,,,,,,,-1036000000.0,,,0.0,10099000000.0,,,,,,,,1194000000.0,,,0.0,12033000000.0,13227000000.0,2.139,13227000000.0,12033000000.0,11013000000.0,30.0,12.61,30.0,,,,,,,-625000000.0,-1.65,1.0,6183000000.0,1.0,,1020000000.0,,,,,,,,,,,-261000000.0,-150000000.0,1614000000.0,-1093000000.0,0.0,521000000.0,-1193000000.0,0.0,411000000.0,0.0,11364000000.0,11364000000.0,11364000000.0,0.0,-1265000000.0,1.838,7246000000.0,-1063000000.0,,0.0,,,,,0.0,,,,,,6183000000.0,6183000000.0,0.0,,,,1.946,0.0,3927000000.0,1.0,,378784231.0,902067116.0,16.323,,,-351000000.0,,,
0,CHTR,MRQ,2021-06-30,2021-06-30,2021-06-30,2021-07-30,0.0,144026000000.0,,4682000000.0,139344000000.0,,104.036,-1931000000.0,1711000000.0,1711000000.0,0.0,1158000000.0,0.466,6.201,87964000000.0,1002000000.0,86962000000.0,87964000000.0,0.0,2354000000.0,0.0,0.0,0.0,2305000000.0,4659000000.0,0.364,4659000000.0,2305000000.0,1301000000.0,5.48,5.29,5.48,19342000000.0,,19342000000.0,220228201132.0,25.0,12.043,2068000000.0,11.123,1.0,12802000000.0,1.0,34341000000.0,1004000000.0,185900000000.0,,0.0,0.0,0.0,0.0,119940000000.0,10038000000.0,109902000000.0,136113201132.0,939000000.0,0.0,-3499000000.0,3111000000.0,0.0,-1044000000.0,-2016000000.0,0.0,3999000000.0,0.0,1020000000.0,1020000000.0,1020000000.0,0.0,138000000.0,0.08,10227000000.0,2575000000.0,9036000000.0,0.0,7.037,35.018,36.181,34206000000.0,0.0,721.45,2.723,2.683,2583000000.0,-3368000000.0,12802000000.0,12802000000.0,0.0,,,,,100000000.0,7882000000.0,1.0,188666160.0,185916505.0,199077390.0,68.859,109685000000.0,0.0,281000000.0,18678000000.0,589.969,-5356000000.0
1,CHTR,MRQ,2021-03-31,2021-03-31,2021-03-31,2021-07-30,0.0,143439000000.0,,3663000000.0,139776000000.0,,109.7,-1896000000.0,772000000.0,772000000.0,0.0,921000000.0,0.369,5.537,84887000000.0,1005000000.0,83882000000.0,84887000000.0,0.0,2441000000.0,0.0,0.0,0.0,2006000000.0,4447000000.0,0.355,4447000000.0,2006000000.0,1023000000.0,4.22,4.11,4.22,20997000000.0,,20997000000.0,201286896684.0,24.0,11.217,1855000000.0,9.692,1.0,12522000000.0,1.0,34739000000.0,983000000.0,182899000000.0,,0.0,0.0,0.0,0.0,116258000000.0,9916000000.0,106342000000.0,119535896684.0,-229000000.0,0.0,-3643000000.0,2153000000.0,0.0,-2024000000.0,-1956000000.0,0.0,3751000000.0,0.0,807000000.0,807000000.0,807000000.0,0.0,114000000.0,0.064,10454000000.0,2068000000.0,8911000000.0,0.0,5.693,32.903,33.939,34184000000.0,0.0,617.02,2.445,2.416,2395000000.0,-4388000000.0,12522000000.0,12522000000.0,0.0,,,,,134000000.0,7711000000.0,1.0,193730992.0,191404527.0,205872536.0,65.422,108700000000.0,0.0,216000000.0,18227000000.0,567.907,-6253000000.0
2,CHTR,MRQ,2020-12-31,2020-12-31,2020-12-31,2021-07-30,0.0,144206000000.0,,3909000000.0,140297000000.0,,120.924,-2534000000.0,1001000000.0,1001000000.0,0.0,1401000000.0,0.396,4.786,82752000000.0,1008000000.0,81744000000.0,82752000000.0,0.0,2409000000.0,0.0,0.0,0.0,2465000000.0,4874000000.0,0.386,4874000000.0,2465000000.0,1500000000.0,6.23,6.05,6.23,23805000000.0,,23805000000.0,210603390928.0,27.0,12.104,1615000000.0,8.204,1.0,12624000000.0,1.0,35169000000.0,965000000.0,180913000000.0,,0.0,0.0,0.0,0.0,113925000000.0,9875000000.0,104050000000.0,132227390928.0,-285000000.0,0.0,-4336000000.0,3044000000.0,0.0,-1864000000.0,-2570000000.0,0.0,4149000000.0,0.0,1246000000.0,1246000000.0,1246000000.0,0.0,155000000.0,0.099,10162000000.0,2462000000.0,8867000000.0,0.0,5.555,41.039,41.738,34357000000.0,0.0,661.55,2.749,2.797,2539000000.0,-5195000000.0,12624000000.0,12624000000.0,0.0,,,,,88000000.0,7718000000.0,1.0,199875128.0,196859724.0,202893645.0,64.127,109037000000.0,0.0,254000000.0,18108000000.0,553.882,-5966000000.0
3,CHTR,MRQ,2020-09-30,2020-09-30,2020-09-30,2021-07-30,0.0,144193000000.0,,4060000000.0,140133000000.0,,132.655,-1910000000.0,1286000000.0,1286000000.0,0.0,932000000.0,0.396,4.106,79662000000.0,1715000000.0,77947000000.0,79662000000.0,0.0,2370000000.0,0.0,0.0,0.0,1937000000.0,4307000000.0,0.358,4307000000.0,1937000000.0,991000000.0,4.01,3.9,4.01,26906000000.0,,26906000000.0,204193751544.0,29.0,12.173,1754000000.0,8.648,1.0,12039000000.0,1.0,35604000000.0,946000000.0,176709000000.0,,0.0,0.0,0.0,0.0,110481000000.0,10256000000.0,100225000000.0,127926751544.0,-816000000.0,0.0,-3311000000.0,1221000000.0,0.0,-2494000000.0,-1986000000.0,0.0,3664000000.0,0.0,814000000.0,814000000.0,814000000.0,0.0,118000000.0,0.068,9867000000.0,2172000000.0,8541000000.0,0.0,4.755,47.556,48.249,34196000000.0,0.0,624.34,2.708,2.681,2068000000.0,2016000000.0,12039000000.0,12039000000.0,0.0,,,,,83000000.0,7483000000.0,1.0,204899176.0,202826502.0,208722129.0,59.356,108589000000.0,0.0,177000000.0,17929000000.0,535.379,-6196000000.0
4,CHTR,MRQ,2020-06-30,2020-06-30,2020-06-30,2021-07-30,0.0,145136000000.0,,4765000000.0,140371000000.0,,142.659,-1663000000.0,2102000000.0,2102000000.0,0.0,876000000.0,0.521,3.704,78369000000.0,706000000.0,77663000000.0,78369000000.0,0.0,2428000000.0,0.0,0.0,0.0,1889000000.0,4317000000.0,0.369,4317000000.0,1889000000.0,932000000.0,3.72,3.63,3.72,29356000000.0,,29356000000.0,182057603702.0,28.0,11.129,1866000000.0,9.068,1.0,11696000000.0,1.0,36040000000.0,957000000.0,176221000000.0,,0.0,0.0,0.0,0.0,108735000000.0,9142000000.0,99593000000.0,105301603702.0,-834000000.0,0.0,-1127000000.0,-1321000000.0,0.0,-2612000000.0,-1751000000.0,0.0,3529000000.0,0.0,766000000.0,766000000.0,766000000.0,0.0,110000000.0,0.065,9727000000.0,1969000000.0,8436000000.0,0.0,3.587,46.532,47.667,34074000000.0,0.0,510.04,2.258,2.25,1994000000.0,1202000000.0,11696000000.0,11696000000.0,0.0,,,,,90000000.0,7297000000.0,1.0,206457540.0,205777438.0,210906946.0,56.838,109096000000.0,0.0,166000000.0,17789000000.0,530.165,-4377000000.0
5,CHTR,MRQ,2020-03-31,2020-03-31,2020-03-31,2021-07-30,0.0,146552000000.0,,5759000000.0,140793000000.0,,142.558,-1849000000.0,2936000000.0,2936000000.0,0.0,467000000.0,0.436,3.707,79692000000.0,4905000000.0,74787000000.0,79692000000.0,0.0,2497000000.0,0.0,0.0,0.0,1405000000.0,3902000000.0,0.332,3902000000.0,1405000000.0,425000000.0,1.91,1.86,1.91,29628000000.0,,29628000000.0,168336612417.0,28.0,10.597,1371000000.0,6.597,1.0,11738000000.0,1.0,36509000000.0,980000000.0,173584000000.0,,0.0,0.0,0.0,0.0,109830000000.0,13215000000.0,96615000000.0,91614612417.0,-613000000.0,0.0,-2236000000.0,709000000.0,0.0,-1983000000.0,-1850000000.0,0.0,3220000000.0,0.0,396000000.0,396000000.0,396000000.0,0.0,71000000.0,0.034,9936000000.0,1802000000.0,8310000000.0,0.0,3.092,50.588,52.004,34096000000.0,0.0,436.31,1.979,1.959,2091000000.0,436000000.0,11738000000.0,11738000000.0,0.0,,,,,90000000.0,7432000000.0,1.0,209975963.0,207831305.0,212810613.0,56.478,110043000000.0,0.0,29000000.0,17665000000.0,529.482,-7456000000.0
6,CHTR,MRQ,2019-12-31,2019-12-31,2019-12-31,2021-07-30,0.0,148188000000.0,,6471000000.0,141717000000.0,,147.926,-1778000000.0,3549000000.0,3549000000.0,0.0,822000000.0,0.522,3.478,79078000000.0,3500000000.0,75578000000.0,79078000000.0,0.0,2461000000.0,0.0,0.0,0.0,1788000000.0,4249000000.0,0.361,4249000000.0,1788000000.0,824000000.0,3.3,3.22,3.3,31445000000.0,,31445000000.0,179688540125.0,30.0,11.351,1580000000.0,7.433,1.0,11761000000.0,1.0,37007000000.0,964000000.0,174325000000.0,,0.0,0.0,0.0,0.0,109377000000.0,12385000000.0,96992000000.0,104185540125.0,2952000000.0,0.0,-2293000000.0,4050000000.0,0.0,1448000000.0,-1854000000.0,0.0,3358000000.0,0.0,714000000.0,714000000.0,714000000.0,0.0,108000000.0,0.061,9802000000.0,1959000000.0,8885000000.0,0.0,3.313,62.461,63.826,34591000000.0,0.0,485.08,2.277,2.327,2227000000.0,40000000.0,11761000000.0,11761000000.0,0.0,,,,,77000000.0,7309000000.0,1.0,214780119.0,212572703.0,219131568.0,55.327,111181000000.0,0.0,110000000.0,17711000000.0,523.026,-5914000000.0
7,CHTR,MRQ,2019-09-30,2019-09-30,2019-09-30,2021-07-30,-2000000.0,145267000000.0,,3388000000.0,141879000000.0,,150.911,-1672000000.0,597000000.0,597000000.0,0.0,467000000.0,0.283,3.177,76100000000.0,3719000000.0,72381000000.0,76100000000.0,0.0,2415000000.0,0.0,0.0,0.0,1476000000.0,3891000000.0,0.34,3891000000.0,1476000000.0,513000000.0,1.77,1.74,1.77,32974000000.0,,32974000000.0,164995374888.0,31.0,10.768,1271000000.0,5.817,1.0,11450000000.0,1.0,37510000000.0,963000000.0,171278000000.0,,0.0,0.0,0.0,0.0,104745000000.0,11982000000.0,92763000000.0,91275374888.0,-249000000.0,0.0,-2742000000.0,1664000000.0,0.0,-1461000000.0,-1731000000.0,0.0,2943000000.0,0.0,387000000.0,387000000.0,387000000.0,0.0,80000000.0,0.034,9864000000.0,1586000000.0,8263000000.0,0.0,2.768,73.02,73.462,35321000000.0,0.0,412.12,2.018,1.991,2284000000.0,3734000000.0,11450000000.0,11450000000.0,0.0,,,,,71000000.0,7435000000.0,1.0,221477664.0,218499213.0,222355867.0,52.403,107757000000.0,0.0,126000000.0,17609000000.0,493.169,-8594000000.0
8,CHTR,MRQ,2019-06-30,2019-06-30,2019-06-30,2021-07-30,-2000000.0,146085000000.0,,3340000000.0,142745000000.0,,158.666,-1649000000.0,846000000.0,846000000.0,0.0,386000000.0,0.338,2.919,74566000000.0,1730000000.0,72836000000.0,74566000000.0,0.0,2500000000.0,0.0,0.0,0.0,1343000000.0,3843000000.0,0.339,3843000000.0,1343000000.0,398000000.0,1.41,1.39,1.41,35286000000.0,,35286000000.0,161945402683.0,30.0,10.504,1112000000.0,5.0,1.0,11347000000.0,1.0,38015000000.0,945000000.0,171915000000.0,,0.0,0.0,0.0,0.0,102991000000.0,9875000000.0,93116000000.0,88286402683.0,-780000000.0,0.0,-824000000.0,-728000000.0,0.0,-1875000000.0,-1666000000.0,0.0,2761000000.0,0.0,314000000.0,314000000.0,314000000.0,0.0,72000000.0,0.028,9806000000.0,1541000000.0,8145000000.0,0.0,2.502,65.108,66.084,35641000000.0,0.0,395.18,1.976,1.967,2070000000.0,3347000000.0,11347000000.0,11347000000.0,0.0,,,,,82000000.0,7244000000.0,1.0,223408074.0,222392274.0,225942172.0,51.022,108070000000.0,0.0,84000000.0,17522000000.0,485.943,-6535000000.0
9,CHTR,MRQ,2019-03-31,2019-03-31,2019-03-31,2021-07-30,-2000000.0,147257000000.0,,3751000000.0,143506000000.0,,159.079,-2041000000.0,1626000000.0,1626000000.0,0.0,317000000.0,0.314,2.9,75285000000.0,3737000000.0,71548000000.0,75285000000.0,0.0,2550000000.0,0.0,0.0,0.0,1297000000.0,3847000000.0,0.343,3847000000.0,1297000000.0,372000000.0,1.13,1.11,1.13,35734000000.0,,35734000000.0,150239489186.0,29.0,9.782,645000000.0,2.871,1.0,11206000000.0,1.0,38551000000.0,925000000.0,170415000000.0,,0.0,0.0,0.0,0.0,103614000000.0,11950000000.0,91664000000.0,78177489186.0,861000000.0,0.0,-896000000.0,1287000000.0,0.0,255000000.0,-2080000000.0,0.0,2686000000.0,0.0,253000000.0,253000000.0,253000000.0,0.0,64000000.0,0.023,9781000000.0,1425000000.0,8213000000.0,0.0,2.188,59.451,60.437,35960000000.0,0.0,346.91,1.769,1.764,1578000000.0,3033000000.0,11206000000.0,11206000000.0,0.0,,,,,85000000.0,7236000000.0,1.0,225353807.0,224630122.0,227595365.0,49.886,108706000000.0,0.0,119000000.0,17473000000.0,483.933,-8199000000.0
10,CHTR,MRQ,2018-12-31,2018-12-31,2018-12-31,2021-07-30,-2000000.0,146130000000.0,,2730000000.0,143400000000.0,,159.883,-2283000000.0,765000000.0,765000000.0,0.0,360000000.0,0.226,2.807,72827000000.0,3290000000.0,69537000000.0,72827000000.0,0.0,2534000000.0,0.0,0.0,0.0,1208000000.0,3742000000.0,0.333,3742000000.0,1208000000.0,298000000.0,1.3,1.29,1.3,36285000000.0,,36285000000.0,137048674689.0,28.0,8.976,885000000.0,3.9,1.0,11231000000.0,1.0,39119000000.0,910000000.0,166978000000.0,,0.0,0.0,0.0,0.0,101858000000.0,12095000000.0,89763000000.0,65234674689.0,105000000.0,0.0,-1172000000.0,635000000.0,0.0,-757000000.0,-2306000000.0,0.0,3168000000.0,0.0,296000000.0,296000000.0,296000000.0,0.0,64000000.0,0.026,9792000000.0,1439000000.0,8805000000.0,0.0,1.798,53.036,53.87,35126000000.0,0.0,284.97,1.495,1.518,1733000000.0,2780000000.0,11231000000.0,11231000000.0,0.0,,,,,67000000.0,7139000000.0,1.0,228917692.0,226947170.0,230069132.0,49.487,107011000000.0,0.0,2000000.0,17389000000.0,471.524,-9365000000.0
11,CHTR,MRQ,2018-09-30,2018-09-30,2018-09-30,2021-07-30,-2000000.0,146085000000.0,,2729000000.0,143356000000.0,,160.938,-2272000000.0,660000000.0,660000000.0,0.0,584000000.0,0.23,2.718,72474000000.0,3339000000.0,69135000000.0,72474000000.0,0.0,2482000000.0,0.0,0.0,0.0,1503000000.0,3985000000.0,0.366,3985000000.0,1503000000.0,602000000.0,2.14,2.11,2.14,37105000000.0,,37105000000.0,146903817834.0,30.0,9.493,532000000.0,2.307,1.0,10892000000.0,1.0,39690000000.0,901000000.0,166359000000.0,,0.0,0.0,0.0,0.0,100857000000.0,11850000000.0,89007000000.0,75559817834.0,-113000000.0,0.0,-920000000.0,618000000.0,0.0,-594000000.0,-2323000000.0,0.0,2804000000.0,0.0,493000000.0,493000000.0,493000000.0,0.0,91000000.0,0.045,9512000000.0,1380000000.0,8511000000.0,0.0,2.036,7.205,7.898,34740000000.0,0.0,325.88,1.757,1.747,1736000000.0,4828000000.0,10892000000.0,10892000000.0,0.0,,,,,71000000.0,7012000000.0,1.0,231863931.0,230554633.0,233607414.0,47.243,106395000000.0,0.0,109000000.0,17421000000.0,461.474,-9121000000.0
12,CHTR,MRQ,2018-06-30,2018-06-30,2018-06-30,2021-07-30,-2000000.0,146251000000.0,,2750000000.0,143501000000.0,,159.848,-2292000000.0,773000000.0,773000000.0,0.0,339000000.0,0.196,2.687,72117000000.0,5387000000.0,66730000000.0,72117000000.0,0.0,2592000000.0,0.0,0.0,0.0,1192000000.0,3784000000.0,0.349,3784000000.0,1192000000.0,314000000.0,1.17,1.15,1.17,37443000000.0,,37443000000.0,139999657881.0,32.0,9.3,804000000.0,3.432,1.0,10854000000.0,1.0,40264000000.0,878000000.0,163307000000.0,,0.0,0.0,0.0,0.0,100609000000.0,14024000000.0,86585000000.0,69626657881.0,197000000.0,0.0,-1657000000.0,1367000000.0,0.0,-530000000.0,-2369000000.0,0.0,3096000000.0,0.0,273000000.0,273000000.0,273000000.0,0.0,66000000.0,0.025,9494000000.0,1360000000.0,8637000000.0,0.0,1.86,6.934,7.459,34411000000.0,0.0,293.21,1.636,1.613,1619000000.0,4307000000.0,10854000000.0,10854000000.0,0.0,,,,,70000000.0,6873000000.0,1.0,237463449.0,234241769.0,237073566.0,46.337,105987000000.0,0.0,41000000.0,17376000000.0,452.468,-11274000000.0
13,CHTR,MRQ,2018-03-31,2018-03-31,2018-03-31,2021-07-30,-1000000.0,146151000000.0,,2398000000.0,143753000000.0,,163.054,-2748000000.0,576000000.0,576000000.0,0.0,223000000.0,0.207,2.554,70949000000.0,3340000000.0,67609000000.0,70949000000.0,0.0,2710000000.0,0.0,0.0,0.0,1047000000.0,3757000000.0,0.353,3757000000.0,1047000000.0,196000000.0,0.71,0.7,0.71,38768000000.0,,38768000000.0,143837855682.0,35.0,9.719,-49000000.0,-0.206,1.0,10657000000.0,1.0,40869000000.0,851000000.0,164053000000.0,,0.0,0.0,0.0,0.0,99026000000.0,11602000000.0,87424000000.0,74227855682.0,-45000000.0,0.0,-581000000.0,744000000.0,0.0,-6000000.0,-2738000000.0,0.0,2699000000.0,0.0,168000000.0,168000000.0,168000000.0,0.0,55000000.0,0.016,9615000000.0,1042000000.0,8262000000.0,0.0,1.915,7.492,8.048,34002000000.0,0.0,311.22,1.764,1.759,1409000000.0,4034000000.0,10657000000.0,10657000000.0,0.0,,,,,77000000.0,6836000000.0,1.0,238506059.0,237762295.0,241420722.0,44.822,105282000000.0,0.0,28000000.0,17351000000.0,442.804,-9204000000.0
14,CHTR,MRQ,2017-12-31,2017-12-31,2017-12-31,2021-07-30,-1000000.0,146623000000.0,,2555000000.0,144068000000.0,,162.404,-2041000000.0,621000000.0,621000000.0,0.0,9617000000.0,0.23,2.535,70231000000.0,2045000000.0,68186000000.0,70231000000.0,0.0,2742000000.0,0.0,0.0,0.0,1207000000.0,3949000000.0,0.372,3949000000.0,1207000000.0,367000000.0,37.24,32.8,37.24,39084000000.0,,39084000000.0,149491161407.0,38.0,10.32,1217000000.0,5.057,1.0,10602000000.0,1.0,41505000000.0,840000000.0,163638000000.0,,0.0,0.0,0.0,0.0,99092000000.0,11090000000.0,88002000000.0,83523161407.0,-1543000000.0,0.0,-3962000000.0,2160000000.0,0.0,-2586000000.0,-2215000000.0,0.0,3258000000.0,0.0,9553000000.0,9553000000.0,9553000000.0,0.0,64000000.0,0.901,9393000000.0,1209000000.0,9045000000.0,0.0,2.137,8.441,8.715,33888000000.0,0.0,335.96,2.009,2.074,1635000000.0,3832000000.0,10602000000.0,10602000000.0,0.0,,,,,69000000.0,6684000000.0,1.0,248610434.0,240659051.0,296703956.0,44.054,105118000000.0,0.0,-9186000000.0,17314000000.0,436.792,-8535000000.0
15,CHTR,MRQ,2017-09-30,2017-09-30,2017-09-30,2021-07-30,-2000000.0,148228000000.0,,4132000000.0,144096000000.0,,130.862,-2314000000.0,2164000000.0,2164000000.0,0.0,92000000.0,0.397,3.179,68132000000.0,2068000000.0,66064000000.0,68132000000.0,0.0,2701000000.0,0.0,0.0,0.0,862000000.0,3563000000.0,0.341,3563000000.0,862000000.0,74000000.0,0.19,0.19,0.19,33229000000.0,,33229000000.0,156274106247.0,38.0,10.834,594000000.0,2.339,1.0,10458000000.0,1.0,42143000000.0,788000000.0,161634000000.0,,0.0,0.0,0.0,0.0,105650000000.0,10419000000.0,95231000000.0,93720106247.0,1470000000.0,0.0,-3500000000.0,4923000000.0,0.0,890000000.0,-2328000000.0,0.0,2908000000.0,0.0,48000000.0,48000000.0,48000000.0,0.0,44000000.0,0.005,9569000000.0,889000000.0,8351000000.0,0.0,2.82,117.739,198.59,33300000000.0,0.0,363.42,2.272,2.237,1652000000.0,1206000000.0,10458000000.0,10458000000.0,0.0,,,,,70000000.0,6703000000.0,1.0,257883733.0,253923805.0,258341851.0,41.186,106085000000.0,0.0,26000000.0,26576000000.0,417.783,-6287000000.0
16,CHTR,MRQ,2017-06-30,2017-06-30,2017-06-30,2021-07-30,-4000000.0,146960000000.0,,2564000000.0,144396000000.0,,139.026,-1801000000.0,694000000.0,694000000.0,0.0,195000000.0,0.316,2.745,63248000000.0,0.0,63248000000.0,63248000000.0,0.0,2595000000.0,0.0,0.0,0.0,936000000.0,3531000000.0,0.341,3531000000.0,936000000.0,187000000.0,0.53,0.52,0.53,36628000000.0,,36628000000.0,150044155763.0,36.0,10.546,1144000000.0,4.342,1.0,10357000000.0,1.0,42785000000.0,749000000.0,158606000000.0,,0.0,0.0,0.0,0.0,100527000000.0,8123000000.0,92404000000.0,90120155763.0,-2226000000.0,0.0,-3314000000.0,431000000.0,0.0,-3328000000.0,-1843000000.0,0.0,2945000000.0,0.0,139000000.0,139000000.0,139000000.0,0.0,56000000.0,0.013,9294000000.0,1063000000.0,8123000000.0,0.0,2.46,96.179,143.953,32948000000.0,0.0,336.85,2.207,2.173,1489000000.0,1158000000.0,10357000000.0,10357000000.0,0.0,,,,,85000000.0,6575000000.0,1.0,267537942.0,263460911.0,267309261.0,39.311,104175000000.0,0.0,48000000.0,26574000000.0,395.41,-5559000000.0
17,CHTR,MRQ,2017-03-31,2017-03-31,2017-03-31,2021-07-30,-6000000.0,149444000000.0,,4666000000.0,144778000000.0,,147.655,-1705000000.0,2920000000.0,2920000000.0,0.0,211000000.0,0.49,2.506,62844000000.0,2007000000.0,60837000000.0,62844000000.0,0.0,2550000000.0,0.0,0.0,0.0,893000000.0,3443000000.0,0.339,3443000000.0,893000000.0,180000000.0,0.58,0.57,0.58,39720000000.0,,39720000000.0,148227625277.0,40.0,11.752,1138000000.0,4.23,1.0,10164000000.0,1.0,43430000000.0,713000000.0,156418000000.0,,0.0,0.0,0.0,0.0,99540000000.0,9520000000.0,90020000000.0,88015625277.0,1385000000.0,0.0,-823000000.0,1144000000.0,0.0,254000000.0,-1712000000.0,0.0,2843000000.0,0.0,155000000.0,155000000.0,155000000.0,0.0,56000000.0,0.015,9219000000.0,945000000.0,7513000000.0,0.0,2.216,22.772,17.655,32699000000.0,0.0,327.32,2.402,2.403,1311000000.0,1019000000.0,10164000000.0,10164000000.0,0.0,,,,,86000000.0,6579000000.0,1.0,268897792.0,269004817.0,273199509.0,37.784,106014000000.0,0.0,25000000.0,26576000000.0,394.097,-4854000000.0
18,CHTR,MRQ,2016-12-31,2016-12-31,2016-12-31,2021-07-30,-7000000.0,149067000000.0,,3300000000.0,145767000000.0,,194.341,-30181000000.0,1535000000.0,1535000000.0,0.0,569000000.0,0.345,2.459,61747000000.0,2028000000.0,59719000000.0,61747000000.0,0.0,2495000000.0,0.0,0.0,0.0,1392000000.0,3887000000.0,0.378,3887000000.0,1392000000.0,664000000.0,0.53,0.71,0.53,40139000000.0,,40139000000.0,138760979377.0,45.0,13.872,-26955000000.0,-130.508,1.0,10275000000.0,1.0,44117000000.0,728000000.0,155590000000.0,,0.0,0.0,0.0,0.0,98701000000.0,9572000000.0,89129000000.0,77929979377.0,-21894000000.0,28810000000.0,-1099000000.0,-55000000.0,0.0,-1471000000.0,-23649000000.0,-22264000000.0,3226000000.0,0.0,454000000.0,454000000.0,454000000.0,0.0,115000000.0,0.044,8840000000.0,1435000000.0,7544000000.0,0.0,1.942,22.127,16.887,32963000000.0,0.0,287.92,2.687,2.05,1432000000.0,733000000.0,10275000000.0,10275000000.0,0.0,,,,,122000000.0,6498000000.0,1.0,270665391.0,206539100.0,234791439.0,49.748,104950000000.0,0.0,210000000.0,26665000000.0,508.136,-6272000000.0
19,CHTR,MRQ,2016-09-30,2016-09-30,2016-09-30,2021-07-30,-8000000.0,148897000000.0,,2781000000.0,146116000000.0,,148.479,-1800000000.0,1165000000.0,1165000000.0,0.0,250000000.0,0.322,2.429,61996000000.0,2050000000.0,59946000000.0,61996000000.0,0.0,2437000000.0,0.0,0.0,0.0,929000000.0,3366000000.0,0.335,3366000000.0,929000000.0,205000000.0,0.7,0.69,0.7,40277000000.0,,40277000000.0,134790385725.0,66.0,19.294,1001000000.0,3.69,1.0,10037000000.0,1.0,45604000000.0,724000000.0,155477000000.0,,0.0,0.0,0.0,0.0,97822000000.0,8647000000.0,89175000000.0,73142385725.0,610000000.0,0.0,-302000000.0,-50000000.0,0.0,-389000000.0,-1802000000.0,0.0,2801000000.0,0.0,189000000.0,189000000.0,189000000.0,0.0,61000000.0,0.019,9118000000.0,919000000.0,6597000000.0,0.0,1.816,24.828,18.787,32881000000.0,0.0,269.97,3.444,3.448,1242000000.0,1007000000.0,10037000000.0,10037000000.0,0.0,,,,,138000000.0,6482000000.0,1.0,270927828.0,271263259.0,275373202.0,37.001,103293000000.0,0.0,16000000.0,26260000000.0,380.785,-5866000000.0
20,CHTR,MRQ,2016-06-30,2016-06-30,2016-06-30,2021-07-30,-9000000.0,149195000000.0,,2325000000.0,146870000000.0,,219.456,-1066000000.0,555000000.0,555000000.0,0.0,3114000000.0,0.264,2.439,62203000000.0,2071000000.0,60132000000.0,62203000000.0,0.0,1436000000.0,0.0,0.0,0.0,481000000.0,1917000000.0,0.311,1917000000.0,481000000.0,-112000000.0,16.73,15.17,16.73,40240000000.0,,40240000000.0,39247705469.0,29.0,8.874,524000000.0,2.858,1.0,6161000000.0,1.0,45846000000.0,593000000.0,156190000000.0,,0.0,0.0,0.0,0.0,98163000000.0,8807000000.0,89356000000.0,25714705469.0,-723000000.0,-28810000000.0,4936000000.0,249000000.0,0.0,5254000000.0,-7567000000.0,22313000000.0,1590000000.0,0.0,3067000000.0,3067000000.0,3067000000.0,0.0,47000000.0,0.498,5473000000.0,688000000.0,6736000000.0,0.0,0.639,9.148,16.09,33358000000.0,0.0,228.64,1.883,3.071,1340000000.0,818000000.0,6161000000.0,6161000000.0,0.0,,,,,208000000.0,4004000000.0,1.0,112468096.0,183362776.0,205214266.0,33.6,103349000000.0,0.0,-3179000000.0,26339000000.0,563.631,-6482000000.0
21,CHTR,MRQ,2016-03-31,2016-03-31,2016-03-31,2021-07-30,-11000000.0,40524000000.0,,1612000000.0,38912000000.0,,-2.157,-485000000.0,23591000000.0,23591000000.0,0.0,-188000000.0,0.837,-186.041,37124000000.0,0.0,37124000000.0,37124000000.0,0.0,539000000.0,0.0,0.0,0.0,294000000.0,833000000.0,0.329,833000000.0,294000000.0,-160000000.0,-1.86,-1.86,-1.86,-219000000.0,,-219000000.0,36214991952.0,35.0,11.403,-61000000.0,-0.601,1.0,2530000000.0,1.0,1968000000.0,454000000.0,50164000000.0,,0.0,0.0,0.0,0.0,40743000000.0,1925000000.0,38818000000.0,22760991952.0,1273000000.0,0.0,-11000000.0,1395000000.0,0.0,1385000000.0,-536000000.0,-49000000.0,424000000.0,0.0,-188000000.0,-188000000.0,-188000000.0,0.0,0.0,-0.074,2231000000.0,299000000.0,1925000000.0,0.0,-103.931,-60.214,-54.271,8294000000.0,0.0,202.43,2.294,2.072,253000000.0,-2249000000.0,2530000000.0,2530000000.0,0.0,,,,,24000000.0,1671000000.0,1.0,112438828.0,101552093.0,101552093.0,24.913,38556000000.0,0.0,28000000.0,1618000000.0,379.667,-313000000.0
22,CHTR,MRQ,2015-12-31,2015-12-31,2015-12-31,2021-07-30,-13000000.0,39316000000.0,,345000000.0,38971000000.0,,-0.454,-531000000.0,22269000000.0,22269000000.0,0.0,-122000000.0,0.175,-855.696,35723000000.0,0.0,35723000000.0,35723000000.0,0.0,545000000.0,0.0,0.0,0.0,325000000.0,870000000.0,0.346,870000000.0,325000000.0,-110000000.0,-1.2,-1.2,-1.2,-46000000.0,,-46000000.0,34207335249.0,35.0,11.035,80000000.0,0.789,1.0,2512000000.0,1.0,2024000000.0,435000000.0,48774000000.0,,0.0,0.0,0.0,0.0,39362000000.0,1972000000.0,37390000000.0,20552335249.0,5000000.0,0.0,-36000000.0,2567000000.0,0.0,2561000000.0,-3167000000.0,-2638000000.0,611000000.0,0.0,-122000000.0,-122000000.0,-122000000.0,0.0,0.0,-0.049,2193000000.0,319000000.0,1972000000.0,0.0,-446.79,-75.839,-68.321,8345000000.0,0.0,183.1,2.107,1.899,279000000.0,-2061000000.0,2512000000.0,2512000000.0,0.0,,,,,20000000.0,1624000000.0,1.0,112246506.0,101368827.0,101368827.0,24.781,37292000000.0,0.0,12000000.0,1590000000.0,367.884,-1627000000.0
23,CHTR,MRQ,2015-09-30,2015-09-30,2015-09-30,2021-07-30,-15000000.0,36873000000.0,,406000000.0,36467000000.0,,0.593,-481000000.0,19626000000.0,19626000000.0,0.0,54000000.0,0.222,613.55,33281000000.0,0.0,33281000000.0,33281000000.0,0.0,538000000.0,0.0,0.0,0.0,265000000.0,803000000.0,0.328,803000000.0,265000000.0,-88000000.0,0.54,0.53,0.54,60000000.0,,60000000.0,33518121736.0,36.0,11.037,208000000.0,2.055,1.0,2450000000.0,1.0,2084000000.0,353000000.0,46615000000.0,,0.0,0.0,0.0,0.0,36813000000.0,1829000000.0,34984000000.0,19652121736.0,-30000000.0,0.0,15000000.0,19373000000.0,0.0,19388000000.0,-20107000000.0,-19626000000.0,689000000.0,0.0,54000000.0,54000000.0,54000000.0,0.0,0.0,0.022,2180000000.0,270000000.0,1829000000.0,0.0,327.535,-99.757,-86.847,8281000000.0,0.0,175.43,2.047,1.849,292000000.0,-1911000000.0,2450000000.0,2450000000.0,0.0,,,,,20000000.0,1620000000.0,1.0,112022583.0,101205400.0,102481924.0,24.208,34789000000.0,0.0,-142000000.0,1616000000.0,343.746,-1423000000.0
24,CHTR,MRQ,2015-06-30,2015-06-30,2015-06-30,2021-07-30,-17000000.0,17319000000.0,,456000000.0,16863000000.0,,-0.307,-373000000.0,30000000.0,30000000.0,0.0,-122000000.0,0.279,-559.677,13896000000.0,0.0,13896000000.0,13896000000.0,0.0,528000000.0,0.0,0.0,0.0,142000000.0,670000000.0,0.276,670000000.0,142000000.0,-87000000.0,-1.21,-1.21,-1.21,-31000000.0,,-31000000.0,33015798668.0,37.0,11.035,158000000.0,1.563,1.0,2430000000.0,1.0,2146000000.0,229000000.0,27403000000.0,,0.0,0.0,0.0,0.0,17350000000.0,1636000000.0,15714000000.0,19183798668.0,10000000.0,0.0,-7000000.0,-7197000000.0,0.0,-7204000000.0,6683000000.0,7112000000.0,531000000.0,0.0,-122000000.0,-122000000.0,-122000000.0,0.0,0.0,-0.05,2161000000.0,269000000.0,1636000000.0,0.0,-618.832,-63.105,-56.148,8244000000.0,0.0,171.25,2.032,1.834,321000000.0,-1965000000.0,2430000000.0,2430000000.0,0.0,,,,,38000000.0,1601000000.0,1.0,112022182.0,101074644.0,101074644.0,24.042,15173000000.0,0.0,35000000.0,1745000000.0,150.117,-1180000000.0
25,CHTR,MRQ,2015-03-31,2015-03-31,2015-03-31,2021-07-30,-19000000.0,24410000000.0,,7502000000.0,16908000000.0,,0.69,-427000000.0,7132000000.0,7132000000.0,0.0,-81000000.0,0.875,316.013,20964000000.0,6983000000.0,13981000000.0,20964000000.0,0.0,514000000.0,0.0,0.0,0.0,243000000.0,757000000.0,0.32,757000000.0,243000000.0,-46000000.0,-0.73,-0.73,-0.73,77000000.0,,77000000.0,35537259557.0,37.0,11.538,101000000.0,0.905,1.0,2362000000.0,1.0,2210000000.0,289000000.0,27463000000.0,,0.0,0.0,0.0,0.0,24333000000.0,8569000000.0,15764000000.0,21628259557.0,17000000.0,0.0,-10000000.0,-60000000.0,0.0,-70000000.0,-441000000.0,-1000000.0,528000000.0,0.0,-81000000.0,-81000000.0,-81000000.0,0.0,0.0,-0.034,2113000000.0,249000000.0,1586000000.0,0.0,280.886,-95.279,-85.447,8275000000.0,0.0,193.11,2.334,2.326,264000000.0,-1843000000.0,2362000000.0,2362000000.0,0.0,,,,,0.0,1581000000.0,1.0,111999687.0,111655617.0,111655617.0,21.154,22200000000.0,0.0,35000000.0,1706000000.0,198.826,-1067000000.0
26,CHTR,MRQ,2014-12-31,2014-12-31,2014-12-31,2021-07-30,-22000000.0,24388000000.0,,345000000.0,24043000000.0,,1.49,-530000000.0,7114000000.0,7114000000.0,0.0,-48000000.0,0.211,166.041,20887000000.0,0.0,20887000000.0,20887000000.0,0.0,534000000.0,0.0,0.0,0.0,273000000.0,807000000.0,0.342,807000000.0,273000000.0,0.0,-0.62,-0.62,-0.62,146000000.0,,146000000.0,32278287645.0,33.0,10.528,100000000.0,1.02,1.0,2360000000.0,1.0,2273000000.0,273000000.0,34253000000.0,,0.0,0.0,0.0,0.0,24242000000.0,1635000000.0,22607000000.0,18206287645.0,-7000000.0,0.0,-44000000.0,3424000000.0,0.0,3502000000.0,-4139000000.0,-3598000000.0,630000000.0,0.0,-48000000.0,-48000000.0,-48000000.0,0.0,0.0,-0.02,2083000000.0,277000000.0,1635000000.0,0.0,124.701,-99.488,-88.628,8373000000.0,0.0,166.62,1.999,1.793,285000000.0,-1762000000.0,2360000000.0,2360000000.0,0.0,,,,,55000000.0,1529000000.0,1.0,109268321.0,97991915.0,97991915.0,24.084,22115000000.0,0.0,48000000.0,1648000000.0,225.682,-1290000000.0
27,CHTR,MRQ,2014-09-30,2014-09-30,2014-09-30,2021-07-30,-25000000.0,20950000000.0,,370000000.0,20580000000.0,,0.892,-582000000.0,3523000000.0,3523000000.0,0.0,-53000000.0,0.233,214.979,17595000000.0,0.0,17595000000.0,17595000000.0,0.0,535000000.0,0.0,0.0,0.0,223000000.0,758000000.0,0.331,758000000.0,223000000.0,6000000.0,-0.49,-0.49,-0.49,97000000.0,,97000000.0,30455575031.0,33.0,10.135,-62000000.0,-0.57,1.0,2287000000.0,1.0,2345000000.0,217000000.0,31091000000.0,,0.0,0.0,0.0,0.0,20853000000.0,1586000000.0,19267000000.0,16445575031.0,1000000.0,0.0,13000000.0,3567000000.0,0.0,3580000000.0,-4099000000.0,-3513000000.0,520000000.0,0.0,-53000000.0,-53000000.0,-53000000.0,0.0,0.0,-0.023,2069000000.0,218000000.0,1586000000.0,0.0,169.542,-171.308,-176.012,8305000000.0,0.0,151.37,1.849,1.851,270000000.0,-1703000000.0,2287000000.0,2287000000.0,0.0,,,,,0.0,1518000000.0,1.0,108644877.0,108792605.0,108792605.0,21.022,18605000000.0,0.0,59000000.0,1610000000.0,171.013,-1216000000.0
28,CHTR,MRQ,2014-06-30,2014-06-30,2014-06-30,2021-07-30,-30000000.0,17369000000.0,,337000000.0,17032000000.0,,1.102,-562000000.0,9000000.0,9000000.0,0.0,-45000000.0,0.21,144.958,14019000000.0,0.0,14019000000.0,14019000000.0,0.0,528000000.0,0.0,0.0,0.0,230000000.0,758000000.0,0.336,758000000.0,230000000.0,20000000.0,-0.42,-0.42,-0.42,119000000.0,,119000000.0,31226236154.0,34.0,10.618,70000000.0,0.648,1.0,2259000000.0,1.0,2415000000.0,210000000.0,27358000000.0,,0.0,0.0,0.0,0.0,17250000000.0,1606000000.0,15644000000.0,17140236154.0,5000000.0,0.0,17000000.0,-76000000.0,0.0,-60000000.0,-567000000.0,0.0,632000000.0,0.0,-45000000.0,-45000000.0,-45000000.0,0.0,0.0,-0.02,2023000000.0,236000000.0,1606000000.0,0.0,144.036,-151.684,-150.838,8197000000.0,0.0,158.38,1.964,1.96,252000000.0,-1650000000.0,2259000000.0,2259000000.0,0.0,,,,,0.0,1479000000.0,1.0,108222226.0,107975937.0,107975937.0,20.921,14954000000.0,0.0,65000000.0,1554000000.0,138.494,-1269000000.0
29,CHTR,MRQ,2014-03-31,2014-03-31,2014-03-31,2021-07-30,-35000000.0,17297000000.0,,304000000.0,16993000000.0,,1.193,-503000000.0,4000000.0,4000000.0,0.0,-37000000.0,0.2,135.197,14090000000.0,0.0,14090000000.0,14090000000.0,0.0,505000000.0,0.0,0.0,0.0,238000000.0,743000000.0,0.337,743000000.0,238000000.0,27000000.0,-0.35,-0.35,-0.35,127000000.0,,127000000.0,27236950040.0,32.0,9.755,74000000.0,0.695,1.0,2202000000.0,1.0,2494000000.0,211000000.0,27366000000.0,,0.0,0.0,0.0,0.0,17170000000.0,1523000000.0,15647000000.0,13076950040.0,-17000000.0,0.0,-5000000.0,-95000000.0,0.0,-95000000.0,-499000000.0,0.0,577000000.0,0.0,-37000000.0,-37000000.0,-37000000.0,0.0,0.0,-0.017,1962000000.0,240000000.0,1523000000.0,0.0,102.968,-79.738,-77.484,8079000000.0,0.0,123.2,1.549,1.554,217000000.0,-1605000000.0,2202000000.0,2202000000.0,0.0,,,,,0.0,1447000000.0,1.0,106144075.0,106439198.0,106439198.0,20.688,14803000000.0,0.0,64000000.0,1492000000.0,139.075,-1219000000.0
30,CHTR,MRQ,2013-12-31,2013-12-31,2013-12-31,2021-07-30,-41000000.0,17295000000.0,,322000000.0,16973000000.0,,1.454,-514000000.0,21000000.0,21000000.0,0.0,39000000.0,0.219,113.536,14181000000.0,0.0,14181000000.0,14181000000.0,0.0,500000000.0,0.0,0.0,0.0,246000000.0,746000000.0,0.347,746000000.0,246000000.0,35000000.0,0.4,0.4,0.4,151000000.0,,151000000.0,28506209660.0,36.0,10.753,81000000.0,0.78,1.0,2148000000.0,1.0,2566000000.0,211000000.0,27422000000.0,,0.0,0.0,0.0,0.0,17144000000.0,1467000000.0,15677000000.0,14241209660.0,-20000000.0,0.0,33000000.0,-130000000.0,0.0,-98000000.0,-517000000.0,0.0,595000000.0,0.0,39000000.0,39000000.0,39000000.0,0.0,0.0,0.018,1904000000.0,244000000.0,1467000000.0,0.0,94.313,-84.268,-82.885,7981000000.0,0.0,136.76,1.746,1.709,234000000.0,-1568000000.0,2148000000.0,2148000000.0,0.0,,,,,0.0,1395000000.0,1.0,104132858.0,103857432.0,103857432.0,20.682,14729000000.0,0.0,-4000000.0,1431000000.0,141.819,-1145000000.0
31,CHTR,MRQ,2013-09-30,2013-09-30,2013-09-30,2021-07-30,-48000000.0,17250000000.0,,357000000.0,16893000000.0,,0.593,-1079000000.0,41000000.0,41000000.0,0.0,-70000000.0,0.258,281.787,14306000000.0,0.0,14306000000.0,14306000000.0,0.0,493000000.0,0.0,0.0,0.0,201000000.0,694000000.0,0.328,694000000.0,201000000.0,-13000000.0,-0.68,-0.68,-0.68,61000000.0,,61000000.0,26438575786.0,34.0,10.184,-541000000.0,-5.256,1.0,2118000000.0,1.0,2624000000.0,214000000.0,27509000000.0,,0.0,0.0,0.0,0.0,17189000000.0,1382000000.0,15807000000.0,13670575786.0,-3000000.0,0.0,51000000.0,489000000.0,0.0,539000000.0,-1080000000.0,0.0,538000000.0,0.0,-70000000.0,-70000000.0,-70000000.0,0.0,0.0,-0.033,1909000000.0,209000000.0,1382000000.0,0.0,224.108,-55.123,-54.78,7838000000.0,0.0,134.76,1.726,1.751,235000000.0,-1600000000.0,2118000000.0,2118000000.0,0.0,,,,,0.0,1397000000.0,1.0,101443869.0,102924443.0,102924443.0,20.578,14626000000.0,0.0,57000000.0,1432000000.0,142.104,-1025000000.0
32,CHTR,MRQ,2013-06-30,2013-06-30,2013-06-30,2021-07-30,-56000000.0,15589000000.0,,333000000.0,15256000000.0,,0.606,-409000000.0,44000000.0,44000000.0,0.0,-96000000.0,0.26,254.557,12812000000.0,0.0,12812000000.0,12812000000.0,0.0,436000000.0,0.0,0.0,0.0,173000000.0,609000000.0,0.309,609000000.0,173000000.0,-38000000.0,-0.96,-0.96,-0.96,61000000.0,,61000000.0,25263930777.0,32.0,9.958,75000000.0,0.746,1.0,1972000000.0,1.0,2247000000.0,211000000.0,24830000000.0,,0.0,0.0,0.0,0.0,15528000000.0,1280000000.0,14248000000.0,12539930777.0,-21000000.0,0.0,5000000.0,-95000000.0,0.0,-91000000.0,-414000000.0,0.0,484000000.0,0.0,-96000000.0,-96000000.0,-96000000.0,0.0,0.0,-0.049,1738000000.0,234000000.0,1280000000.0,0.0,205.573,-47.32,-46.736,7313000000.0,0.0,123.85,1.632,1.622,223000000.0,-1530000000.0,1972000000.0,1972000000.0,0.0,,,,,0.0,1295000000.0,1.0,101250955.0,100600678.0,100600678.0,19.602,13342000000.0,0.0,58000000.0,1374000000.0,132.623,-947000000.0
33,CHTR,MRQ,2013-03-31,2013-03-31,2013-03-31,2021-07-30,-64000000.0,15639000000.0,,374000000.0,15265000000.0,,1.286,-423000000.0,92000000.0,92000000.0,0.0,-42000000.0,0.29,120.233,12816000000.0,0.0,12816000000.0,12816000000.0,0.0,425000000.0,0.0,0.0,0.0,177000000.0,602000000.0,0.314,602000000.0,177000000.0,-33000000.0,-0.42,-0.42,-0.42,129000000.0,,129000000.0,23314809572.0,28.0,9.132,118000000.0,1.176,1.0,1917000000.0,1.0,2312000000.0,210000000.0,24761000000.0,,0.0,0.0,0.0,0.0,15510000000.0,1290000000.0,14220000000.0,10540809572.0,58000000.0,0.0,0.0,-52000000.0,0.0,-51000000.0,-432000000.0,0.0,541000000.0,0.0,-42000000.0,-42000000.0,-42000000.0,0.0,0.0,-0.022,1695000000.0,222000000.0,1290000000.0,0.0,81.712,-41.829,-41.178,7259000000.0,0.0,104.18,1.388,1.376,208000000.0,-1434000000.0,1917000000.0,1917000000.0,0.0,,,,,0.0,1258000000.0,1.0,101178821.0,100327418.0,100327418.0,19.107,13327000000.0,0.0,9000000.0,1279000000.0,132.835,-916000000.0
34,CHTR,MRQ,2012-12-31,2012-12-31,2012-12-31,2021-07-30,-75000000.0,15596000000.0,,330000000.0,15266000000.0,,1.49,-452000000.0,34000000.0,34000000.0,0.0,-40000000.0,0.27,103.671,12808000000.0,0.0,12808000000.0,12808000000.0,0.0,466000000.0,0.0,0.0,0.0,225000000.0,691000000.0,0.361,691000000.0,225000000.0,9000000.0,-0.4,-0.4,-0.4,149000000.0,,149000000.0,20499270351.0,24.0,7.967,33000000.0,0.33,1.0,1913000000.0,1.0,2377000000.0,216000000.0,24769000000.0,,0.0,0.0,0.0,0.0,15447000000.0,1224000000.0,14223000000.0,7704270351.0,-861000000.0,0.0,-5000000.0,-882000000.0,0.0,-888000000.0,-458000000.0,0.0,485000000.0,0.0,-40000000.0,-40000000.0,-40000000.0,0.0,0.0,-0.021,1708000000.0,205000000.0,1224000000.0,0.0,51.707,-25.343,-24.997,7206000000.0,0.0,76.24,1.027,1.013,234000000.0,-1392000000.0,1913000000.0,1913000000.0,0.0,,,,,0.0,1228000000.0,1.0,101052864.0,100005893.0,100005893.0,19.129,13219000000.0,0.0,49000000.0,1321000000.0,132.182,-894000000.0
35,CHTR,MRQ,2012-09-30,2012-09-30,2012-09-30,2021-07-30,-83000000.0,16497000000.0,,1229000000.0,15268000000.0,,1.735,-466000000.0,895000000.0,895000000.0,0.0,-87000000.0,0.581,94.358,13690000000.0,870000000.0,12820000000.0,13690000000.0,0.0,424000000.0,0.0,0.0,0.0,211000000.0,635000000.0,0.338,635000000.0,211000000.0,-18000000.0,-0.87,-0.87,-0.87,173000000.0,,173000000.0,20318861977.0,23.0,8.006,2000000.0,0.02,1.0,1880000000.0,1.0,2445000000.0,229000000.0,24731000000.0,,0.0,0.0,0.0,0.0,16324000000.0,2116000000.0,14208000000.0,7564861977.0,863000000.0,0.0,13000000.0,884000000.0,0.0,889000000.0,-494000000.0,0.0,468000000.0,0.0,-87000000.0,-87000000.0,-87000000.0,0.0,0.0,-0.046,1669000000.0,211000000.0,1246000000.0,0.0,43.728,-22.855,-22.677,7159000000.0,0.0,75.06,1.019,1.008,254000000.0,-1348000000.0,1880000000.0,1880000000.0,0.0,,,,,0.0,1242000000.0,1.0,100784199.0,99694672.0,99694672.0,18.858,14052000000.0,0.0,69000000.0,1054000000.0,140.95,-887000000.0
36,CHTR,MRQ,2012-06-30,2012-06-30,2012-06-30,2021-07-30,-76000000.0,15553000000.0,,367000000.0,15186000000.0,,2.452,-443000000.0,32000000.0,32000000.0,0.0,-83000000.0,0.307,62.742,12786000000.0,0.0,12786000000.0,12786000000.0,0.0,415000000.0,0.0,0.0,0.0,210000000.0,625000000.0,0.332,625000000.0,210000000.0,-15000000.0,-0.84,-0.84,-0.84,244000000.0,,244000000.0,19897603432.0,22.0,7.837,26000000.0,0.261,1.0,1884000000.0,1.0,2515000000.0,225000000.0,24598000000.0,,0.0,0.0,0.0,0.0,15309000000.0,1194000000.0,14115000000.0,7126603432.0,1000000.0,0.0,-1000000.0,-46000000.0,0.0,-48000000.0,-420000000.0,0.0,469000000.0,0.0,-83000000.0,-83000000.0,-83000000.0,0.0,0.0,-0.044,1615000000.0,269000000.0,1194000000.0,0.0,29.207,-21.661,-21.941,7024000000.0,0.0,70.87,0.969,0.959,256000000.0,-1261000000.0,1884000000.0,1884000000.0,0.0,,,,,0.0,1204000000.0,1.0,100558818.0,99496755.0,99496755.0,18.935,13038000000.0,0.0,68000000.0,987000000.0,131.039,-827000000.0
37,CHTR,MRQ,2012-03-31,2012-03-31,2012-03-31,2021-07-30,-64000000.0,15519000000.0,,338000000.0,15181000000.0,,3.279,-352000000.0,31000000.0,31000000.0,0.0,-94000000.0,0.296,46.604,12802000000.0,0.0,12802000000.0,12802000000.0,0.0,408000000.0,0.0,0.0,0.0,214000000.0,622000000.0,0.34,622000000.0,214000000.0,-23000000.0,-0.95,-0.95,-0.95,326000000.0,,326000000.0,19204893368.0,21.0,7.615,102000000.0,1.026,1.0,1827000000.0,1.0,2588000000.0,237000000.0,24562000000.0,,0.0,0.0,0.0,0.0,15193000000.0,1140000000.0,14053000000.0,6377893368.0,2000000.0,0.0,-3000000.0,-80000000.0,0.0,-87000000.0,-365000000.0,0.0,454000000.0,0.0,-94000000.0,-94000000.0,-94000000.0,0.0,0.0,-0.051,1598000000.0,229000000.0,1140000000.0,0.0,19.564,-18.068,-18.828,6906000000.0,0.0,63.45,0.878,0.869,231000000.0,-1178000000.0,1827000000.0,1827000000.0,0.0,,,,,0.0,1186000000.0,1.0,100518414.0,99432960.0,99432960.0,18.374,12931000000.0,0.0,71000000.0,917000000.0,130.047,-802000000.0
38,CHTR,MRQ,2011-12-31,2011-12-31,2011-12-31,2021-07-30,-65000000.0,15601000000.0,,357000000.0,15244000000.0,,3.898,-258000000.0,29000000.0,29000000.0,0.0,-67000000.0,0.309,37.144,12856000000.0,0.0,12856000000.0,12856000000.0,0.0,411000000.0,0.0,0.0,0.0,245000000.0,656000000.0,0.358,656000000.0,245000000.0,0.0,-0.65,-0.65,-0.65,409000000.0,,409000000.0,18677669255.0,21.0,7.516,167000000.0,1.591,1.0,1834000000.0,1.0,2658000000.0,245000000.0,24613000000.0,,0.0,0.0,0.0,0.0,15192000000.0,1157000000.0,14035000000.0,6128669255.0,-2000000.0,0.0,-405000000.0,242000000.0,0.0,-165000000.0,-262000000.0,0.0,425000000.0,0.0,-67000000.0,-67000000.0,-67000000.0,0.0,0.0,-0.037,1570000000.0,264000000.0,1157000000.0,0.0,14.985,-16.609,-16.796,6897000000.0,0.0,56.94,0.851,0.861,268000000.0,-1082000000.0,1834000000.0,1834000000.0,0.0,,,,,0.0,1158000000.0,1.0,107633812.0,104936660.0,104936660.0,17.477,12943000000.0,0.0,67000000.0,847000000.0,123.341,-800000000.0
39,CHTR,MRQ,2011-09-30,2011-09-30,2011-09-30,2021-07-30,-77000000.0,15638000000.0,,335000000.0,15303000000.0,,7.969,-404000000.0,32000000.0,32000000.0,0.0,-85000000.0,0.31,17.1,12581000000.0,0.0,12581000000.0,12581000000.0,0.0,405000000.0,0.0,0.0,0.0,231000000.0,636000000.0,0.352,636000000.0,231000000.0,-13000000.0,-0.79,-0.79,-0.79,864000000.0,,864000000.0,17579480692.0,20.0,7.175,1000000.0,0.009,1.0,1809000000.0,1.0,2733000000.0,244000000.0,24373000000.0,,0.0,0.0,0.0,0.0,14774000000.0,1081000000.0,13693000000.0,5153480692.0,-162000000.0,0.0,-116000000.0,-39000000.0,0.0,-157000000.0,-410000000.0,0.0,405000000.0,0.0,-85000000.0,-85000000.0,-85000000.0,0.0,0.0,-0.047,1574000000.0,235000000.0,1081000000.0,0.0,5.965,-13.316,-13.421,6903000000.0,0.0,46.84,0.72,0.71,253000000.0,-537000000.0,1809000000.0,1809000000.0,0.0,,,,,0.0,1166000000.0,1.0,110023072.0,108420169.0,108420169.0,16.685,12905000000.0,0.0,72000000.0,0.0,119.028,-746000000.0
40,CHTR,MRQ,2011-06-30,2011-06-30,2011-06-30,2021-07-30,-66000000.0,15809000000.0,,490000000.0,15319000000.0,,9.738,-305000000.0,194000000.0,194000000.0,0.0,-107000000.0,0.451,13.858,12620000000.0,0.0,12620000000.0,12620000000.0,0.0,393000000.0,0.0,0.0,0.0,215000000.0,608000000.0,0.339,608000000.0,215000000.0,-26000000.0,-0.98,-0.98,-0.98,1064000000.0,,1064000000.0,18470524548.0,21.0,7.585,155000000.0,1.419,1.0,1791000000.0,1.0,2797000000.0,241000000.0,24351000000.0,,0.0,0.0,0.0,0.0,14745000000.0,1087000000.0,13658000000.0,5970524548.0,140000000.0,0.0,0.0,-6000000.0,0.0,-7000000.0,-313000000.0,0.0,460000000.0,0.0,-107000000.0,-107000000.0,-107000000.0,0.0,0.0,-0.06,1523000000.0,268000000.0,1087000000.0,0.0,5.611,-15.039,-15.328,6879000000.0,0.0,54.26,0.839,0.833,243000000.0,-452000000.0,1791000000.0,1791000000.0,0.0,,,,,0.0,1127000000.0,1.0,110035469.0,109265876.0,109265876.0,16.391,13012000000.0,0.0,81000000.0,0.0,119.086,-597000000.0
41,CHTR,MRQ,2011-03-31,2011-03-31,2011-03-31,2021-07-30,-46000000.0,15705000000.0,,333000000.0,15372000000.0,,10.439,-375000000.0,54000000.0,54000000.0,0.0,-110000000.0,0.324,12.287,12554000000.0,0.0,12554000000.0,12554000000.0,0.0,383000000.0,0.0,0.0,0.0,202000000.0,585000000.0,0.331,585000000.0,202000000.0,-31000000.0,-0.97,-0.97,-0.97,1182000000.0,,1182000000.0,18074503262.0,20.0,7.444,72000000.0,0.636,1.0,1770000000.0,1.0,2874000000.0,233000000.0,24303000000.0,,0.0,0.0,0.0,0.0,14523000000.0,1028000000.0,13495000000.0,5800503262.0,22000000.0,0.0,-207000000.0,158000000.0,0.0,-44000000.0,-381000000.0,0.0,447000000.0,0.0,-110000000.0,-110000000.0,-110000000.0,0.0,0.0,-0.062,1501000000.0,269000000.0,1028000000.0,0.0,4.907,-15.635,-15.436,6870000000.0,0.0,50.63,0.818,0.808,223000000.0,-345000000.0,1770000000.0,1770000000.0,0.0,,,,,0.0,1113000000.0,1.0,114566527.0,113224303.0,113224303.0,15.633,12831000000.0,0.0,79000000.0,0.0,113.324,-695000000.0
42,CHTR,MRQ,2010-12-31,2010-12-31,2010-12-31,2021-07-30,-57000000.0,15737000000.0,,356000000.0,15381000000.0,,13.044,-253000000.0,32000000.0,32000000.0,0.0,-85000000.0,0.339,9.647,12306000000.0,0.0,12306000000.0,12306000000.0,0.0,390000000.0,0.0,0.0,0.0,231000000.0,621000000.0,0.348,621000000.0,231000000.0,-1000000.0,-0.75,-0.75,-0.75,1478000000.0,,1478000000.0,16955927670.0,18.0,6.895,253000000.0,2.233,1.0,1784000000.0,1.0,2951000000.0,232000000.0,24011000000.0,,0.0,0.0,0.0,0.0,14259000000.0,1049000000.0,13210000000.0,4463927670.0,-633000000.0,0.0,-6000000.0,-924000000.0,0.0,-931000000.0,-208000000.0,0.0,506000000.0,0.0,-85000000.0,-85000000.0,-85000000.0,0.0,0.0,-0.048,1506000000.0,278000000.0,1049000000.0,0.0,3.02,-18.835,-18.632,6819000000.0,0.0,38.94,0.632,0.624,247000000.0,-235000000.0,1784000000.0,1784000000.0,0.0,,,,,0.0,1109000000.0,1.0,114636047.0,113310118.0,113310118.0,15.744,12786000000.0,0.0,84000000.0,568000000.0,112.841,-693000000.0
43,CHTR,MRQ,2010-09-30,2010-09-30,2010-09-30,2021-07-30,-84000000.0,16535000000.0,,1019000000.0,15516000000.0,,13.465,-299000000.0,682000000.0,682000000.0,0.0,-95000000.0,0.635,9.857,13174000000.0,589000000.0,12585000000.0,13174000000.0,0.0,385000000.0,0.0,0.0,0.0,236000000.0,621000000.0,0.351,621000000.0,236000000.0,14000000.0,-0.84,-0.84,-0.84,1523000000.0,,1523000000.0,16317664395.0,,,142000000.0,1.255,1.0,1769000000.0,1.0,3032000000.0,222000000.0,24391000000.0,,0.0,0.0,0.0,0.0,15012000000.0,1604000000.0,13408000000.0,3727664395.0,615000000.0,0.0,0.0,485000000.0,0.0,483000000.0,-309000000.0,0.0,441000000.0,0.0,-95000000.0,-95000000.0,-95000000.0,0.0,0.0,-0.054,1530000000.0,239000000.0,1015000000.0,0.0,2.448,,,6867000000.0,0.0,32.5,,,241000000.0,-150000000.0,1769000000.0,1769000000.0,0.0,,,,,0.0,1144000000.0,1.0,114697366.0,113110889.0,113110889.0,15.64,13503000000.0,0.0,109000000.0,0.0,119.378,-585000000.0
44,CHTR,MRQ,2010-06-30,2010-06-30,2010-06-30,2021-07-30,-50000000.0,16007000000.0,,373000000.0,15634000000.0,,14.428,-324000000.0,67000000.0,67000000.0,0.0,-81000000.0,0.368,8.808,12657000000.0,0.0,12657000000.0,12657000000.0,0.0,380000000.0,0.0,0.0,0.0,221000000.0,601000000.0,0.339,601000000.0,221000000.0,2000000.0,-0.72,-0.72,-0.72,1632000000.0,,1632000000.0,16557728113.0,,,127000000.0,1.123,1.0,1771000000.0,1.0,3118000000.0,219000000.0,24465000000.0,,0.0,0.0,0.0,0.0,14375000000.0,1014000000.0,13361000000.0,4049728113.0,-187000000.0,0.0,0.0,-176000000.0,0.0,-315000000.0,-323000000.0,0.0,451000000.0,0.0,-81000000.0,-81000000.0,-81000000.0,0.0,0.0,-0.046,1517000000.0,254000000.0,1014000000.0,0.0,2.481,,,6902000000.0,0.0,35.3,,,249000000.0,-55000000.0,1771000000.0,1771000000.0,0.0,,,,,0.0,1130000000.0,1.0,114723176.0,113110882.0,113110882.0,15.657,12889000000.0,0.0,83000000.0,0.0,113.95,-641000000.0
45,CHTR,MRQ,2010-03-31,2010-03-31,2010-03-31,2021-07-30,0.0,16199000000.0,,546000000.0,15653000000.0,,15.599,-325000000.0,254000000.0,254000000.0,0.0,24000000.0,0.57,8.188,12762000000.0,0.0,12762000000.0,12762000000.0,0.0,369000000.0,0.0,0.0,0.0,247000000.0,616000000.0,0.355,616000000.0,247000000.0,43000000.0,0.21,0.21,0.21,1763000000.0,,1763000000.0,16529812986.0,,,205000000.0,1.814,1.0,1735000000.0,1.0,3202000000.0,204000000.0,24547000000.0,,0.0,0.0,0.0,0.0,14436000000.0,958000000.0,13478000000.0,3961812986.0,-500000000.0,0.0,0.0,-698000000.0,0.0,-700000000.0,-330000000.0,0.0,530000000.0,0.0,24000000.0,24000000.0,24000000.0,0.0,0.0,0.014,1487000000.0,248000000.0,958000000.0,0.0,2.247,,,6859000000.0,0.0,34.5,,,223000000.0,26000000.0,1735000000.0,1735000000.0,0.0,,,,,0.0,1103000000.0,1.0,114835159.0,113020967.0,114883134.0,15.351,12997000000.0,0.0,19000000.0,0.0,114.996,-412000000.0
46,CHTR,MRQ,2009-12-31,2009-12-31,2009-12-31,2021-07-30,0.0,16658000000.0,,1071000000.0,15587000000.0,,16.685,,754000000.0,754000000.0,,,1.106,7.693,13322000000.0,70000000.0,13252000000.0,13322000000.0,0.0,,0.0,,0.0,,,,,,,,,,1916000000.0,,1916000000.0,,,,,,1.0,,,3286000000.0,,24972000000.0,,0.0,0.0,0.0,0.0,14740000000.0,968000000.0,13772000000.0,,,,,,,,,,,,,,,,,,,,898000000.0,,,,,6833000000.0,,,,,248000000.0,2000000.0,,,,,,,,,,1.0,114835159.0,114835159.0,,,13372000000.0,0.0,,0.0,116.445,103000000.0
47,CHTR,MRQ,2009-09-30,2009-09-30,2009-09-30,2021-07-30,,,,,,,,-278000000.0,,,0.0,-2430000000.0,,,,,,,,327000000.0,,,0.0,-1394000000.0,-1067000000.0,-0.63,-1067000000.0,-1394000000.0,-1600000000.0,-2.73,-2.73,-2.73,,,,,,,105000000.0,0.277,1.0,1693000000.0,1.0,,206000000.0,,,,,,,,,,,83000000.0,0.0,0.0,-18000000.0,0.0,-18000000.0,-282000000.0,0.0,383000000.0,0.0,-1035000000.0,-1035000000.0,-1035000000.0,0.0,-1395000000.0,-0.611,4284000000.0,-2591000000.0,,0.0,,,,,0.0,,,,,,1693000000.0,1693000000.0,0.0,,,,,0.0,1093000000.0,1.0,,379066320.0,379066320.0,4.466,,,-565000000.0,,,
48,CHTR,MRQ,2009-06-30,2009-06-30,2009-06-30,2021-07-30,,,,,,,,,,,0.0,-159000000.0,,,,,,,,,,,0.0,164000000.0,,,,164000000.0,-52000000.0,-0.3,-0.3,-0.3,,,,,,,,,1.0,1690000000.0,1.0,,216000000.0,,,,,,,,,,,,,,,,,,,,,-112000000.0,-112000000.0,-112000000.0,0.0,-47000000.0,-0.066,1389000000.0,301000000.0,,0.0,,,,,0.0,,,,,,1690000000.0,1690000000.0,0.0,,,,,,1058000000.0,1.0,,378982037.0,378982037.0,4.459,,,60000000.0,,,
0,CHTR,MRT,2021-06-30,2021-06-30,2021-06-30,2021-07-30,0.0,144026000000.0,143966000000.0,4682000000.0,139344000000.0,0.347,104.036,-8271000000.0,1711000000.0,1711000000.0,0.0,4412000000.0,0.466,6.201,87964000000.0,1002000000.0,86962000000.0,87964000000.0,0.0,9574000000.0,0.0,0.0,0.0,8713000000.0,18287000000.0,0.366,18287000000.0,8713000000.0,4815000000.0,19.94,19.35,19.94,19342000000.0,22762500000.0,19342000000.0,220228201132.0,25.0,12.043,7292000000.0,39.222,1.0,49987000000.0,1.0,34341000000.0,3898000000.0,185900000000.0,181605250000.0,0.0,0.0,0.0,0.0,119940000000.0,10038000000.0,109902000000.0,136113201132.0,-391000000.0,0.0,-14789000000.0,9529000000.0,0.0,-7426000000.0,-8528000000.0,0.0,15563000000.0,0.0,3887000000.0,3887000000.0,3887000000.0,0.0,525000000.0,0.078,40710000000.0,9277000000.0,9036000000.0,0.0,7.037,35.018,36.181,34206000000.0,0.0,721.45,2.723,2.683,2583000000.0,-3368000000.0,49987000000.0,49987000000.0,0.0,0.027,0.171,0.048,0.174,405000000.0,30794000000.0,1.0,188666160.0,185916505.0,199077390.0,268.868,109685000000.0,0.0,928000000.0,18678000000.0,589.969,-5356000000.0
1,CHTR,MRT,2021-03-31,2021-03-31,2021-03-31,2021-07-30,0.0,143439000000.0,144243500000.0,3663000000.0,139776000000.0,0.339,109.7,-8003000000.0,772000000.0,772000000.0,0.0,4130000000.0,0.369,5.537,84887000000.0,1005000000.0,83882000000.0,84887000000.0,0.0,9648000000.0,0.0,0.0,0.0,8297000000.0,17945000000.0,0.367,17945000000.0,8297000000.0,4446000000.0,18.18,17.69,18.18,20997000000.0,25266000000.0,20997000000.0,201286896684.0,24.0,11.217,7090000000.0,37.042,1.0,48881000000.0,1.0,34739000000.0,3851000000.0,182899000000.0,179185500000.0,0.0,0.0,0.0,0.0,116258000000.0,9916000000.0,106342000000.0,119535896684.0,-2164000000.0,0.0,-12417000000.0,5097000000.0,0.0,-8994000000.0,-8263000000.0,0.0,15093000000.0,0.0,3633000000.0,3633000000.0,3633000000.0,0.0,497000000.0,0.074,40210000000.0,8671000000.0,8911000000.0,0.0,5.693,32.903,33.939,34184000000.0,0.0,617.02,2.445,2.416,2395000000.0,-4388000000.0,48881000000.0,48881000000.0,0.0,0.025,0.144,0.046,0.17,395000000.0,30209000000.0,1.0,193730992.0,191404527.0,205872536.0,255.381,108700000000.0,0.0,813000000.0,18227000000.0,567.907,-6253000000.0
2,CHTR,MRT,2020-12-31,2020-12-31,2020-12-31,2021-07-30,0.0,144206000000.0,145021750000.0,3909000000.0,140297000000.0,0.332,117.083,-7956000000.0,1001000000.0,1001000000.0,0.0,3676000000.0,0.396,4.786,82752000000.0,1008000000.0,81744000000.0,82752000000.0,0.0,9704000000.0,0.0,0.0,0.0,7696000000.0,17400000000.0,0.362,17400000000.0,7696000000.0,3848000000.0,15.85,15.4,15.85,23805000000.0,27423750000.0,23805000000.0,210603390928.0,27.0,12.104,6606000000.0,32.491,1.0,48097000000.0,1.0,35169000000.0,3848000000.0,180913000000.0,176856750000.0,0.0,0.0,0.0,0.0,113925000000.0,9875000000.0,104050000000.0,132227390928.0,-2548000000.0,0.0,-11010000000.0,3657000000.0,0.0,-8953000000.0,-8157000000.0,0.0,14562000000.0,0.0,3222000000.0,3222000000.0,3222000000.0,0.0,454000000.0,0.067,39692000000.0,8405000000.0,8867000000.0,0.0,5.555,41.039,41.738,34357000000.0,0.0,661.55,2.749,2.797,2539000000.0,-5195000000.0,48097000000.0,48097000000.0,0.0,0.022,0.117,0.044,0.16,351000000.0,29930000000.0,1.0,199875128.0,203316483.0,209273247.0,236.562,109037000000.0,0.0,626000000.0,18108000000.0,536.292,-5966000000.0
3,CHTR,MRT,2020-09-30,2020-09-30,2020-09-30,2021-07-30,0.0,144193000000.0,146017250000.0,4060000000.0,140133000000.0,0.323,132.655,-7200000000.0,1286000000.0,1286000000.0,0.0,3097000000.0,0.396,4.106,79662000000.0,1715000000.0,77947000000.0,79662000000.0,0.0,9756000000.0,0.0,0.0,0.0,7019000000.0,16775000000.0,0.355,16775000000.0,7019000000.0,3172000000.0,12.94,12.61,12.94,26906000000.0,29333750000.0,26906000000.0,204193751544.0,29.0,12.173,6571000000.0,32.397,1.0,47234000000.0,1.0,35604000000.0,3847000000.0,176709000000.0,175209750000.0,0.0,0.0,0.0,0.0,110481000000.0,10256000000.0,100225000000.0,127926751544.0,689000000.0,0.0,-8967000000.0,4659000000.0,0.0,-5641000000.0,-7441000000.0,0.0,13771000000.0,0.0,2690000000.0,2690000000.0,2690000000.0,0.0,407000000.0,0.057,39332000000.0,7902000000.0,8541000000.0,0.0,4.755,47.556,48.249,34196000000.0,0.0,624.34,2.708,2.681,2068000000.0,2016000000.0,47234000000.0,47234000000.0,0.0,0.018,0.092,0.04,0.149,340000000.0,29521000000.0,1.0,204899176.0,202826502.0,208722129.0,232.879,108589000000.0,0.0,482000000.0,17929000000.0,535.379,-6196000000.0
4,CHTR,MRT,2020-06-30,2020-06-30,2020-06-30,2021-07-30,0.0,145136000000.0,146285750000.0,4765000000.0,140371000000.0,0.319,142.659,-6962000000.0,2102000000.0,2102000000.0,0.0,2632000000.0,0.521,3.704,78369000000.0,706000000.0,77663000000.0,78369000000.0,0.0,9801000000.0,0.0,0.0,0.0,6558000000.0,16359000000.0,0.351,16359000000.0,6558000000.0,2694000000.0,10.7,10.45,10.7,29356000000.0,30850750000.0,29356000000.0,182057603702.0,28.0,11.129,6088000000.0,29.585,1.0,46645000000.0,1.0,36040000000.0,3864000000.0,176221000000.0,173852000000.0,0.0,0.0,0.0,0.0,108735000000.0,9142000000.0,99593000000.0,105301603702.0,1256000000.0,0.0,-8398000000.0,5102000000.0,0.0,-4608000000.0,-7186000000.0,0.0,13050000000.0,0.0,2263000000.0,2263000000.0,2263000000.0,0.0,369000000.0,0.049,39329000000.0,7316000000.0,8436000000.0,0.0,3.587,46.532,47.667,34074000000.0,0.0,510.04,2.258,2.25,1994000000.0,1202000000.0,46645000000.0,46645000000.0,0.0,0.015,0.073,0.038,0.141,328000000.0,29473000000.0,1.0,206457540.0,205777438.0,210906946.0,226.677,109096000000.0,0.0,431000000.0,17789000000.0,530.165,-4377000000.0
5,CHTR,MRT,2020-03-31,2020-03-31,2020-03-31,2021-07-30,0.0,146552000000.0,146523000000.0,5759000000.0,140793000000.0,0.316,142.558,-6948000000.0,2936000000.0,2936000000.0,0.0,2142000000.0,0.436,3.707,79692000000.0,4905000000.0,74787000000.0,79692000000.0,0.0,9873000000.0,0.0,0.0,0.0,6012000000.0,15885000000.0,0.343,15885000000.0,6012000000.0,2160000000.0,8.39,8.21,8.39,29628000000.0,32333250000.0,29628000000.0,168336612417.0,28.0,10.597,5334000000.0,25.665,1.0,46296000000.0,1.0,36509000000.0,3852000000.0,173584000000.0,172775500000.0,0.0,0.0,0.0,0.0,109830000000.0,13215000000.0,96615000000.0,91614612417.0,1310000000.0,0.0,-8095000000.0,5695000000.0,0.0,-3871000000.0,-7101000000.0,0.0,12282000000.0,0.0,1811000000.0,1811000000.0,1811000000.0,0.0,331000000.0,0.039,39408000000.0,6888000000.0,8310000000.0,0.0,3.092,50.588,52.004,34096000000.0,0.0,436.31,1.979,1.959,2091000000.0,436000000.0,46296000000.0,46296000000.0,0.0,0.012,0.056,0.035,0.13,320000000.0,29420000000.0,1.0,209975963.0,207831305.0,212810613.0,222.758,110043000000.0,0.0,349000000.0,17665000000.0,529.482,-7456000000.0
6,CHTR,MRT,2019-12-31,2019-12-31,2019-12-31,2021-07-30,0.0,148188000000.0,146699250000.0,6471000000.0,141717000000.0,0.312,143.253,-7140000000.0,3549000000.0,3549000000.0,0.0,1992000000.0,0.522,3.478,79078000000.0,3500000000.0,75578000000.0,79078000000.0,0.0,9926000000.0,0.0,0.0,0.0,5904000000.0,15830000000.0,0.346,15830000000.0,5904000000.0,2107000000.0,7.6,7.45,7.6,31445000000.0,33859750000.0,31445000000.0,179688540125.0,30.0,11.351,4608000000.0,20.993,1.0,45764000000.0,1.0,37007000000.0,3797000000.0,174325000000.0,171983250000.0,0.0,0.0,0.0,0.0,109377000000.0,12385000000.0,96992000000.0,104185540125.0,2784000000.0,0.0,-6755000000.0,6273000000.0,0.0,-1633000000.0,-7331000000.0,0.0,11748000000.0,0.0,1668000000.0,1668000000.0,1668000000.0,0.0,324000000.0,0.036,39253000000.0,6511000000.0,8885000000.0,0.0,3.313,62.461,63.826,34591000000.0,0.0,485.08,2.277,2.327,2227000000.0,40000000.0,45764000000.0,45764000000.0,0.0,0.011,0.049,0.034,0.129,315000000.0,29224000000.0,1.0,214780119.0,219506735.0,223786380.0,208.486,111181000000.0,0.0,439000000.0,17711000000.0,506.504,-5914000000.0
7,CHTR,MRT,2019-09-30,2019-09-30,2019-09-30,2021-07-30,-2000000.0,145267000000.0,146184750000.0,3388000000.0,141879000000.0,0.309,150.911,-7645000000.0,597000000.0,597000000.0,0.0,1530000000.0,0.283,3.177,76100000000.0,3719000000.0,72381000000.0,76100000000.0,0.0,9999000000.0,0.0,0.0,0.0,5324000000.0,15323000000.0,0.339,15323000000.0,5324000000.0,1581000000.0,5.61,5.53,5.61,32974000000.0,35069750000.0,32974000000.0,164995374888.0,31.0,10.768,3913000000.0,17.909,1.0,45234000000.0,1.0,37510000000.0,3743000000.0,171278000000.0,170146500000.0,0.0,0.0,0.0,0.0,104745000000.0,11982000000.0,92763000000.0,91275374888.0,-63000000.0,0.0,-5634000000.0,2858000000.0,0.0,-3838000000.0,-7783000000.0,0.0,11558000000.0,0.0,1250000000.0,1250000000.0,1250000000.0,0.0,280000000.0,0.028,39243000000.0,5991000000.0,8263000000.0,0.0,2.768,73.02,73.462,35321000000.0,0.0,412.12,2.018,1.991,2284000000.0,3734000000.0,45234000000.0,45234000000.0,0.0,0.009,0.036,0.031,0.118,305000000.0,29054000000.0,1.0,221477664.0,218499213.0,222355867.0,207.021,107757000000.0,0.0,331000000.0,17609000000.0,493.169,-8594000000.0
8,CHTR,MRT,2019-06-30,2019-06-30,2019-06-30,2021-07-30,-2000000.0,146085000000.0,146389250000.0,3340000000.0,142745000000.0,0.305,158.666,-8245000000.0,846000000.0,846000000.0,0.0,1647000000.0,0.338,2.919,74566000000.0,1730000000.0,72836000000.0,74566000000.0,0.0,10066000000.0,0.0,0.0,0.0,5351000000.0,15417000000.0,0.345,15417000000.0,5351000000.0,1670000000.0,5.98,5.9,5.98,35286000000.0,36102500000.0,35286000000.0,161945402683.0,30.0,10.504,3174000000.0,14.272,1.0,44676000000.0,1.0,38015000000.0,3681000000.0,171915000000.0,168916750000.0,0.0,0.0,0.0,0.0,102991000000.0,9875000000.0,93116000000.0,88286402683.0,73000000.0,0.0,-3812000000.0,1812000000.0,0.0,-2971000000.0,-8375000000.0,0.0,11419000000.0,0.0,1356000000.0,1356000000.0,1356000000.0,0.0,291000000.0,0.03,38891000000.0,5785000000.0,8145000000.0,0.0,2.502,65.108,66.084,35641000000.0,0.0,395.18,1.976,1.967,2070000000.0,3347000000.0,44676000000.0,44676000000.0,0.0,0.009,0.038,0.032,0.12,305000000.0,28631000000.0,1.0,223408074.0,222392274.0,225942172.0,200.888,108070000000.0,0.0,314000000.0,17522000000.0,485.943,-6535000000.0
9,CHTR,MRT,2019-03-31,2019-03-31,2019-03-31,2021-07-30,-2000000.0,147257000000.0,146430750000.0,3751000000.0,143506000000.0,0.302,159.079,-8888000000.0,1626000000.0,1626000000.0,0.0,1600000000.0,0.314,2.9,75285000000.0,3737000000.0,71548000000.0,75285000000.0,0.0,10158000000.0,0.0,0.0,0.0,5200000000.0,15358000000.0,0.348,15358000000.0,5200000000.0,1586000000.0,5.74,5.66,5.74,35734000000.0,36641750000.0,35734000000.0,150239489186.0,29.0,9.782,2866000000.0,12.759,1.0,44183000000.0,1.0,38551000000.0,3614000000.0,170415000000.0,166764750000.0,0.0,0.0,0.0,0.0,103614000000.0,11950000000.0,91664000000.0,78177489186.0,1050000000.0,0.0,-4645000000.0,3907000000.0,0.0,-1626000000.0,-9078000000.0,0.0,11754000000.0,0.0,1315000000.0,1315000000.0,1315000000.0,0.0,285000000.0,0.03,38579000000.0,5604000000.0,8213000000.0,0.0,2.188,59.451,60.437,35960000000.0,0.0,346.91,1.769,1.764,1578000000.0,3033000000.0,44183000000.0,44183000000.0,0.0,0.009,0.036,0.031,0.118,293000000.0,28260000000.0,1.0,225353807.0,224630122.0,227595365.0,196.692,108706000000.0,0.0,271000000.0,17473000000.0,483.933,-8199000000.0
10,CHTR,MRT,2018-12-31,2018-12-31,2018-12-31,2021-07-30,-2000000.0,146130000000.0,146154250000.0,2730000000.0,143400000000.0,0.299,156.161,-9595000000.0,765000000.0,765000000.0,0.0,1506000000.0,0.226,2.807,72827000000.0,3290000000.0,69537000000.0,72827000000.0,0.0,10318000000.0,0.0,0.0,0.0,4950000000.0,15268000000.0,0.35,15268000000.0,4950000000.0,1410000000.0,5.29,5.22,5.29,36285000000.0,37400250000.0,36285000000.0,137048674689.0,28.0,8.976,2172000000.0,9.348,1.0,43634000000.0,1.0,39119000000.0,3540000000.0,166978000000.0,165174250000.0,0.0,0.0,0.0,0.0,101858000000.0,12095000000.0,89763000000.0,65234674689.0,144000000.0,0.0,-4330000000.0,3364000000.0,0.0,-1887000000.0,-9736000000.0,0.0,11767000000.0,0.0,1230000000.0,1230000000.0,1230000000.0,0.0,276000000.0,0.028,38413000000.0,5221000000.0,8805000000.0,0.0,1.798,53.036,53.87,35126000000.0,0.0,284.97,1.495,1.518,1733000000.0,2780000000.0,43634000000.0,43634000000.0,0.0,0.008,0.033,0.03,0.113,285000000.0,27860000000.0,1.0,228917692.0,232356665.0,235525226.0,187.789,107011000000.0,0.0,180000000.0,17389000000.0,460.546,-9365000000.0
11,CHTR,MRT,2018-09-30,2018-09-30,2018-09-30,2021-07-30,-2000000.0,146085000000.0,146277500000.0,2729000000.0,143356000000.0,0.294,160.938,-9353000000.0,660000000.0,660000000.0,0.0,10763000000.0,0.23,2.718,72474000000.0,3339000000.0,69135000000.0,72474000000.0,0.0,10526000000.0,0.0,0.0,0.0,4949000000.0,15475000000.0,0.36,15475000000.0,4949000000.0,1479000000.0,41.26,36.76,41.26,37105000000.0,38100000000.0,37105000000.0,146903817834.0,30.0,9.493,2504000000.0,10.861,1.0,43005000000.0,1.0,39690000000.0,3470000000.0,166359000000.0,164339250000.0,0.0,0.0,0.0,0.0,100857000000.0,11850000000.0,89007000000.0,75559817834.0,-1504000000.0,0.0,-7120000000.0,4889000000.0,0.0,-3716000000.0,-9645000000.0,0.0,11857000000.0,0.0,10487000000.0,10487000000.0,10487000000.0,0.0,276000000.0,0.244,38014000000.0,4991000000.0,8511000000.0,0.0,2.036,7.205,7.898,34740000000.0,0.0,325.88,1.757,1.747,1736000000.0,4828000000.0,43005000000.0,43005000000.0,0.0,0.072,0.275,0.03,0.115,287000000.0,27405000000.0,1.0,231863931.0,230554633.0,233607414.0,186.528,106395000000.0,0.0,-9008000000.0,17421000000.0,461.474,-9121000000.0
12,CHTR,MRT,2018-06-30,2018-06-30,2018-06-30,2021-07-30,-2000000.0,146251000000.0,146813250000.0,2750000000.0,143501000000.0,0.29,159.848,-9395000000.0,773000000.0,773000000.0,0.0,10271000000.0,0.196,2.687,72117000000.0,5387000000.0,66730000000.0,72117000000.0,0.0,10745000000.0,0.0,0.0,0.0,4308000000.0,15053000000.0,0.354,15053000000.0,4308000000.0,951000000.0,39.31,34.84,39.31,37443000000.0,37131000000.0,37443000000.0,139999657881.0,32.0,9.3,2566000000.0,10.954,1.0,42571000000.0,1.0,40264000000.0,3357000000.0,163307000000.0,163158000000.0,0.0,0.0,0.0,0.0,100609000000.0,14024000000.0,86585000000.0,69626657881.0,79000000.0,0.0,-9700000000.0,9194000000.0,0.0,-2232000000.0,-9650000000.0,0.0,11961000000.0,0.0,10042000000.0,10042000000.0,10042000000.0,0.0,229000000.0,0.236,38071000000.0,4500000000.0,8637000000.0,0.0,1.86,6.934,7.459,34411000000.0,0.0,293.21,1.636,1.613,1619000000.0,4307000000.0,42571000000.0,42571000000.0,0.0,0.068,0.27,0.026,0.101,286000000.0,27096000000.0,1.0,237463449.0,234241769.0,237073566.0,181.74,105987000000.0,0.0,-9091000000.0,17376000000.0,452.468,-11274000000.0
13,CHTR,MRT,2018-03-31,2018-03-31,2018-03-31,2021-07-30,-1000000.0,146151000000.0,146990500000.0,2398000000.0,143753000000.0,0.286,163.054,-8904000000.0,576000000.0,576000000.0,0.0,10127000000.0,0.207,2.554,70949000000.0,3340000000.0,67609000000.0,70949000000.0,0.0,10748000000.0,0.0,0.0,0.0,4052000000.0,14800000000.0,0.352,14800000000.0,4052000000.0,824000000.0,38.67,34.21,38.67,38768000000.0,36927250000.0,38768000000.0,143837855682.0,35.0,9.719,2906000000.0,12.222,1.0,42074000000.0,1.0,40869000000.0,3228000000.0,164053000000.0,161982750000.0,0.0,0.0,0.0,0.0,99026000000.0,11602000000.0,87424000000.0,74227855682.0,-2344000000.0,0.0,-11357000000.0,8258000000.0,0.0,-5030000000.0,-9124000000.0,0.0,11810000000.0,0.0,9908000000.0,9908000000.0,9908000000.0,0.0,219000000.0,0.235,37871000000.0,4203000000.0,8262000000.0,0.0,1.915,7.492,8.048,34002000000.0,0.0,311.22,1.764,1.759,1409000000.0,4034000000.0,42074000000.0,42074000000.0,0.0,0.067,0.268,0.025,0.096,301000000.0,26798000000.0,1.0,238506059.0,237762295.0,241420722.0,176.958,105282000000.0,0.0,-9084000000.0,17351000000.0,442.804,-9204000000.0
14,CHTR,MRT,2017-12-31,2017-12-31,2017-12-31,2021-07-30,-1000000.0,146623000000.0,147813750000.0,2555000000.0,144068000000.0,0.281,152.243,-7861000000.0,621000000.0,621000000.0,0.0,10115000000.0,0.23,2.535,70231000000.0,2045000000.0,68186000000.0,70231000000.0,0.0,10588000000.0,0.0,0.0,0.0,3898000000.0,14486000000.0,0.348,14486000000.0,3898000000.0,808000000.0,38.55,34.09,38.55,39084000000.0,37165250000.0,39084000000.0,149491161407.0,38.0,10.32,4093000000.0,15.943,1.0,41581000000.0,1.0,41505000000.0,3090000000.0,163638000000.0,160074000000.0,0.0,0.0,0.0,0.0,99092000000.0,11090000000.0,88002000000.0,83523161407.0,-914000000.0,0.0,-11599000000.0,8658000000.0,0.0,-4770000000.0,-8098000000.0,0.0,11954000000.0,0.0,9895000000.0,9895000000.0,9895000000.0,0.0,220000000.0,0.238,37475000000.0,4106000000.0,9045000000.0,0.0,2.137,8.441,8.715,33888000000.0,0.0,335.96,2.009,2.074,1635000000.0,3832000000.0,41581000000.0,41581000000.0,0.0,0.067,0.266,0.024,0.094,310000000.0,26541000000.0,1.0,248610434.0,256720715.0,296703956.0,161.97,105118000000.0,0.0,-9087000000.0,17314000000.0,409.464,-8535000000.0
15,CHTR,MRT,2017-09-30,2017-09-30,2017-09-30,2021-07-30,-2000000.0,148228000000.0,148424750000.0,4132000000.0,144096000000.0,0.278,130.862,-36001000000.0,2164000000.0,2164000000.0,0.0,1067000000.0,0.397,3.179,68132000000.0,2068000000.0,66064000000.0,68132000000.0,0.0,10341000000.0,0.0,0.0,0.0,4083000000.0,14424000000.0,0.35,14424000000.0,4083000000.0,1105000000.0,1.83,1.99,1.83,33229000000.0,37429000000.0,33229000000.0,156274106247.0,38.0,10.834,-24079000000.0,-94.828,1.0,41254000000.0,1.0,42143000000.0,2978000000.0,161634000000.0,158062000000.0,0.0,0.0,0.0,0.0,105650000000.0,10419000000.0,95231000000.0,93720106247.0,-21265000000.0,28810000000.0,-8736000000.0,6443000000.0,0.0,-3655000000.0,-29532000000.0,-22264000000.0,11922000000.0,0.0,796000000.0,796000000.0,796000000.0,0.0,271000000.0,0.019,36922000000.0,4332000000.0,8351000000.0,0.0,2.82,117.739,198.59,33300000000.0,0.0,363.42,2.272,2.237,1652000000.0,1206000000.0,41254000000.0,41254000000.0,0.0,0.005,0.021,0.026,0.099,363000000.0,26355000000.0,1.0,257883733.0,253923805.0,258341851.0,162.466,106085000000.0,0.0,309000000.0,26576000000.0,417.783,-6287000000.0
16,CHTR,MRT,2017-06-30,2017-06-30,2017-06-30,2021-07-30,-4000000.0,146960000000.0,148592000000.0,2564000000.0,144396000000.0,0.275,139.026,-35487000000.0,694000000.0,694000000.0,0.0,1225000000.0,0.316,2.745,63248000000.0,0.0,63248000000.0,63248000000.0,0.0,10077000000.0,0.0,0.0,0.0,4150000000.0,14227000000.0,0.348,14227000000.0,4150000000.0,1236000000.0,2.34,2.49,2.34,36628000000.0,39191000000.0,36628000000.0,150044155763.0,36.0,10.546,-23672000000.0,-89.85,1.0,40833000000.0,1.0,42785000000.0,2914000000.0,158606000000.0,156522750000.0,0.0,0.0,0.0,0.0,100527000000.0,8123000000.0,92404000000.0,90120155763.0,-22125000000.0,28810000000.0,-5538000000.0,1470000000.0,0.0,-4934000000.0,-29006000000.0,-22264000000.0,11815000000.0,0.0,937000000.0,937000000.0,937000000.0,0.0,288000000.0,0.023,36471000000.0,4362000000.0,8123000000.0,0.0,2.46,96.179,143.953,32948000000.0,0.0,336.85,2.207,2.173,1489000000.0,1158000000.0,40833000000.0,40833000000.0,0.0,0.006,0.024,0.027,0.102,431000000.0,26134000000.0,1.0,267537942.0,263460911.0,267309261.0,154.987,104175000000.0,0.0,299000000.0,26574000000.0,395.41,-5559000000.0
17,CHTR,MRT,2017-03-31,2017-03-31,2017-03-31,2021-07-30,-6000000.0,149444000000.0,149150750000.0,4666000000.0,144778000000.0,0.246,147.655,-34752000000.0,2920000000.0,2920000000.0,0.0,4144000000.0,0.49,2.506,62844000000.0,2007000000.0,60837000000.0,62844000000.0,0.0,8918000000.0,0.0,0.0,0.0,3695000000.0,12613000000.0,0.344,12613000000.0,3695000000.0,937000000.0,18.54,17.14,18.54,39720000000.0,40094000000.0,39720000000.0,148227625277.0,40.0,11.752,-24292000000.0,-90.303,1.0,36637000000.0,1.0,43430000000.0,2758000000.0,156418000000.0,155918750000.0,0.0,0.0,0.0,0.0,99540000000.0,9520000000.0,90020000000.0,88015625277.0,-20622000000.0,0.0,2712000000.0,1288000000.0,0.0,3648000000.0,-34730000000.0,49000000.0,10460000000.0,0.0,3865000000.0,3865000000.0,3865000000.0,0.0,279000000.0,0.105,32650000000.0,3987000000.0,7513000000.0,0.0,2.216,22.772,17.655,32699000000.0,0.0,327.32,2.402,2.403,1311000000.0,1019000000.0,36637000000.0,36637000000.0,0.0,0.026,0.096,0.024,0.101,554000000.0,23563000000.0,1.0,268897792.0,269004817.0,273199509.0,136.195,106014000000.0,0.0,-2928000000.0,26576000000.0,394.097,-4854000000.0
18,CHTR,MRT,2016-12-31,2016-12-31,2016-12-31,2021-07-30,-7000000.0,149067000000.0,121920750000.0,3300000000.0,145767000000.0,0.238,194.341,-33532000000.0,1535000000.0,1535000000.0,0.0,3745000000.0,0.345,2.459,61747000000.0,2028000000.0,59719000000.0,61747000000.0,0.0,6907000000.0,0.0,0.0,0.0,3096000000.0,10003000000.0,0.345,10003000000.0,3096000000.0,597000000.0,17.05,15.94,17.05,40139000000.0,30109250000.0,40139000000.0,138760979377.0,45.0,13.872,-25491000000.0,-123.42,1.0,29003000000.0,1.0,44117000000.0,2499000000.0,155590000000.0,129355250000.0,0.0,0.0,0.0,0.0,98701000000.0,9572000000.0,89129000000.0,77929979377.0,-20734000000.0,0.0,3524000000.0,1539000000.0,0.0,4779000000.0,-33554000000.0,0.0,8041000000.0,0.0,3522000000.0,3522000000.0,3522000000.0,0.0,223000000.0,0.121,25662000000.0,3341000000.0,7544000000.0,0.0,1.942,22.127,16.887,32963000000.0,0.0,287.92,2.687,2.05,1432000000.0,733000000.0,29003000000.0,29003000000.0,0.0,0.029,0.117,0.024,0.107,492000000.0,18655000000.0,1.0,270665391.0,206539100.0,234791439.0,140.424,104950000000.0,0.0,-2925000000.0,26665000000.0,508.136,-6272000000.0
19,CHTR,MRT,2016-09-30,2016-09-30,2016-09-30,2021-07-30,-8000000.0,148897000000.0,94483000000.0,2781000000.0,146116000000.0,0.225,148.479,-3882000000.0,1165000000.0,1165000000.0,0.0,3054000000.0,0.322,2.429,61996000000.0,2050000000.0,59946000000.0,61996000000.0,0.0,4957000000.0,0.0,0.0,0.0,2029000000.0,6986000000.0,0.329,6986000000.0,2029000000.0,-177000000.0,14.37,12.8,14.37,40277000000.0,20063000000.0,40277000000.0,134790385725.0,66.0,19.294,1544000000.0,5.692,1.0,21240000000.0,1.0,45604000000.0,2206000000.0,155477000000.0,102651250000.0,0.0,0.0,0.0,0.0,97822000000.0,8647000000.0,89175000000.0,73142385725.0,1165000000.0,-28810000000.0,4587000000.0,4161000000.0,0.0,8811000000.0,-13072000000.0,19626000000.0,5426000000.0,0.0,2946000000.0,2946000000.0,2946000000.0,0.0,108000000.0,0.139,19015000000.0,2225000000.0,6597000000.0,0.0,1.816,24.828,18.787,32881000000.0,0.0,269.97,3.444,3.448,1242000000.0,1007000000.0,21240000000.0,21240000000.0,0.0,0.031,0.147,0.02,0.096,390000000.0,13781000000.0,1.0,270927828.0,271263259.0,275373202.0,78.3,103293000000.0,0.0,-3123000000.0,26260000000.0,380.785,-5866000000.0
20,CHTR,MRT,2016-06-30,2016-06-30,2016-06-30,2021-07-30,-9000000.0,149195000000.0,66477000000.0,2325000000.0,146870000000.0,0.205,219.456,-2563000000.0,555000000.0,555000000.0,0.0,2858000000.0,0.264,2.439,62203000000.0,2071000000.0,60132000000.0,62203000000.0,0.0,3058000000.0,0.0,0.0,0.0,1365000000.0,4423000000.0,0.324,4423000000.0,1365000000.0,-470000000.0,14.21,12.64,14.21,40240000000.0,10008750000.0,40240000000.0,39247705469.0,29.0,8.874,751000000.0,4.096,1.0,13653000000.0,1.0,45846000000.0,1835000000.0,156190000000.0,75435750000.0,0.0,0.0,0.0,0.0,98163000000.0,8807000000.0,89356000000.0,25714705469.0,525000000.0,-28810000000.0,4904000000.0,23584000000.0,0.0,28588000000.0,-31377000000.0,0.0,3314000000.0,0.0,2811000000.0,2811000000.0,2811000000.0,0.0,47000000.0,0.206,12077000000.0,1576000000.0,6736000000.0,0.0,0.639,9.148,16.09,33358000000.0,0.0,228.64,1.883,3.071,1340000000.0,818000000.0,13653000000.0,13653000000.0,0.0,0.042,0.281,0.018,0.1,272000000.0,8919000000.0,1.0,112468096.0,183362776.0,205214266.0,74.459,103349000000.0,0.0,-3281000000.0,26339000000.0,563.631,-6482000000.0
21,CHTR,MRT,2016-03-31,2016-03-31,2016-03-31,2021-07-30,-11000000.0,40524000000.0,33508000000.0,1612000000.0,38912000000.0,0.296,-2.157,-1870000000.0,23591000000.0,23591000000.0,0.0,-378000000.0,0.837,-186.041,37124000000.0,0.0,37124000000.0,37124000000.0,0.0,2150000000.0,0.0,0.0,0.0,1026000000.0,3176000000.0,0.32,3176000000.0,1026000000.0,-445000000.0,-3.73,-3.74,-3.73,-219000000.0,-59000000.0,-219000000.0,36214991952.0,35.0,11.403,385000000.0,3.791,1.0,9922000000.0,1.0,1968000000.0,1471000000.0,50164000000.0,43239000000.0,0.0,0.0,0.0,0.0,40743000000.0,1925000000.0,38818000000.0,22760991952.0,1258000000.0,0.0,-39000000.0,16138000000.0,0.0,16130000000.0,-17127000000.0,-15201000000.0,2255000000.0,0.0,-378000000.0,-378000000.0,-378000000.0,0.0,0.0,-0.038,8765000000.0,1157000000.0,1925000000.0,0.0,-103.931,-60.214,-54.271,8294000000.0,0.0,202.43,2.294,2.072,253000000.0,-2249000000.0,9922000000.0,9922000000.0,0.0,-0.011,6.407,0.024,0.103,102000000.0,6516000000.0,1.0,112438828.0,101552093.0,101552093.0,97.704,38556000000.0,0.0,-67000000.0,1618000000.0,379.667,-313000000.0
22,CHTR,MRT,2015-12-31,2015-12-31,2015-12-31,2021-07-30,-13000000.0,39316000000.0,29479500000.0,345000000.0,38971000000.0,0.331,-0.455,-1812000000.0,22269000000.0,22269000000.0,0.0,-271000000.0,0.175,-855.696,35723000000.0,0.0,35723000000.0,35723000000.0,0.0,2125000000.0,0.0,0.0,0.0,975000000.0,3100000000.0,0.318,3100000000.0,975000000.0,-331000000.0,-2.68,-2.68,-2.68,-46000000.0,15000000.0,-46000000.0,34207335249.0,35.0,11.035,547000000.0,5.408,1.0,9754000000.0,1.0,2024000000.0,1306000000.0,48774000000.0,37563750000.0,0.0,0.0,0.0,0.0,39362000000.0,1972000000.0,37390000000.0,20552335249.0,2000000.0,0.0,-38000000.0,14683000000.0,0.0,14675000000.0,-17032000000.0,-15153000000.0,2359000000.0,0.0,-271000000.0,-271000000.0,-271000000.0,0.0,0.0,-0.028,8647000000.0,1107000000.0,1972000000.0,0.0,-446.79,-75.839,-68.321,8345000000.0,0.0,183.1,2.107,1.899,279000000.0,-2061000000.0,9754000000.0,9754000000.0,0.0,-0.009,-18.067,0.026,0.1,78000000.0,6426000000.0,1.0,112246506.0,101152647.0,101152647.0,96.429,37292000000.0,0.0,-60000000.0,1590000000.0,368.671,-1627000000.0
23,CHTR,MRT,2015-09-30,2015-09-30,2015-09-30,2021-07-30,-15000000.0,36873000000.0,25747500000.0,406000000.0,36467000000.0,0.373,0.593,-1811000000.0,19626000000.0,19626000000.0,0.0,-197000000.0,0.222,613.55,33281000000.0,0.0,33281000000.0,33281000000.0,0.0,2114000000.0,0.0,0.0,0.0,923000000.0,3037000000.0,0.316,3037000000.0,923000000.0,-221000000.0,-2.02,-2.03,-2.02,60000000.0,63000000.0,60000000.0,33518121736.0,36.0,11.037,567000000.0,5.602,1.0,9602000000.0,1.0,2084000000.0,1144000000.0,46615000000.0,33933500000.0,0.0,0.0,0.0,0.0,36813000000.0,1829000000.0,34984000000.0,19652121736.0,-10000000.0,0.0,-46000000.0,15540000000.0,0.0,15616000000.0,-18004000000.0,-16113000000.0,2378000000.0,0.0,-197000000.0,-197000000.0,-197000000.0,0.0,0.0,-0.021,8537000000.0,1065000000.0,1829000000.0,0.0,327.535,-99.757,-86.847,8281000000.0,0.0,175.43,2.047,1.849,292000000.0,-1911000000.0,9602000000.0,9602000000.0,0.0,-0.008,-3.127,0.027,0.096,113000000.0,6331000000.0,1.0,112022583.0,101205400.0,102481924.0,94.876,34789000000.0,0.0,-24000000.0,1616000000.0,343.746,-1423000000.0
24,CHTR,MRT,2015-06-30,2015-06-30,2015-06-30,2021-07-30,-17000000.0,17319000000.0,21766750000.0,456000000.0,16863000000.0,0.434,-0.307,-1912000000.0,30000000.0,30000000.0,0.0,-304000000.0,0.279,-559.677,13896000000.0,0.0,13896000000.0,13896000000.0,0.0,2111000000.0,0.0,0.0,0.0,881000000.0,2992000000.0,0.317,2992000000.0,881000000.0,-127000000.0,-3.05,-3.05,-3.05,-31000000.0,72250000.0,-31000000.0,33015798668.0,37.0,11.035,297000000.0,2.938,1.0,9439000000.0,1.0,2146000000.0,1008000000.0,27403000000.0,30052500000.0,0.0,0.0,0.0,0.0,17350000000.0,1636000000.0,15714000000.0,19183798668.0,21000000.0,0.0,-48000000.0,-266000000.0,0.0,-192000000.0,-1996000000.0,0.0,2209000000.0,0.0,-304000000.0,-304000000.0,-304000000.0,0.0,0.0,-0.032,8426000000.0,1013000000.0,1636000000.0,0.0,-618.832,-63.105,-56.148,8244000000.0,0.0,171.25,2.032,1.834,321000000.0,-1965000000.0,9439000000.0,9439000000.0,0.0,-0.014,-4.208,0.029,0.093,93000000.0,6229000000.0,1.0,112022182.0,101074644.0,101074644.0,93.386,15173000000.0,0.0,177000000.0,1745000000.0,150.117,-1180000000.0
25,CHTR,MRT,2015-03-31,2015-03-31,2015-03-31,2021-07-30,-19000000.0,24410000000.0,21779250000.0,7502000000.0,16908000000.0,0.426,0.69,-2101000000.0,7132000000.0,7132000000.0,0.0,-227000000.0,0.875,316.013,20964000000.0,6983000000.0,13981000000.0,20964000000.0,0.0,2111000000.0,0.0,0.0,0.0,969000000.0,3080000000.0,0.332,3080000000.0,969000000.0,-20000000.0,-2.26,-2.26,-2.26,77000000.0,109750000.0,77000000.0,35537259557.0,37.0,11.538,209000000.0,1.872,1.0,9268000000.0,1.0,2210000000.0,989000000.0,27463000000.0,30041250000.0,0.0,0.0,0.0,0.0,24333000000.0,8569000000.0,15764000000.0,21628259557.0,16000000.0,0.0,-24000000.0,6855000000.0,0.0,6952000000.0,-9246000000.0,-7112000000.0,2310000000.0,0.0,-227000000.0,-227000000.0,-227000000.0,0.0,0.0,-0.024,8288000000.0,980000000.0,1586000000.0,0.0,280.886,-95.279,-85.447,8275000000.0,0.0,193.11,2.334,2.326,264000000.0,-1843000000.0,9268000000.0,9268000000.0,0.0,-0.01,-2.068,0.032,0.105,55000000.0,6107000000.0,1.0,111999687.0,111655617.0,111655617.0,83.005,22200000000.0,0.0,207000000.0,1706000000.0,198.826,-1067000000.0
26,CHTR,MRT,2014-12-31,2014-12-31,2014-12-31,2021-07-30,-22000000.0,24388000000.0,20001000000.0,345000000.0,24043000000.0,0.455,1.49,-2177000000.0,7114000000.0,7114000000.0,0.0,-183000000.0,0.211,166.041,20887000000.0,0.0,20887000000.0,20887000000.0,0.0,2102000000.0,0.0,0.0,0.0,964000000.0,3066000000.0,0.337,3066000000.0,964000000.0,53000000.0,-1.88,-1.88,-1.88,146000000.0,122250000.0,146000000.0,32278287645.0,33.0,10.528,182000000.0,1.857,1.0,9108000000.0,1.0,2273000000.0,911000000.0,34253000000.0,30017000000.0,0.0,0.0,0.0,0.0,24242000000.0,1635000000.0,22607000000.0,18206287645.0,-18000000.0,0.0,-19000000.0,6820000000.0,0.0,6927000000.0,-9304000000.0,-7111000000.0,2359000000.0,0.0,-183000000.0,-183000000.0,-183000000.0,0.0,0.0,-0.02,8137000000.0,971000000.0,1635000000.0,0.0,124.701,-99.488,-88.628,8373000000.0,0.0,166.62,1.999,1.793,285000000.0,-1762000000.0,9108000000.0,9108000000.0,0.0,-0.009,-1.497,0.032,0.106,55000000.0,5973000000.0,1.0,109268321.0,97991915.0,97991915.0,92.946,22115000000.0,0.0,236000000.0,1648000000.0,225.682,-1290000000.0
27,CHTR,MRT,2014-09-30,2014-09-30,2014-09-30,2021-07-30,-25000000.0,20950000000.0,18227750000.0,370000000.0,20580000000.0,0.488,0.892,-2161000000.0,3523000000.0,3523000000.0,0.0,-96000000.0,0.233,214.979,17595000000.0,0.0,17595000000.0,17595000000.0,0.0,2068000000.0,0.0,0.0,0.0,937000000.0,3005000000.0,0.338,3005000000.0,937000000.0,88000000.0,-0.86,-0.86,-0.86,97000000.0,123500000.0,97000000.0,30455575031.0,33.0,10.135,163000000.0,1.498,1.0,8896000000.0,1.0,2345000000.0,849000000.0,31091000000.0,28309250000.0,0.0,0.0,0.0,0.0,20853000000.0,1586000000.0,19267000000.0,16445575031.0,-31000000.0,0.0,58000000.0,3266000000.0,0.0,3327000000.0,-5682000000.0,-3513000000.0,2324000000.0,0.0,-96000000.0,-96000000.0,-96000000.0,0.0,0.0,-0.011,7958000000.0,938000000.0,1586000000.0,0.0,169.542,-171.308,-176.012,8305000000.0,0.0,151.37,1.849,1.851,270000000.0,-1703000000.0,8896000000.0,8896000000.0,0.0,-0.005,-0.777,0.033,0.105,0.0,5839000000.0,1.0,108644877.0,108792605.0,108792605.0,81.77,18605000000.0,0.0,184000000.0,1610000000.0,171.013,-1216000000.0
28,CHTR,MRT,2014-06-30,2014-06-30,2014-06-30,2021-07-30,-30000000.0,17369000000.0,17302750000.0,337000000.0,17032000000.0,0.504,1.102,-2658000000.0,9000000.0,9000000.0,0.0,-113000000.0,0.21,144.958,14019000000.0,0.0,14019000000.0,14019000000.0,0.0,2026000000.0,0.0,0.0,0.0,915000000.0,2941000000.0,0.337,2941000000.0,915000000.0,69000000.0,-1.05,-1.05,-1.05,119000000.0,114500000.0,119000000.0,31226236154.0,34.0,10.618,-316000000.0,-2.927,1.0,8727000000.0,1.0,2415000000.0,846000000.0,27358000000.0,27413750000.0,0.0,0.0,0.0,0.0,17250000000.0,1606000000.0,15644000000.0,17140236154.0,-35000000.0,0.0,96000000.0,188000000.0,0.0,286000000.0,-2663000000.0,0.0,2342000000.0,0.0,-113000000.0,-113000000.0,-113000000.0,0.0,0.0,-0.013,7798000000.0,929000000.0,1606000000.0,0.0,144.036,-151.684,-150.838,8197000000.0,0.0,158.38,1.964,1.96,252000000.0,-1650000000.0,8727000000.0,8727000000.0,0.0,-0.007,-0.987,0.033,0.105,0.0,5718000000.0,1.0,108222226.0,107975937.0,107975937.0,80.824,14954000000.0,0.0,182000000.0,1554000000.0,138.494,-1269000000.0
29,CHTR,MRT,2014-03-31,2014-03-31,2014-03-31,2021-07-30,-35000000.0,17297000000.0,16857750000.0,304000000.0,16993000000.0,0.501,1.193,-2505000000.0,4000000.0,4000000.0,0.0,-164000000.0,0.2,135.197,14090000000.0,0.0,14090000000.0,14090000000.0,0.0,1934000000.0,0.0,0.0,0.0,858000000.0,2792000000.0,0.331,2792000000.0,858000000.0,11000000.0,-1.59,-1.59,-1.59,127000000.0,100000000.0,127000000.0,27236950040.0,32.0,9.755,-311000000.0,-2.922,1.0,8440000000.0,1.0,2494000000.0,847000000.0,27366000000.0,26781750000.0,0.0,0.0,0.0,0.0,17170000000.0,1523000000.0,15647000000.0,13076950040.0,-61000000.0,0.0,84000000.0,169000000.0,0.0,255000000.0,-2510000000.0,0.0,2194000000.0,0.0,-164000000.0,-164000000.0,-164000000.0,0.0,0.0,-0.019,7513000000.0,927000000.0,1523000000.0,0.0,102.968,-79.738,-77.484,8079000000.0,0.0,123.2,1.549,1.554,217000000.0,-1605000000.0,8440000000.0,8440000000.0,0.0,-0.01,-1.64,0.032,0.102,0.0,5534000000.0,1.0,106144075.0,106439198.0,106439198.0,79.294,14803000000.0,0.0,175000000.0,1492000000.0,139.075,-1219000000.0
30,CHTR,MRT,2013-12-31,2013-12-31,2013-12-31,2021-07-30,-41000000.0,17295000000.0,16443250000.0,322000000.0,16973000000.0,0.496,1.481,-2425000000.0,21000000.0,21000000.0,0.0,-169000000.0,0.219,113.536,14181000000.0,0.0,14181000000.0,14181000000.0,0.0,1854000000.0,0.0,0.0,0.0,797000000.0,2651000000.0,0.325,2651000000.0,797000000.0,-49000000.0,-1.65,-1.65,-1.65,151000000.0,100500000.0,151000000.0,28506209660.0,36.0,10.753,-267000000.0,-2.619,1.0,8155000000.0,1.0,2566000000.0,846000000.0,27422000000.0,26130500000.0,0.0,0.0,0.0,0.0,17144000000.0,1467000000.0,15677000000.0,14241209660.0,14000000.0,0.0,89000000.0,212000000.0,0.0,299000000.0,-2443000000.0,0.0,2158000000.0,0.0,-169000000.0,-169000000.0,-169000000.0,0.0,0.0,-0.021,7246000000.0,909000000.0,1467000000.0,0.0,94.313,-84.268,-82.885,7981000000.0,0.0,136.76,1.746,1.709,234000000.0,-1568000000.0,8155000000.0,8155000000.0,0.0,-0.01,-1.682,0.031,0.098,0.0,5345000000.0,1.0,104132858.0,101934630.0,101934630.0,80.002,14729000000.0,0.0,120000000.0,1431000000.0,144.495,-1145000000.0
31,CHTR,MRT,2013-09-30,2013-09-30,2013-09-30,2021-07-30,-48000000.0,17250000000.0,16018500000.0,357000000.0,16893000000.0,0.494,0.593,-2363000000.0,41000000.0,41000000.0,0.0,-248000000.0,0.258,281.787,14306000000.0,0.0,14306000000.0,14306000000.0,0.0,1820000000.0,0.0,0.0,0.0,776000000.0,2596000000.0,0.328,2596000000.0,776000000.0,-75000000.0,-2.46,-2.46,-2.46,61000000.0,100000000.0,61000000.0,26438575786.0,34.0,10.184,-315000000.0,-3.06,1.0,7920000000.0,1.0,2624000000.0,851000000.0,27509000000.0,25467250000.0,0.0,0.0,0.0,0.0,17189000000.0,1382000000.0,15807000000.0,13670575786.0,-827000000.0,0.0,51000000.0,-540000000.0,0.0,-491000000.0,-2384000000.0,0.0,2048000000.0,0.0,-248000000.0,-248000000.0,-248000000.0,0.0,0.0,-0.031,7050000000.0,870000000.0,1382000000.0,0.0,224.108,-55.123,-54.78,7838000000.0,0.0,134.76,1.726,1.751,235000000.0,-1600000000.0,7920000000.0,7920000000.0,0.0,-0.015,-2.48,0.03,0.098,0.0,5178000000.0,1.0,101443869.0,102924443.0,102924443.0,76.95,14626000000.0,0.0,173000000.0,1432000000.0,142.104,-1025000000.0
32,CHTR,MRT,2013-06-30,2013-06-30,2013-06-30,2021-07-30,-56000000.0,15589000000.0,15830250000.0,333000000.0,15256000000.0,0.485,0.606,-1750000000.0,44000000.0,44000000.0,0.0,-265000000.0,0.26,254.557,12812000000.0,0.0,12812000000.0,12812000000.0,0.0,1751000000.0,0.0,0.0,0.0,786000000.0,2537000000.0,0.33,2537000000.0,786000000.0,-80000000.0,-2.65,-2.65,-2.65,61000000.0,128000000.0,61000000.0,25263930777.0,32.0,9.958,228000000.0,2.266,1.0,7682000000.0,1.0,2247000000.0,866000000.0,24830000000.0,24772750000.0,0.0,0.0,0.0,0.0,15528000000.0,1280000000.0,14248000000.0,12539930777.0,39000000.0,0.0,13000000.0,-145000000.0,0.0,-141000000.0,-1798000000.0,0.0,1978000000.0,0.0,-265000000.0,-265000000.0,-265000000.0,0.0,0.0,-0.034,6810000000.0,872000000.0,1280000000.0,0.0,205.573,-47.32,-46.736,7313000000.0,0.0,123.85,1.632,1.622,223000000.0,-1530000000.0,7682000000.0,7682000000.0,0.0,-0.017,-2.07,0.032,0.102,0.0,5023000000.0,1.0,101250955.0,100600678.0,100600678.0,76.361,13342000000.0,0.0,185000000.0,1374000000.0,132.623,-947000000.0
33,CHTR,MRT,2013-03-31,2013-03-31,2013-03-31,2021-07-30,-64000000.0,15639000000.0,15821250000.0,374000000.0,15265000000.0,0.48,1.286,-1784000000.0,92000000.0,92000000.0,0.0,-252000000.0,0.29,120.233,12816000000.0,0.0,12816000000.0,12816000000.0,0.0,1730000000.0,0.0,0.0,0.0,823000000.0,2553000000.0,0.336,2553000000.0,823000000.0,-57000000.0,-2.53,-2.53,-2.53,129000000.0,173750000.0,129000000.0,23314809572.0,28.0,9.132,179000000.0,1.784,1.0,7594000000.0,1.0,2312000000.0,880000000.0,24761000000.0,24714750000.0,0.0,0.0,0.0,0.0,15510000000.0,1290000000.0,14220000000.0,10540809572.0,61000000.0,0.0,7000000.0,-96000000.0,0.0,-98000000.0,-1804000000.0,0.0,1963000000.0,0.0,-252000000.0,-252000000.0,-252000000.0,0.0,0.0,-0.033,6687000000.0,907000000.0,1290000000.0,0.0,81.712,-41.829,-41.178,7259000000.0,0.0,104.18,1.388,1.376,208000000.0,-1434000000.0,7594000000.0,7594000000.0,0.0,-0.016,-1.45,0.033,0.108,0.0,4932000000.0,1.0,101178821.0,100327418.0,100327418.0,75.692,13327000000.0,0.0,195000000.0,1279000000.0,132.835,-916000000.0
34,CHTR,MRT,2012-12-31,2012-12-31,2012-12-31,2021-07-30,-75000000.0,15596000000.0,15791250000.0,330000000.0,15266000000.0,0.475,1.495,-1713000000.0,34000000.0,34000000.0,0.0,-304000000.0,0.27,103.671,12808000000.0,0.0,12808000000.0,12808000000.0,0.0,1713000000.0,0.0,0.0,0.0,860000000.0,2573000000.0,0.343,2573000000.0,860000000.0,-47000000.0,-3.05,-3.05,-3.05,149000000.0,223000000.0,149000000.0,20499270351.0,24.0,7.967,163000000.0,1.636,1.0,7504000000.0,1.0,2377000000.0,907000000.0,24769000000.0,24665000000.0,0.0,0.0,0.0,0.0,15447000000.0,1224000000.0,14223000000.0,7704270351.0,5000000.0,0.0,4000000.0,-124000000.0,0.0,-134000000.0,-1737000000.0,0.0,1876000000.0,0.0,-304000000.0,-304000000.0,-304000000.0,0.0,0.0,-0.041,6589000000.0,915000000.0,1224000000.0,0.0,51.707,-25.343,-24.997,7206000000.0,0.0,76.24,1.027,1.013,234000000.0,-1392000000.0,7504000000.0,7504000000.0,0.0,-0.019,-1.363,0.035,0.115,0.0,4860000000.0,1.0,101052864.0,99657989.0,99657989.0,75.298,13219000000.0,0.0,257000000.0,1321000000.0,132.644,-894000000.0
35,CHTR,MRT,2012-09-30,2012-09-30,2012-09-30,2021-07-30,-83000000.0,16497000000.0,15792500000.0,1229000000.0,15268000000.0,0.47,1.735,-1519000000.0,895000000.0,895000000.0,0.0,-331000000.0,0.581,94.358,13690000000.0,870000000.0,12820000000.0,13690000000.0,0.0,1658000000.0,0.0,0.0,0.0,880000000.0,2538000000.0,0.342,2538000000.0,880000000.0,-56000000.0,-3.31,-3.31,-3.31,173000000.0,288000000.0,173000000.0,20318861977.0,23.0,8.006,297000000.0,2.979,1.0,7425000000.0,1.0,2445000000.0,936000000.0,24731000000.0,24626000000.0,0.0,0.0,0.0,0.0,16324000000.0,2116000000.0,14208000000.0,7564861977.0,864000000.0,0.0,-396000000.0,1000000000.0,0.0,589000000.0,-1541000000.0,0.0,1816000000.0,0.0,-331000000.0,-331000000.0,-331000000.0,0.0,0.0,-0.045,6452000000.0,973000000.0,1246000000.0,0.0,43.728,-22.855,-22.677,7159000000.0,0.0,75.06,1.019,1.008,254000000.0,-1348000000.0,7425000000.0,7425000000.0,0.0,-0.021,-1.149,0.036,0.119,0.0,4790000000.0,1.0,100784199.0,99694672.0,99694672.0,74.477,14052000000.0,0.0,275000000.0,1054000000.0,140.95,-887000000.0
36,CHTR,MRT,2012-06-30,2012-06-30,2012-06-30,2021-07-30,-76000000.0,15553000000.0,15577750000.0,367000000.0,15186000000.0,0.472,2.452,-1457000000.0,32000000.0,32000000.0,0.0,-329000000.0,0.307,62.742,12786000000.0,0.0,12786000000.0,12786000000.0,0.0,1639000000.0,0.0,0.0,0.0,900000000.0,2539000000.0,0.345,2539000000.0,900000000.0,-51000000.0,-3.23,-3.23,-3.23,244000000.0,460750000.0,244000000.0,19897603432.0,22.0,7.837,296000000.0,2.975,1.0,7354000000.0,1.0,2515000000.0,951000000.0,24598000000.0,24536500000.0,0.0,0.0,0.0,0.0,15309000000.0,1194000000.0,14115000000.0,7126603432.0,-161000000.0,0.0,-525000000.0,77000000.0,0.0,-457000000.0,-1457000000.0,0.0,1753000000.0,0.0,-329000000.0,-329000000.0,-329000000.0,0.0,0.0,-0.045,6357000000.0,997000000.0,1194000000.0,0.0,29.207,-21.661,-21.941,7024000000.0,0.0,70.87,0.969,0.959,256000000.0,-1261000000.0,7354000000.0,7354000000.0,0.0,-0.021,-0.714,0.037,0.122,0.0,4714000000.0,1.0,100558818.0,99496755.0,99496755.0,73.912,13038000000.0,0.0,278000000.0,987000000.0,131.039,-827000000.0
37,CHTR,MRT,2012-03-31,2012-03-31,2012-03-31,2021-07-30,-64000000.0,15519000000.0,15641750000.0,338000000.0,15181000000.0,0.464,3.279,-1319000000.0,31000000.0,31000000.0,0.0,-353000000.0,0.296,46.604,12802000000.0,0.0,12802000000.0,12802000000.0,0.0,1617000000.0,0.0,0.0,0.0,905000000.0,2522000000.0,0.347,2522000000.0,905000000.0,-62000000.0,-3.37,-3.37,-3.37,326000000.0,665750000.0,326000000.0,19204893368.0,21.0,7.615,425000000.0,4.274,1.0,7261000000.0,1.0,2588000000.0,967000000.0,24562000000.0,24474750000.0,0.0,0.0,0.0,0.0,15193000000.0,1140000000.0,14053000000.0,6377893368.0,-22000000.0,0.0,-524000000.0,117000000.0,0.0,-416000000.0,-1350000000.0,0.0,1744000000.0,0.0,-353000000.0,-353000000.0,-353000000.0,0.0,0.0,-0.049,6265000000.0,996000000.0,1140000000.0,0.0,19.564,-18.068,-18.828,6906000000.0,0.0,63.45,0.878,0.869,231000000.0,-1178000000.0,7261000000.0,7261000000.0,0.0,-0.023,-0.53,0.037,0.125,0.0,4637000000.0,1.0,100518414.0,99432960.0,99432960.0,73.024,12931000000.0,0.0,291000000.0,917000000.0,130.047,-802000000.0
38,CHTR,MRT,2011-12-31,2011-12-31,2011-12-31,2021-07-30,-65000000.0,15601000000.0,15688250000.0,357000000.0,15244000000.0,0.459,3.754,-1342000000.0,29000000.0,29000000.0,0.0,-369000000.0,0.309,37.144,12856000000.0,0.0,12856000000.0,12856000000.0,0.0,1592000000.0,0.0,0.0,0.0,893000000.0,2485000000.0,0.345,2485000000.0,893000000.0,-70000000.0,-3.39,-3.39,-3.39,409000000.0,879750000.0,409000000.0,18677669255.0,21.0,7.516,395000000.0,3.626,1.0,7204000000.0,1.0,2658000000.0,963000000.0,24613000000.0,24410000000.0,0.0,0.0,0.0,0.0,15192000000.0,1157000000.0,14035000000.0,6128669255.0,-2000000.0,0.0,-728000000.0,355000000.0,0.0,-373000000.0,-1366000000.0,0.0,1737000000.0,0.0,-369000000.0,-369000000.0,-369000000.0,0.0,0.0,-0.051,6168000000.0,1036000000.0,1157000000.0,0.0,14.985,-16.609,-16.796,6897000000.0,0.0,56.94,0.851,0.861,268000000.0,-1082000000.0,7204000000.0,7204000000.0,0.0,-0.024,-0.419,0.037,0.124,0.0,4564000000.0,1.0,107633812.0,108948554.0,108948554.0,66.123,12943000000.0,0.0,299000000.0,847000000.0,118.799,-800000000.0
39,CHTR,MRT,2011-09-30,2011-09-30,2011-09-30,2021-07-30,-77000000.0,15638000000.0,15722250000.0,335000000.0,15303000000.0,0.455,7.969,-1337000000.0,32000000.0,32000000.0,0.0,-387000000.0,0.31,17.1,12581000000.0,0.0,12581000000.0,12581000000.0,0.0,1571000000.0,0.0,0.0,0.0,879000000.0,2450000000.0,0.342,2450000000.0,879000000.0,-71000000.0,-3.49,-3.49,-3.49,864000000.0,1147000000.0,864000000.0,17579480692.0,20.0,7.175,481000000.0,4.436,1.0,7154000000.0,1.0,2733000000.0,950000000.0,24373000000.0,24259500000.0,0.0,0.0,0.0,0.0,14774000000.0,1081000000.0,13693000000.0,5153480692.0,-633000000.0,0.0,-329000000.0,-811000000.0,0.0,-1139000000.0,-1312000000.0,0.0,1818000000.0,0.0,-387000000.0,-387000000.0,-387000000.0,0.0,0.0,-0.054,6104000000.0,1050000000.0,1081000000.0,0.0,5.965,-13.316,-13.421,6903000000.0,0.0,46.84,0.72,0.71,253000000.0,-537000000.0,7154000000.0,7154000000.0,0.0,-0.025,-0.337,0.036,0.123,0.0,4515000000.0,1.0,110023072.0,108420169.0,108420169.0,65.984,12905000000.0,0.0,316000000.0,0.0,119.028,-746000000.0
40,CHTR,MRT,2011-06-30,2011-06-30,2011-06-30,2021-07-30,-66000000.0,15809000000.0,15946500000.0,490000000.0,15319000000.0,0.446,9.738,-1232000000.0,194000000.0,194000000.0,0.0,-397000000.0,0.451,13.858,12620000000.0,0.0,12620000000.0,12620000000.0,0.0,1551000000.0,0.0,0.0,0.0,884000000.0,2435000000.0,0.342,2435000000.0,884000000.0,-44000000.0,-3.54,-3.54,-3.54,1064000000.0,1311750000.0,1064000000.0,18470524548.0,21.0,7.585,622000000.0,5.693,1.0,7114000000.0,1.0,2797000000.0,928000000.0,24351000000.0,24264000000.0,0.0,0.0,0.0,0.0,14745000000.0,1087000000.0,13658000000.0,5970524548.0,144000000.0,0.0,-213000000.0,-287000000.0,0.0,-499000000.0,-1211000000.0,0.0,1854000000.0,0.0,-397000000.0,-397000000.0,-397000000.0,0.0,0.0,-0.056,6060000000.0,1054000000.0,1087000000.0,0.0,5.611,-15.039,-15.328,6879000000.0,0.0,54.26,0.839,0.833,243000000.0,-452000000.0,7114000000.0,7114000000.0,0.0,-0.025,-0.303,0.036,0.124,0.0,4493000000.0,1.0,110035469.0,109265876.0,109265876.0,65.107,13012000000.0,0.0,353000000.0,0.0,119.086,-597000000.0
41,CHTR,MRT,2011-03-31,2011-03-31,2011-03-31,2021-07-30,-46000000.0,15705000000.0,15996000000.0,333000000.0,15372000000.0,0.443,10.439,-1251000000.0,54000000.0,54000000.0,0.0,-371000000.0,0.324,12.287,12554000000.0,0.0,12554000000.0,12554000000.0,0.0,1538000000.0,0.0,0.0,0.0,890000000.0,2428000000.0,0.342,2428000000.0,890000000.0,-16000000.0,-3.28,-3.28,-3.28,1182000000.0,1453750000.0,1182000000.0,18074503262.0,20.0,7.444,594000000.0,5.246,1.0,7094000000.0,1.0,2874000000.0,906000000.0,24303000000.0,24292500000.0,0.0,0.0,0.0,0.0,14523000000.0,1028000000.0,13495000000.0,5800503262.0,-183000000.0,0.0,-213000000.0,-457000000.0,0.0,-807000000.0,-1221000000.0,0.0,1845000000.0,0.0,-371000000.0,-371000000.0,-371000000.0,0.0,0.0,-0.052,6054000000.0,1040000000.0,1028000000.0,0.0,4.907,-15.635,-15.436,6870000000.0,0.0,50.63,0.818,0.808,223000000.0,-345000000.0,7094000000.0,7094000000.0,0.0,-0.023,-0.255,0.037,0.125,0.0,4496000000.0,1.0,114566527.0,113224303.0,113224303.0,62.654,12831000000.0,0.0,355000000.0,0.0,113.324,-695000000.0
42,CHTR,MRT,2010-12-31,2010-12-31,2010-12-31,2021-07-30,-57000000.0,15737000000.0,16119500000.0,356000000.0,15381000000.0,0.438,13.064,-1201000000.0,32000000.0,32000000.0,0.0,-237000000.0,0.339,9.647,12306000000.0,0.0,12306000000.0,12306000000.0,0.0,1524000000.0,0.0,0.0,0.0,935000000.0,2459000000.0,0.348,2459000000.0,935000000.0,58000000.0,-2.09,-2.09,-2.09,1478000000.0,1599000000.0,1478000000.0,16955927670.0,18.0,6.895,727000000.0,6.426,1.0,7059000000.0,1.0,2951000000.0,877000000.0,24011000000.0,24353500000.0,0.0,0.0,0.0,0.0,14259000000.0,1049000000.0,13210000000.0,4463927670.0,-705000000.0,0.0,-6000000.0,-1313000000.0,0.0,-1463000000.0,-1170000000.0,0.0,1928000000.0,0.0,-237000000.0,-237000000.0,-237000000.0,0.0,0.0,-0.034,6039000000.0,1020000000.0,1049000000.0,0.0,3.02,-18.835,-18.632,6819000000.0,0.0,38.94,0.632,0.624,247000000.0,-235000000.0,7059000000.0,7059000000.0,0.0,-0.015,-0.148,0.038,0.132,0.0,4486000000.0,1.0,114636047.0,113138461.0,113138461.0,62.393,12786000000.0,0.0,295000000.0,568000000.0,113.012,-693000000.0
43,CHTR,MRT,2010-09-30,2010-09-30,2010-09-30,2021-07-30,-84000000.0,16535000000.0,16349750000.0,1019000000.0,15516000000.0,,13.465,,682000000.0,682000000.0,,,0.635,9.857,13174000000.0,589000000.0,12585000000.0,13174000000.0,0.0,,0.0,0.0,0.0,,,,,,,,,,1523000000.0,1708500000.0,1523000000.0,16317664395.0,,,,,1.0,,,3032000000.0,,24391000000.0,24593750000.0,0.0,0.0,0.0,0.0,15012000000.0,1604000000.0,13408000000.0,3727664395.0,,,,,,,,,,,,,,,,,,,1015000000.0,,2.448,,,6867000000.0,,32.5,,,241000000.0,-150000000.0,,,,,,,,,,1.0,114697366.0,113110889.0,,,13503000000.0,0.0,,0.0,119.378,-585000000.0
44,CHTR,MRT,2010-06-30,2010-06-30,2010-06-30,2021-07-30,-50000000.0,16007000000.0,,373000000.0,15634000000.0,,14.428,,67000000.0,67000000.0,,,0.368,8.808,12657000000.0,0.0,12657000000.0,12657000000.0,0.0,,0.0,0.0,0.0,,,,,,,,,,1632000000.0,,1632000000.0,16557728113.0,,,,,1.0,,,3118000000.0,,24465000000.0,,0.0,0.0,0.0,0.0,14375000000.0,1014000000.0,13361000000.0,4049728113.0,,,,,,,,,,,,,,,,,,,1014000000.0,,2.481,,,6902000000.0,,35.3,,,249000000.0,-55000000.0,,,,,,,,,,1.0,114723176.0,113110882.0,,,12889000000.0,0.0,,0.0,113.95,-641000000.0
45,CHTR,MRT,2010-03-31,2010-03-31,2010-03-31,2021-07-30,0.0,16199000000.0,,546000000.0,15653000000.0,,15.599,,254000000.0,254000000.0,,,0.57,8.188,12762000000.0,0.0,12762000000.0,12762000000.0,0.0,,0.0,0.0,0.0,,,,,,,,,,1763000000.0,,1763000000.0,16529812986.0,,,,,1.0,,,3202000000.0,,24547000000.0,,0.0,0.0,0.0,0.0,14436000000.0,958000000.0,13478000000.0,3961812986.0,,,,,,,,,,,,,,,,,,,958000000.0,,2.247,,,6859000000.0,,34.5,,,223000000.0,26000000.0,,,,,,,,,,1.0,114835159.0,113020967.0,,,12997000000.0,0.0,,0.0,114.996,-412000000.0
46,CHTR,MRT,2009-12-31,2009-12-31,2009-12-31,2021-07-30,0.0,16658000000.0,,1071000000.0,15587000000.0,,,,754000000.0,754000000.0,,,1.106,7.693,13322000000.0,70000000.0,13252000000.0,13322000000.0,0.0,,0.0,,,,,,,,,,,,1916000000.0,,1916000000.0,,,,,,1.0,,,3286000000.0,,24972000000.0,,0.0,0.0,0.0,0.0,14740000000.0,968000000.0,13772000000.0,,,,,,,,,,,,,,,,,,,,898000000.0,,,,,6833000000.0,,,,,248000000.0,2000000.0,,,,,,,,,,1.0,114835159.0,,,,13372000000.0,0.0,,0.0,,103000000.0
47,CHTR,MRT,2009-12-31,2009-11-30,2009-11-30,2021-07-30,,,,,,,,-1036000000.0,,,0.0,10099000000.0,,,,,,,,1194000000.0,,,0.0,12033000000.0,13227000000.0,2.139,13227000000.0,12033000000.0,11013000000.0,30.0,12.61,30.0,,,,,,,-625000000.0,-1.65,1.0,6183000000.0,1.0,,1020000000.0,,,,,,,,,,,-261000000.0,-150000000.0,1614000000.0,-1093000000.0,0.0,521000000.0,-1193000000.0,0.0,411000000.0,0.0,11364000000.0,11364000000.0,11364000000.0,0.0,-1265000000.0,1.838,7246000000.0,-1063000000.0,,0.0,,,,,0.0,,,,,,6183000000.0,6183000000.0,0.0,,,,1.946,0.0,3927000000.0,1.0,,378784231.0,902067116.0,16.323,,,-351000000.0,,,
48,CHTR,MRT,2009-09-30,2009-09-30,2009-09-30,2021-07-30,,,,,,,,,,,,,,,,,,,,,,,0.0,,,,,,,,,,,,,,,,,,1.0,,,,,,,,,,,,,,,,,,,,,,,,,,,,,,,,,,,,,,,,,,,,,,,,,,,,,,1.0,,379066320.0,,,,,,,,
49,CHTR,MRT,2009-06-30,2009-06-30,2009-06-30,2021-07-30,,,,,,,,,,,,,,,,,,,,,,,0.0,,,,,,,,,,,,,,,,,,1.0,,,,,,,,,,,,,,,,,,,,,,,,,,,,,,,,,,,,,,,,,,,,,,,,,,,,,,1.0,,378982037.0,,,,,,,,
