None,ticker,dimension,calendardate,datekey,reportperiod,lastupdated,accoci,assets,assetsavg,assetsc,assetsnc,assetturnover,bvps,capex,cashneq,cashnequsd,cor,consolinc,currentratio,de,debt,debtc,debtnc,debtusd,deferredrev,depamor,deposits,divyield,dps,ebit,ebitda,ebitdamargin,ebitdausd,ebitusd,ebt,eps,epsdil,epsusd,equity,equityavg,equityusd,ev,evebit,evebitda,fcf,fcfps,fxusd,gp,grossmargin,intangibles,intexp,invcap,invcapavg,inventory,investments,investmentsc,investmentsnc,liabilities,liabilitiesc,liabilitiesnc,marketcap,ncf,ncfbus,ncfcommon,ncfdebt,ncfdiv,ncff,ncfi,ncfinv,ncfo,ncfx,netinc,netinccmn,netinccmnusd,netincdis,netincnci,netmargin,opex,opinc,payables,payoutratio,pb,pe,pe1,ppnenet,prefdivis,price,ps,ps1,receivables,retearn,revenue,revenueusd,rnd,roa,roe,roic,ros,sbcomp,sgna,sharefactor,sharesbas,shareswa,shareswadil,sps,tangibles,taxassets,taxexp,taxliabilities,tbvps,workingcapital
0,CHTR,ARY,2020-12-31,2021-01-29,2020-12-31,2021-07-30,0,144206000000,145021750000,3906000000,140300000000,0.332,117.083,-7956000000.0,1001000000,1001000000,0.0,3676000000.0,0.396,4.786,82752000000,1008000000,81744000000,82752000000,0,9704000000.0,0,0.0,0.0,7696000000.0,17400000000.0,0.362,17400000000.0,7696000000.0,3848000000.0,15.85,15.4,15.85,23805000000,27423750000,23805000000,199454201500,26.0,11.463,6606000000.0,32.491,1.0,48097000000.0,1.0,35169000000,3848000000.0,180913000000,176856750000,0,0,0,0,113925000000,9875000000,104050000000,117703201500,-2548000000.0,0.0,-11010000000.0,3657000000.0,0.0,-8953000000.0,-8157000000.0,0.0,14562000000.0,0.0,3222000000.0,3222000000.0,3222000000.0,0.0,454000000.0,0.067,39692000000.0,8405000000.0,8867000000,0.0,4.944,36.531,38.332,34357000000,0.0,607.56,2.447,2.568,2201000000,-5195000000,48097000000.0,48097000000.0,0.0,0.022,0.117,0.044,0.16,351000000.0,29930000000.0,1.0,193730992,203316483.0,209273247.0,236.562,109037000000,0,626000000.0,18108000000,536.292,-5969000000
1,CHTR,ARY,2019-12-31,2020-01-31,2019-12-31,2021-07-30,0,148188000000,146699250000,6471000000,141717000000,0.312,143.253,-7140000000.0,3549000000,3549000000,0.0,1992000000.0,0.522,3.478,80271000000,3714000000,76557000000,80271000000,0,9926000000.0,0,0.0,0.0,5904000000.0,15830000000.0,0.346,15830000000.0,5904000000.0,2107000000.0,7.6,7.45,7.6,31445000000,33859750000,31445000000,185376161814,31.0,11.71,4608000000.0,20.993,1.0,45764000000.0,1.0,37007000000,3797000000.0,175518000000,172281500000,0,0,0,0,109377000000,12385000000,96992000000,108654161814,2784000000.0,0.0,-6755000000.0,6273000000.0,0.0,-1633000000.0,-7331000000.0,0.0,11748000000.0,0.0,1668000000.0,1668000000.0,1668000000.0,0.0,324000000.0,0.036,39253000000.0,6511000000.0,8671000000,0.0,3.455,65.14,68.087,35683000000,0.0,517.46,2.374,2.482,2227000000,40000000,45764000000.0,45764000000.0,0.0,0.011,0.049,0.034,0.129,315000000.0,29224000000.0,1.0,209975963,219506735.0,223786380.0,208.486,111181000000,0,439000000.0,17711000000,506.504,-5914000000
2,CHTR,ARY,2018-12-31,2019-01-31,2018-12-31,2021-07-30,-2000000,146130000000,146154250000,2730000000,143400000000,0.299,156.161,-9595000000.0,765000000,765000000,0.0,1506000000.0,0.226,2.807,72827000000,3290000000,69537000000,72827000000,0,10318000000.0,0,0.0,0.0,4950000000.0,15268000000.0,0.35,15268000000.0,4950000000.0,1410000000.0,5.29,5.22,5.29,36285000000,37400250000,36285000000,146665377807,30.0,9.606,2172000000.0,9.348,1.0,43634000000.0,1.0,39119000000,3540000000.0,166978000000,165174250000,0,0,0,0,101858000000,12095000000,89763000000,74603377807,144000000.0,0.0,-4330000000.0,3364000000.0,0.0,-1887000000.0,-9736000000.0,0.0,11767000000.0,0.0,1230000000.0,1230000000.0,1230000000.0,0.0,276000000.0,0.028,38298000000.0,5336000000.0,8805000000,0.0,2.056,60.653,62.58,35126000000,0.0,331.05,1.71,1.763,1733000000,2780000000,43634000000.0,43634000000.0,0.0,0.008,0.033,0.03,0.113,290000000.0,27860000000.0,1.0,225353807,232356665.0,235525226.0,187.789,107011000000,0,180000000.0,17389000000,460.546,-9365000000
3,CHTR,ARY,2017-12-31,2018-02-02,2017-12-31,2021-07-30,-1000000,146623000000,147813750000,2555000000,144068000000,0.281,152.243,-7870000000.0,621000000,621000000,0.0,10115000000.0,0.23,2.535,70231000000,2045000000,68186000000,70231000000,0,10588000000.0,0,0.0,0.0,3898000000.0,14486000000.0,0.348,14486000000.0,3898000000.0,808000000.0,38.55,34.09,38.55,39084000000,37165250000,39084000000,162031097862,42.0,11.185,4084000000.0,15.908,1.0,41581000000.0,1.0,41505000000,3090000000.0,163638000000,160074000000,0,0,0,0,99092000000,11090000000,88002000000,92421097862,-914000000.0,0.0,-11715000000.0,8658000000.0,0.0,-4770000000.0,-8098000000.0,0.0,11954000000.0,0.0,9895000000.0,9895000000.0,9895000000.0,0.0,220000000.0,0.238,37492000000.0,4089000000.0,9045000000,0.0,2.365,9.34,10.052,33888000000,0.0,387.5,2.223,2.392,1635000000,3832000000,41581000000.0,41581000000.0,0.0,0.067,0.266,0.024,0.094,310000000.0,26541000000.0,1.0,238506059,256720715.0,296703956.0,161.97,105118000000,0,-9087000000.0,17314000000,409.464,-8535000000
4,CHTR,ARY,2016-12-31,2017-02-16,2016-12-31,2021-07-30,-7000000,149067000000,121920750000,3300000000,145767000000,0.238,194.341,-33532000000.0,1535000000,1535000000,0.0,3745000000.0,0.345,2.459,61747000000,2028000000,59719000000,61747000000,0,6907000000.0,0,0.0,0.0,3096000000.0,10003000000.0,0.345,10003000000.0,3096000000.0,597000000.0,17.05,15.94,17.05,40139000000,30109250000,40139000000,147458577592,48.0,14.741,-25491000000.0,-123.42,1.0,29003000000.0,1.0,44117000000,2499000000.0,155590000000,129355250000,0,0,0,0,98701000000,9572000000,89129000000,87246577592,1530000000.0,0.0,3438000000.0,1539000000.0,0.0,4779000000.0,-11290000000.0,22264000000.0,8041000000.0,0.0,3522000000.0,3522000000.0,3522000000.0,0.0,223000000.0,0.121,25662000000.0,3341000000.0,7544000000,0.0,2.174,24.772,19.03,32963000000,0.0,324.46,3.008,2.311,1432000000,733000000,29003000000.0,29003000000.0,0.0,0.029,0.117,0.024,0.107,492000000.0,18655000000.0,1.0,268897792,206539100.0,234791439.0,140.424,104950000000,0,-2925000000.0,26665000000,508.136,-6272000000
5,CHTR,ARY,2015-12-31,2016-02-10,2015-12-31,2021-07-30,-13000000,39316000000,29479500000,345000000,38971000000,0.331,-0.411,-1812000000.0,22269000000,22269000000,0.0,-271000000.0,0.175,-855.696,35723000000,0,35723000000,35723000000,0,2125000000.0,0,0.0,0.0,975000000.0,3100000000.0,0.318,3100000000.0,975000000.0,-331000000.0,-2.43,-2.43,-2.43,-46000000,15000000,-46000000,31565646414,32.0,10.182,547000000.0,4.89,1.0,9754000000.0,1.0,2024000000,1306000000.0,48774000000,37563750000,0,0,0,0,39362000000,1972000000,37390000000,18111646414,2000000.0,0.0,-8000000.0,14683000000.0,0.0,14675000000.0,-17032000000.0,-15153000000.0,2359000000.0,0.0,-271000000.0,-271000000.0,-271000000.0,0.0,0.0,-0.028,8647000000.0,1107000000.0,1972000000,0.0,-393.731,-66.833,-66.288,8345000000,0.0,161.08,1.857,1.847,279000000,-2061000000,9754000000.0,9754000000.0,0.0,-0.009,-18.067,0.026,0.1,0.0,6426000000.0,1.0,112438828,111869771.0,111869771.0,87.191,37292000000,0,-60000000.0,1590000000,333.352,-1627000000
6,CHTR,ARY,2014-12-31,2015-02-24,2014-12-31,2021-07-30,-22000000,24550000000,20041500000,371000000,24179000000,0.454,1.347,-2177000000.0,7114000000,7114000000,0.0,-183000000.0,0.227,167.151,21023000000,0,21023000000,21023000000,0,2102000000.0,0,0.0,0.0,964000000.0,3066000000.0,0.337,3066000000.0,964000000.0,53000000.0,-1.7,-1.7,-1.7,146000000,122250000,146000000,33819184358,35.0,11.03,182000000.0,1.679,1.0,9108000000.0,1.0,2273000000,911000000.0,34551000000,30091500000,0,0,0,0,24404000000,1635000000,22769000000,19910184358,-18000000.0,0.0,104000000.0,6820000000.0,0.0,6927000000.0,-9304000000.0,0.0,2359000000.0,0.0,-183000000.0,-183000000.0,-183000000.0,0.0,0.0,-0.02,8137000000.0,971000000.0,1635000000,0.0,136.371,-108.799,-104.571,8373000000,0.0,177.77,2.186,2.115,285000000,-1762000000,9108000000.0,9108000000.0,0.0,-0.009,-1.497,0.032,0.106,0.0,5973000000.0,1.0,111999687,108374160.0,108374160.0,84.042,22277000000,0,236000000.0,1674000000,205.556,-1264000000
7,CHTR,ARY,2013-12-31,2014-02-21,2013-12-31,2021-07-30,-41000000,17295000000,16443250000,322000000,16973000000,0.496,1.481,-2425000000.0,21000000,21000000,0.0,-169000000.0,0.219,113.536,14181000000,0,14181000000,14181000000,0,1854000000.0,0,0.0,0.0,797000000.0,2651000000.0,0.325,2651000000.0,797000000.0,-49000000.0,-1.65,-1.65,-1.65,151000000,100500000,151000000,27436500901,34.0,10.349,-267000000.0,-2.619,1.0,8155000000.0,1.0,2566000000,846000000.0,27422000000,26130500000,0,0,0,0,17144000000,1467000000,15677000000,13276500901,14000000.0,0.0,89000000.0,212000000.0,0.0,299000000.0,-2443000000.0,0.0,2158000000.0,0.0,-169000000.0,-169000000.0,-169000000.0,0.0,0.0,-0.021,7246000000.0,909000000.0,1467000000,0.0,87.924,-78.559,-75.806,7981000000,0.0,125.08,1.628,1.563,234000000,-1568000000,8155000000.0,8155000000.0,0.0,-0.01,-1.682,0.031,0.098,0.0,5345000000.0,1.0,106144075,101934630.0,101934630.0,80.002,14729000000,0,120000000.0,1431000000,144.495,-1145000000
8,CHTR,ARY,2012-12-31,2013-02-22,2012-12-31,2021-07-30,-75000000,15599000000,15792000000,333000000,15266000000,0.475,1.495,-1713000000.0,34000000,34000000,0.0,-304000000.0,0.272,103.691,12808000000,0,12808000000,12808000000,0,1713000000.0,0,0.0,0.0,860000000.0,2573000000.0,0.343,2573000000.0,860000000.0,-47000000.0,-3.05,-3.05,-3.05,149000000,223000000,149000000,21376223361,25.0,8.308,163000000.0,1.636,1.0,7504000000.0,1.0,2377000000,907000000.0,24772000000,24665750000,0,0,0,0,15450000000,1224000000,14226000000,8602223361,5000000.0,0.0,-11000000.0,-124000000.0,0.0,-134000000.0,-1737000000.0,0.0,1876000000.0,0.0,-304000000.0,-304000000.0,-304000000.0,0.0,0.0,-0.041,6589000000.0,915000000.0,1224000000,0.0,57.733,-28.297,-27.875,7206000000,0.0,85.02,1.146,1.129,234000000,-1392000000,7504000000.0,7504000000.0,0.0,-0.019,-1.363,0.035,0.115,0.0,4860000000.0,1.0,101178821,99657989.0,99657989.0,75.298,13222000000,0,257000000.0,1122000000,132.674,-891000000
9,CHTR,ARY,2011-12-31,2012-02-27,2011-12-31,2021-07-30,-65000000,15605000000,15689250000,370000000,15235000000,0.459,3.754,-1343000000.0,29000000,29000000,0.0,-369000000.0,0.321,37.154,12856000000,0,12856000000,12856000000,0,1592000000.0,0,0.0,0.0,893000000.0,2485000000.0,0.345,2485000000.0,893000000.0,-70000000.0,-3.39,-3.39,-3.39,409000000,879750000,409000000,19216955578,22.0,7.733,394000000.0,3.616,1.0,7204000000.0,1.0,2658000000,963000000.0,24621000000,24412000000,0,0,0,0,15196000000,1153000000,14043000000,6389955578,-3000000.0,0.0,-733000000.0,355000000.0,0.0,-373000000.0,-1367000000.0,0.0,1737000000.0,0.0,-369000000.0,-369000000.0,-369000000.0,0.0,0.0,-0.051,6163000000.0,1041000000.0,1153000000,0.0,15.623,-17.317,-18.752,6897000000,0.0,63.57,0.887,0.961,272000000,-1082000000,7204000000.0,7204000000.0,0.0,-0.024,-0.419,0.037,0.124,0.0,4564000000.0,1.0,100518414,108948554.0,108948554.0,66.123,12947000000,0,299000000.0,847000000,118.836,-783000000
10,CHTR,ARY,2010-12-31,2011-03-01,2010-12-31,2021-07-30,-57000000,15707000000,16112000000,326000000,15381000000,0.438,13.064,-1201000000.0,32000000,32000000,0.0,-237000000.0,0.311,9.627,12306000000,0,12306000000,12306000000,0,1524000000.0,0,0.0,0.0,935000000.0,2459000000.0,0.348,2459000000.0,935000000.0,58000000.0,-2.09,-2.09,-2.09,1478000000,1599000000,1478000000,17650607112,19.0,7.178,710000000.0,6.275,1.0,7059000000.0,1.0,2951000000,877000000.0,23981000000,24346000000,0,0,0,0,14229000000,1049000000,13180000000,5376607112,-722000000.0,0.0,-6000000.0,-1313000000.0,0.0,-1463000000.0,-1170000000.0,0.0,1911000000.0,0.0,-237000000.0,-237000000.0,-237000000.0,0.0,0.0,-0.034,6035000000.0,1024000000.0,1049000000,0.0,3.638,-22.686,-22.455,6819000000,0.0,46.93,0.762,0.752,247000000,-235000000,7059000000.0,7059000000.0,0.0,-0.015,-0.148,0.038,0.132,0.0,4486000000.0,1.0,114566527,113138461.0,113138461.0,62.393,12756000000,0,295000000.0,0,112.747,-723000000
0,CHTR,ARQ,2021-06-30,2021-07-30,2021-06-30,2021-07-30,0,144026000000,,4682000000,139344000000,,104.036,-1931000000.0,1711000000,1711000000,0.0,1158000000.0,0.466,6.201,87964000000,1002000000,86962000000,87964000000,0,2354000000.0,0,0.0,0.0,2305000000.0,4659000000.0,0.364,4659000000.0,2305000000.0,1301000000.0,5.48,5.29,5.48,19342000000,,19342000000,223025911630,26.0,12.196,2068000000.0,11.123,1.0,12802000000.0,1.0,34341000000,1004000000.0,185900000000,,0,0,0,0,119940000000,10038000000,109902000000,136772911630,939000000.0,0.0,-3499000000.0,3111000000.0,0.0,-1044000000.0,-2016000000.0,0.0,3999000000.0,0.0,1020000000.0,1020000000.0,1020000000.0,0.0,138000000.0,0.08,10227000000.0,2575000000.0,9036000000,0.0,7.071,35.187,37.314,34206000000,0.0,744.05,2.736,2.767,2583000000,-3368000000,12802000000.0,12802000000.0,0.0,,,,,100000000.0,7882000000.0,1.0,183822205,185916505.0,199077390.0,68.859,109685000000,0,281000000.0,18678000000,589.969,-5356000000
1,CHTR,ARQ,2021-03-31,2021-04-30,2021-03-31,2021-07-30,0,143439000000,,3663000000,139776000000,,109.7,-1896000000.0,772000000,772000000,0.0,921000000.0,0.369,5.537,84887000000,1005000000,83882000000,84887000000,0,2441000000.0,0,0.0,0.0,2006000000.0,4447000000.0,0.355,4447000000.0,2006000000.0,1023000000.0,4.22,4.11,4.22,20997000000,,20997000000,211172225452,25.0,11.768,1855000000.0,9.692,1.0,12522000000.0,1.0,34739000000,983000000.0,182899000000,,0,0,0,0,116258000000,9916000000,106342000000,127057225452,-229000000.0,0.0,-3643000000.0,2153000000.0,0.0,-2024000000.0,-1956000000.0,0.0,3751000000.0,0.0,807000000.0,807000000.0,807000000.0,0.0,114000000.0,0.064,10454000000.0,2068000000.0,8911000000,0.0,6.051,34.973,37.043,34184000000,0.0,673.45,2.599,2.637,2395000000,-4388000000,12522000000.0,12522000000.0,0.0,,,,,134000000.0,7711000000.0,1.0,188666160,191404527.0,205872536.0,65.422,108700000000,0,216000000.0,18227000000,567.907,-6253000000
2,CHTR,ARQ,2020-12-31,2021-01-29,2020-12-31,2021-07-30,0,144206000000,,3906000000,140300000000,,120.924,-2534000000.0,1001000000,1001000000,0.0,1401000000.0,0.396,4.786,82752000000,1008000000,81744000000,82752000000,0,2409000000.0,0,0.0,0.0,2465000000.0,4874000000.0,0.386,4874000000.0,2465000000.0,1500000000.0,6.23,6.05,6.23,23805000000,,23805000000,199454201500,26.0,11.463,1615000000.0,8.204,1.0,12624000000.0,1.0,35169000000,965000000.0,180913000000,,0,0,0,0,113925000000,9875000000,104050000000,117703201500,-285000000.0,0.0,-4336000000.0,3044000000.0,0.0,-1864000000.0,-2570000000.0,0.0,4149000000.0,0.0,1246000000.0,1246000000.0,1246000000.0,0.0,155000000.0,0.099,10162000000.0,2462000000.0,8867000000,0.0,4.944,36.531,38.332,34357000000,0.0,607.56,2.447,2.568,2201000000,-5195000000,12624000000.0,12624000000.0,0.0,,,,,88000000.0,7718000000.0,1.0,193730992,196859724.0,202893645.0,64.127,109037000000,0,254000000.0,18108000000,553.882,-5969000000
3,CHTR,ARQ,2020-09-30,2020-10-30,2020-09-30,2021-07-30,0,144193000000,,4060000000,140133000000,,132.655,-1910000000.0,1286000000,1286000000,0.0,932000000.0,0.396,4.106,79662000000,1715000000,77947000000,79662000000,0,2370000000.0,0,0.0,0.0,1937000000.0,4307000000.0,0.358,4307000000.0,1937000000.0,991000000.0,4.01,3.9,4.01,26906000000,,26906000000,199064599789,28.0,11.867,1754000000.0,8.648,1.0,12039000000.0,1.0,35604000000,946000000.0,176709000000,,0,0,0,0,110481000000,10256000000,100225000000,120688599789,-816000000.0,0.0,-3311000000.0,1221000000.0,0.0,-2494000000.0,-1986000000.0,0.0,3664000000.0,0.0,814000000.0,814000000.0,814000000.0,0.0,118000000.0,0.068,9867000000.0,2172000000.0,8541000000,0.0,4.486,44.866,46.663,34196000000,0.0,603.82,2.555,2.593,2068000000,2016000000,12039000000.0,12039000000.0,0.0,,,,,83000000.0,7483000000.0,1.0,199875128,202826502.0,208722129.0,59.356,108589000000,0,177000000.0,17929000000,535.379,-6196000000
4,CHTR,ARQ,2020-06-30,2020-07-31,2020-06-30,2021-07-30,0,145136000000,,4765000000,140371000000,,142.659,-1663000000.0,2102000000,2102000000,0.0,876000000.0,0.521,3.704,78369000000,706000000,77663000000,78369000000,0,2428000000.0,0,0.0,0.0,1889000000.0,4317000000.0,0.369,4317000000.0,1889000000.0,932000000.0,3.72,3.63,3.72,29356000000,,29356000000,195108522080,30.0,11.927,1866000000.0,9.068,1.0,11696000000.0,1.0,36040000000,957000000.0,176221000000,,0,0,0,0,108735000000,9142000000,99593000000,118841522080,-834000000.0,0.0,-1127000000.0,-1317000000.0,0.0,-2612000000.0,-1751000000.0,0.0,3529000000.0,0.0,766000000.0,766000000.0,766000000.0,0.0,110000000.0,0.065,9727000000.0,1969000000.0,8436000000,0.0,4.048,52.515,54.206,34074000000,0.0,580.0,2.548,2.559,1994000000,1202000000,11696000000.0,11696000000.0,0.0,,,,,90000000.0,7297000000.0,1.0,204899176,205777438.0,210906946.0,56.838,109096000000,0,166000000.0,17789000000,530.165,-4377000000
5,CHTR,ARQ,2020-03-31,2020-05-01,2020-03-31,2021-07-30,0,146552000000,,5759000000,140793000000,,142.558,-1849000000.0,2936000000,2936000000,0.0,467000000.0,0.436,3.707,79692000000,4905000000,74787000000,79692000000,0,2497000000.0,0,0.0,0.0,1405000000.0,3902000000.0,0.332,3902000000.0,1405000000.0,425000000.0,1.91,1.86,1.91,29628000000,,29628000000,181975020686,30.0,11.456,1371000000.0,6.597,1.0,11738000000.0,1.0,36509000000,980000000.0,173584000000,,0,0,0,0,109830000000,13215000000,96615000000,105219020686,-613000000.0,0.0,-2236000000.0,709000000.0,0.0,-1983000000.0,-1850000000.0,0.0,3220000000.0,0.0,396000000.0,396000000.0,396000000.0,0.0,71000000.0,0.034,9936000000.0,1802000000.0,8310000000,0.0,3.551,58.1,60.744,34096000000,0.0,509.64,2.273,2.288,2091000000,436000000,11738000000.0,11738000000.0,0.0,,,,,90000000.0,7432000000.0,1.0,206457540,207831305.0,212810613.0,56.478,110043000000,0,29000000.0,17665000000,529.482,-7456000000
6,CHTR,ARQ,2019-12-31,2020-01-31,2019-12-31,2021-07-30,0,148188000000,,6471000000,141717000000,,147.926,-1778000000.0,3549000000,3549000000,0.0,822000000.0,0.522,3.478,80271000000,3714000000,76557000000,80271000000,0,2461000000.0,0,0.0,0.0,1788000000.0,4249000000.0,0.361,4249000000.0,1788000000.0,824000000.0,3.3,3.22,3.3,31445000000,,31445000000,185376161814,31.0,11.71,1580000000.0,7.433,1.0,11761000000.0,1.0,37007000000,964000000.0,175518000000,,0,0,0,0,109377000000,12385000000,96992000000,108654161814,2952000000.0,0.0,-2293000000.0,4050000000.0,0.0,1448000000.0,-1854000000.0,0.0,3358000000.0,0.0,714000000.0,714000000.0,714000000.0,0.0,108000000.0,0.061,9802000000.0,1959000000.0,8671000000,0.0,3.455,65.14,68.087,35683000000,0.0,517.46,2.374,2.482,2227000000,40000000,11761000000.0,11761000000.0,0.0,,,,,77000000.0,7309000000.0,1.0,209975963,212572703.0,219131568.0,55.327,111181000000,0,110000000.0,17711000000,523.026,-5914000000
7,CHTR,ARQ,2019-09-30,2019-10-25,2019-09-30,2021-07-30,-2000000,145267000000,,3388000000,141879000000,,150.911,-1672000000.0,597000000,597000000,0.0,467000000.0,0.283,3.177,76100000000,3719000000,72381000000,76100000000,0,2415000000.0,0,0.0,0.0,1476000000.0,3891000000.0,0.34,3891000000.0,1476000000.0,513000000.0,1.77,1.74,1.77,32974000000,,32974000000,174772223201,33.0,11.406,1271000000.0,5.817,1.0,11450000000.0,1.0,37510000000,963000000.0,171278000000,,0,0,0,0,104745000000,11982000000,92763000000,99269223201,-249000000.0,0.0,-2742000000.0,1664000000.0,0.0,-1461000000.0,-1731000000.0,0.0,2943000000.0,0.0,387000000.0,387000000.0,387000000.0,0.0,80000000.0,0.034,9864000000.0,1586000000.0,8263000000,0.0,3.011,79.415,82.387,35321000000,0.0,462.19,2.195,2.233,2284000000,3734000000,11450000000.0,11450000000.0,0.0,,,,,71000000.0,7435000000.0,1.0,214780119,218499213.0,222355867.0,52.403,107757000000,0,126000000.0,17609000000,493.169,-8594000000
8,CHTR,ARQ,2019-06-30,2019-07-26,2019-06-30,2021-07-30,-2000000,146085000000,,3340000000,142745000000,,158.666,-1649000000.0,846000000,846000000,0.0,386000000.0,0.338,2.919,74566000000,1730000000,72836000000,74566000000,0,2500000000.0,0,0.0,0.0,1343000000.0,3843000000.0,0.339,3843000000.0,1343000000.0,398000000.0,1.41,1.39,1.41,35286000000,,35286000000,162043077627,30.0,10.511,1112000000.0,5.0,1.0,11347000000.0,1.0,38015000000,945000000.0,171915000000,,0,0,0,0,102991000000,9875000000,93116000000,88323077627,-780000000.0,0.0,-824000000.0,-728000000.0,0.0,-1875000000.0,-1666000000.0,0.0,2761000000.0,0.0,314000000.0,314000000.0,314000000.0,0.0,72000000.0,0.028,9806000000.0,1541000000.0,8145000000,0.0,2.503,65.135,66.687,35641000000,0.0,398.79,1.977,1.985,2070000000,3347000000,11347000000.0,11347000000.0,0.0,,,,,82000000.0,7244000000.0,1.0,221477664,222392274.0,225942172.0,51.022,108070000000,0,84000000.0,17522000000,485.943,-6535000000
9,CHTR,ARQ,2019-03-31,2019-04-30,2019-03-31,2021-07-30,-2000000,147257000000,,3751000000,143506000000,,159.079,-2041000000.0,1626000000,1626000000,0.0,317000000.0,0.314,2.9,75285000000,3737000000,71548000000,75285000000,0,2550000000.0,0,0.0,0.0,1297000000.0,3847000000.0,0.343,3847000000.0,1297000000.0,372000000.0,1.13,1.11,1.13,35734000000,,35734000000,156585842988,30.0,10.196,645000000.0,2.871,1.0,11206000000.0,1.0,38551000000,925000000.0,170415000000,,0,0,0,0,103614000000,11950000000,91664000000,82926842988,861000000.0,0.0,-896000000.0,1287000000.0,0.0,255000000.0,-2080000000.0,0.0,2686000000.0,0.0,253000000.0,253000000.0,253000000.0,0.0,64000000.0,0.023,9781000000.0,1425000000.0,8213000000,0.0,2.321,63.062,64.667,35960000000,0.0,371.19,1.877,1.887,1578000000,3033000000,11206000000.0,11206000000.0,0.0,,,,,85000000.0,7236000000.0,1.0,223408074,224630122.0,227595365.0,49.886,108706000000,0,119000000.0,17473000000,483.933,-8199000000
10,CHTR,ARQ,2018-12-31,2019-01-31,2018-12-31,2021-07-30,-2000000,146130000000,,2730000000,143400000000,,159.883,-2283000000.0,765000000,765000000,0.0,360000000.0,0.226,2.807,72827000000,3290000000,69537000000,72827000000,0,2534000000.0,0,0.0,0.0,1208000000.0,3742000000.0,0.333,3742000000.0,1208000000.0,298000000.0,1.3,1.29,1.3,36285000000,,36285000000,146665377807,30.0,9.606,885000000.0,3.9,1.0,11231000000.0,1.0,39119000000,910000000.0,166978000000,,0,0,0,0,101858000000,12095000000,89763000000,74603377807,105000000.0,0.0,-1172000000.0,635000000.0,0.0,-757000000.0,-2306000000.0,0.0,3168000000.0,0.0,296000000.0,296000000.0,296000000.0,0.0,64000000.0,0.026,9849000000.0,1382000000.0,8805000000,0.0,2.056,60.653,62.58,35126000000,0.0,331.05,1.71,1.763,1733000000,2780000000,11231000000.0,11231000000.0,0.0,,,,,72000000.0,7139000000.0,1.0,225353807,226947170.0,230069132.0,49.487,107011000000,0,2000000.0,17389000000,471.524,-9365000000
11,CHTR,ARQ,2018-09-30,2018-10-26,2018-09-30,2021-07-30,-2000000,146085000000,,2729000000,143356000000,,160.938,-2272000000.0,660000000,660000000,0.0,584000000.0,0.23,2.718,72474000000,3339000000,69135000000,72474000000,0,2482000000.0,0,0.0,0.0,1503000000.0,3985000000.0,0.366,3985000000.0,1503000000.0,602000000.0,2.14,2.11,2.14,37105000000,,37105000000,139347008317,28.0,9.005,532000000.0,2.307,1.0,10892000000.0,1.0,39690000000,901000000.0,166359000000,,0,0,0,0,100857000000,11850000000,89007000000,67533008317,-113000000.0,0.0,-920000000.0,618000000.0,0.0,-594000000.0,-2323000000.0,0.0,2804000000.0,0.0,493000000.0,493000000.0,493000000.0,0.0,91000000.0,0.045,9310000000.0,1582000000.0,8511000000,0.0,1.82,6.44,7.15,34740000000,0.0,295.01,1.57,1.582,1736000000,4828000000,10892000000.0,10892000000.0,0.0,,,,,71000000.0,7012000000.0,1.0,228917692,230554633.0,233607414.0,47.243,106395000000,0,109000000.0,17421000000,461.474,-9121000000
12,CHTR,ARQ,2018-06-30,2018-07-31,2018-06-30,2021-07-30,-2000000,146251000000,,2750000000,143501000000,,159.848,-2292000000.0,773000000,773000000,0.0,339000000.0,0.196,2.687,72117000000,5387000000,66730000000,72117000000,0,2592000000.0,0,0.0,0.0,1192000000.0,3784000000.0,0.349,3784000000.0,1192000000.0,314000000.0,1.17,1.15,1.17,37443000000,,37443000000,141965116104,33.0,9.431,804000000.0,3.432,1.0,10854000000.0,1.0,40264000000,878000000.0,163307000000,,0,0,0,0,100609000000,14024000000,86585000000,70621116104,197000000.0,0.0,-1657000000.0,1367000000.0,0.0,-530000000.0,-2369000000.0,0.0,3096000000.0,0.0,273000000.0,273000000.0,273000000.0,0.0,66000000.0,0.025,9521000000.0,1333000000.0,8637000000,0.0,1.886,7.033,7.748,34411000000,0.0,304.58,1.659,1.676,1619000000,4307000000,10854000000.0,10854000000.0,0.0,,,,,70000000.0,6873000000.0,1.0,231863931,234241769.0,237073566.0,46.337,105987000000,0,41000000.0,17376000000,452.468,-11274000000
13,CHTR,ARQ,2018-03-31,2018-04-27,2018-03-31,2021-07-30,-1000000,146151000000,,2398000000,143753000000,,163.054,-2748000000.0,576000000,576000000,0.0,223000000.0,0.207,2.554,70949000000,3340000000,67609000000,70949000000,0,2710000000.0,0,0.0,0.0,1047000000.0,3757000000.0,0.353,3757000000.0,1047000000.0,196000000.0,0.71,0.7,0.71,38768000000,,38768000000,132903062708,33.0,8.98,-49000000.0,-0.206,1.0,10657000000.0,1.0,40869000000,851000000.0,164053000000,,0,0,0,0,99026000000,11602000000,87424000000,62530062708,-45000000.0,0.0,-581000000.0,744000000.0,0.0,-6000000.0,-2738000000.0,0.0,2699000000.0,0.0,168000000.0,168000000.0,168000000.0,0.0,55000000.0,0.016,9618000000.0,1039000000.0,8262000000,0.0,1.613,6.311,6.81,34002000000,0.0,263.325,1.486,1.488,1409000000,4034000000,10657000000.0,10657000000.0,0.0,,,,,77000000.0,6836000000.0,1.0,237463449,237762295.0,241420722.0,44.822,105282000000,0,28000000.0,17351000000,442.804,-9204000000
14,CHTR,ARQ,2017-12-31,2018-02-02,2017-12-31,2021-07-30,-1000000,146623000000,,2555000000,144068000000,,162.404,-2050000000.0,621000000,621000000,0.0,9617000000.0,0.23,2.535,70231000000,2045000000,68186000000,70231000000,0,2742000000.0,0,0.0,0.0,1207000000.0,3949000000.0,0.372,3949000000.0,1207000000.0,367000000.0,37.24,32.8,37.24,39084000000,,39084000000,162031097862,42.0,11.185,1208000000.0,5.02,1.0,10602000000.0,1.0,41505000000,840000000.0,163638000000,,0,0,0,0,99092000000,11090000000,88002000000,92421097862,-1543000000.0,0.0,-4078000000.0,2160000000.0,0.0,-2586000000.0,-2215000000.0,0.0,3258000000.0,0.0,9553000000.0,9553000000.0,9553000000.0,0.0,64000000.0,0.901,9410000000.0,1192000000.0,9045000000,0.0,2.365,9.34,10.052,33888000000,0.0,387.5,2.223,2.392,1635000000,3832000000,10602000000.0,10602000000.0,0.0,,,,,69000000.0,6684000000.0,1.0,238506059,240659051.0,296703956.0,44.054,105118000000,0,-9186000000.0,17314000000,436.792,-8535000000
15,CHTR,ARQ,2017-09-30,2017-10-26,2017-09-30,2021-07-30,-2000000,148228000000,,4132000000,144096000000,,130.862,-2314000000.0,2164000000,2164000000,0.0,92000000.0,0.397,3.179,68132000000,2068000000,66064000000,68132000000,0,2701000000.0,0,0.0,0.0,862000000.0,3563000000.0,0.341,3563000000.0,862000000.0,74000000.0,0.19,0.19,0.19,33229000000,,33229000000,144600994170,35.0,10.025,594000000.0,2.339,1.0,10458000000.0,1.0,42143000000,788000000.0,161634000000,,0,0,0,0,105650000000,10419000000,95231000000,78632994170,1470000000.0,0.0,-3500000000.0,4923000000.0,0.0,890000000.0,-2328000000.0,0.0,2908000000.0,0.0,48000000.0,48000000.0,48000000.0,0.0,44000000.0,0.005,9569000000.0,889000000.0,8351000000,0.0,2.366,98.785,172.836,33300000000,0.0,316.29,1.906,1.947,1652000000,1206000000,10458000000.0,10458000000.0,0.0,,,,,70000000.0,6703000000.0,1.0,248610434,253923805.0,258341851.0,41.186,106085000000,0,26000000.0,26576000000,417.783,-6287000000
16,CHTR,ARQ,2017-06-30,2017-07-27,2017-06-30,2021-07-30,-4000000,146960000000,,2564000000,144396000000,,139.026,-1801000000.0,694000000,694000000,0.0,195000000.0,0.316,2.745,63248000000,0,63248000000,63248000000,0,2595000000.0,0,0.0,0.0,936000000.0,3531000000.0,0.341,3531000000.0,936000000.0,187000000.0,0.53,0.52,0.53,36628000000,,36628000000,157171541638,38.0,11.047,1144000000.0,4.342,1.0,10357000000.0,1.0,42785000000,749000000.0,158606000000,,0,0,0,0,100527000000,8123000000,92404000000,94617541638,-2226000000.0,0.0,-3314000000.0,431000000.0,0.0,-3328000000.0,-1843000000.0,0.0,2945000000.0,0.0,139000000.0,139000000.0,139000000.0,0.0,56000000.0,0.013,9294000000.0,1063000000.0,8123000000,0.0,2.583,100.979,156.795,32948000000,0.0,366.9,2.317,2.367,1489000000,1158000000,10357000000.0,10357000000.0,0.0,,,,,85000000.0,6575000000.0,1.0,257883733,263460911.0,267309261.0,39.311,104175000000,0,48000000.0,26574000000,395.41,-5559000000
17,CHTR,ARQ,2017-03-31,2017-05-02,2017-03-31,2021-07-30,-6000000,149444000000,,4666000000,144778000000,,147.655,-1705000000.0,2920000000,2920000000,0.0,211000000.0,0.49,2.506,62844000000,2007000000,60837000000,62844000000,0,2550000000.0,0,0.0,0.0,893000000.0,3443000000.0,0.339,3443000000.0,893000000.0,180000000.0,0.58,0.57,0.58,39720000000,,39720000000,150268887634,41.0,11.914,1138000000.0,4.23,1.0,10164000000.0,1.0,43430000000,713000000.0,156418000000,,0,0,0,0,99540000000,9520000000,90020000000,90344887634,1385000000.0,0.0,-823000000.0,1144000000.0,0.0,254000000.0,-1712000000.0,0.0,2843000000.0,0.0,155000000.0,155000000.0,155000000.0,0.0,56000000.0,0.015,9219000000.0,945000000.0,7513000000,0.0,2.275,23.375,18.214,32699000000,0.0,337.69,2.466,2.479,1311000000,1019000000,10164000000.0,10164000000.0,0.0,,,,,86000000.0,6579000000.0,1.0,267537942,269004817.0,273199509.0,37.784,106014000000,0,25000000.0,26576000000,394.097,-4854000000
18,CHTR,ARQ,2016-12-31,2017-02-16,2016-12-31,2021-07-30,-7000000,149067000000,,3300000000,145767000000,,194.341,-30181000000.0,1535000000,1535000000,0.0,569000000.0,0.345,2.459,61747000000,2028000000,59719000000,61747000000,0,2495000000.0,0,0.0,0.0,1392000000.0,3887000000.0,0.378,3887000000.0,1392000000.0,664000000.0,0.53,0.71,0.53,40139000000,,40139000000,147458577592,48.0,14.741,-26955000000.0,-130.508,1.0,10275000000.0,1.0,44117000000,728000000.0,155590000000,,0,0,0,0,98701000000,9572000000,89129000000,87246577592,370000000.0,28810000000.0,-1185000000.0,-55000000.0,0.0,-1471000000.0,-1385000000.0,0.0,3226000000.0,0.0,454000000.0,454000000.0,454000000.0,0.0,115000000.0,0.044,8840000000.0,1435000000.0,7544000000,0.0,2.174,24.772,19.03,32963000000,0.0,324.46,3.008,2.311,1432000000,733000000,10275000000.0,10275000000.0,0.0,,,,,122000000.0,6498000000.0,1.0,268897792,206539100.0,234791439.0,49.748,104950000000,0,210000000.0,26665000000,508.136,-6272000000
19,CHTR,ARQ,2016-09-30,2016-11-03,2016-09-30,2021-07-30,-8000000,148897000000,,2781000000,146116000000,,148.479,-1800000000.0,1165000000,1165000000,0.0,250000000.0,0.322,2.429,61996000000,2050000000,59946000000,61996000000,0,2437000000.0,0,0.0,0.0,929000000.0,3366000000.0,0.335,3366000000.0,929000000.0,205000000.0,0.7,0.69,0.7,40277000000,,40277000000,127799031041,63.0,18.294,1001000000.0,3.69,1.0,10037000000.0,1.0,45604000000,724000000.0,155477000000,,0,0,0,0,97822000000,8647000000,89175000000,66968031041,610000000.0,0.0,-302000000.0,-50000000.0,0.0,-389000000.0,-1802000000.0,0.0,2801000000.0,0.0,189000000.0,189000000.0,189000000.0,0.0,61000000.0,0.019,9118000000.0,919000000.0,6597000000,0.0,1.663,22.732,16.889,32881000000,0.0,247.42,3.153,3.16,1242000000,1007000000,10037000000.0,10037000000.0,0.0,,,,,138000000.0,6482000000.0,1.0,270665391,271263259.0,275373202.0,37.001,103293000000,0,16000000.0,26260000000,380.785,-5866000000
20,CHTR,ARQ,2016-06-30,2016-08-09,2016-06-30,2021-07-30,-9000000,149195000000,,2325000000,146870000000,,219.456,-1066000000.0,555000000,555000000,0.0,3114000000.0,0.264,2.439,62203000000,2071000000,60132000000,62203000000,0,1436000000.0,0,0.0,0.0,481000000.0,1917000000.0,0.311,1917000000.0,481000000.0,-112000000.0,16.73,15.17,16.73,40240000000,,40240000000,130940501289,96.0,29.604,524000000.0,2.858,1.0,6161000000.0,1.0,45846000000,593000000.0,156190000000,,0,0,0,0,98163000000,8807000000,89356000000,69292501289,-723000000.0,-28810000000.0,4936000000.0,249000000.0,0.0,5254000000.0,-7567000000.0,22313000000.0,1590000000.0,0.0,3067000000.0,3067000000.0,3067000000.0,0.0,47000000.0,0.498,5473000000.0,688000000.0,6736000000,0.0,1.722,24.65,17.724,33358000000,0.0,255.76,5.075,3.435,1340000000,818000000,6161000000.0,6161000000.0,0.0,,,,,232000000.0,4004000000.0,1.0,270927828,183362776.0,205214266.0,33.6,103349000000,0,-3179000000.0,26339000000,563.631,-6482000000
21,CHTR,ARQ,2016-03-31,2016-04-28,2016-03-31,2021-07-30,-11000000,40524000000,,1612000000,38912000000,,-1.95,-485000000.0,23591000000,23591000000,0.0,-188000000.0,0.837,-186.041,37124000000,0,37124000000,37124000000,0,539000000.0,0,0.0,0.0,294000000.0,833000000.0,0.329,833000000.0,294000000.0,-160000000.0,-1.68,-1.68,-1.68,-219000000,,-219000000,37123183136,36.0,11.689,-61000000.0,-0.543,1.0,2530000000.0,1.0,1968000000,454000000.0,50164000000,,0,0,0,0,40743000000,1925000000,38818000000,23590183136,1273000000.0,0.0,-11000000.0,1395000000.0,0.0,1385000000.0,-536000000.0,-49000000.0,424000000.0,0.0,-188000000.0,-188000000.0,-188000000.0,0.0,0.0,-0.074,2231000000.0,299000000.0,1925000000,0.0,-107.718,-62.408,-61.873,8294000000,0.0,209.75,2.378,2.374,253000000,-2249000000,2530000000.0,2530000000.0,0.0,,,,,0.0,1671000000.0,1.0,112468096,112311539.0,112311539.0,22.527,38556000000,0,28000000.0,1618000000,343.295,-313000000
22,CHTR,ARQ,2015-12-31,2016-02-10,2015-12-31,2021-07-30,-13000000,39316000000,,345000000,38971000000,,-0.41,-531000000.0,22269000000,22269000000,0.0,-122000000.0,0.175,-855.696,35723000000,0,35723000000,35723000000,0,545000000.0,0,0.0,0.0,325000000.0,870000000.0,0.346,870000000.0,325000000.0,-110000000.0,-1.1,-1.1,-1.1,-46000000,,-46000000,31565646414,32.0,10.182,80000000.0,0.714,1.0,2512000000.0,1.0,2024000000,435000000.0,48774000000,,0,0,0,0,39362000000,1972000000,37390000000,18111646414,5000000.0,0.0,-6000000.0,2567000000.0,0.0,2561000000.0,-3167000000.0,-2638000000.0,611000000.0,0.0,-122000000.0,-122000000.0,-122000000.0,0.0,0.0,-0.049,2193000000.0,319000000.0,1972000000,0.0,-393.731,-66.833,-66.288,8345000000,0.0,161.08,1.857,1.847,279000000,-2061000000,2512000000.0,2512000000.0,0.0,,,,,0.0,1624000000.0,1.0,112438828,112108856.0,112108856.0,22.407,37292000000,0,12000000.0,1590000000,332.641,-1627000000
23,CHTR,ARQ,2015-09-30,2015-10-29,2015-09-30,2021-07-30,-15000000,36873000000,,406000000,36467000000,,0.536,-481000000.0,19626000000,19626000000,0.0,54000000.0,0.222,613.55,33281000000,0,33281000000,33281000000,0,538000000.0,0,0.0,0.0,265000000.0,803000000.0,0.328,803000000.0,265000000.0,-88000000.0,0.48,0.48,0.48,60000000,,60000000,35355617005,38.0,11.642,208000000.0,1.858,1.0,2450000000.0,1.0,2084000000,353000000.0,46615000000,,0,0,0,0,36813000000,1829000000,34984000000,21700617005,-30000000.0,0.0,15000000.0,19373000000.0,0.0,19388000000.0,-20107000000.0,-19626000000.0,689000000.0,0.0,54000000.0,54000000.0,54000000.0,0.0,0.0,0.022,2180000000.0,270000000.0,1829000000,0.0,361.677,-110.155,-108.612,8281000000,0.0,193.33,2.26,2.254,292000000,-1911000000,2450000000.0,2450000000.0,0.0,,,,,0.0,1620000000.0,1.0,112246506,111928113.0,113339885.0,21.889,34789000000,0,-142000000.0,1616000000,310.816,-1423000000
24,CHTR,ARQ,2015-06-30,2015-08-04,2015-06-30,2021-07-30,-17000000,17319000000,,456000000,16863000000,,-0.277,-373000000.0,30000000,30000000,0.0,-122000000.0,0.279,-559.677,13896000000,0,13896000000,13896000000,0,528000000.0,0,0.0,0.0,142000000.0,670000000.0,0.276,670000000.0,142000000.0,-87000000.0,-1.09,-1.09,-1.09,-31000000,,-31000000,35318324644,40.0,11.804,158000000.0,1.413,1.0,2430000000.0,1.0,2146000000,229000000.0,27403000000,,0,0,0,0,17350000000,1636000000,15714000000,21452324644,10000000.0,0.0,-7000000.0,-7197000000.0,0.0,-7204000000.0,6683000000.0,7111000000.0,531000000.0,0.0,-122000000.0,-122000000.0,-122000000.0,0.0,0.0,-0.05,2161000000.0,269000000.0,1636000000,0.0,-692.01,-70.567,-69.636,8244000000,0.0,191.5,2.273,2.268,321000000,-1965000000,2430000000.0,2430000000.0,0.0,,,,,0.0,1601000000.0,1.0,112022583,111783504.0,111783504.0,21.738,15173000000,0,35000000.0,1745000000,135.736,-1180000000
25,CHTR,ARQ,2015-03-31,2015-05-01,2015-03-31,2021-07-30,-19000000,24410000000,,7502000000,16908000000,,0.69,-427000000.0,7132000000,7132000000,0.0,-81000000.0,0.875,316.013,20964000000,6983000000,13981000000,20964000000,0,514000000.0,0,0.0,0.0,243000000.0,757000000.0,0.32,757000000.0,243000000.0,-46000000.0,-0.73,-0.73,-0.73,77000000,,77000000,34828877683,36.0,11.308,101000000.0,0.905,1.0,2362000000.0,1.0,2210000000,289000000.0,27463000000,,0,0,0,0,24333000000,8569000000,15764000000,20996877683,17000000.0,0.0,-10000000.0,-60000000.0,0.0,-70000000.0,-441000000.0,0.0,528000000.0,0.0,-81000000.0,-81000000.0,-81000000.0,0.0,0.0,-0.034,2113000000.0,249000000.0,1586000000,0.0,272.687,-92.497,-90.113,8275000000,0.0,187.435,2.266,2.258,264000000,-1843000000,2362000000.0,2362000000.0,0.0,,,,,0.0,1581000000.0,1.0,112022182,111655617.0,111655617.0,21.154,22200000000,0,35000000.0,1706000000,198.826,-1067000000
26,CHTR,ARQ,2014-12-31,2015-02-24,2014-12-31,2021-07-30,-22000000,24550000000,,371000000,24179000000,,1.324,-530000000.0,7114000000,7114000000,0.0,-48000000.0,0.227,167.151,21023000000,0,21023000000,21023000000,0,534000000.0,0,0.0,0.0,273000000.0,807000000.0,0.342,807000000.0,273000000.0,0.0,-0.44,-0.44,-0.44,146000000,,146000000,33819184358,35.0,11.03,100000000.0,0.907,1.0,2360000000.0,1.0,2273000000,273000000.0,34551000000,,0,0,0,0,24404000000,1635000000,22769000000,19910184358,-7000000.0,3513000000.0,79000000.0,3424000000.0,0.0,3502000000.0,-4139000000.0,0.0,630000000.0,0.0,-48000000.0,-48000000.0,-48000000.0,0.0,0.0,-0.02,2083000000.0,277000000.0,1635000000,0.0,136.371,-108.799,-104.571,8373000000,0.0,177.77,2.186,2.115,285000000,-1762000000,2360000000.0,2360000000.0,0.0,,,,,0.0,1529000000.0,1.0,111999687,110263038.0,110263038.0,21.403,22277000000,0,48000000.0,1674000000,202.035,-1264000000
27,CHTR,ARQ,2014-09-30,2014-10-31,2014-09-30,2021-07-30,-25000000,20950000000,,370000000,20580000000,,0.892,-582000000.0,3523000000,3523000000,0.0,-53000000.0,0.233,214.979,17595000000,0,17595000000,17595000000,0,535000000.0,0,0.0,0.0,223000000.0,758000000.0,0.331,758000000.0,223000000.0,6000000.0,-0.49,-0.49,-0.49,97000000,,97000000,31379009363,33.0,10.442,-62000000.0,-0.57,1.0,2287000000.0,1.0,2345000000,217000000.0,31091000000,,0,0,0,0,20853000000,1586000000,19267000000,17307009363,1000000.0,-3513000000.0,13000000.0,3567000000.0,0.0,3580000000.0,-4099000000.0,0.0,520000000.0,0.0,-53000000.0,-53000000.0,-53000000.0,0.0,0.0,-0.023,2069000000.0,218000000.0,1586000000,0.0,178.423,-180.281,-184.174,8305000000,0.0,158.39,1.945,1.937,270000000,-1703000000,2287000000.0,2287000000.0,0.0,,,,,0.0,1518000000.0,1.0,109268321,108792605.0,108792605.0,21.022,18605000000,0,59000000.0,1610000000,171.013,-1216000000
28,CHTR,ARQ,2014-06-30,2014-07-31,2014-06-30,2021-07-30,-30000000,17369000000,,337000000,17032000000,,1.102,-562000000.0,9000000,9000000,0.0,-45000000.0,0.21,144.958,14019000000,0,14019000000,14019000000,0,528000000.0,0,0.0,0.0,230000000.0,758000000.0,0.336,758000000.0,230000000.0,20000000.0,-0.42,-0.42,-0.42,119000000,,119000000,30797806394,34.0,10.472,70000000.0,0.648,1.0,2259000000.0,1.0,2415000000,210000000.0,27358000000,,0,0,0,0,17250000000,1606000000,15644000000,16787806394,5000000.0,0.0,17000000.0,-76000000.0,0.0,-60000000.0,-567000000.0,0.0,632000000.0,0.0,-45000000.0,-45000000.0,-45000000.0,0.0,0.0,-0.02,2023000000.0,236000000.0,1606000000,0.0,141.074,-148.565,-147.162,8197000000,0.0,154.52,1.924,1.912,252000000,-1650000000,2259000000.0,2259000000.0,0.0,,,,,0.0,1479000000.0,1.0,108644877,107975937.0,107975937.0,20.921,14954000000,0,65000000.0,1554000000,138.494,-1269000000
29,CHTR,ARQ,2014-03-31,2014-04-30,2014-03-31,2021-07-30,-35000000,17297000000,,304000000,16993000000,,1.193,-503000000.0,4000000,4000000,0.0,-37000000.0,0.2,135.197,14090000000,0,14090000000,14090000000,0,505000000.0,0,0.0,0.0,238000000.0,743000000.0,0.337,743000000.0,238000000.0,27000000.0,-0.35,-0.35,-0.35,127000000,,127000000,28753358290,34.0,10.298,74000000.0,0.695,1.0,2202000000.0,1.0,2494000000,211000000.0,27366000000,,0,0,0,0,17170000000,1523000000,15647000000,14667358290,-17000000.0,0.0,-5000000.0,-95000000.0,0.0,-95000000.0,-499000000.0,0.0,577000000.0,0.0,-37000000.0,-37000000.0,-37000000.0,0.0,0.0,-0.017,1962000000.0,240000000.0,1523000000,0.0,115.491,-89.435,-85.239,8079000000,0.0,135.53,1.738,1.709,217000000,-1605000000,2202000000.0,2202000000.0,0.0,,,,,0.0,1447000000.0,1.0,108222226,106439198.0,106439198.0,20.688,14803000000,0,64000000.0,1492000000,139.075,-1219000000
30,CHTR,ARQ,2013-12-31,2014-02-21,2013-12-31,2021-07-30,-41000000,17295000000,,322000000,16973000000,,1.454,-514000000.0,21000000,21000000,0.0,39000000.0,0.219,113.536,14181000000,0,14181000000,14181000000,0,500000000.0,0,0.0,0.0,246000000.0,746000000.0,0.347,746000000.0,246000000.0,35000000.0,0.4,0.4,0.4,151000000,,151000000,27436500901,34.0,10.349,81000000.0,0.78,1.0,2148000000.0,1.0,2566000000,211000000.0,27422000000,,0,0,0,0,17144000000,1467000000,15677000000,13276500901,-20000000.0,0.0,33000000.0,-130000000.0,0.0,-98000000.0,-517000000.0,0.0,595000000.0,0.0,39000000.0,39000000.0,39000000.0,0.0,0.0,0.018,1918000000.0,230000000.0,1467000000,0.0,87.924,-78.559,-75.806,7981000000,0.0,125.08,1.628,1.563,234000000,-1568000000,2148000000.0,2148000000.0,0.0,,,,,0.0,1395000000.0,1.0,106144075,103857432.0,103857432.0,20.682,14729000000,0,-4000000.0,1431000000,141.819,-1145000000
31,CHTR,ARQ,2013-09-30,2013-11-05,2013-09-30,2021-07-30,-48000000,17250000000,,357000000,16893000000,,0.593,-1079000000.0,41000000,41000000,0.0,-70000000.0,0.258,281.787,14306000000,0,14306000000,14306000000,0,493000000.0,0,0.0,0.0,201000000.0,694000000.0,0.328,694000000.0,201000000.0,-13000000.0,-0.68,-0.68,-0.68,61000000,,61000000,27912652369,36.0,10.752,-541000000.0,-5.256,1.0,2118000000.0,1.0,2624000000,214000000.0,27509000000,,0,0,0,0,17189000000,1382000000,15807000000,13647652369,-3000000.0,0.0,66000000.0,489000000.0,0.0,539000000.0,-1080000000.0,0.0,538000000.0,0.0,-70000000.0,-70000000.0,-70000000.0,0.0,0.0,-0.033,1898000000.0,220000000.0,1382000000,0.0,223.732,-55.031,-53.276,7838000000,0.0,131.06,1.723,1.703,235000000,-1600000000,2118000000.0,2118000000.0,0.0,,,,,0.0,1397000000.0,1.0,104132858,102924443.0,102924443.0,20.578,14626000000,0,57000000.0,1432000000,142.104,-1025000000
32,CHTR,ARQ,2013-06-30,2013-08-06,2013-06-30,2021-07-30,-56000000,15589000000,,333000000,15256000000,,0.606,-409000000.0,44000000,44000000,0.0,-96000000.0,0.26,254.557,12812000000,0,12812000000,12812000000,0,436000000.0,0,0.0,0.0,173000000.0,609000000.0,0.309,609000000.0,173000000.0,-38000000.0,-0.96,-0.96,-0.96,61000000,,61000000,25656443556,33.0,10.113,75000000.0,0.746,1.0,1972000000.0,1.0,2247000000,211000000.0,24830000000,,0,0,0,0,15528000000,1280000000,14248000000,12888443556,-21000000.0,0.0,-5000000.0,-95000000.0,0.0,-91000000.0,-414000000.0,0.0,484000000.0,0.0,-96000000.0,-96000000.0,-96000000.0,0.0,0.0,-0.049,1736000000.0,236000000.0,1280000000,0.0,211.286,-48.636,-47.943,7313000000,0.0,127.05,1.678,1.664,223000000,-1530000000,1972000000.0,1972000000.0,0.0,,,,,0.0,1295000000.0,1.0,101443869,100600678.0,100600678.0,19.602,13342000000,0,58000000.0,1374000000,132.623,-947000000
33,CHTR,ARQ,2013-03-31,2013-05-07,2013-03-31,2021-07-30,-64000000,15639000000,,374000000,15265000000,,1.286,-423000000.0,92000000,92000000,0.0,-42000000.0,0.29,120.233,12816000000,0,12816000000,12816000000,0,425000000.0,0,0.0,0.0,177000000.0,602000000.0,0.314,602000000.0,177000000.0,-33000000.0,-0.42,-0.42,-0.42,129000000,,129000000,23830217254,29.0,9.334,118000000.0,1.176,1.0,1917000000.0,1.0,2312000000,210000000.0,24761000000,,0,0,0,0,15510000000,1290000000,14220000000,11106217254,58000000.0,0.0,-5000000.0,-52000000.0,0.0,-51000000.0,-432000000.0,0.0,541000000.0,0.0,-42000000.0,-42000000.0,-42000000.0,0.0,0.0,-0.022,1695000000.0,222000000.0,1290000000,0.0,86.095,-44.072,-43.356,7259000000,0.0,109.69,1.462,1.449,208000000,-1434000000,1917000000.0,1917000000.0,0.0,,,,,0.0,1258000000.0,1.0,101250955,100327418.0,100327418.0,19.107,13327000000,0,9000000.0,1279000000,132.835,-916000000
34,CHTR,ARQ,2012-12-31,2013-02-22,2012-12-31,2021-07-30,-75000000,15599000000,,333000000,15266000000,,1.49,-452000000.0,34000000,34000000,0.0,-40000000.0,0.272,103.691,12808000000,0,12808000000,12808000000,0,466000000.0,0,0.0,0.0,225000000.0,691000000.0,0.361,691000000.0,225000000.0,9000000.0,-0.4,-0.4,-0.4,149000000,,149000000,21376223361,25.0,8.308,33000000.0,0.33,1.0,1913000000.0,1.0,2377000000,216000000.0,24772000000,,0,0,0,0,15450000000,1224000000,14226000000,8602223361,-861000000.0,0.0,-7000000.0,-882000000.0,0.0,-888000000.0,-458000000.0,0.0,485000000.0,0.0,-40000000.0,-40000000.0,-40000000.0,0.0,0.0,-0.021,1707000000.0,206000000.0,1224000000,0.0,57.733,-28.297,-27.875,7206000000,0.0,85.02,1.146,1.129,234000000,-1392000000,1913000000.0,1913000000.0,0.0,,,,,0.0,1228000000.0,1.0,101178821,100005893.0,100005893.0,19.129,13222000000,0,49000000.0,1122000000,132.212,-891000000
35,CHTR,ARQ,2012-09-30,2012-11-06,2012-09-30,2021-07-30,-83000000,16497000000,,1229000000,15268000000,,1.735,-466000000.0,895000000,895000000,0.0,-87000000.0,0.581,94.358,13690000000,870000000,12820000000,13690000000,0,424000000.0,0,0.0,0.0,211000000.0,635000000.0,0.338,635000000.0,211000000.0,-18000000.0,-0.87,-0.87,-0.87,173000000,,173000000,20032406120,23.0,7.893,2000000.0,0.02,1.0,1880000000.0,1.0,2445000000,229000000.0,24731000000,,0,0,0,0,16324000000,2116000000,14208000000,7237406120,863000000.0,0.0,0.0,884000000.0,0.0,889000000.0,-494000000.0,0.0,468000000.0,0.0,-87000000.0,-87000000.0,-87000000.0,0.0,0.0,-0.046,1669000000.0,211000000.0,1246000000,0.0,41.835,-21.865,-21.637,7159000000,0.0,71.62,0.975,0.962,254000000,-1348000000,1880000000.0,1880000000.0,0.0,,,,,0.0,1242000000.0,1.0,101052864,99694672.0,99694672.0,18.858,14052000000,0,69000000.0,1054000000,140.95,-887000000
36,CHTR,ARQ,2012-06-30,2012-08-07,2012-06-30,2021-07-30,-76000000,15553000000,,367000000,15186000000,,2.452,-443000000.0,32000000,32000000,0.0,-83000000.0,0.307,62.742,12786000000,0,12786000000,12786000000,0,415000000.0,0,0.0,0.0,210000000.0,625000000.0,0.332,625000000.0,210000000.0,-15000000.0,-0.84,-0.84,-0.84,244000000,,244000000,20482132379,23.0,8.067,26000000.0,0.261,1.0,1884000000.0,1.0,2515000000,225000000.0,24598000000,,0,0,0,0,15309000000,1194000000,14115000000,7728132379,1000000.0,0.0,-1000000.0,-46000000.0,0.0,-48000000.0,-420000000.0,0.0,469000000.0,0.0,-83000000.0,-83000000.0,-83000000.0,0.0,0.0,-0.044,1615000000.0,269000000.0,1194000000,0.0,31.673,-23.49,-23.74,7024000000,0.0,76.68,1.051,1.037,256000000,-1261000000,1884000000.0,1884000000.0,0.0,,,,,0.0,1204000000.0,1.0,100784199,99496755.0,99496755.0,18.935,13038000000,0,68000000.0,987000000,131.039,-827000000
37,CHTR,ARQ,2012-03-31,2012-05-08,2012-03-31,2021-07-30,-64000000,15519000000,,338000000,15181000000,,3.279,-352000000.0,31000000,31000000,0.0,-94000000.0,0.296,46.604,12802000000,0,12802000000,12802000000,0,408000000.0,0,0.0,0.0,214000000.0,622000000.0,0.34,622000000.0,214000000.0,-23000000.0,-0.95,-0.95,-0.95,326000000,,326000000,19304306405,21.0,7.654,102000000.0,1.026,1.0,1827000000.0,1.0,2588000000,237000000.0,24562000000,,0,0,0,0,15193000000,1140000000,14053000000,6533306405,2000000.0,0.0,-3000000.0,-80000000.0,0.0,-87000000.0,-365000000.0,0.0,454000000.0,0.0,-94000000.0,-94000000.0,-94000000.0,0.0,0.0,-0.051,1598000000.0,229000000.0,1140000000,0.0,20.041,-18.508,-19.279,6906000000,0.0,64.97,0.9,0.89,231000000,-1178000000,1827000000.0,1827000000.0,0.0,,,,,0.0,1186000000.0,1.0,100558818,99432960.0,99432960.0,18.374,12931000000,0,71000000.0,917000000,130.047,-802000000
38,CHTR,ARQ,2011-12-31,2012-02-27,2011-12-31,2021-07-30,-65000000,15605000000,,370000000,15235000000,,3.898,-270000000.0,29000000,29000000,0.0,-67000000.0,0.321,37.154,12856000000,0,12856000000,12856000000,0,411000000.0,0,0.0,0.0,245000000.0,656000000.0,0.358,656000000.0,245000000.0,0.0,-0.65,-0.65,-0.65,409000000,,409000000,19216955578,22.0,7.733,155000000.0,1.477,1.0,1834000000.0,1.0,2658000000,245000000.0,24621000000,,0,0,0,0,15196000000,1153000000,14043000000,6389955578,-3000000.0,0.0,-410000000.0,242000000.0,0.0,-165000000.0,-263000000.0,0.0,425000000.0,0.0,-67000000.0,-67000000.0,-67000000.0,0.0,0.0,-0.037,1565000000.0,269000000.0,1153000000,0.0,15.623,-17.317,-18.752,6897000000,0.0,63.57,0.887,0.961,272000000,-1082000000,1834000000.0,1834000000.0,0.0,,,,,0.0,1158000000.0,1.0,100518414,104936660.0,104936660.0,17.477,12947000000,0,67000000.0,847000000,123.379,-783000000
39,CHTR,ARQ,2011-09-30,2011-11-01,2011-09-30,2021-07-30,-77000000,15638000000,,335000000,15303000000,,7.969,-393000000.0,32000000,32000000,0.0,-85000000.0,0.31,17.1,12581000000,0,12581000000,12581000000,0,405000000.0,0,0.0,0.0,231000000.0,636000000.0,0.352,636000000.0,231000000.0,-13000000.0,-0.79,-0.79,-0.79,864000000,,864000000,17591644092,20.0,7.18,12000000.0,0.111,1.0,1809000000.0,1.0,2733000000,244000000.0,24373000000,,0,0,0,0,14774000000,1081000000,13693000000,5042644092,-162000000.0,0.0,-116000000.0,-39000000.0,0.0,-157000000.0,-410000000.0,0.0,405000000.0,0.0,-85000000.0,-85000000.0,-85000000.0,0.0,0.0,-0.047,1574000000.0,235000000.0,1081000000,0.0,5.836,-13.03,-13.424,6903000000,0.0,46.85,0.705,0.71,253000000,-537000000,1809000000.0,1809000000.0,0.0,,,,,0.0,1166000000.0,1.0,107633812,108420169.0,108420169.0,16.685,12905000000,0,72000000.0,0,119.028,-746000000
40,CHTR,ARQ,2011-06-30,2011-08-02,2011-06-30,2021-07-30,-66000000,15809000000,,490000000,15319000000,,9.738,-305000000.0,194000000,194000000,0.0,-107000000.0,0.451,13.858,12620000000,0,12620000000,12620000000,0,393000000.0,0,0.0,0.0,215000000.0,608000000.0,0.339,608000000.0,215000000.0,-26000000.0,-0.98,-0.98,-0.98,1064000000,,1064000000,18036076441,20.0,7.407,155000000.0,1.419,1.0,1791000000.0,1.0,2797000000,241000000.0,24351000000,,0,0,0,0,14745000000,1087000000,13658000000,5610076441,140000000.0,0.0,0.0,-6000000.0,0.0,-7000000.0,-313000000.0,0.0,460000000.0,0.0,-107000000.0,-107000000.0,-107000000.0,0.0,0.0,-0.06,1521000000.0,270000000.0,1087000000,0.0,5.273,-14.131,-14.404,6879000000,0.0,50.99,0.789,0.783,243000000,-452000000,1791000000.0,1791000000.0,0.0,,,,,0.0,1127000000.0,1.0,110023072,109265876.0,109265876.0,16.391,13012000000,0,81000000.0,0,119.086,-597000000
41,CHTR,ARQ,2011-03-31,2011-05-03,2011-03-31,2021-07-30,-46000000,15705000000,,333000000,15372000000,,10.439,-375000000.0,54000000,54000000,0.0,-110000000.0,0.324,12.287,12554000000,0,12554000000,12554000000,0,383000000.0,0,0.0,0.0,202000000.0,585000000.0,0.331,585000000.0,202000000.0,-31000000.0,-0.97,-0.97,-0.97,1182000000,,1182000000,18960182385,21.0,7.809,72000000.0,0.636,1.0,1770000000.0,1.0,2874000000,233000000.0,24303000000,,0,0,0,0,14523000000,1028000000,13495000000,6460182385,22000000.0,0.0,-207000000.0,158000000.0,0.0,-44000000.0,-381000000.0,0.0,447000000.0,0.0,-110000000.0,-110000000.0,-110000000.0,0.0,0.0,-0.062,1501000000.0,269000000.0,1028000000,0.0,5.465,-17.413,-17.899,6870000000,0.0,58.71,0.911,0.937,223000000,-345000000,1770000000.0,1770000000.0,0.0,,,,,0.0,1113000000.0,1.0,110035469,113224303.0,113224303.0,15.633,12831000000,0,79000000.0,0,113.324,-695000000
42,CHTR,ARQ,2010-12-31,2011-03-01,2010-12-31,2021-07-30,-57000000,15707000000,,326000000,15381000000,,13.044,-246000000.0,32000000,32000000,0.0,-85000000.0,0.311,9.627,12306000000,0,12306000000,12306000000,0,390000000.0,0,0.0,0.0,231000000.0,621000000.0,0.348,621000000.0,231000000.0,-1000000.0,-0.75,-0.75,-0.75,1478000000,,1478000000,17650607112,19.0,7.178,243000000.0,2.145,1.0,1784000000.0,1.0,2951000000,232000000.0,23981000000,,0,0,0,0,14229000000,1049000000,13180000000,5376607112,-650000000.0,0.0,-6000000.0,-924000000.0,0.0,-931000000.0,-208000000.0,0.0,489000000.0,0.0,-85000000.0,-85000000.0,-85000000.0,0.0,0.0,-0.048,1505000000.0,279000000.0,1049000000,0.0,3.638,-22.686,-22.455,6819000000,0.0,46.93,0.762,0.752,247000000,-235000000,1784000000.0,1784000000.0,0.0,,,,,0.0,1109000000.0,1.0,114566527,113310118.0,113310118.0,15.744,12756000000,0,84000000.0,0,112.576,-723000000
43,CHTR,ARQ,2010-09-30,2010-11-03,2010-09-30,2021-07-30,-84000000,16535000000,,1019000000,15516000000,,13.465,-306000000.0,682000000,682000000,0.0,-95000000.0,0.635,9.857,13174000000,589000000,12585000000,13174000000,0,385000000.0,0,0.0,0.0,236000000.0,621000000.0,0.351,621000000.0,236000000.0,14000000.0,-0.84,-0.84,-0.84,1523000000,,1523000000,16315112167,,,135000000.0,1.194,1.0,1769000000.0,1.0,3032000000,222000000.0,24391000000,,0,0,0,0,15012000000,1604000000,13408000000,3823112167,615000000.0,0.0,0.0,485000000.0,0.0,483000000.0,-309000000.0,0.0,441000000.0,0.0,-95000000.0,-95000000.0,-95000000.0,0.0,0.0,-0.054,1529000000.0,240000000.0,1015000000,0.0,2.51,,,6867000000,0.0,33.35,,,241000000,-150000000,1769000000.0,1769000000.0,0.0,,,,,0.0,1144000000.0,1.0,114636047,113110889.0,113110889.0,15.64,13503000000,0,109000000.0,0,119.378,-585000000
44,CHTR,ARQ,2010-06-30,2010-08-04,2010-06-30,2021-07-30,-50000000,16007000000,,373000000,15634000000,,14.428,-324000000.0,67000000,67000000,0.0,-81000000.0,0.368,8.808,12657000000,0,12657000000,12657000000,0,380000000.0,0,0.0,0.0,221000000.0,601000000.0,0.339,601000000.0,221000000.0,2000000.0,-0.72,-0.72,-0.72,1632000000,,1632000000,16776453859,,,127000000.0,1.123,1.0,1771000000.0,1.0,3118000000,219000000.0,24465000000,,0,0,0,0,14375000000,1014000000,13361000000,4186453859,-187000000.0,0.0,0.0,-176000000.0,0.0,-315000000.0,-323000000.0,0.0,451000000.0,0.0,-81000000.0,-81000000.0,-81000000.0,0.0,0.0,-0.046,1517000000.0,254000000.0,1014000000,0.0,2.565,,,6902000000,0.0,36.5,,,249000000,-55000000,1771000000.0,1771000000.0,0.0,,,,,0.0,1130000000.0,1.0,114697366,113110882.0,113110882.0,15.657,12889000000,0,83000000.0,0,113.95,-641000000
45,CHTR,ARQ,2010-03-31,2010-05-06,2010-03-31,2021-07-30,0,16199000000,,546000000,15653000000,,15.599,-325000000.0,254000000,254000000,0.0,24000000.0,0.57,8.188,12762000000,0,12762000000,12762000000,0,369000000.0,0,0.0,0.0,247000000.0,616000000.0,0.355,616000000.0,247000000.0,43000000.0,0.21,0.21,0.21,1763000000,,1763000000,16907633800,,,205000000.0,1.814,1.0,1735000000.0,1.0,3202000000,204000000.0,24547000000,,0,0,0,0,14436000000,958000000,13478000000,4399633800,-500000000.0,0.0,0.0,-698000000.0,0.0,-700000000.0,-330000000.0,0.0,530000000.0,0.0,24000000.0,24000000.0,24000000.0,0.0,0.0,0.014,1488000000.0,247000000.0,958000000,0.0,2.496,,,6859000000,0.0,38.35,,,223000000,26000000,1735000000.0,1735000000.0,0.0,,,,,0.0,1103000000.0,1.0,114723176,113020967.0,114883134.0,15.351,12997000000,0,19000000.0,0,114.996,-412000000
46,CHTR,ARQ,2009-12-31,2010-02-26,2009-12-31,2021-07-30,0,16658000000,,1071000000,15587000000,,16.676,,754000000,754000000,,,1.106,7.698,13322000000,70000000,13252000000,13322000000,0,,0,,0.0,,,,,,,,,,1915000000,,1915000000,15984345980,,,,,1.0,,,3286000000,,24972000000,,0,0,0,0,14741000000,968000000,13773000000,3416345980,,,,,,,,,,,,,,,,,,,898000000,,1.784,,,6833000000,,29.75,,,248000000,2000000,,,,,,,,,,1.0,114835159,114835159.0,,,13372000000,0,,0,116.445,103000000
0,CHTR,ART,2021-06-30,2021-07-30,2021-06-30,2021-07-30,0,144026000000,143966000000.0,4682000000,139344000000,0.347,104.036,-8271000000.0,1711000000,1711000000,0.0,4412000000.0,0.466,6.201,87964000000,1002000000,86962000000,87964000000,0,9574000000.0,0,0.0,0.0,8713000000.0,18287000000.0,0.366,18287000000.0,8713000000.0,4815000000.0,19.94,19.35,19.94,19342000000,22762500000.0,19342000000,223025911630,26.0,12.196,7292000000.0,39.222,1.0,49987000000.0,1.0,34341000000,3898000000.0,185900000000,181605250000.0,0,0,0,0,119940000000,10038000000,109902000000,136772911630,-391000000.0,0.0,-14789000000.0,9529000000.0,0.0,-7426000000.0,-8528000000.0,0.0,15563000000.0,0.0,3887000000.0,3887000000.0,3887000000.0,0.0,525000000.0,0.078,40710000000.0,9277000000.0,9036000000,0.0,7.071,35.187,37.314,34206000000,0.0,744.05,2.736,2.767,2583000000,-3368000000,49987000000.0,49987000000.0,0.0,0.027,0.171,0.048,0.174,405000000.0,30794000000.0,1.0,183822205,185916505.0,199077390.0,268.868,109685000000,0,928000000.0,18678000000,589.969,-5356000000
1,CHTR,ART,2021-03-31,2021-04-30,2021-03-31,2021-07-30,0,143439000000,144243500000.0,3663000000,139776000000,0.339,109.7,-8003000000.0,772000000,772000000,0.0,4130000000.0,0.369,5.537,84887000000,1005000000,83882000000,84887000000,0,9648000000.0,0,0.0,0.0,8297000000.0,17945000000.0,0.367,17945000000.0,8297000000.0,4446000000.0,18.18,17.69,18.18,20997000000,25266000000.0,20997000000,211172225452,25.0,11.768,7090000000.0,37.042,1.0,48881000000.0,1.0,34739000000,3851000000.0,182899000000,179185500000.0,0,0,0,0,116258000000,9916000000,106342000000,127057225452,-2164000000.0,0.0,-12417000000.0,5101000000.0,0.0,-8994000000.0,-8263000000.0,0.0,15093000000.0,0.0,3633000000.0,3633000000.0,3633000000.0,0.0,497000000.0,0.074,40210000000.0,8671000000.0,8911000000,0.0,6.051,34.973,37.043,34184000000,0.0,673.45,2.599,2.637,2395000000,-4388000000,48881000000.0,48881000000.0,0.0,0.025,0.144,0.046,0.17,395000000.0,30209000000.0,1.0,188666160,191404527.0,205872536.0,255.381,108700000000,0,813000000.0,18227000000,567.907,-6253000000
2,CHTR,ART,2020-12-31,2021-01-29,2020-12-31,2021-07-30,0,144206000000,145021750000.0,3906000000,140300000000,0.332,117.083,-7956000000.0,1001000000,1001000000,0.0,3676000000.0,0.396,4.786,82752000000,1008000000,81744000000,82752000000,0,9704000000.0,0,0.0,0.0,7696000000.0,17400000000.0,0.362,17400000000.0,7696000000.0,3848000000.0,15.85,15.4,15.85,23805000000,27423750000.0,23805000000,199454201500,26.0,11.463,6606000000.0,32.491,1.0,48097000000.0,1.0,35169000000,3848000000.0,180913000000,176856750000.0,0,0,0,0,113925000000,9875000000,104050000000,117703201500,-2548000000.0,0.0,-11010000000.0,3657000000.0,0.0,-8953000000.0,-8157000000.0,0.0,14562000000.0,0.0,3222000000.0,3222000000.0,3222000000.0,0.0,454000000.0,0.067,39692000000.0,8405000000.0,8867000000,0.0,4.944,36.531,38.332,34357000000,0.0,607.56,2.447,2.568,2201000000,-5195000000,48097000000.0,48097000000.0,0.0,0.022,0.117,0.044,0.16,351000000.0,29930000000.0,1.0,193730992,203316483.0,209273247.0,236.562,109037000000,0,626000000.0,18108000000,536.292,-5969000000
3,CHTR,ART,2020-09-30,2020-10-30,2020-09-30,2021-07-30,0,144193000000,146017250000.0,4060000000,140133000000,0.323,132.655,-7200000000.0,1286000000,1286000000,0.0,3097000000.0,0.396,4.106,79662000000,1715000000,77947000000,79662000000,0,9756000000.0,0,0.0,0.0,7019000000.0,16775000000.0,0.355,16775000000.0,7019000000.0,3172000000.0,12.94,12.61,12.94,26906000000,29333750000.0,26906000000,199064599789,28.0,11.867,6571000000.0,32.397,1.0,47234000000.0,1.0,35604000000,3847000000.0,176709000000,175508000000.0,0,0,0,0,110481000000,10256000000,100225000000,120688599789,689000000.0,0.0,-8967000000.0,4663000000.0,0.0,-5641000000.0,-7441000000.0,0.0,13771000000.0,0.0,2690000000.0,2690000000.0,2690000000.0,0.0,407000000.0,0.057,39332000000.0,7902000000.0,8541000000,0.0,4.486,44.866,46.663,34196000000,0.0,603.82,2.555,2.593,2068000000,2016000000,47234000000.0,47234000000.0,0.0,0.018,0.092,0.04,0.149,340000000.0,29521000000.0,1.0,199875128,202826502.0,208722129.0,232.879,108589000000,0,482000000.0,17929000000,535.379,-6196000000
4,CHTR,ART,2020-06-30,2020-07-31,2020-06-30,2021-07-30,0,145136000000,146285750000.0,4765000000,140371000000,0.319,142.659,-6962000000.0,2102000000,2102000000,0.0,2632000000.0,0.521,3.704,78369000000,706000000,77663000000,78369000000,0,9801000000.0,0,0.0,0.0,6558000000.0,16359000000.0,0.351,16359000000.0,6558000000.0,2694000000.0,10.7,10.45,10.7,29356000000,30850750000.0,29356000000,195108522080,30.0,11.927,6088000000.0,29.585,1.0,46645000000.0,1.0,36040000000,3864000000.0,176221000000,174150250000.0,0,0,0,0,108735000000,9142000000,99593000000,118841522080,1256000000.0,0.0,-8398000000.0,5106000000.0,0.0,-4608000000.0,-7186000000.0,0.0,13050000000.0,0.0,2263000000.0,2263000000.0,2263000000.0,0.0,369000000.0,0.049,39329000000.0,7316000000.0,8436000000,0.0,4.048,52.515,54.206,34074000000,0.0,580.0,2.548,2.559,1994000000,1202000000,46645000000.0,46645000000.0,0.0,0.015,0.073,0.038,0.141,328000000.0,29473000000.0,1.0,204899176,205777438.0,210906946.0,226.677,109096000000,0,431000000.0,17789000000,530.165,-4377000000
5,CHTR,ART,2020-03-31,2020-05-01,2020-03-31,2021-07-30,0,146552000000,146523000000.0,5759000000,140793000000,0.316,142.558,-6948000000.0,2936000000,2936000000,0.0,2142000000.0,0.436,3.707,79692000000,4905000000,74787000000,79692000000,0,9873000000.0,0,0.0,0.0,6012000000.0,15885000000.0,0.343,15885000000.0,6012000000.0,2160000000.0,8.39,8.21,8.39,29628000000,32333250000.0,29628000000,181975020686,30.0,11.456,5334000000.0,25.665,1.0,46296000000.0,1.0,36509000000,3852000000.0,173584000000,173073750000.0,0,0,0,0,109830000000,13215000000,96615000000,105219020686,1310000000.0,0.0,-8095000000.0,5695000000.0,0.0,-3871000000.0,-7101000000.0,0.0,12282000000.0,0.0,1811000000.0,1811000000.0,1811000000.0,0.0,331000000.0,0.039,39408000000.0,6888000000.0,8310000000,0.0,3.551,58.1,60.744,34096000000,0.0,509.64,2.273,2.288,2091000000,436000000,46296000000.0,46296000000.0,0.0,0.012,0.056,0.035,0.13,320000000.0,29420000000.0,1.0,206457540,207831305.0,212810613.0,222.758,110043000000,0,349000000.0,17665000000,529.482,-7456000000
6,CHTR,ART,2019-12-31,2020-01-31,2019-12-31,2021-07-30,0,148188000000,146699250000.0,6471000000,141717000000,0.312,143.253,-7140000000.0,3549000000,3549000000,0.0,1992000000.0,0.522,3.478,80271000000,3714000000,76557000000,80271000000,0,9926000000.0,0,0.0,0.0,5904000000.0,15830000000.0,0.346,15830000000.0,5904000000.0,2107000000.0,7.6,7.45,7.6,31445000000,33859750000.0,31445000000,185376161814,31.0,11.71,4608000000.0,20.993,1.0,45764000000.0,1.0,37007000000,3797000000.0,175518000000,172281500000.0,0,0,0,0,109377000000,12385000000,96992000000,108654161814,2784000000.0,0.0,-6755000000.0,6273000000.0,0.0,-1633000000.0,-7331000000.0,0.0,11748000000.0,0.0,1668000000.0,1668000000.0,1668000000.0,0.0,324000000.0,0.036,39253000000.0,6511000000.0,8671000000,0.0,3.455,65.14,68.087,35683000000,0.0,517.46,2.374,2.482,2227000000,40000000,45764000000.0,45764000000.0,0.0,0.011,0.049,0.034,0.129,315000000.0,29224000000.0,1.0,209975963,219506735.0,223786380.0,208.486,111181000000,0,439000000.0,17711000000,506.504,-5914000000
7,CHTR,ART,2019-09-30,2019-10-25,2019-09-30,2021-07-30,-2000000,145267000000,146184750000.0,3388000000,141879000000,0.309,150.911,-7645000000.0,597000000,597000000,0.0,1530000000.0,0.283,3.177,76100000000,3719000000,72381000000,76100000000,0,9999000000.0,0,0.0,0.0,5324000000.0,15323000000.0,0.339,15323000000.0,5324000000.0,1581000000.0,5.61,5.53,5.61,32974000000,35069750000.0,32974000000,174772223201,33.0,11.406,3913000000.0,17.909,1.0,45234000000.0,1.0,37510000000,3743000000.0,171278000000,170146500000.0,0,0,0,0,104745000000,11982000000,92763000000,99269223201,-63000000.0,0.0,-5634000000.0,2858000000.0,0.0,-3838000000.0,-7783000000.0,0.0,11558000000.0,0.0,1250000000.0,1250000000.0,1250000000.0,0.0,280000000.0,0.028,39300000000.0,5934000000.0,8263000000,0.0,3.011,79.415,82.387,35321000000,0.0,462.19,2.195,2.233,2284000000,3734000000,45234000000.0,45234000000.0,0.0,0.009,0.036,0.031,0.118,310000000.0,29054000000.0,1.0,214780119,218499213.0,222355867.0,207.021,107757000000,0,331000000.0,17609000000,493.169,-8594000000
8,CHTR,ART,2019-06-30,2019-07-26,2019-06-30,2021-07-30,-2000000,146085000000,146389250000.0,3340000000,142745000000,0.305,158.666,-8245000000.0,846000000,846000000,0.0,1647000000.0,0.338,2.919,74566000000,1730000000,72836000000,74566000000,0,10066000000.0,0,0.0,0.0,5351000000.0,15417000000.0,0.345,15417000000.0,5351000000.0,1670000000.0,5.98,5.9,5.98,35286000000,36102500000.0,35286000000,162043077627,30.0,10.511,3174000000.0,14.272,1.0,44676000000.0,1.0,38015000000,3681000000.0,171915000000,168916750000.0,0,0,0,0,102991000000,9875000000,93116000000,88323077627,73000000.0,0.0,-3812000000.0,1812000000.0,0.0,-2971000000.0,-8375000000.0,0.0,11419000000.0,0.0,1356000000.0,1356000000.0,1356000000.0,0.0,291000000.0,0.03,38746000000.0,5930000000.0,8145000000,0.0,2.503,65.135,66.687,35641000000,0.0,398.79,1.977,1.985,2070000000,3347000000,44676000000.0,44676000000.0,0.0,0.009,0.038,0.032,0.12,310000000.0,28631000000.0,1.0,221477664,222392274.0,225942172.0,200.888,108070000000,0,314000000.0,17522000000,485.943,-6535000000
9,CHTR,ART,2019-03-31,2019-04-30,2019-03-31,2021-07-30,-2000000,147257000000,146430750000.0,3751000000,143506000000,0.302,159.079,-8888000000.0,1626000000,1626000000,0.0,1600000000.0,0.314,2.9,75285000000,3737000000,71548000000,75285000000,0,10158000000.0,0,0.0,0.0,5200000000.0,15358000000.0,0.348,15358000000.0,5200000000.0,1586000000.0,5.74,5.66,5.74,35734000000,36641750000.0,35734000000,156585842988,30.0,10.196,2866000000.0,12.759,1.0,44183000000.0,1.0,38551000000,3614000000.0,170415000000,166764750000.0,0,0,0,0,103614000000,11950000000,91664000000,82926842988,1050000000.0,0.0,-4645000000.0,3907000000.0,0.0,-1626000000.0,-9078000000.0,0.0,11754000000.0,0.0,1315000000.0,1315000000.0,1315000000.0,0.0,285000000.0,0.03,38461000000.0,5722000000.0,8213000000,0.0,2.321,63.062,64.667,35960000000,0.0,371.19,1.877,1.887,1578000000,3033000000,44183000000.0,44183000000.0,0.0,0.009,0.036,0.031,0.118,298000000.0,28260000000.0,1.0,223408074,224630122.0,227595365.0,196.692,108706000000,0,271000000.0,17473000000,483.933,-8199000000
10,CHTR,ART,2018-12-31,2019-01-31,2018-12-31,2021-07-30,-2000000,146130000000,146154250000.0,2730000000,143400000000,0.299,156.161,-9595000000.0,765000000,765000000,0.0,1506000000.0,0.226,2.807,72827000000,3290000000,69537000000,72827000000,0,10318000000.0,0,0.0,0.0,4950000000.0,15268000000.0,0.35,15268000000.0,4950000000.0,1410000000.0,5.29,5.22,5.29,36285000000,37400250000.0,36285000000,146665377807,30.0,9.606,2172000000.0,9.348,1.0,43634000000.0,1.0,39119000000,3540000000.0,166978000000,165174250000.0,0,0,0,0,101858000000,12095000000,89763000000,74603377807,144000000.0,0.0,-4330000000.0,3364000000.0,0.0,-1887000000.0,-9736000000.0,0.0,11767000000.0,0.0,1230000000.0,1230000000.0,1230000000.0,0.0,276000000.0,0.028,38298000000.0,5336000000.0,8805000000,0.0,2.056,60.653,62.58,35126000000,0.0,331.05,1.71,1.763,1733000000,2780000000,43634000000.0,43634000000.0,0.0,0.008,0.033,0.03,0.113,290000000.0,27860000000.0,1.0,225353807,232356665.0,235525226.0,187.789,107011000000,0,180000000.0,17389000000,460.546,-9365000000
11,CHTR,ART,2018-09-30,2018-10-26,2018-09-30,2021-07-30,-2000000,146085000000,146277500000.0,2729000000,143356000000,0.294,160.938,-9362000000.0,660000000,660000000,0.0,10763000000.0,0.23,2.718,72474000000,3339000000,69135000000,72474000000,0,10526000000.0,0,0.0,0.0,4949000000.0,15475000000.0,0.36,15475000000.0,4949000000.0,1479000000.0,41.26,36.76,41.26,37105000000,38100000000.0,37105000000,139347008317,28.0,9.005,2495000000.0,10.822,1.0,43005000000.0,1.0,39690000000,3470000000.0,166359000000,164339250000.0,0,0,0,0,100857000000,11850000000,89007000000,67533008317,-1504000000.0,0.0,-7236000000.0,4889000000.0,0.0,-3716000000.0,-9645000000.0,0.0,11857000000.0,0.0,10487000000.0,10487000000.0,10487000000.0,0.0,276000000.0,0.244,37859000000.0,5146000000.0,8511000000,0.0,1.82,6.44,7.15,34740000000,0.0,295.01,1.57,1.582,1736000000,4828000000,43005000000.0,43005000000.0,0.0,0.072,0.275,0.03,0.115,287000000.0,27405000000.0,1.0,228917692,230554633.0,233607414.0,186.528,106395000000,0,-9008000000.0,17421000000,461.474,-9121000000
12,CHTR,ART,2018-06-30,2018-07-31,2018-06-30,2021-07-30,-2000000,146251000000,146813250000.0,2750000000,143501000000,0.29,159.848,-9404000000.0,773000000,773000000,0.0,10271000000.0,0.196,2.687,72117000000,5387000000,66730000000,72117000000,0,10745000000.0,0,0.0,0.0,4308000000.0,15053000000.0,0.354,15053000000.0,4308000000.0,951000000.0,39.31,34.84,39.31,37443000000,37131000000.0,37443000000,141965116104,33.0,9.431,2557000000.0,10.916,1.0,42571000000.0,1.0,40264000000,3357000000.0,163307000000,163158000000.0,0,0,0,0,100609000000,14024000000,86585000000,70621116104,79000000.0,0.0,-9816000000.0,9194000000.0,0.0,-2232000000.0,-9650000000.0,0.0,11961000000.0,0.0,10042000000.0,10042000000.0,10042000000.0,0.0,229000000.0,0.236,38118000000.0,4453000000.0,8637000000,0.0,1.886,7.033,7.748,34411000000,0.0,304.58,1.659,1.676,1619000000,4307000000,42571000000.0,42571000000.0,0.0,0.068,0.27,0.026,0.101,286000000.0,27096000000.0,1.0,231863931,234241769.0,237073566.0,181.74,105987000000,0,-9091000000.0,17376000000,452.468,-11274000000
13,CHTR,ART,2018-03-31,2018-04-27,2018-03-31,2021-07-30,-1000000,146151000000,146990500000.0,2398000000,143753000000,0.286,163.054,-8913000000.0,576000000,576000000,0.0,10127000000.0,0.207,2.554,70949000000,3340000000,67609000000,70949000000,0,10748000000.0,0,0.0,0.0,4052000000.0,14800000000.0,0.352,14800000000.0,4052000000.0,824000000.0,38.67,34.21,38.67,38768000000,36927250000.0,38768000000,132903062708,33.0,8.98,2897000000.0,12.184,1.0,42074000000.0,1.0,40869000000,3228000000.0,164053000000,161982750000.0,0,0,0,0,99026000000,11602000000,87424000000,62530062708,-2344000000.0,0.0,-11473000000.0,8258000000.0,0.0,-5030000000.0,-9124000000.0,0.0,11810000000.0,0.0,9908000000.0,9908000000.0,9908000000.0,0.0,219000000.0,0.235,37891000000.0,4183000000.0,8262000000,0.0,1.613,6.311,6.81,34002000000,0.0,263.325,1.486,1.488,1409000000,4034000000,42074000000.0,42074000000.0,0.0,0.067,0.268,0.025,0.096,301000000.0,26798000000.0,1.0,237463449,237762295.0,241420722.0,176.958,105282000000,0,-9084000000.0,17351000000,442.804,-9204000000
14,CHTR,ART,2017-12-31,2018-02-02,2017-12-31,2021-07-30,-1000000,146623000000,147813750000.0,2555000000,144068000000,0.281,152.243,-7870000000.0,621000000,621000000,0.0,10115000000.0,0.23,2.535,70231000000,2045000000,68186000000,70231000000,0,10588000000.0,0,0.0,0.0,3898000000.0,14486000000.0,0.348,14486000000.0,3898000000.0,808000000.0,38.55,34.09,38.55,39084000000,37165250000.0,39084000000,162031097862,42.0,11.185,4084000000.0,15.908,1.0,41581000000.0,1.0,41505000000,3090000000.0,163638000000,160074000000.0,0,0,0,0,99092000000,11090000000,88002000000,92421097862,-914000000.0,0.0,-11715000000.0,8658000000.0,0.0,-4770000000.0,-8098000000.0,0.0,11954000000.0,0.0,9895000000.0,9895000000.0,9895000000.0,0.0,220000000.0,0.238,37492000000.0,4089000000.0,9045000000,0.0,2.365,9.34,10.052,33888000000,0.0,387.5,2.223,2.392,1635000000,3832000000,41581000000.0,41581000000.0,0.0,0.067,0.266,0.024,0.094,310000000.0,26541000000.0,1.0,238506059,256720715.0,296703956.0,161.97,105118000000,0,-9087000000.0,17314000000,409.464,-8535000000
15,CHTR,ART,2017-09-30,2017-10-26,2017-09-30,2021-07-30,-2000000,148228000000,148424750000.0,4132000000,144096000000,0.278,130.862,-36001000000.0,2164000000,2164000000,0.0,1067000000.0,0.397,3.179,68132000000,2068000000,66064000000,68132000000,0,10341000000.0,0,0.0,0.0,4083000000.0,14424000000.0,0.35,14424000000.0,4083000000.0,1105000000.0,1.83,1.99,1.83,33229000000,37429000000.0,33229000000,144600994170,35.0,10.025,-24079000000.0,-94.828,1.0,41254000000.0,1.0,42143000000,2978000000.0,161634000000,158062000000.0,0,0,0,0,105650000000,10419000000,95231000000,78632994170,999000000.0,28810000000.0,-8822000000.0,6443000000.0,0.0,-3655000000.0,-7268000000.0,0.0,11922000000.0,0.0,796000000.0,796000000.0,796000000.0,0.0,271000000.0,0.019,36922000000.0,4332000000.0,8351000000,0.0,2.366,98.785,172.836,33300000000,0.0,316.29,1.906,1.947,1652000000,1206000000,41254000000.0,41254000000.0,0.0,0.005,0.021,0.026,0.099,363000000.0,26355000000.0,1.0,248610434,253923805.0,258341851.0,162.466,106085000000,0,309000000.0,26576000000,417.783,-6287000000
16,CHTR,ART,2017-06-30,2017-07-27,2017-06-30,2021-07-30,-4000000,146960000000,148592000000.0,2564000000,144396000000,0.275,139.026,-35487000000.0,694000000,694000000,0.0,1225000000.0,0.316,2.745,63248000000,0,63248000000,63248000000,0,10077000000.0,0,0.0,0.0,4150000000.0,14227000000.0,0.348,14227000000.0,4150000000.0,1236000000.0,2.34,2.49,2.34,36628000000,39191000000.0,36628000000,157171541638,38.0,11.047,-23672000000.0,-89.85,1.0,40833000000.0,1.0,42785000000,2914000000.0,158606000000,156522750000.0,0,0,0,0,100527000000,8123000000,92404000000,94617541638,139000000.0,28810000000.0,-5624000000.0,1470000000.0,0.0,-4934000000.0,-6742000000.0,0.0,11815000000.0,0.0,937000000.0,937000000.0,937000000.0,0.0,288000000.0,0.023,36471000000.0,4362000000.0,8123000000,0.0,2.583,100.979,156.795,32948000000,0.0,366.9,2.317,2.367,1489000000,1158000000,40833000000.0,40833000000.0,0.0,0.006,0.024,0.027,0.102,431000000.0,26134000000.0,1.0,257883733,263460911.0,267309261.0,154.987,104175000000,0,299000000.0,26574000000,395.41,-5559000000
17,CHTR,ART,2017-03-31,2017-05-02,2017-03-31,2021-07-30,-6000000,149444000000,149150750000.0,4666000000,144778000000,0.246,147.655,-34752000000.0,2920000000,2920000000,0.0,4144000000.0,0.49,2.506,62844000000,2007000000,60837000000,62844000000,0,8918000000.0,0,0.0,0.0,3695000000.0,12613000000.0,0.344,12613000000.0,3695000000.0,937000000.0,18.54,17.14,18.54,39720000000,40094000000.0,39720000000,150268887634,41.0,11.914,-24292000000.0,-90.303,1.0,36637000000.0,1.0,43430000000,2758000000.0,156418000000,155918750000.0,0,0,0,0,99540000000,9520000000,90020000000,90344887634,1642000000.0,0.0,2626000000.0,1288000000.0,0.0,3648000000.0,-12466000000.0,22313000000.0,10460000000.0,0.0,3865000000.0,3865000000.0,3865000000.0,0.0,279000000.0,0.105,32650000000.0,3987000000.0,7513000000,0.0,2.275,23.375,18.214,32699000000,0.0,337.69,2.466,2.479,1311000000,1019000000,36637000000.0,36637000000.0,0.0,0.026,0.096,0.024,0.101,578000000.0,23563000000.0,1.0,267537942,269004817.0,273199509.0,136.195,106014000000,0,-2928000000.0,26576000000,394.097,-4854000000
18,CHTR,ART,2016-12-31,2017-02-16,2016-12-31,2021-07-30,-7000000,149067000000,121920750000.0,3300000000,145767000000,0.238,194.341,-33532000000.0,1535000000,1535000000,0.0,3745000000.0,0.345,2.459,61747000000,2028000000,59719000000,61747000000,0,6907000000.0,0,0.0,0.0,3096000000.0,10003000000.0,0.345,10003000000.0,3096000000.0,597000000.0,17.05,15.94,17.05,40139000000,30109250000.0,40139000000,147458577592,48.0,14.741,-25491000000.0,-123.42,1.0,29003000000.0,1.0,44117000000,2499000000.0,155590000000,129355250000.0,0,0,0,0,98701000000,9572000000,89129000000,87246577592,1530000000.0,0.0,3438000000.0,1539000000.0,0.0,4779000000.0,-11290000000.0,22264000000.0,8041000000.0,0.0,3522000000.0,3522000000.0,3522000000.0,0.0,223000000.0,0.121,25662000000.0,3341000000.0,7544000000,0.0,2.174,24.772,19.03,32963000000,0.0,324.46,3.008,2.311,1432000000,733000000,29003000000.0,29003000000.0,0.0,0.029,0.117,0.024,0.107,492000000.0,18655000000.0,1.0,268897792,206539100.0,234791439.0,140.424,104950000000,0,-2925000000.0,26665000000,508.136,-6272000000
19,CHTR,ART,2016-09-30,2016-11-03,2016-09-30,2021-07-30,-8000000,148897000000,94483000000.0,2781000000,146116000000,0.225,148.479,-3882000000.0,1165000000,1165000000,0.0,3054000000.0,0.322,2.429,61996000000,2050000000,59946000000,61996000000,0,4957000000.0,0,0.0,0.0,2029000000.0,6986000000.0,0.329,6986000000.0,2029000000.0,-177000000.0,14.65,13.08,14.65,40277000000,20063000000.0,40277000000,127799031041,63.0,18.294,1544000000.0,5.692,1.0,21240000000.0,1.0,45604000000,2206000000.0,155477000000,102651250000.0,0,0,0,0,97822000000,8647000000,89175000000,66968031041,1165000000.0,-28810000000.0,4617000000.0,4161000000.0,0.0,8811000000.0,-13072000000.0,19626000000.0,5426000000.0,0.0,2946000000.0,2946000000.0,2946000000.0,0.0,108000000.0,0.139,19015000000.0,2225000000.0,6597000000,0.0,1.663,22.732,16.889,32881000000,0.0,247.42,3.153,3.16,1242000000,1007000000,21240000000.0,21240000000.0,0.0,0.031,0.147,0.02,0.096,370000000.0,13781000000.0,1.0,270665391,271263259.0,275373202.0,78.3,103293000000,0,-3123000000.0,26260000000,380.785,-5866000000
20,CHTR,ART,2016-06-30,2016-08-09,2016-06-30,2021-07-30,-9000000,149195000000,66477000000.0,2325000000,146870000000,0.205,219.456,-2563000000.0,555000000,555000000,0.0,2858000000.0,0.264,2.439,62203000000,2071000000,60132000000,62203000000,0,3058000000.0,0,0.0,0.0,1365000000.0,4423000000.0,0.324,4423000000.0,1365000000.0,-470000000.0,14.43,12.87,14.43,40240000000,10008750000.0,40240000000,130940501289,96.0,29.604,751000000.0,4.096,1.0,13653000000.0,1.0,45846000000,1835000000.0,156190000000,75435750000.0,0,0,0,0,98163000000,8807000000,89356000000,69292501289,525000000.0,-28810000000.0,4934000000.0,23584000000.0,0.0,28588000000.0,-31377000000.0,0.0,3314000000.0,0.0,2811000000.0,2811000000.0,2811000000.0,0.0,47000000.0,0.206,12077000000.0,1576000000.0,6736000000,0.0,1.722,24.65,17.724,33358000000,0.0,255.76,5.075,3.435,1340000000,818000000,13653000000.0,13653000000.0,0.0,0.042,0.281,0.018,0.1,232000000.0,8919000000.0,1.0,270927828,183362776.0,205214266.0,74.459,103349000000,0,-3281000000.0,26339000000,563.631,-6482000000
21,CHTR,ART,2016-03-31,2016-04-28,2016-03-31,2021-07-30,-11000000,40524000000,33508000000.0,1612000000,38912000000,0.296,-1.95,-1870000000.0,23591000000,23591000000,0.0,-378000000.0,0.837,-186.041,37124000000,0,37124000000,37124000000,0,2150000000.0,0,0.0,0.0,1026000000.0,3176000000.0,0.32,3176000000.0,1026000000.0,-445000000.0,-3.39,-3.39,-3.39,-219000000,-59000000.0,-219000000,37123183136,36.0,11.689,385000000.0,3.428,1.0,9922000000.0,1.0,1968000000,1471000000.0,50164000000,43239000000.0,0,0,0,0,40743000000,1925000000,38818000000,23590183136,1258000000.0,0.0,-9000000.0,16138000000.0,0.0,16130000000.0,-17127000000.0,-15202000000.0,2255000000.0,0.0,-378000000.0,-378000000.0,-378000000.0,0.0,0.0,-0.038,8765000000.0,1157000000.0,1925000000,0.0,-107.718,-62.408,-61.873,8294000000,0.0,209.75,2.378,2.374,253000000,-2249000000,9922000000.0,9922000000.0,0.0,-0.011,6.407,0.024,0.103,0.0,6516000000.0,1.0,112468096,112311539.0,112311539.0,88.344,38556000000,0,-67000000.0,1618000000,343.295,-313000000
22,CHTR,ART,2015-12-31,2016-02-10,2015-12-31,2021-07-30,-13000000,39316000000,29479500000.0,345000000,38971000000,0.331,-0.411,-1812000000.0,22269000000,22269000000,0.0,-271000000.0,0.175,-855.696,35723000000,0,35723000000,35723000000,0,2125000000.0,0,0.0,0.0,975000000.0,3100000000.0,0.318,3100000000.0,975000000.0,-331000000.0,-2.43,-2.43,-2.43,-46000000,15000000.0,-46000000,31565646414,32.0,10.182,547000000.0,4.89,1.0,9754000000.0,1.0,2024000000,1306000000.0,48774000000,37563750000.0,0,0,0,0,39362000000,1972000000,37390000000,18111646414,2000000.0,0.0,-8000000.0,14683000000.0,0.0,14675000000.0,-17032000000.0,-15153000000.0,2359000000.0,0.0,-271000000.0,-271000000.0,-271000000.0,0.0,0.0,-0.028,8647000000.0,1107000000.0,1972000000,0.0,-393.731,-66.833,-66.288,8345000000,0.0,161.08,1.857,1.847,279000000,-2061000000,9754000000.0,9754000000.0,0.0,-0.009,-18.067,0.026,0.1,0.0,6426000000.0,1.0,112438828,111869771.0,111869771.0,87.191,37292000000,0,-60000000.0,1590000000,333.352,-1627000000
23,CHTR,ART,2015-09-30,2015-10-29,2015-09-30,2021-07-30,-15000000,36873000000,25788000000.0,406000000,36467000000,0.372,0.536,-1811000000.0,19626000000,19626000000,0.0,-197000000.0,0.222,613.55,33281000000,0,33281000000,33281000000,0,2114000000.0,0,0.0,0.0,923000000.0,3037000000.0,0.316,3037000000.0,923000000.0,-221000000.0,-1.78,-1.78,-1.78,60000000,63000000.0,60000000,35355617005,38.0,11.642,567000000.0,5.066,1.0,9602000000.0,1.0,2084000000,1144000000.0,46615000000,34008000000.0,0,0,0,0,36813000000,1829000000,34984000000,21700617005,-10000000.0,3513000000.0,77000000.0,15540000000.0,0.0,15616000000.0,-18004000000.0,-12515000000.0,2378000000.0,0.0,-197000000.0,-197000000.0,-197000000.0,0.0,0.0,-0.021,8537000000.0,1065000000.0,1829000000,0.0,361.677,-110.155,-108.612,8281000000,0.0,193.33,2.26,2.254,292000000,-1911000000,9602000000.0,9602000000.0,0.0,-0.008,-3.127,0.027,0.096,0.0,6331000000.0,1.0,112246506,111928113.0,113339885.0,85.787,34789000000,0,-24000000.0,1616000000,310.816,-1423000000
24,CHTR,ART,2015-06-30,2015-08-04,2015-06-30,2021-07-30,-17000000,17319000000,21807250000.0,456000000,16863000000,0.433,-0.277,-1912000000.0,30000000,30000000,0.0,-304000000.0,0.279,-559.677,13896000000,0,13896000000,13896000000,0,2111000000.0,0,0.0,0.0,881000000.0,2992000000.0,0.317,2992000000.0,881000000.0,-127000000.0,-2.75,-2.75,-2.75,-31000000,72250000.0,-31000000,35318324644,40.0,11.804,297000000.0,2.657,1.0,9439000000.0,1.0,2146000000,1008000000.0,27403000000,30127000000.0,0,0,0,0,17350000000,1636000000,15714000000,21452324644,21000000.0,0.0,75000000.0,-266000000.0,0.0,-192000000.0,-1996000000.0,7111000000.0,2209000000.0,0.0,-304000000.0,-304000000.0,-304000000.0,0.0,0.0,-0.032,8426000000.0,1013000000.0,1636000000,0.0,-692.01,-70.567,-69.636,8244000000,0.0,191.5,2.273,2.268,321000000,-1965000000,9439000000.0,9439000000.0,0.0,-0.014,-4.208,0.029,0.093,0.0,6229000000.0,1.0,112022583,111783504.0,111783504.0,84.44,15173000000,0,177000000.0,1745000000,135.736,-1180000000
25,CHTR,ART,2015-03-31,2015-05-01,2015-03-31,2021-07-30,-19000000,24410000000,21819750000.0,7502000000,16908000000,0.425,0.69,-2101000000.0,7132000000,7132000000,0.0,-227000000.0,0.875,316.013,20964000000,6983000000,13981000000,20964000000,0,2111000000.0,0,0.0,0.0,969000000.0,3080000000.0,0.332,3080000000.0,969000000.0,-20000000.0,-2.08,-2.08,-2.08,77000000,109750000.0,77000000,34828877683,36.0,11.308,209000000.0,1.872,1.0,9268000000.0,1.0,2210000000,989000000.0,27463000000,30115750000.0,0,0,0,0,24333000000,8569000000,15764000000,20996877683,16000000.0,0.0,99000000.0,6855000000.0,0.0,6952000000.0,-9246000000.0,0.0,2310000000.0,0.0,-227000000.0,-227000000.0,-227000000.0,0.0,0.0,-0.024,8288000000.0,980000000.0,1586000000,0.0,272.687,-92.497,-90.113,8275000000,0.0,187.435,2.266,2.258,264000000,-1843000000,9268000000.0,9268000000.0,0.0,-0.01,-2.068,0.032,0.105,0.0,6107000000.0,1.0,112022182,111655617.0,111655617.0,83.005,22200000000,0,207000000.0,1706000000,198.826,-1067000000
26,CHTR,ART,2014-12-31,2015-02-24,2014-12-31,2021-07-30,-22000000,24550000000,20041500000.0,371000000,24179000000,0.454,1.347,-2177000000.0,7114000000,7114000000,0.0,-183000000.0,0.227,167.151,21023000000,0,21023000000,21023000000,0,2102000000.0,0,0.0,0.0,964000000.0,3066000000.0,0.337,3066000000.0,964000000.0,53000000.0,-1.7,-1.7,-1.7,146000000,122250000.0,146000000,33819184358,35.0,11.03,182000000.0,1.679,1.0,9108000000.0,1.0,2273000000,911000000.0,34551000000,30091500000.0,0,0,0,0,24404000000,1635000000,22769000000,19910184358,-18000000.0,0.0,104000000.0,6820000000.0,0.0,6927000000.0,-9304000000.0,0.0,2359000000.0,0.0,-183000000.0,-183000000.0,-183000000.0,0.0,0.0,-0.02,8137000000.0,971000000.0,1635000000,0.0,136.371,-108.799,-104.571,8373000000,0.0,177.77,2.186,2.115,285000000,-1762000000,9108000000.0,9108000000.0,0.0,-0.009,-1.497,0.032,0.106,0.0,5973000000.0,1.0,111999687,108374160.0,108374160.0,84.042,22277000000,0,236000000.0,1674000000,205.556,-1264000000
27,CHTR,ART,2014-09-30,2014-10-31,2014-09-30,2021-07-30,-25000000,20950000000,18227750000.0,370000000,20580000000,0.488,0.892,-2161000000.0,3523000000,3523000000,0.0,-96000000.0,0.233,214.979,17595000000,0,17595000000,17595000000,0,2068000000.0,0,0.0,0.0,937000000.0,3005000000.0,0.338,3005000000.0,937000000.0,88000000.0,-0.86,-0.86,-0.86,97000000,123500000.0,97000000,31379009363,33.0,10.442,163000000.0,1.498,1.0,8896000000.0,1.0,2345000000,849000000.0,31091000000,28309250000.0,0,0,0,0,20853000000,1586000000,19267000000,17307009363,-31000000.0,-3513000000.0,58000000.0,3266000000.0,0.0,3327000000.0,-5682000000.0,0.0,2324000000.0,0.0,-96000000.0,-96000000.0,-96000000.0,0.0,0.0,-0.011,7972000000.0,924000000.0,1586000000,0.0,178.423,-180.281,-184.174,8305000000,0.0,158.39,1.945,1.937,270000000,-1703000000,8896000000.0,8896000000.0,0.0,-0.005,-0.777,0.033,0.105,0.0,5839000000.0,1.0,109268321,108792605.0,108792605.0,81.77,18605000000,0,184000000.0,1610000000,171.013,-1216000000
28,CHTR,ART,2014-06-30,2014-07-31,2014-06-30,2021-07-30,-30000000,17369000000,17302750000.0,337000000,17032000000,0.504,1.102,-2658000000.0,9000000,9000000,0.0,-113000000.0,0.21,144.958,14019000000,0,14019000000,14019000000,0,2026000000.0,0,0.0,0.0,915000000.0,2941000000.0,0.337,2941000000.0,915000000.0,69000000.0,-1.05,-1.05,-1.05,119000000,114500000.0,119000000,30797806394,34.0,10.472,-316000000.0,-2.927,1.0,8727000000.0,1.0,2415000000,846000000.0,27358000000,27413750000.0,0,0,0,0,17250000000,1606000000,15644000000,16787806394,-35000000.0,0.0,111000000.0,188000000.0,0.0,286000000.0,-2663000000.0,0.0,2342000000.0,0.0,-113000000.0,-113000000.0,-113000000.0,0.0,0.0,-0.013,7801000000.0,926000000.0,1606000000,0.0,141.074,-148.565,-147.162,8197000000,0.0,154.52,1.924,1.912,252000000,-1650000000,8727000000.0,8727000000.0,0.0,-0.007,-0.987,0.033,0.105,0.0,5718000000.0,1.0,108644877,107975937.0,107975937.0,80.824,14954000000,0,182000000.0,1554000000,138.494,-1269000000
29,CHTR,ART,2014-03-31,2014-04-30,2014-03-31,2021-07-30,-35000000,17297000000,16857750000.0,304000000,16993000000,0.501,1.193,-2505000000.0,4000000,4000000,0.0,-164000000.0,0.2,135.197,14090000000,0,14090000000,14090000000,0,1934000000.0,0,0.0,0.0,858000000.0,2792000000.0,0.331,2792000000.0,858000000.0,11000000.0,-1.59,-1.59,-1.59,127000000,100000000.0,127000000,28753358290,34.0,10.298,-311000000.0,-2.922,1.0,8440000000.0,1.0,2494000000,847000000.0,27366000000,26781750000.0,0,0,0,0,17170000000,1523000000,15647000000,14667358290,-61000000.0,0.0,89000000.0,169000000.0,0.0,255000000.0,-2510000000.0,0.0,2194000000.0,0.0,-164000000.0,-164000000.0,-164000000.0,0.0,0.0,-0.019,7514000000.0,926000000.0,1523000000,0.0,115.491,-89.435,-85.239,8079000000,0.0,135.53,1.738,1.709,217000000,-1605000000,8440000000.0,8440000000.0,0.0,-0.01,-1.64,0.032,0.102,0.0,5534000000.0,1.0,108222226,106439198.0,106439198.0,79.294,14803000000,0,175000000.0,1492000000,139.075,-1219000000
30,CHTR,ART,2013-12-31,2014-02-21,2013-12-31,2021-07-30,-41000000,17295000000,16443250000.0,322000000,16973000000,0.496,1.481,-2425000000.0,21000000,21000000,0.0,-169000000.0,0.219,113.536,14181000000,0,14181000000,14181000000,0,1854000000.0,0,0.0,0.0,797000000.0,2651000000.0,0.325,2651000000.0,797000000.0,-49000000.0,-1.65,-1.65,-1.65,151000000,100500000.0,151000000,27436500901,34.0,10.349,-267000000.0,-2.619,1.0,8155000000.0,1.0,2566000000,846000000.0,27422000000,26130500000.0,0,0,0,0,17144000000,1467000000,15677000000,13276500901,14000000.0,0.0,89000000.0,212000000.0,0.0,299000000.0,-2443000000.0,0.0,2158000000.0,0.0,-169000000.0,-169000000.0,-169000000.0,0.0,0.0,-0.021,7246000000.0,909000000.0,1467000000,0.0,87.924,-78.559,-75.806,7981000000,0.0,125.08,1.628,1.563,234000000,-1568000000,8155000000.0,8155000000.0,0.0,-0.01,-1.682,0.031,0.098,0.0,5345000000.0,1.0,106144075,101934630.0,101934630.0,80.002,14729000000,0,120000000.0,1431000000,144.495,-1145000000
31,CHTR,ART,2013-09-30,2013-11-05,2013-09-30,2021-07-30,-48000000,17250000000,16019250000.0,357000000,16893000000,0.494,0.593,-2363000000.0,41000000,41000000,0.0,-248000000.0,0.258,281.787,14306000000,0,14306000000,14306000000,0,1820000000.0,0,0.0,0.0,776000000.0,2596000000.0,0.328,2596000000.0,776000000.0,-75000000.0,-2.46,-2.46,-2.46,61000000,100000000.0,61000000,27912652369,36.0,10.752,-315000000.0,-3.06,1.0,7920000000.0,1.0,2624000000,851000000.0,27509000000,25468000000.0,0,0,0,0,17189000000,1382000000,15807000000,13647652369,-827000000.0,0.0,49000000.0,-540000000.0,0.0,-491000000.0,-2384000000.0,0.0,2048000000.0,0.0,-248000000.0,-248000000.0,-248000000.0,0.0,0.0,-0.031,7036000000.0,884000000.0,1382000000,0.0,223.732,-55.031,-53.276,7838000000,0.0,131.06,1.723,1.703,235000000,-1600000000,7920000000.0,7920000000.0,0.0,-0.015,-2.48,0.03,0.098,0.0,5178000000.0,1.0,104132858,102924443.0,102924443.0,76.95,14626000000,0,173000000.0,1432000000,142.104,-1025000000
32,CHTR,ART,2013-06-30,2013-08-06,2013-06-30,2021-07-30,-56000000,15589000000,15831000000.0,333000000,15256000000,0.485,0.606,-1750000000.0,44000000,44000000,0.0,-265000000.0,0.26,254.557,12812000000,0,12812000000,12812000000,0,1751000000.0,0,0.0,0.0,786000000.0,2537000000.0,0.33,2537000000.0,786000000.0,-80000000.0,-2.65,-2.65,-2.65,61000000,128000000.0,61000000,25656443556,33.0,10.113,228000000.0,2.266,1.0,7682000000.0,1.0,2247000000,866000000.0,24830000000,24773500000.0,0,0,0,0,15528000000,1280000000,14248000000,12888443556,39000000.0,0.0,-17000000.0,-145000000.0,0.0,-141000000.0,-1798000000.0,0.0,1978000000.0,0.0,-265000000.0,-265000000.0,-265000000.0,0.0,0.0,-0.034,6807000000.0,875000000.0,1280000000,0.0,211.286,-48.636,-47.943,7313000000,0.0,127.05,1.678,1.664,223000000,-1530000000,7682000000.0,7682000000.0,0.0,-0.017,-2.07,0.032,0.102,0.0,5023000000.0,1.0,101443869,100600678.0,100600678.0,76.361,13342000000,0,185000000.0,1374000000,132.623,-947000000
33,CHTR,ART,2013-03-31,2013-05-07,2013-03-31,2021-07-30,-64000000,15639000000,15822000000.0,374000000,15265000000,0.48,1.286,-1784000000.0,92000000,92000000,0.0,-252000000.0,0.29,120.233,12816000000,0,12816000000,12816000000,0,1730000000.0,0,0.0,0.0,823000000.0,2553000000.0,0.336,2553000000.0,823000000.0,-57000000.0,-2.53,-2.53,-2.53,129000000,173750000.0,129000000,23830217254,29.0,9.334,179000000.0,1.784,1.0,7594000000.0,1.0,2312000000,880000000.0,24761000000,24715500000.0,0,0,0,0,15510000000,1290000000,14220000000,11106217254,61000000.0,0.0,-13000000.0,-96000000.0,0.0,-98000000.0,-1804000000.0,0.0,1963000000.0,0.0,-252000000.0,-252000000.0,-252000000.0,0.0,0.0,-0.033,6686000000.0,908000000.0,1290000000,0.0,86.095,-44.072,-43.356,7259000000,0.0,109.69,1.462,1.449,208000000,-1434000000,7594000000.0,7594000000.0,0.0,-0.016,-1.45,0.033,0.108,0.0,4932000000.0,1.0,101250955,100327418.0,100327418.0,75.692,13327000000,0,195000000.0,1279000000,132.835,-916000000
34,CHTR,ART,2012-12-31,2013-02-22,2012-12-31,2021-07-30,-75000000,15599000000,15792000000.0,333000000,15266000000,0.475,1.495,-1713000000.0,34000000,34000000,0.0,-304000000.0,0.272,103.691,12808000000,0,12808000000,12808000000,0,1713000000.0,0,0.0,0.0,860000000.0,2573000000.0,0.343,2573000000.0,860000000.0,-47000000.0,-3.05,-3.05,-3.05,149000000,223000000.0,149000000,21376223361,25.0,8.308,163000000.0,1.636,1.0,7504000000.0,1.0,2377000000,907000000.0,24772000000,24665750000.0,0,0,0,0,15450000000,1224000000,14226000000,8602223361,5000000.0,0.0,-11000000.0,-124000000.0,0.0,-134000000.0,-1737000000.0,0.0,1876000000.0,0.0,-304000000.0,-304000000.0,-304000000.0,0.0,0.0,-0.041,6589000000.0,915000000.0,1224000000,0.0,57.733,-28.297,-27.875,7206000000,0.0,85.02,1.146,1.129,234000000,-1392000000,7504000000.0,7504000000.0,0.0,-0.019,-1.363,0.035,0.115,0.0,4860000000.0,1.0,101178821,99657989.0,99657989.0,75.298,13222000000,0,257000000.0,1122000000,132.674,-891000000
35,CHTR,ART,2012-09-30,2012-11-06,2012-09-30,2021-07-30,-83000000,16497000000,15793500000.0,1229000000,15268000000,0.47,1.735,-1531000000.0,895000000,895000000,0.0,-331000000.0,0.581,94.358,13690000000,870000000,12820000000,13690000000,0,1658000000.0,0,0.0,0.0,880000000.0,2538000000.0,0.342,2538000000.0,880000000.0,-56000000.0,-3.31,-3.31,-3.31,173000000,288000000.0,173000000,20032406120,23.0,7.893,285000000.0,2.859,1.0,7425000000.0,1.0,2445000000,936000000.0,24731000000,24628000000.0,0,0,0,0,16324000000,2116000000,14208000000,7237406120,863000000.0,0.0,-414000000.0,1000000000.0,0.0,589000000.0,-1542000000.0,0.0,1816000000.0,0.0,-331000000.0,-331000000.0,-331000000.0,0.0,0.0,-0.045,6447000000.0,978000000.0,1246000000,0.0,41.835,-21.865,-21.637,7159000000,0.0,71.62,0.975,0.962,254000000,-1348000000,7425000000.0,7425000000.0,0.0,-0.021,-1.149,0.036,0.119,0.0,4790000000.0,1.0,101052864,99694672.0,99694672.0,74.477,14052000000,0,275000000.0,1054000000,140.95,-887000000
36,CHTR,ART,2012-06-30,2012-08-07,2012-06-30,2021-07-30,-76000000,15553000000,15578750000.0,367000000,15186000000,0.472,2.452,-1458000000.0,32000000,32000000,0.0,-329000000.0,0.307,62.742,12786000000,0,12786000000,12786000000,0,1639000000.0,0,0.0,0.0,900000000.0,2539000000.0,0.345,2539000000.0,900000000.0,-51000000.0,-3.23,-3.23,-3.23,244000000,460750000.0,244000000,20482132379,23.0,8.067,295000000.0,2.965,1.0,7354000000.0,1.0,2515000000,951000000.0,24598000000,24538500000.0,0,0,0,0,15309000000,1194000000,14115000000,7728132379,-162000000.0,0.0,-530000000.0,77000000.0,0.0,-457000000.0,-1458000000.0,0.0,1753000000.0,0.0,-329000000.0,-329000000.0,-329000000.0,0.0,0.0,-0.045,6352000000.0,1002000000.0,1194000000,0.0,31.673,-23.49,-23.74,7024000000,0.0,76.68,1.051,1.037,256000000,-1261000000,7354000000.0,7354000000.0,0.0,-0.021,-0.714,0.037,0.122,0.0,4714000000.0,1.0,100784199,99496755.0,99496755.0,73.912,13038000000,0,278000000.0,987000000,131.039,-827000000
37,CHTR,ART,2012-03-31,2012-05-08,2012-03-31,2021-07-30,-64000000,15519000000,15642750000.0,338000000,15181000000,0.464,3.279,-1320000000.0,31000000,31000000,0.0,-353000000.0,0.296,46.604,12802000000,0,12802000000,12802000000,0,1617000000.0,0,0.0,0.0,905000000.0,2522000000.0,0.347,2522000000.0,905000000.0,-62000000.0,-3.37,-3.37,-3.37,326000000,665750000.0,326000000,19304306405,21.0,7.654,424000000.0,4.264,1.0,7261000000.0,1.0,2588000000,967000000.0,24562000000,24476750000.0,0,0,0,0,15193000000,1140000000,14053000000,6533306405,-23000000.0,0.0,-529000000.0,117000000.0,0.0,-416000000.0,-1351000000.0,0.0,1744000000.0,0.0,-353000000.0,-353000000.0,-353000000.0,0.0,0.0,-0.049,6258000000.0,1003000000.0,1140000000,0.0,20.041,-18.508,-19.279,6906000000,0.0,64.97,0.9,0.89,231000000,-1178000000,7261000000.0,7261000000.0,0.0,-0.023,-0.53,0.037,0.125,0.0,4637000000.0,1.0,100558818,99432960.0,99432960.0,73.024,12931000000,0,291000000.0,917000000,130.047,-802000000
38,CHTR,ART,2011-12-31,2012-02-27,2011-12-31,2021-07-30,-65000000,15605000000,15689250000.0,370000000,15235000000,0.459,3.754,-1343000000.0,29000000,29000000,0.0,-369000000.0,0.321,37.154,12856000000,0,12856000000,12856000000,0,1592000000.0,0,0.0,0.0,893000000.0,2485000000.0,0.345,2485000000.0,893000000.0,-70000000.0,-3.39,-3.39,-3.39,409000000,879750000.0,409000000,19216955578,22.0,7.733,394000000.0,3.616,1.0,7204000000.0,1.0,2658000000,963000000.0,24621000000,24412000000.0,0,0,0,0,15196000000,1153000000,14043000000,6389955578,-3000000.0,0.0,-733000000.0,355000000.0,0.0,-373000000.0,-1367000000.0,0.0,1737000000.0,0.0,-369000000.0,-369000000.0,-369000000.0,0.0,0.0,-0.051,6163000000.0,1041000000.0,1153000000,0.0,15.623,-17.317,-18.752,6897000000,0.0,63.57,0.887,0.961,272000000,-1082000000,7204000000.0,7204000000.0,0.0,-0.024,-0.419,0.037,0.124,0.0,4564000000.0,1.0,100518414,108948554.0,108948554.0,66.123,12947000000,0,299000000.0,847000000,118.836,-783000000
39,CHTR,ART,2011-09-30,2011-11-01,2011-09-30,2021-07-30,-77000000,15638000000,15714750000.0,335000000,15303000000,0.455,7.969,-1319000000.0,32000000,32000000,0.0,-387000000.0,0.31,17.1,12581000000,0,12581000000,12581000000,0,1571000000.0,0,0.0,0.0,879000000.0,2450000000.0,0.342,2450000000.0,879000000.0,-71000000.0,-3.49,-3.49,-3.49,864000000,1147000000.0,864000000,17591644092,20.0,7.18,482000000.0,4.446,1.0,7154000000.0,1.0,2733000000,950000000.0,24373000000,24252000000.0,0,0,0,0,14774000000,1081000000,13693000000,5042644092,-650000000.0,0.0,-329000000.0,-811000000.0,0.0,-1139000000.0,-1312000000.0,0.0,1801000000.0,0.0,-387000000.0,-387000000.0,-387000000.0,0.0,0.0,-0.054,6101000000.0,1053000000.0,1081000000,0.0,5.836,-13.03,-13.424,6903000000,0.0,46.85,0.705,0.71,253000000,-537000000,7154000000.0,7154000000.0,0.0,-0.025,-0.337,0.036,0.123,0.0,4515000000.0,1.0,107633812,108420169.0,108420169.0,65.984,12905000000,0,316000000.0,0,119.028,-746000000
40,CHTR,ART,2011-06-30,2011-08-02,2011-06-30,2021-07-30,-66000000,15809000000,15939000000.0,490000000,15319000000,0.446,9.738,-1232000000.0,194000000,194000000,0.0,-397000000.0,0.451,13.858,12620000000,0,12620000000,12620000000,0,1551000000.0,0,0.0,0.0,884000000.0,2435000000.0,0.342,2435000000.0,884000000.0,-44000000.0,-3.54,-3.54,-3.54,1064000000,1311750000.0,1064000000,18036076441,20.0,7.407,605000000.0,5.537,1.0,7114000000.0,1.0,2797000000,928000000.0,24351000000,24256500000.0,0,0,0,0,14745000000,1087000000,13658000000,5610076441,127000000.0,0.0,-213000000.0,-287000000.0,0.0,-499000000.0,-1211000000.0,0.0,1837000000.0,0.0,-397000000.0,-397000000.0,-397000000.0,0.0,0.0,-0.056,6056000000.0,1058000000.0,1087000000,0.0,5.273,-14.131,-14.404,6879000000,0.0,50.99,0.789,0.783,243000000,-452000000,7114000000.0,7114000000.0,0.0,-0.025,-0.303,0.036,0.124,0.0,4493000000.0,1.0,110023072,109265876.0,109265876.0,65.107,13012000000,0,353000000.0,0,119.086,-597000000
41,CHTR,ART,2011-03-31,2011-05-03,2011-03-31,2021-07-30,-46000000,15705000000,15988500000.0,333000000,15372000000,0.444,10.439,-1251000000.0,54000000,54000000,0.0,-371000000.0,0.324,12.287,12554000000,0,12554000000,12554000000,0,1538000000.0,0,0.0,0.0,890000000.0,2428000000.0,0.342,2428000000.0,890000000.0,-16000000.0,-3.28,-3.28,-3.28,1182000000,1453750000.0,1182000000,18960182385,21.0,7.809,577000000.0,5.096,1.0,7094000000.0,1.0,2874000000,906000000.0,24303000000,24285000000.0,0,0,0,0,14523000000,1028000000,13495000000,6460182385,-200000000.0,0.0,-213000000.0,-457000000.0,0.0,-807000000.0,-1221000000.0,0.0,1828000000.0,0.0,-371000000.0,-371000000.0,-371000000.0,0.0,0.0,-0.052,6052000000.0,1042000000.0,1028000000,0.0,5.465,-17.413,-17.899,6870000000,0.0,58.71,0.911,0.937,223000000,-345000000,7094000000.0,7094000000.0,0.0,-0.023,-0.255,0.037,0.125,0.0,4496000000.0,1.0,110035469,113224303.0,113224303.0,62.654,12831000000,0,355000000.0,0,113.324,-695000000
42,CHTR,ART,2010-12-31,2011-03-01,2010-12-31,2021-07-30,-57000000,15707000000,16112000000.0,326000000,15381000000,0.438,13.064,-1201000000.0,32000000,32000000,0.0,-237000000.0,0.311,9.627,12306000000,0,12306000000,12306000000,0,1524000000.0,0,0.0,0.0,935000000.0,2459000000.0,0.348,2459000000.0,935000000.0,58000000.0,-2.09,-2.09,-2.09,1478000000,1599000000.0,1478000000,17650607112,19.0,7.178,710000000.0,6.275,1.0,7059000000.0,1.0,2951000000,877000000.0,23981000000,24346000000.0,0,0,0,0,14229000000,1049000000,13180000000,5376607112,-722000000.0,0.0,-6000000.0,-1313000000.0,0.0,-1463000000.0,-1170000000.0,0.0,1911000000.0,0.0,-237000000.0,-237000000.0,-237000000.0,0.0,0.0,-0.034,6035000000.0,1024000000.0,1049000000,0.0,3.638,-22.686,-22.455,6819000000,0.0,46.93,0.762,0.752,247000000,-235000000,7059000000.0,7059000000.0,0.0,-0.015,-0.148,0.038,0.132,0.0,4486000000.0,1.0,114566527,113138461.0,113138461.0,62.393,12756000000,0,295000000.0,0,112.747,-723000000
43,CHTR,ART,2010-09-30,2010-11-03,2010-09-30,2021-07-30,-84000000,16535000000,16349750000.0,1019000000,15516000000,,13.465,,682000000,682000000,,,0.635,9.857,13174000000,589000000,12585000000,13174000000,0,,0,0.0,0.0,,,,,,,,,,1523000000,1708250000.0,1523000000,16315112167,,,,,1.0,,,3032000000,,24391000000,24593750000.0,0,0,0,0,15012000000,1604000000,13408000000,3823112167,,,,,,,,,,,,,,,,,,,1015000000,,2.51,,,6867000000,,33.35,,,241000000,-150000000,,,,,,,,,,1.0,114636047,113110889.0,,,13503000000,0,,0,119.378,-585000000
44,CHTR,ART,2010-06-30,2010-08-04,2010-06-30,2021-07-30,-50000000,16007000000,,373000000,15634000000,,14.428,,67000000,67000000,,,0.368,8.808,12657000000,0,12657000000,12657000000,0,,0,0.0,0.0,,,,,,,,,,1632000000,,1632000000,16776453859,,,,,1.0,,,3118000000,,24465000000,,0,0,0,0,14375000000,1014000000,13361000000,4186453859,,,,,,,,,,,,,,,,,,,1014000000,,2.565,,,6902000000,,36.5,,,249000000,-55000000,,,,,,,,,,1.0,114697366,113110882.0,,,12889000000,0,,0,113.95,-641000000
45,CHTR,ART,2010-03-31,2010-05-06,2010-03-31,2021-07-30,0,16199000000,,546000000,15653000000,,15.599,,254000000,254000000,,,0.57,8.188,12762000000,0,12762000000,12762000000,0,,0,0.0,0.0,,,,,,,,,,1763000000,,1763000000,16907633800,,,,,1.0,,,3202000000,,24547000000,,0,0,0,0,14436000000,958000000,13478000000,4399633800,,,,,,,,,,,,,,,,,,,958000000,,2.496,,,6859000000,,38.35,,,223000000,26000000,,,,,,,,,,1.0,114723176,113020967.0,,,12997000000,0,,0,114.996,-412000000
46,CHTR,ART,2009-12-31,2010-02-26,2009-12-31,2021-07-30,0,16658000000,,1071000000,15587000000,,,,754000000,754000000,,,1.106,7.698,13322000000,70000000,13252000000,13322000000,0,,0,,,,,,,,,,,,1915000000,,1915000000,15984345980,,,,,1.0,,,3286000000,,24972000000,,0,0,0,0,14741000000,968000000,13773000000,3416345980,,,,,,,,,,,,,,,,,,,898000000,,1.784,,,6833000000,,29.75,,,248000000,2000000,,,,,,,,,,1.0,114835159,,,,13372000000,0,,0,,103000000
