None,ticker,dimension,calendardate,datekey,reportperiod,lastupdated,accoci,assets,assetsavg,assetsc,assetsnc,assetturnover,bvps,capex,cashneq,cashnequsd,cor,consolinc,currentratio,de,debt,debtc,debtnc,debtusd,deferredrev,depamor,deposits,divyield,dps,ebit,ebitda,ebitdamargin,ebitdausd,ebitusd,ebt,eps,epsdil,epsusd,equity,equityavg,equityusd,ev,evebit,evebitda,fcf,fcfps,fxusd,gp,grossmargin,intangibles,intexp,invcap,invcapavg,inventory,investments,investmentsc,investmentsnc,liabilities,liabilitiesc,liabilitiesnc,marketcap,ncf,ncfbus,ncfcommon,ncfdebt,ncfdiv,ncff,ncfi,ncfinv,ncfo,ncfx,netinc,netinccmn,netinccmnusd,netincdis,netincnci,netmargin,opex,opinc,payables,payoutratio,pb,pe,pe1,ppnenet,prefdivis,price,ps,ps1,receivables,retearn,revenue,revenueusd,rnd,roa,roe,roic,ros,sbcomp,sgna,sharefactor,sharesbas,shareswa,shareswadil,sps,tangibles,taxassets,taxexp,taxliabilities,tbvps,workingcapital
0,CTVA,MRY,2020-12-31,2020-12-31,2020-12-31,2021-08-07,-2890000000.0,42649000000.0,42374250000.0,14768000000.0,27881000000.0,0.336,33.32,-475000000.0,3526000000.0,3526000000.0,8507000000.0,701000000.0,1.728,0.708,1105000000.0,3000000.0,1102000000.0,1105000000.0,2662000000.0,1177000000.0,0.0,0.013,0.52,645000000.0,1822000000.0,0.128,1822000000.0,645000000.0,600000000.0,0.91,0.91,0.91,24824000000.0,24329000000.0,24824000000.0,29323019520.0,45.0,16.094,1589000000.0,2.133,1.0,5710000000.0,0.402,21016000000.0,45000000.0,10664000000.0,12641000000.0,4882000000.0,335000000.0,269000000.0,66000000.0,17586000000.0,8548000000.0,9038000000.0,28847019520.0,1700000000.0,83000000.0,-219000000.0,998000000.0,-388000000.0,303000000.0,-674000000.0,-275000000.0,2064000000.0,7000000.0,681000000.0,681000000.0,681000000.0,55000000.0,20000000.0,0.048,5202000000.0,508000000.0,3615000000.0,0.571,1.162,42.36,42.549,4396000000.0,0.0,38.72,2.029,2.029,4926000000.0,0.0,14217000000.0,14217000000.0,1142000000.0,0.016,0.028,0.051,0.045,0.0,3043000000.0,1.0,745016000,745016000,,19.083,21633000000.0,464000000.0,-81000000.0,1016000000.0,29.037,6220000000.0
1,CTVA,MRY,2019-12-31,2019-12-31,2019-12-31,2021-08-07,-3270000000.0,42397000000.0,59914000000.0,13519000000.0,28878000000.0,0.231,32.481,-1163000000.0,1764000000.0,1764000000.0,8575000000.0,-941000000.0,1.641,0.734,122000000.0,7000000.0,115000000.0,122000000.0,0.0,1599000000.0,0.0,0.009,0.26,-869000000.0,730000000.0,0.053,730000000.0,-869000000.0,-1005000000.0,-1.28,-1.28,-1.28,24309000000.0,37426250000.0,24309000000.0,23862727412.0,-27.0,32.689,-93000000.0,-0.124,1.0,5271000000.0,0.381,21653000000.0,136000000.0,10864000000.0,29983750000.0,5032000000.0,71000000.0,5000000.0,66000000.0,17842000000.0,8238000000.0,9604000000.0,22122727412.0,-2851000000.0,260000000.0,22000000.0,-7750000000.0,-194000000.0,-2929000000.0,-904000000.0,12000000.0,1070000000.0,-88000000.0,-959000000.0,-959000000.0,-959000000.0,671000000.0,18000000.0,-0.069,5653000000.0,-382000000.0,3702000000.0,-0.203,0.91,-23.069,-23.094,4546000000.0,0.0,29.56,1.598,1.598,5528000000.0,-425000000.0,13846000000.0,13846000000.0,1147000000.0,-0.016,-0.026,-0.029,-0.063,0.0,3065000000.0,1.0,748400792,748400792,,18.501,20744000000.0,287000000.0,-46000000.0,1015000000.0,27.718,5281000000.0
2,CTVA,MRY,2018-12-31,2018-12-31,2018-12-31,2021-08-07,-3360000000.0,108683000000.0,,22972000000.0,85711000000.0,,99.707,-1501000000.0,2270000000.0,2270000000.0,9948000000.0,-5027000000.0,1.726,0.449,7938000000.0,2154000000.0,5784000000.0,7938000000.0,0.0,2790000000.0,0.0,,0.0,-4759000000.0,-1969000000.0,-0.138,-1969000000.0,-4759000000.0,-5096000000.0,-6.76,-6.76,-6.76,74660000000.0,,74660000000.0,,,,-1018000000.0,-1.36,1.0,4339000000.0,0.304,22248000000.0,337000000.0,78793000000.0,,5310000000.0,143000000.0,5000000.0,138000000.0,33530000000.0,13310000000.0,20220000000.0,,-2890000000.0,78000000.0,85000000.0,-5178000000.0,0.0,-2624000000.0,-505000000.0,921000000.0,483000000.0,-244000000.0,-5065000000.0,-5065000000.0,-5065000000.0,-1748000000.0,38000000.0,-0.355,10976000000.0,-6637000000.0,3798000000.0,0.0,,,,4544000000.0,0.0,,,,5260000000.0,0.0,14287000000.0,14287000000.0,1355000000.0,,,,-0.333,0.0,3041000000.0,1.0,748795953,748795953,,19.08,86435000000.0,304000000.0,-31000000.0,1666000000.0,115.432,9662000000.0
0,CTVA,MRQ,2021-06-30,2021-06-30,2021-06-30,2021-08-07,-3245000000.0,41496000000.0,,14285000000.0,27211000000.0,,34.439,-132000000.0,2861000000.0,2861000000.0,3010000000.0,973000000.0,1.97,0.625,1778000000.0,677000000.0,1101000000.0,1778000000.0,748000000.0,313000000.0,0.0,0.012,0.13,1261000000.0,1574000000.0,0.28,1574000000.0,1261000000.0,1254000000.0,1.31,1.31,1.31,25385000000.0,,25385000000.0,32638429350.0,23.0,12.358,1175000000.0,1.594,1.0,2617000000.0,0.465,20620000000.0,7000000.0,12541000000.0,,3541000000.0,107000000.0,39000000.0,68000000.0,15871000000.0,7252000000.0,8619000000.0,32690429350.0,442000000.0,6000000.0,-172000000.0,-574000000.0,-95000000.0,-848000000.0,-53000000.0,74000000.0,1307000000.0,36000000.0,970000000.0,970000000.0,970000000.0,45000000.0,3000000.0,0.172,1606000000.0,1011000000.0,3070000000.0,0.099,1.288,26.817,26.717,4341000000.0,0.0,44.35,2.198,2.198,6792000000.0,941000000.0,5627000000.0,5627000000.0,293000000.0,,,,,0.0,998000000.0,1.0,737101000,737101000,,7.634,20876000000.0,442000000.0,284000000.0,1169000000.0,28.322,7033000000.0
1,CTVA,MRQ,2021-03-31,2021-03-31,2021-03-31,2021-08-07,-3367000000.0,42549000000.0,,15036000000.0,27513000000.0,,32.978,-137000000.0,2404000000.0,2404000000.0,2420000000.0,603000000.0,1.671,0.724,2352000000.0,1250000000.0,1102000000.0,2352000000.0,2247000000.0,304000000.0,0.0,0.011,0.13,785000000.0,1089000000.0,0.261,1089000000.0,785000000.0,778000000.0,0.81,0.8,0.81,24538000000.0,,24538000000.0,32267170440.0,32.0,14.541,-2087000000.0,-2.805,1.0,1758000000.0,0.421,20730000000.0,7000000.0,12768000000.0,,4321000000.0,178000000.0,114000000.0,64000000.0,17771000000.0,8999000000.0,8772000000.0,34688170440.0,-1143000000.0,20000000.0,-312000000.0,1247000000.0,-97000000.0,821000000.0,36000000.0,154000000.0,-1950000000.0,-50000000.0,600000000.0,600000000.0,600000000.0,10000000.0,3000000.0,0.144,1297000000.0,461000000.0,3098000000.0,0.16,1.414,34.379,34.279,4299000000.0,0.0,46.62,2.402,2.402,6792000000.0,268000000.0,4178000000.0,4178000000.0,281000000.0,,,,,0.0,733000000.0,1.0,744062000,744062000,,5.615,21819000000.0,433000000.0,178000000.0,1067000000.0,29.324,6037000000.0
2,CTVA,MRQ,2020-12-31,2020-12-31,2020-12-31,2021-08-07,-2890000000.0,42649000000.0,,14768000000.0,27881000000.0,,33.32,-174000000.0,3526000000.0,3526000000.0,2112000000.0,43000000.0,1.728,0.708,1105000000.0,3000000.0,1102000000.0,1105000000.0,2662000000.0,309000000.0,0.0,0.013,0.13,-118000000.0,191000000.0,0.06,191000000.0,-118000000.0,-128000000.0,0.06,0.06,0.06,24824000000.0,,24824000000.0,29323019520.0,45.0,16.094,3127000000.0,4.197,1.0,1095000000.0,0.341,21016000000.0,10000000.0,10664000000.0,,4882000000.0,335000000.0,269000000.0,66000000.0,17586000000.0,8548000000.0,9038000000.0,28847019520.0,751000000.0,61000000.0,-155000000.0,-2139000000.0,-97000000.0,-2392000000.0,-229000000.0,-116000000.0,3301000000.0,71000000.0,41000000.0,41000000.0,41000000.0,56000000.0,2000000.0,0.013,1247000000.0,-152000000.0,3615000000.0,2.167,1.162,42.36,42.549,4396000000.0,0.0,38.72,2.029,2.029,4926000000.0,0.0,3207000000.0,3207000000.0,305000000.0,,,,,0.0,724000000.0,1.0,745016000,745016000,,4.305,21633000000.0,464000000.0,-169000000.0,1016000000.0,29.037,6220000000.0
3,CTVA,MRQ,2020-09-30,2020-09-30,2020-09-30,2021-08-07,-3796000000.0,41690000000.0,,14088000000.0,27602000000.0,,32.203,-99000000.0,2768000000.0,2768000000.0,1297000000.0,-390000000.0,1.822,0.719,3244000000.0,2142000000.0,1102000000.0,3244000000.0,0.0,285000000.0,0.0,0.018,0.13,-498000000.0,-213000000.0,-0.114,-213000000.0,-498000000.0,-509000000.0,-0.52,-0.52,-0.52,24106000000.0,,24106000000.0,21388272890.0,34.0,12.029,-467000000.0,-0.624,1.0,566000000.0,0.304,21024000000.0,11000000.0,13408000000.0,,4374000000.0,214000000.0,152000000.0,62000000.0,17344000000.0,7734000000.0,9610000000.0,21566272890.0,-49000000.0,4000000.0,-31000000.0,616000000.0,-97000000.0,481000000.0,-193000000.0,-96000000.0,-368000000.0,31000000.0,-392000000.0,-392000000.0,-392000000.0,0.0,2000000.0,-0.21,1092000000.0,-526000000.0,2994000000.0,-0.25,0.895,34.841,35.134,4273000000.0,0.0,28.81,1.541,1.541,5627000000.0,0.0,1863000000.0,1863000000.0,284000000.0,,,,,0.0,597000000.0,1.0,748569000,748569000,,2.489,20666000000.0,289000000.0,-117000000.0,908000000.0,27.607,6354000000.0
4,CTVA,MRQ,2020-06-30,2020-06-30,2020-06-30,2021-08-07,-3845000000.0,42180000000.0,,14422000000.0,27758000000.0,,32.819,-74000000.0,2809000000.0,2809000000.0,2829000000.0,766000000.0,1.916,0.708,2631000000.0,1529000000.0,1102000000.0,2631000000.0,431000000.0,300000000.0,0.0,0.019,0.13,852000000.0,1152000000.0,0.222,1152000000.0,852000000.0,838000000.0,1.01,1.01,1.01,24561000000.0,,24561000000.0,20695832300.0,38.0,12.635,987000000.0,1.319,1.0,2362000000.0,0.455,21139000000.0,14000000.0,13334000000.0,,3589000000.0,122000000.0,60000000.0,62000000.0,17379000000.0,7529000000.0,9850000000.0,20048832300.0,831000000.0,7000000.0,3000000.0,28000000.0,-97000000.0,-130000000.0,-122000000.0,-54000000.0,1061000000.0,22000000.0,760000000.0,760000000.0,760000000.0,0.0,6000000.0,0.146,1593000000.0,769000000.0,2891000000.0,0.129,0.816,38.779,39.397,4293000000.0,0.0,26.79,1.428,1.428,6772000000.0,508000000.0,5191000000.0,5191000000.0,273000000.0,,,,,0.0,965000000.0,1.0,748370000,748370000,,6.936,21041000000.0,290000000.0,78000000.0,1121000000.0,28.116,6893000000.0
5,CTVA,MRQ,2020-03-31,2020-03-31,2020-03-31,2021-08-07,-3933000000.0,42978000000.0,,14679000000.0,28299000000.0,,31.792,-128000000.0,1963000000.0,1963000000.0,2269000000.0,282000000.0,1.596,0.793,2610000000.0,1996000000.0,614000000.0,2610000000.0,1996000000.0,283000000.0,0.0,0.017,0.13,409000000.0,692000000.0,0.175,692000000.0,409000000.0,399000000.0,0.36,0.36,0.36,23825000000.0,,23825000000.0,15968970500.0,-26.0,29.572,-2058000000.0,-2.746,1.0,1687000000.0,0.426,21268000000.0,10000000.0,13158000000.0,,4401000000.0,74000000.0,10000000.0,64000000.0,18899000000.0,9199000000.0,9700000000.0,17610970500.0,167000000.0,11000000.0,-36000000.0,2493000000.0,-97000000.0,2344000000.0,-130000000.0,-9000000.0,-1930000000.0,-117000000.0,272000000.0,272000000.0,272000000.0,-1000000.0,10000000.0,0.069,1270000000.0,417000000.0,3021000000.0,0.361,0.739,-20.694,-20.614,4358000000.0,0.0,23.5,1.222,1.222,6775000000.0,-155000000.0,3956000000.0,3956000000.0,280000000.0,,,,,0.0,757000000.0,1.0,749403000,749403000,,5.279,21710000000.0,273000000.0,127000000.0,1054000000.0,28.97,5480000000.0
6,CTVA,MRQ,2019-12-31,2019-12-31,2019-12-31,2021-08-07,-3270000000.0,42397000000.0,,13519000000.0,28878000000.0,,32.481,-148000000.0,1764000000.0,1764000000.0,1968000000.0,-18000000.0,1.641,0.734,122000000.0,7000000.0,115000000.0,122000000.0,0.0,289000000.0,0.0,0.009,0.13,-142000000.0,147000000.0,0.049,147000000.0,-142000000.0,-166000000.0,-0.03,-0.03,-0.03,24309000000.0,,24309000000.0,23862727412.0,-27.0,32.689,3225000000.0,4.309,1.0,1015000000.0,0.34,21653000000.0,24000000.0,10864000000.0,,5032000000.0,71000000.0,5000000.0,66000000.0,17842000000.0,8238000000.0,9604000000.0,22122727412.0,-227000000.0,127000000.0,4000000.0,-3598000000.0,-97000000.0,-3690000000.0,60000000.0,92000000.0,3373000000.0,30000000.0,-21000000.0,-21000000.0,-21000000.0,-24000000.0,3000000.0,-0.007,1303000000.0,-288000000.0,3702000000.0,-4.333,0.91,-23.069,-23.094,4546000000.0,0.0,29.56,1.598,1.598,5528000000.0,-425000000.0,2983000000.0,2983000000.0,290000000.0,,,,,0.0,747000000.0,1.0,748400792,748400792,,3.986,20744000000.0,287000000.0,-145000000.0,1015000000.0,27.718,5281000000.0
7,CTVA,MRQ,2019-09-30,2019-09-30,2019-09-30,2021-08-07,-2667000000.0,43235000000.0,,14117000000.0,29118000000.0,,33.403,-181000000.0,1980000000.0,1980000000.0,1349000000.0,-505000000.0,1.57,0.719,3720000000.0,3604000000.0,116000000.0,3720000000.0,0.0,226000000.0,0.0,0.005,0.13,-579000000.0,-353000000.0,-0.185,-353000000.0,-579000000.0,-598000000.0,-0.66,-0.66,-0.66,25015000000.0,,25015000000.0,21067004476.0,-21.0,21.237,-1396000000.0,-1.864,1.0,562000000.0,0.294,21835000000.0,19000000.0,14147000000.0,,4403000000.0,187000000.0,117000000.0,70000000.0,17974000000.0,8993000000.0,8981000000.0,20969004476.0,-113000000.0,17000000.0,-21000000.0,1556000000.0,-97000000.0,1446000000.0,-290000000.0,-125000000.0,-1215000000.0,-54000000.0,-494000000.0,-494000000.0,-494000000.0,-22000000.0,-11000000.0,-0.259,1233000000.0,-671000000.0,3014000000.0,-0.197,0.838,-14.274,-14.286,4503000000.0,0.0,28.0,1.533,1.533,6574000000.0,-397000000.0,1911000000.0,1911000000.0,289000000.0,,,,,0.0,646000000.0,1.0,748893017,748893017,,2.552,21400000000.0,270000000.0,-104000000.0,1454000000.0,28.576,5124000000.0
8,CTVA,MRQ,2019-06-30,2019-06-30,2019-06-30,2021-08-07,-2375000000.0,43922000000.0,,14445000000.0,29477000000.0,,34.469,-171000000.0,2077000000.0,2077000000.0,3047000000.0,-594000000.0,1.677,0.692,2175000000.0,2058000000.0,117000000.0,2175000000.0,0.0,358000000.0,0.0,0.0,0.0,-304000000.0,54000000.0,0.01,54000000.0,-304000000.0,-338000000.0,-0.81,-0.81,-0.81,25810000000.0,,25810000000.0,27809896330.0,-5.0,-9.209,282000000.0,0.377,1.0,2509000000.0,0.452,22081000000.0,34000000.0,13325000000.0,,3918000000.0,70000000.0,6000000.0,64000000.0,17855000000.0,8614000000.0,9241000000.0,22141896330.0,-1800000000.0,-9000000.0,4000000.0,-7238000000.0,0.0,-1997000000.0,-172000000.0,4000000.0,453000000.0,-84000000.0,-608000000.0,-608000000.0,-608000000.0,1077000000.0,14000000.0,-0.109,1709000000.0,800000000.0,3139000000.0,0.0,0.858,-3.632,-3.637,4543000000.0,0.0,29.57,1.615,1.615,7434000000.0,97000000.0,5556000000.0,5556000000.0,269000000.0,,,,,0.0,937000000.0,1.0,748795953,748795953,,7.42,21841000000.0,325000000.0,270000000.0,1712000000.0,29.168,5831000000.0
9,CTVA,MRQ,2019-03-31,2019-03-31,2019-03-31,2021-08-07,-3434000000.0,110102000000.0,,24061000000.0,86041000000.0,,99.588,-663000000.0,1759000000.0,1759000000.0,2211000000.0,176000000.0,1.709,0.47,9498000000.0,3201000000.0,6297000000.0,9498000000.0,0.0,726000000.0,0.0,,0.0,156000000.0,882000000.0,0.26,882000000.0,156000000.0,97000000.0,0.22,0.22,0.22,74571000000.0,,74571000000.0,,,,-2204000000.0,-2.943,1.0,1185000000.0,0.349,22164000000.0,59000000.0,81599000000.0,,5019000000.0,82000000.0,5000000.0,77000000.0,35028000000.0,14078000000.0,20950000000.0,,-711000000.0,125000000.0,35000000.0,1530000000.0,0.0,1312000000.0,-502000000.0,41000000.0,-1541000000.0,20000000.0,164000000.0,164000000.0,164000000.0,-360000000.0,12000000.0,0.048,1408000000.0,-223000000.0,3120000000.0,0.0,,,,4521000000.0,0.0,,,,6507000000.0,,3396000000.0,3396000000.0,299000000.0,,,,,0.0,735000000.0,1.0,748795953,748795953,,4.535,87938000000.0,294000000.0,-67000000.0,1718000000.0,117.439,9983000000.0
10,CTVA,MRQ,2018-12-31,2018-12-31,2018-12-31,2021-08-07,-3360000000.0,108683000000.0,,22972000000.0,85711000000.0,,99.707,-481000000.0,2270000000.0,2270000000.0,2024000000.0,-522000000.0,1.726,0.449,7938000000.0,2154000000.0,5784000000.0,7938000000.0,0.0,698000000.0,0.0,,0.0,-289000000.0,409000000.0,0.145,409000000.0,-289000000.0,-375000000.0,-0.71,-0.71,-0.71,74660000000.0,,74660000000.0,,,,2782000000.0,3.715,1.0,791000000.0,0.281,22248000000.0,86000000.0,78793000000.0,,5310000000.0,143000000.0,5000000.0,138000000.0,33530000000.0,13310000000.0,20220000000.0,,896000000.0,-23000000.0,4000000.0,-6777000000.0,0.0,-2033000000.0,-277000000.0,226000000.0,3263000000.0,-57000000.0,-531000000.0,-531000000.0,-531000000.0,-548000000.0,9000000.0,-0.189,1669000000.0,-878000000.0,3798000000.0,0.0,,,,4544000000.0,0.0,,,,5260000000.0,0.0,2815000000.0,2815000000.0,345000000.0,,,,,0.0,694000000.0,1.0,748795953,748795953,,3.759,86435000000.0,304000000.0,156000000.0,1666000000.0,115.432,9662000000.0
11,CTVA,MRQ,2018-09-30,2018-09-30,2018-09-30,2021-08-07,-2271000000.0,109648000000.0,,23340000000.0,86308000000.0,,95.481,-352000000.0,1657000000.0,1657000000.0,1485000000.0,-5116000000.0,1.763,0.527,14586000000.0,4371000000.0,10215000000.0,14586000000.0,0.0,682000000.0,0.0,,0.0,-5047000000.0,-4365000000.0,-2.242,-4365000000.0,-5047000000.0,-5129000000.0,-6.83,-6.83,-6.83,71496000000.0,,71496000000.0,,,,-1542000000.0,-2.059,1.0,462000000.0,0.237,22341000000.0,82000000.0,86994000000.0,,4898000000.0,286000000.0,142000000.0,144000000.0,37649000000.0,13242000000.0,24407000000.0,,-883000000.0,16000000.0,24000000.0,1164000000.0,0.0,621000000.0,-230000000.0,110000000.0,-1190000000.0,-84000000.0,-5121000000.0,-5121000000.0,-5121000000.0,-526000000.0,5000000.0,-2.63,6037000000.0,-5575000000.0,3642000000.0,0.0,,,,4384000000.0,0.0,,,,6547000000.0,0.0,1947000000.0,1947000000.0,325000000.0,,,,,0.0,633000000.0,1.0,748795953,748795953,,2.6,87307000000.0,366000000.0,-8000000.0,1818000000.0,116.597,10098000000.0
12,CTVA,MRQ,2018-06-30,2018-06-30,2018-06-30,2021-08-07,-2185000000.0,116129000000.0,,24641000000.0,91488000000.0,,103.106,,2696000000.0,2696000000.0,3687000000.0,698000000.0,1.888,0.498,13451000000.0,3715000000.0,9736000000.0,13451000000.0,0.0,,0.0,,0.0,715000000.0,,,,715000000.0,627000000.0,0.92,0.92,0.92,77205000000.0,,77205000000.0,,,,,,1.0,2044000000.0,0.357,26930000000.0,88000000.0,86905000000.0,,4362000000.0,244000000.0,49000000.0,195000000.0,38426000000.0,13049000000.0,25377000000.0,,,,,,,,,,,,694000000.0,694000000.0,694000000.0,-323000000.0,4000000.0,0.121,1776000000.0,268000000.0,3629000000.0,0.0,,,,4463000000.0,0.0,,,,7331000000.0,0.0,5731000000.0,5731000000.0,354000000.0,,,,,,965000000.0,1.0,748795953,748795953,,7.654,89199000000.0,419000000.0,-67000000.0,1636000000.0,119.123,11592000000.0
13,CTVA,MRQ,2017-12-31,2017-12-31,2017-12-31,2021-08-07,,,,,,,,-499000000.0,,,2915000000.0,1192000000.0,,,,,,,,886000000.0,,,0.0,-924000000.0,-38000000.0,-0.01,-38000000.0,-924000000.0,-1039000000.0,1.58,1.58,1.58,,,,,,,3175000000.0,4.24,1.0,875000000.0,0.231,,115000000.0,,,,,,,,,,,3811000000.0,2354000000.0,30000000.0,-2085000000.0,-329000000.0,-3607000000.0,3678000000.0,1890000000.0,3674000000.0,-22000000.0,1182000000.0,1182000000.0,1182000000.0,568000000.0,10000000.0,0.312,2026000000.0,-1151000000.0,,0.0,,,,,0.0,,,,,,3790000000.0,3790000000.0,484000000.0,,,,,0.0,920000000.0,1.0,748795953,748795953,,5.061,,,-2221000000.0,,,
0,CTVA,MRT,2021-06-30,2021-06-30,2021-06-30,2021-08-07,-3245000000.0,41496000000.0,42096000000.0,14285000000.0,27211000000.0,0.353,34.439,-542000000.0,2861000000.0,2861000000.0,8839000000.0,1229000000.0,1.97,0.625,1778000000.0,677000000.0,1101000000.0,1778000000.0,748000000.0,1211000000.0,0.0,0.012,0.52,1430000000.0,2641000000.0,0.178,2641000000.0,1430000000.0,1395000000.0,1.66,1.65,1.66,25385000000.0,24713250000.0,25385000000.0,32638429350.0,23.0,12.358,1748000000.0,2.371,1.0,6036000000.0,0.406,20620000000.0,35000000.0,12541000000.0,12345250000.0,3541000000.0,107000000.0,39000000.0,68000000.0,15871000000.0,7252000000.0,8619000000.0,32690429350.0,1000000.0,91000000.0,-670000000.0,-850000000.0,-386000000.0,-1938000000.0,-439000000.0,16000000.0,2290000000.0,88000000.0,1219000000.0,1219000000.0,1219000000.0,111000000.0,10000000.0,0.082,5242000000.0,794000000.0,3070000000.0,0.313,1.288,26.817,26.717,4341000000.0,0.0,44.35,2.198,2.198,6792000000.0,941000000.0,14875000000.0,14875000000.0,1163000000.0,0.029,0.049,0.116,0.096,0.0,3052000000.0,1.0,737101000,737101000,,20.18,20876000000.0,442000000.0,176000000.0,1169000000.0,28.322,7033000000.0
1,CTVA,MRT,2021-03-31,2021-03-31,2021-03-31,2021-08-07,-3367000000.0,42549000000.0,42267000000.0,15036000000.0,27513000000.0,0.342,32.978,-484000000.0,2404000000.0,2404000000.0,8658000000.0,1022000000.0,1.671,0.724,2352000000.0,1250000000.0,1102000000.0,2352000000.0,2247000000.0,1198000000.0,0.0,0.011,0.52,1021000000.0,2219000000.0,0.154,2219000000.0,1021000000.0,979000000.0,1.36,1.35,1.36,24538000000.0,24507250000.0,24538000000.0,32267170440.0,32.0,14.541,1560000000.0,2.097,1.0,5781000000.0,0.4,20730000000.0,42000000.0,12768000000.0,12543500000.0,4321000000.0,178000000.0,114000000.0,64000000.0,17771000000.0,8999000000.0,8772000000.0,34688170440.0,390000000.0,92000000.0,-495000000.0,-248000000.0,-388000000.0,-1220000000.0,-508000000.0,-112000000.0,2044000000.0,74000000.0,1009000000.0,1009000000.0,1009000000.0,66000000.0,13000000.0,0.07,5229000000.0,552000000.0,3098000000.0,0.382,1.414,34.379,34.279,4299000000.0,0.0,46.62,2.402,2.402,6792000000.0,268000000.0,14439000000.0,14439000000.0,1143000000.0,0.024,0.041,0.081,0.071,0.0,3019000000.0,1.0,744062000,744062000,,19.406,21819000000.0,433000000.0,-30000000.0,1067000000.0,29.324,6037000000.0
2,CTVA,MRT,2020-12-31,2020-12-31,2020-12-31,2021-08-07,-2890000000.0,42649000000.0,42374250000.0,14768000000.0,27881000000.0,0.336,33.32,-475000000.0,3526000000.0,3526000000.0,8507000000.0,701000000.0,1.728,0.708,1105000000.0,3000000.0,1102000000.0,1105000000.0,2662000000.0,1177000000.0,0.0,0.013,0.52,645000000.0,1822000000.0,0.128,1822000000.0,645000000.0,600000000.0,0.91,0.91,0.91,24824000000.0,24329000000.0,24824000000.0,29323019520.0,45.0,16.094,1589000000.0,2.133,1.0,5710000000.0,0.402,21016000000.0,45000000.0,10664000000.0,12641000000.0,4882000000.0,335000000.0,269000000.0,66000000.0,17586000000.0,8548000000.0,9038000000.0,28847019520.0,1700000000.0,83000000.0,-219000000.0,998000000.0,-388000000.0,303000000.0,-674000000.0,-275000000.0,2064000000.0,7000000.0,681000000.0,681000000.0,681000000.0,55000000.0,20000000.0,0.048,5202000000.0,508000000.0,3615000000.0,0.571,1.162,42.36,42.549,4396000000.0,0.0,38.72,2.029,2.029,4926000000.0,0.0,14217000000.0,14217000000.0,1142000000.0,0.016,0.028,0.051,0.045,0.0,3043000000.0,1.0,745016000,745016000,,19.083,21633000000.0,464000000.0,-81000000.0,1016000000.0,29.037,6220000000.0
3,CTVA,MRT,2020-09-30,2020-09-30,2020-09-30,2021-08-07,-3796000000.0,41690000000.0,42311250000.0,14088000000.0,27602000000.0,0.331,32.203,-449000000.0,2768000000.0,2768000000.0,8363000000.0,640000000.0,1.822,0.719,3244000000.0,2142000000.0,1102000000.0,3244000000.0,0.0,1157000000.0,0.0,0.018,0.52,621000000.0,1778000000.0,0.127,1778000000.0,621000000.0,562000000.0,0.82,0.82,0.82,24106000000.0,24200250000.0,24106000000.0,21388272890.0,34.0,12.029,1687000000.0,2.254,1.0,5630000000.0,0.402,21024000000.0,59000000.0,13408000000.0,12691000000.0,4374000000.0,214000000.0,152000000.0,62000000.0,17344000000.0,7734000000.0,9610000000.0,21566272890.0,722000000.0,149000000.0,-60000000.0,-461000000.0,-388000000.0,-995000000.0,-385000000.0,-67000000.0,2136000000.0,-34000000.0,619000000.0,619000000.0,619000000.0,-25000000.0,21000000.0,0.044,5258000000.0,372000000.0,2994000000.0,0.634,0.895,34.841,35.134,4273000000.0,0.0,28.81,1.541,1.541,5627000000.0,0.0,13993000000.0,13993000000.0,1127000000.0,0.015,0.026,0.049,0.044,0.0,3066000000.0,1.0,748569000,748569000,,18.693,20666000000.0,289000000.0,-57000000.0,908000000.0,27.607,6354000000.0
4,CTVA,MRT,2020-06-30,2020-06-30,2020-06-30,2021-08-07,-3845000000.0,42180000000.0,42697500000.0,14422000000.0,27758000000.0,0.329,32.819,-531000000.0,2809000000.0,2809000000.0,8415000000.0,525000000.0,1.916,0.708,2631000000.0,1529000000.0,1102000000.0,2631000000.0,431000000.0,1098000000.0,0.0,0.019,0.52,540000000.0,1638000000.0,0.117,1638000000.0,540000000.0,473000000.0,0.68,0.68,0.68,24561000000.0,24427500000.0,24561000000.0,20695832300.0,38.0,12.635,758000000.0,1.013,1.0,5626000000.0,0.401,21139000000.0,67000000.0,13334000000.0,12875750000.0,3589000000.0,122000000.0,60000000.0,62000000.0,17379000000.0,7529000000.0,9850000000.0,20048832300.0,658000000.0,162000000.0,-50000000.0,479000000.0,-388000000.0,-30000000.0,-482000000.0,-96000000.0,1289000000.0,-119000000.0,517000000.0,517000000.0,517000000.0,-47000000.0,8000000.0,0.037,5399000000.0,227000000.0,2891000000.0,0.765,0.816,38.779,39.397,4293000000.0,0.0,26.79,1.428,1.428,6772000000.0,508000000.0,14041000000.0,14041000000.0,1132000000.0,0.012,0.021,0.042,0.038,0.0,3115000000.0,1.0,748370000,748370000,,18.762,21041000000.0,290000000.0,-44000000.0,1121000000.0,28.116,6893000000.0
5,CTVA,MRT,2020-03-31,2020-03-31,2020-03-31,2021-08-07,-3933000000.0,42978000000.0,43133000000.0,14679000000.0,28299000000.0,0.334,31.792,-628000000.0,1963000000.0,1963000000.0,8633000000.0,-835000000.0,1.596,0.793,2610000000.0,1996000000.0,614000000.0,2610000000.0,1996000000.0,1156000000.0,0.0,0.017,0.39,-616000000.0,540000000.0,0.037,540000000.0,-616000000.0,-703000000.0,-1.14,-1.14,-1.14,23825000000.0,24739750000.0,23825000000.0,15968970500.0,-26.0,29.572,53000000.0,0.071,1.0,5773000000.0,0.401,21268000000.0,87000000.0,13158000000.0,12873500000.0,4401000000.0,74000000.0,10000000.0,64000000.0,18899000000.0,9199000000.0,9700000000.0,17610970500.0,-1973000000.0,146000000.0,-49000000.0,-6787000000.0,-291000000.0,-1897000000.0,-532000000.0,-38000000.0,681000000.0,-225000000.0,-851000000.0,-851000000.0,-851000000.0,1030000000.0,16000000.0,-0.059,5515000000.0,258000000.0,3021000000.0,-0.342,0.739,-20.694,-20.614,4358000000.0,0.0,23.5,1.222,1.222,6775000000.0,-155000000.0,14406000000.0,14406000000.0,1128000000.0,-0.02,-0.034,-0.048,-0.043,0.0,3087000000.0,1.0,749403000,749403000,,19.223,21710000000.0,273000000.0,148000000.0,1054000000.0,28.97,5480000000.0
6,CTVA,MRT,2019-12-31,2019-12-31,2019-12-31,2021-08-07,-3270000000.0,42397000000.0,59914000000.0,13519000000.0,28878000000.0,0.231,32.481,-1163000000.0,1764000000.0,1764000000.0,8575000000.0,-941000000.0,1.641,0.734,122000000.0,7000000.0,115000000.0,122000000.0,0.0,1599000000.0,0.0,0.009,0.26,-869000000.0,730000000.0,0.053,730000000.0,-869000000.0,-1005000000.0,-1.28,-1.28,-1.28,24309000000.0,37426250000.0,24309000000.0,23862727412.0,-27.0,32.689,-93000000.0,-0.124,1.0,5271000000.0,0.381,21653000000.0,136000000.0,10864000000.0,29983750000.0,5032000000.0,71000000.0,5000000.0,66000000.0,17842000000.0,8238000000.0,9604000000.0,22122727412.0,-2851000000.0,260000000.0,22000000.0,-7750000000.0,-194000000.0,-2929000000.0,-904000000.0,12000000.0,1070000000.0,-88000000.0,-959000000.0,-959000000.0,-959000000.0,671000000.0,18000000.0,-0.069,5653000000.0,-382000000.0,3702000000.0,-0.203,0.91,-23.069,-23.094,4546000000.0,0.0,29.56,1.598,1.598,5528000000.0,-425000000.0,13846000000.0,13846000000.0,1147000000.0,-0.016,-0.026,-0.029,-0.063,0.0,3065000000.0,1.0,748400792,748400792,,18.501,20744000000.0,287000000.0,-46000000.0,1015000000.0,27.718,5281000000.0
7,CTVA,MRT,2019-09-30,2019-09-30,2019-09-30,2021-08-07,-2667000000.0,43235000000.0,76485500000.0,14117000000.0,29118000000.0,0.179,33.403,-1496000000.0,1980000000.0,1980000000.0,8631000000.0,-1445000000.0,1.57,0.719,3720000000.0,3604000000.0,116000000.0,3720000000.0,0.0,2008000000.0,0.0,0.005,0.13,-1016000000.0,992000000.0,0.073,992000000.0,-1016000000.0,-1214000000.0,-1.96,-1.96,-1.96,25015000000.0,50014000000.0,25015000000.0,21067004476.0,-21.0,21.237,-536000000.0,-0.716,1.0,5047000000.0,0.369,21835000000.0,198000000.0,14147000000.0,46966000000.0,4403000000.0,187000000.0,117000000.0,70000000.0,17974000000.0,8993000000.0,8981000000.0,20969004476.0,-1728000000.0,110000000.0,22000000.0,-10929000000.0,-97000000.0,-1272000000.0,-1241000000.0,146000000.0,960000000.0,-175000000.0,-1469000000.0,-1469000000.0,-1469000000.0,147000000.0,24000000.0,-0.107,6019000000.0,-972000000.0,3014000000.0,-0.066,0.838,-14.274,-14.286,4503000000.0,0.0,28.0,1.533,1.533,6574000000.0,-397000000.0,13678000000.0,13678000000.0,1202000000.0,-0.019,-0.029,-0.022,-0.074,0.0,3012000000.0,1.0,748893017,748893017,,18.264,21400000000.0,270000000.0,255000000.0,1454000000.0,28.576,5124000000.0
8,CTVA,MRT,2019-06-30,2019-06-30,2019-06-30,2021-08-07,-2375000000.0,43922000000.0,93088750000.0,14445000000.0,29477000000.0,0.147,34.469,-1667000000.0,2077000000.0,2077000000.0,8767000000.0,-6056000000.0,1.677,0.692,2175000000.0,2058000000.0,117000000.0,2175000000.0,0.0,2464000000.0,0.0,0.0,0.0,-5484000000.0,-3020000000.0,-0.22,-3020000000.0,-5484000000.0,-5745000000.0,-8.13,-8.13,-8.13,25810000000.0,61634250000.0,25810000000.0,27809896330.0,-5.0,-9.209,-682000000.0,-0.911,1.0,4947000000.0,0.361,22081000000.0,261000000.0,13325000000.0,65177750000.0,3918000000.0,70000000.0,6000000.0,64000000.0,17855000000.0,8614000000.0,9241000000.0,22141896330.0,-2498000000.0,109000000.0,67000000.0,-11321000000.0,0.0,-2097000000.0,-1181000000.0,381000000.0,985000000.0,-205000000.0,-6096000000.0,-6096000000.0,-6096000000.0,-357000000.0,40000000.0,-0.445,10823000000.0,-5876000000.0,3139000000.0,0.0,0.858,-3.632,-3.637,4543000000.0,0.0,29.57,1.615,1.615,7434000000.0,97000000.0,13714000000.0,13714000000.0,1238000000.0,-0.065,-0.099,-0.084,-0.4,0.0,2999000000.0,1.0,748795953,748795953,,18.315,21841000000.0,325000000.0,351000000.0,1712000000.0,29.168,5831000000.0
9,CTVA,MRT,2019-03-31,2019-03-31,2019-03-31,2021-08-07,-3434000000.0,110102000000.0,111140500000.0,24061000000.0,86041000000.0,0.125,99.588,,1759000000.0,1759000000.0,9407000000.0,-4764000000.0,1.709,0.47,9498000000.0,3201000000.0,6297000000.0,9498000000.0,0.0,,0.0,,0.0,-4465000000.0,,,,-4465000000.0,-4780000000.0,-6.4,-6.4,-6.4,74571000000.0,74483000000.0,74571000000.0,,,,,,1.0,4482000000.0,0.323,22164000000.0,315000000.0,81599000000.0,83572750000.0,5019000000.0,82000000.0,5000000.0,77000000.0,35028000000.0,14078000000.0,20950000000.0,,,,,,,,,,,,-4794000000.0,-4794000000.0,-4794000000.0,-1757000000.0,30000000.0,-0.345,10890000000.0,-6408000000.0,3120000000.0,0.0,,,,4521000000.0,0.0,,,,6507000000.0,,13889000000.0,13889000000.0,1323000000.0,-0.043,-0.064,-0.053,-0.321,,3027000000.0,1.0,748795953,748795953,,18.548,87938000000.0,294000000.0,14000000.0,1718000000.0,117.439,9983000000.0
10,CTVA,MRT,2018-12-31,2018-12-31,2018-12-31,2021-08-07,-3360000000.0,108683000000.0,,22972000000.0,85711000000.0,,99.707,-1501000000.0,2270000000.0,2270000000.0,9948000000.0,-5027000000.0,1.726,0.449,7938000000.0,2154000000.0,5784000000.0,7938000000.0,0.0,2790000000.0,0.0,,0.0,-4759000000.0,-1969000000.0,-0.138,-1969000000.0,-4759000000.0,-5096000000.0,-6.76,-6.76,-6.76,74660000000.0,,74660000000.0,,,,-1018000000.0,-1.36,1.0,4339000000.0,0.304,22248000000.0,337000000.0,78793000000.0,,5310000000.0,143000000.0,5000000.0,138000000.0,33530000000.0,13310000000.0,20220000000.0,,-2890000000.0,78000000.0,85000000.0,-5178000000.0,0.0,-2624000000.0,-505000000.0,921000000.0,483000000.0,-244000000.0,-5065000000.0,-5065000000.0,-5065000000.0,-1748000000.0,38000000.0,-0.355,10976000000.0,-6637000000.0,3798000000.0,0.0,,,,4544000000.0,0.0,,,,5260000000.0,0.0,14287000000.0,14287000000.0,1355000000.0,,,,-0.333,0.0,3041000000.0,1.0,748795953,748795953,,19.08,86435000000.0,304000000.0,-31000000.0,1666000000.0,115.432,9662000000.0
11,CTVA,MRT,2018-09-30,2018-09-30,2018-09-30,2021-08-07,-2271000000.0,109648000000.0,,23340000000.0,86308000000.0,,95.481,,1657000000.0,1657000000.0,,,1.763,0.527,14586000000.0,4371000000.0,10215000000.0,14586000000.0,0.0,,0.0,,0.0,,,,,,,,,,71496000000.0,,71496000000.0,,,,,,1.0,,,22341000000.0,,86994000000.0,,4898000000.0,286000000.0,142000000.0,144000000.0,37649000000.0,13242000000.0,24407000000.0,,,,,,,,,,,,,,,,,,,,3642000000.0,,,,,4384000000.0,,,,,6547000000.0,0.0,,,,,,,,,,1.0,748795953,748795953,,,87307000000.0,366000000.0,,1818000000.0,116.597,10098000000.0
12,CTVA,MRT,2018-06-30,2018-06-30,2018-06-30,2021-08-07,-2185000000.0,116129000000.0,,24641000000.0,91488000000.0,,103.106,,2696000000.0,2696000000.0,,,1.888,0.498,13451000000.0,3715000000.0,9736000000.0,13451000000.0,0.0,,0.0,,0.0,,,,,,,,,,77205000000.0,,77205000000.0,,,,,,1.0,,,26930000000.0,,86905000000.0,,4362000000.0,244000000.0,49000000.0,195000000.0,38426000000.0,13049000000.0,25377000000.0,,,,,,,,,,,,,,,,,,,,3629000000.0,,,,,4463000000.0,,,,,7331000000.0,0.0,,,,,,,,,,1.0,748795953,748795953,,,89199000000.0,419000000.0,,1636000000.0,119.123,11592000000.0
13,CTVA,MRT,2017-12-31,2017-12-31,2017-12-31,2021-08-07,,,,,,,,,,,,,,,,,,,,,,,0.0,,,,,,,,,,,,,,,,,,1.0,,,,,,,,,,,,,,,,,,,,,,,,,,,,,,,,,,,,,,,,,,,,,,,,,,,,,,1.0,748795953,748795953,,,,,,,,
