None,ticker,dimension,calendardate,datekey,reportperiod,lastupdated,accoci,assets,assetsavg,assetsc,assetsnc,assetturnover,bvps,capex,cashneq,cashnequsd,cor,consolinc,currentratio,de,debt,debtc,debtnc,debtusd,deferredrev,depamor,deposits,divyield,dps,ebit,ebitda,ebitdamargin,ebitdausd,ebitusd,ebt,eps,epsdil,epsusd,equity,equityavg,equityusd,ev,evebit,evebitda,fcf,fcfps,fxusd,gp,grossmargin,intangibles,intexp,invcap,invcapavg,inventory,investments,investmentsc,investmentsnc,liabilities,liabilitiesc,liabilitiesnc,marketcap,ncf,ncfbus,ncfcommon,ncfdebt,ncfdiv,ncff,ncfi,ncfinv,ncfo,ncfx,netinc,netinccmn,netinccmnusd,netincdis,netincnci,netmargin,opex,opinc,payables,payoutratio,pb,pe,pe1,ppnenet,prefdivis,price,ps,ps1,receivables,retearn,revenue,revenueusd,rnd,roa,roe,roic,ros,sbcomp,sgna,sharefactor,sharesbas,shareswa,shareswadil,sps,tangibles,taxassets,taxexp,taxliabilities,tbvps,workingcapital
0,WFC,MRY,2020-12-31,2020-12-31,2020-12-31,2021-09-08,194000000.0,1952911000000.0,1956311500000.0,,,0.037,44.847,0.0,264612000000.0,264612000000.0,0.0,3586000000.0,,9.569,271949000000.0,,,271949000000.0,0.0,8736000000.0,1404381000000.0,0.04,1.22,296000000.0,9032000000.0,0.125,9032000000.0,296000000.0,296000000.0,0.42,0.41,0.42,184680000000.0,181989250000.0,184680000000.0,148943895253.0,503.0,16.491,2051000000.0,0.498,1.0,72340000000.0,1.0,26392000000.0,0.0,1933856000000.0,1989732000000.0,0.0,1565675000000.0,,,1767199000000.0,,,124778895253.0,123362000000.0,0.0,-2844000000.0,-72724000000.0,-6142000000.0,-1243000000.0,122554000000.0,121770000000.0,2051000000.0,0.0,3301000000.0,1710000000.0,1710000000.0,0.0,285000000.0,0.024,57630000000.0,14710000000.0,0.0,2.905,0.676,72.97,71.857,8895000000.0,1591000000.0,30.18,1.725,1.718,0.0,162683000000.0,72340000000.0,72340000000.0,0.0,0.001,0.009,0.0,0.004,1766000000.0,48479000000.0,1.0,4134489571.0,4118000000.0,4134200000.0,17.567,1926519000000.0,0.0,-3005000000.0,0.0,467.829,
1,WFC,MRY,2019-12-31,2019-12-31,2019-12-31,2021-09-08,-1311000000.0,1927555000000.0,1920671250000.0,,,0.044,42.6,0.0,141250000000.0,141250000000.0,0.0,20041000000.0,,9.295,332703000000.0,,,332703000000.0,0.0,7075000000.0,1322626000000.0,0.036,1.92,23706000000.0,30781000000.0,0.362,30781000000.0,23706000000.0,23706000000.0,4.08,4.05,4.08,187146000000.0,194331000000.0,187146000000.0,433367525121.0,18.0,14.079,6730000000.0,1.532,1.0,85063000000.0,1.0,26390000000.0,0.0,2092618000000.0,2090178500000.0,0.0,1671689000000.0,,,1739571000000.0,,,227539525121.0,-32037000000.0,0.0,-24153000000.0,-8890000000.0,-9589000000.0,-9136000000.0,-29631000000.0,-33762000000.0,6730000000.0,0.0,19549000000.0,17938000000.0,17938000000.0,0.0,492000000.0,0.211,58178000000.0,26885000000.0,0.0,0.471,1.216,12.685,13.186,9309000000.0,1611000000.0,53.8,2.675,2.779,0.0,166697000000.0,85063000000.0,85063000000.0,0.0,0.009,0.092,0.011,0.279,2274000000.0,49170000000.0,1.0,4229359203.0,4393100000.0,4425400000.0,19.363,1901165000000.0,0.0,4157000000.0,0.0,432.762,
2,WFC,MRY,2018-12-31,2018-12-31,2018-12-31,2021-09-08,-6336000000.0,1895883000000.0,1890988000000.0,,,0.046,40.87,0.0,173287000000.0,173287000000.0,0.0,22876000000.0,,8.66,334831000000.0,,,334831000000.0,0.0,5593000000.0,1286170000000.0,0.036,1.64,28055000000.0,33648000000.0,0.389,33648000000.0,28055000000.0,28055000000.0,4.31,4.28,4.31,196166000000.0,201261750000.0,196166000000.0,384160811261.0,14.0,11.417,36073000000.0,7.516,1.0,86408000000.0,1.0,26418000000.0,0.0,2031009000000.0,2017368750000.0,0.0,1592759000000.0,,,1698817000000.0,,,216909811261.0,-42660000000.0,0.0,-20001000000.0,9561000000.0,-9314000000.0,-70979000000.0,-7754000000.0,-10567000000.0,36073000000.0,0.0,22393000000.0,20689000000.0,20689000000.0,0.0,483000000.0,0.239,56126000000.0,30282000000.0,0.0,0.381,1.106,10.484,10.691,8920000000.0,1704000000.0,46.08,2.51,2.56,0.0,158163000000.0,86408000000.0,86408000000.0,0.0,0.011,0.103,0.014,0.325,2255000000.0,46321000000.0,1.0,4707244168.0,4799700000.0,4838400000.0,18.003,1869465000000.0,0.0,5662000000.0,0.0,389.496,
3,WFC,MRY,2017-12-31,2017-12-31,2017-12-31,2021-09-08,-2144000000.0,1951757000000.0,1942282750000.0,,,0.044,41.682,0.0,215947000000.0,215947000000.0,0.0,22460000000.0,,8.426,328276000000.0,,,328276000000.0,0.0,5406000000.0,1335991000000.0,0.025,1.54,27100000000.0,32506000000.0,0.379,32506000000.0,27100000000.0,27100000000.0,4.14,4.1,4.14,206936000000.0,204898750000.0,206936000000.0,339147942111.0,13.0,10.433,18619000000.0,3.75,1.0,85861000000.0,1.0,26587000000.0,0.0,2037499000000.0,1971902750000.0,0.0,1596507000000.0,,,1743678000000.0,,,298754942111.0,-5453000000.0,0.0,-8697000000.0,-23207000000.0,-9109000000.0,-10920000000.0,-13152000000.0,-17321000000.0,18619000000.0,0.0,22183000000.0,20554000000.0,20554000000.0,0.0,277000000.0,0.239,58484000000.0,27377000000.0,0.0,0.372,1.444,14.535,14.655,8847000000.0,1629000000.0,60.67,3.48,3.508,0.0,145263000000.0,85861000000.0,85861000000.0,0.0,0.011,0.1,0.014,0.316,2046000000.0,36220000000.0,1.0,4924261449.0,4964600000.0,5017300000.0,17.295,1925170000000.0,0.0,4917000000.0,0.0,387.779,
4,WFC,MRY,2016-12-31,2016-12-31,2016-12-31,2021-09-08,-3137000000.0,1930115000000.0,1902664000000.0,,,0.044,39.499,0.0,286767000000.0,286767000000.0,0.0,22045000000.0,,8.666,351858000000.0,,,351858000000.0,0.0,4970000000.0,1306079000000.0,0.027,1.515,32013000000.0,36983000000.0,0.438,36983000000.0,32013000000.0,32013000000.0,4.03,3.99,4.03,199581000000.0,200462500000.0,199581000000.0,338670119818.0,11.0,9.157,1008000000.0,0.199,1.0,84497000000.0,1.0,26693000000.0,0.0,1968513000000.0,1923627000000.0,0.0,1480822000000.0,,,1729618000000.0,,,276779119818.0,-18120000000.0,-30584000000.0,-6701000000.0,54451000000.0,-9038000000.0,122791000000.0,-141919000000.0,-118138000000.0,1008000000.0,0.0,21938000000.0,20373000000.0,20373000000.0,0.0,107000000.0,0.241,52377000000.0,32120000000.0,0.0,0.376,1.387,13.586,13.675,8333000000.0,1565000000.0,55.11,3.276,3.295,0.0,133075000000.0,84497000000.0,84497000000.0,0.0,0.011,0.102,0.017,0.379,1945000000.0,36902000000.0,1.0,5022303027.0,5052800000.0,5108300000.0,16.723,1903422000000.0,0.0,10075000000.0,0.0,376.706,
5,WFC,MRY,2015-12-31,2015-12-31,2015-12-31,2021-09-08,297000000.0,1787632000000.0,1749312750000.0,,,0.048,37.574,0.0,289241000000.0,289241000000.0,0.0,23276000000.0,,8.258,297064000000.0,,,297064000000.0,0.0,3288000000.0,1223312000000.0,0.027,1.475,33259000000.0,36547000000.0,0.437,36547000000.0,33259000000.0,33259000000.0,4.18,4.12,4.18,192998000000.0,191100750000.0,192998000000.0,278797706417.0,8.0,7.628,15904000000.0,3.096,1.0,83615000000.0,1.0,25529000000.0,0.0,1769926000000.0,1716061750000.0,0.0,1356230000000.0,,,1593741000000.0,,,277660706417.0,-460000000.0,-3000000.0,-6971000000.0,49707000000.0,-8826000000.0,90871000000.0,-107235000000.0,-112812000000.0,15904000000.0,0.0,22894000000.0,21470000000.0,21470000000.0,0.0,382000000.0,0.257,49974000000.0,33641000000.0,0.0,0.353,1.439,12.932,13.005,8704000000.0,1424000000.0,54.36,3.321,3.339,0.0,120866000000.0,83615000000.0,83615000000.0,0.0,0.012,0.112,0.019,0.398,1958000000.0,35630000000.0,1.0,5107812848.0,5136500000.0,5209800000.0,16.279,1762103000000.0,0.0,10365000000.0,0.0,343.055,
6,WFC,MRY,2014-12-31,2014-12-31,2014-12-31,2021-09-08,3518000000.0,1687155000000.0,1617397750000.0,,,0.051,35.209,0.0,278000000000.0,278000000000.0,0.0,23608000000.0,,8.145,247461000000.0,,,247461000000.0,0.0,2515000000.0,1168310000000.0,0.025,1.35,33364000000.0,35879000000.0,0.433,35879000000.0,33364000000.0,33364000000.0,4.17,4.1,4.17,184394000000.0,180847000000.0,184394000000.0,251934574158.0,8.0,7.022,17529000000.0,3.347,1.0,82952000000.0,1.0,25705000000.0,0.0,1630911000000.0,1560548250000.0,0.0,1262912000000.0,,,1501893000000.0,,,284385574158.0,-348000000.0,-174000000.0,-7574000000.0,34360000000.0,-8143000000.0,110503000000.0,-128380000000.0,-135012000000.0,17529000000.0,0.0,23057000000.0,21821000000.0,21821000000.0,0.0,551000000.0,0.263,49037000000.0,33915000000.0,0.0,0.324,1.542,13.033,13.146,8743000000.0,1236000000.0,54.82,3.428,3.461,0.0,107040000000.0,82952000000.0,82952000000.0,0.0,0.013,0.121,0.021,0.402,1459000000.0,34840000000.0,1.0,5187624483.0,5237200000.0,5324400000.0,15.839,1661450000000.0,0.0,10307000000.0,0.0,317.24,
7,WFC,MRY,2013-12-31,2013-12-31,2013-12-31,2021-09-08,1386000000.0,1523502000000.0,1472188500000.0,,,0.055,32.179,0.0,233712000000.0,233712000000.0,0.0,22224000000.0,,7.949,206881000000.0,,,206881000000.0,0.0,3293000000.0,1079177000000.0,0.025,1.15,32283000000.0,35576000000.0,0.437,35576000000.0,32283000000.0,32283000000.0,3.95,3.89,3.95,170142000000.0,165453500000.0,170142000000.0,243247978347.0,8.0,6.837,57641000000.0,10.902,1.0,81471000000.0,1.0,25637000000.0,0.0,1471034000000.0,1451022750000.0,0.0,1153075000000.0,,,1352494000000.0,,,239148978347.0,-1941000000.0,0.0,-3132000000.0,24414000000.0,-6970000000.0,93910000000.0,-153492000000.0,-165094000000.0,57641000000.0,0.0,21878000000.0,20889000000.0,20889000000.0,0.0,346000000.0,0.256,48842000000.0,32629000000.0,0.0,0.291,1.406,11.449,11.494,9156000000.0,989000000.0,45.4,2.935,2.946,0.0,92361000000.0,81471000000.0,81471000000.0,0.0,0.014,0.126,0.022,0.396,1649000000.0,35015000000.0,1.0,5267598642.0,5287300000.0,5371200000.0,15.409,1497865000000.0,0.0,10405000000.0,0.0,283.295,
8,WFC,MRY,2012-12-31,2012-12-31,2012-12-31,2021-09-08,5650000000.0,1422968000000.0,1366921500000.0,,,0.058,29.797,0.0,159173000000.0,159173000000.0,0.0,19368000000.0,,8.023,184554000000.0,,,184554000000.0,0.0,2807000000.0,1002835000000.0,0.026,0.88,28000000000.0,30807000000.0,0.391,30807000000.0,28000000000.0,28000000000.0,3.4,3.36,3.4,157554000000.0,151454750000.0,157554000000.0,245262863684.0,9.0,7.961,58540000000.0,11.071,1.0,78869000000.0,1.0,25637000000.0,0.0,1422712000000.0,1408927750000.0,0.0,1123614000000.0,,,1264057000000.0,,,179932863684.0,2420000000.0,-4322000000.0,-1827000000.0,7301000000.0,-5457000000.0,83770000000.0,-139890000000.0,-147089000000.0,58540000000.0,0.0,18897000000.0,17999000000.0,17999000000.0,0.0,471000000.0,0.228,50398000000.0,28471000000.0,0.0,0.259,1.142,9.997,10.053,9428000000.0,898000000.0,34.18,2.281,2.292,0.0,77679000000.0,78869000000.0,78869000000.0,0.0,0.013,0.119,0.02,0.355,1472000000.0,33729000000.0,1.0,5264273367.0,5287600000.0,5351500000.0,14.916,1397331000000.0,0.0,9103000000.0,0.0,264.266,
9,WFC,MRY,2011-12-31,2011-12-31,2011-12-31,2021-09-08,3207000000.0,1313867000000.0,1280803000000.0,,,0.057,26.57,0.0,63807000000.0,63807000000.0,0.0,16211000000.0,,8.358,174445000000.0,,,174445000000.0,0.0,2208000000.0,920070000000.0,0.017,0.48,23314000000.0,25522000000.0,0.349,25522000000.0,23314000000.0,23314000000.0,2.85,2.82,2.85,140241000000.0,136970250000.0,140241000000.0,221209364296.0,9.0,8.667,13665000000.0,2.589,1.0,73049000000.0,1.0,25115000000.0,0.0,1399390000000.0,1346906000000.0,0.0,1101789000000.0,,,1172180000000.0,,,145338364296.0,3396000000.0,-353000000.0,-1120000000.0,-45099000000.0,-3381000000.0,24775000000.0,-35044000000.0,-48261000000.0,13665000000.0,0.0,15869000000.0,15025000000.0,15025000000.0,0.0,342000000.0,0.206,49393000000.0,23656000000.0,0.0,0.168,1.036,9.673,9.67,9531000000.0,844000000.0,27.56,1.99,1.991,0.0,64385000000.0,73049000000.0,73049000000.0,0.0,0.012,0.11,0.017,0.319,1409000000.0,32961000000.0,1.0,5273525555.0,5278100000.0,5323400000.0,13.84,1288752000000.0,0.0,7445000000.0,0.0,244.17,
10,WFC,MRY,2010-12-31,2010-12-31,2010-12-31,2021-09-08,4738000000.0,1258128000000.0,1232101000000.0,,,0.056,24.185,0.0,96681000000.0,96681000000.0,0.0,12663000000.0,,8.941,212384000000.0,,,212384000000.0,0.0,1924000000.0,847942000000.0,0.006,0.2,18700000000.0,20624000000.0,0.297,20624000000.0,18700000000.0,18700000000.0,2.23,2.21,2.23,126408000000.0,121495000000.0,126408000000.0,303966937377.0,16.0,14.739,18772000000.0,3.591,1.0,69457000000.0,1.0,24770000000.0,0.0,1349061000000.0,1350171000000.0,0.0,1012785000000.0,,,1130239000000.0,,,162658937377.0,-11036000000.0,-36000000.0,1284000000.0,-48520000000.0,-1782000000.0,-26133000000.0,-3675000000.0,-11883000000.0,18772000000.0,0.0,12362000000.0,11632000000.0,11632000000.0,0.0,301000000.0,0.167,50456000000.0,19001000000.0,0.0,0.09,1.287,13.984,13.897,9644000000.0,730000000.0,30.99,2.342,2.332,0.0,51918000000.0,69457000000.0,69457000000.0,0.0,0.009,0.096,0.014,0.269,1134000000.0,32878000000.0,1.0,5248755643.0,5226800000.0,5263100000.0,13.289,1233358000000.0,0.0,6338000000.0,0.0,235.968,
11,WFC,MRY,2009-12-31,2009-12-31,2009-12-31,2021-09-08,3009000000.0,1243646000000.0,1260584500000.0,,,0.053,24.594,0.0,67965000000.0,67965000000.0,0.0,12667000000.0,,10.102,242827000000.0,,,242827000000.0,0.0,2841000000.0,824018000000.0,0.018,0.49,17606000000.0,20447000000.0,0.305,20447000000.0,17606000000.0,17606000000.0,1.76,1.75,1.76,111786000000.0,112213500000.0,111786000000.0,336817866240.0,19.0,16.473,28613000000.0,6.295,1.0,67018000000.0,1.0,24812000000.0,0.0,1393696000000.0,1465118500000.0,0.0,1019949000000.0,,,1129287000000.0,,,126449866240.0,3317000000.0,-138000000.0,21756000000.0,-126972000000.0,-4303000000.0,-97081000000.0,71785000000.0,64608000000.0,28613000000.0,0.0,12275000000.0,7990000000.0,7990000000.0,0.0,392000000.0,0.119,49020000000.0,17998000000.0,0.0,0.278,1.131,15.826,15.335,10736000000.0,4285000000.0,26.99,1.887,1.83,0.0,41563000000.0,67018000000.0,67018000000.0,0.0,0.006,0.071,0.012,0.263,227000000.0,32100000000.0,1.0,4685063588.0,4545200000.0,4562700000.0,14.745,1218834000000.0,0.0,5331000000.0,0.0,268.158,
12,WFC,MRY,2008-12-31,2008-12-31,2008-12-31,2021-09-08,-6869000000.0,1309639000000.0,784073750000.0,,,0.033,29.331,0.0,73196000000.0,73196000000.0,0.0,2698000000.0,,12.185,375232000000.0,,,375232000000.0,0.0,1669000000.0,781402000000.0,0.044,1.3,3257000000.0,4926000000.0,0.19,4926000000.0,3257000000.0,3257000000.0,0.7,0.7,0.7,99084000000.0,60541000000.0,99084000000.0,269611197719.0,83.0,54.732,-4788000000.0,-1.417,1.0,25898000000.0,1.0,22627000000.0,0.0,1589048000000.0,964909500000.0,0.0,1092746000000.0,,,1207323000000.0,,,98028197719.0,9006000000.0,11203000000.0,12548000000.0,-9046000000.0,-4312000000.0,31955000000.0,-18161000000.0,-25544000000.0,-4788000000.0,0.0,2655000000.0,2369000000.0,2369000000.0,0.0,43000000.0,0.091,22598000000.0,3300000000.0,0.0,1.857,0.989,41.38,42.114,11269000000.0,286000000.0,29.48,3.785,3.845,0.0,36543000000.0,25898000000.0,25898000000.0,0.0,0.003,0.039,0.003,0.126,56000000.0,15916000000.0,1.0,3325244156.0,3378100000.0,3391300000.0,7.666,1287012000000.0,0.0,602000000.0,0.0,380.987,
13,WFC,MRY,2007-12-31,2007-12-31,2007-12-31,2021-09-08,725000000.0,575442000000.0,537483750000.0,,,0.064,14.224,0.0,17511000000.0,17511000000.0,0.0,8265000000.0,,11.082,152648000000.0,,,152648000000.0,0.0,1532000000.0,344460000000.0,0.039,1.18,11627000000.0,13159000000.0,0.381,13159000000.0,11627000000.0,11627000000.0,2.41,2.38,2.41,47628000000.0,47126500000.0,47628000000.0,221843566819.0,19.0,16.859,9286000000.0,2.773,1.0,34581000000.0,1.0,13106000000.0,0.0,697473000000.0,640102750000.0,0.0,502558000000.0,,,527814000000.0,,,101268566819.0,-271000000.0,-2811000000.0,-5542000000.0,50937000000.0,-3955000000.0,67790000000.0,-77347000000.0,-71810000000.0,9286000000.0,0.0,8057000000.0,8057000000.0,8057000000.0,0.0,208000000.0,0.233,22746000000.0,11835000000.0,0.0,0.49,2.126,12.569,12.527,5122000000.0,0.0,30.19,2.928,2.923,0.0,38970000000.0,34581000000.0,34581000000.0,0.0,0.015,0.171,0.018,0.336,-67000000.0,16207000000.0,1.0,3354374522.0,3348500000.0,3382800000.0,10.327,562336000000.0,0.0,3570000000.0,0.0,167.937,
14,WFC,MRY,2006-12-31,2006-12-31,2006-12-31,2021-09-08,302000000.0,481996000000.0,489345250000.0,,,0.068,13.602,0.0,21106000000.0,21106000000.0,0.0,8420000000.0,,9.521,99974000000.0,,,99974000000.0,0.0,3221000000.0,310243000000.0,0.03,1.08,12650000000.0,15871000000.0,0.474,15871000000.0,12650000000.0,12650000000.0,2.5,2.47,2.5,45814000000.0,43632750000.0,45814000000.0,201270306830.0,16.0,12.682,27976000000.0,8.306,1.0,33487000000.0,1.0,11275000000.0,0.0,549589000000.0,559618500000.0,0.0,415374000000.0,,,436182000000.0,,,120049306830.0,-369000000.0,-626000000.0,-201000000.0,-3510000000.0,-3641000000.0,-11763000000.0,-16582000000.0,-13871000000.0,27976000000.0,0.0,8420000000.0,8420000000.0,8420000000.0,0.0,0.0,0.251,20207000000.0,13280000000.0,0.0,0.432,2.62,14.258,14.224,4698000000.0,0.0,35.56,3.585,3.577,0.0,35215000000.0,33487000000.0,33487000000.0,0.0,0.017,0.193,0.023,0.378,-93000000.0,14584000000.0,1.0,3375964759.0,3368300000.0,3410100000.0,9.942,470721000000.0,0.0,4230000000.0,0.0,139.75,
15,WFC,MRY,2005-12-31,2005-12-31,2005-12-31,2021-09-08,665000000.0,481741000000.0,451464750000.0,,,0.068,12.056,0.0,20703000000.0,20703000000.0,0.0,7671000000.0,,10.848,103560000000.0,,,103560000000.0,0.0,4161000000.0,314450000000.0,0.032,1.0,11548000000.0,15709000000.0,0.514,15709000000.0,11548000000.0,11548000000.0,2.27,2.25,2.27,40660000000.0,39562500000.0,40660000000.0,187110100510.0,16.0,11.911,-11985000000.0,-3.554,1.0,30566000000.0,1.0,10787000000.0,0.0,553811000000.0,523036000000.0,0.0,413362000000.0,,,441081000000.0,,,105067100510.0,2494000000.0,66000000.0,-1792000000.0,9775000000.0,-3375000000.0,41896000000.0,-27417000000.0,-24603000000.0,-11985000000.0,0.0,7671000000.0,7671000000.0,7671000000.0,0.0,0.0,0.251,18383000000.0,12183000000.0,0.0,0.441,2.584,13.697,13.839,4417000000.0,0.0,31.415,3.437,3.466,0.0,30580000000.0,30566000000.0,30566000000.0,0.0,0.017,0.194,0.022,0.378,0.0,10768000000.0,1.0,3344488318.0,3372500000.0,3410900000.0,9.063,470954000000.0,0.0,3877000000.0,0.0,139.645,
16,WFC,MRY,2004-12-31,2004-12-31,2004-12-31,2021-09-08,950000000.0,427849000000.0,416764250000.0,,,0.068,11.188,0.0,17923000000.0,17923000000.0,0.0,7014000000.0,,10.299,95542000000.0,,,95542000000.0,0.0,3449000000.0,274858000000.0,0.03,0.93,10769000000.0,14218000000.0,0.502,14218000000.0,10769000000.0,10769000000.0,2.07,2.05,2.07,37866000000.0,36366500000.0,37866000000.0,187498682651.0,17.0,13.187,6485000000.0,1.916,1.0,28342000000.0,1.0,10681000000.0,0.0,494787000000.0,483606250000.0,0.0,372904000000.0,,,389983000000.0,,,105149682651.0,-2644000000.0,-331000000.0,-917000000.0,7058000000.0,-3150000000.0,30305000000.0,-39434000000.0,-39006000000.0,6485000000.0,0.0,7014000000.0,7014000000.0,7014000000.0,0.0,0.0,0.247,16940000000.0,11402000000.0,0.0,0.449,2.777,14.991,15.012,3850000000.0,0.0,31.075,3.71,3.711,0.0,26482000000.0,28342000000.0,28342000000.0,0.0,0.017,0.193,0.022,0.38,0.0,9561000000.0,1.0,3383738782.0,3384400000.0,3426700000.0,8.374,417168000000.0,0.0,3755000000.0,0.0,123.262,
17,WFC,MRY,2003-12-31,2003-12-31,2003-12-31,2021-09-08,938000000.0,387798000000.0,379434500000.0,,,0.07,10.252,0.0,19280000000.0,19280000000.0,0.0,6202000000.0,,10.251,88301000000.0,,,88301000000.0,0.0,4305000000.0,247527000000.0,0.025,0.75,9477000000.0,13782000000.0,0.517,13782000000.0,9477000000.0,9477000000.0,1.845,1.825,1.845,34469000000.0,32442500000.0,34469000000.0,172386597586.0,18.0,12.508,31195000000.0,9.278,1.0,26667000000.0,1.0,10371000000.0,0.0,446448000000.0,439117000000.0,0.0,334484000000.0,,,353329000000.0,,,99643597586.0,-2273000000.0,-822000000.0,-538000000.0,3358000000.0,-2530000000.0,29511000000.0,-62979000000.0,-66273000000.0,31195000000.0,0.0,6202000000.0,6202000000.0,6202000000.0,0.0,0.0,0.233,16488000000.0,10179000000.0,0.0,0.407,2.891,16.066,15.959,3534000000.0,0.0,29.445,3.737,3.712,0.0,22842000000.0,26667000000.0,26667000000.0,0.0,0.016,0.191,0.022,0.355,0.0,8815000000.0,1.0,3384058332.0,3362200000.0,3395000000.0,7.931,377427000000.0,0.0,3275000000.0,0.0,112.256,
18,WFC,MRY,2002-12-31,2002-12-31,2002-12-31,2021-09-08,976000000.0,349197000000.0,327388750000.0,,,0.072,8.912,0.0,17820000000.0,17820000000.0,0.0,5434000000.0,,10.517,83651000000.0,,,83651000000.0,0.0,4297000000.0,216916000000.0,0.023,0.55,8578000000.0,12875000000.0,0.546,12875000000.0,8578000000.0,8578000000.0,1.675,1.66,1.675,30319000000.0,29529750000.0,30319000000.0,142564859740.0,17.0,11.073,-15458000000.0,-4.544,1.0,23565000000.0,1.0,9753000000.0,0.0,405275000000.0,380618750000.0,0.0,282088000000.0,,,318878000000.0,,,79298859740.0,852000000.0,-494000000.0,-1455000000.0,6035000000.0,-1877000000.0,27785000000.0,-11475000000.0,-12082000000.0,-15458000000.0,0.0,5434000000.0,5434000000.0,5434000000.0,0.0,0.0,0.231,13909000000.0,9656000000.0,0.0,0.328,2.615,14.593,13.991,3688000000.0,0.0,23.435,3.365,3.383,0.0,19355000000.0,23565000000.0,23565000000.0,0.0,0.017,0.184,0.023,0.364,0.0,7782000000.0,1.0,3383778952.0,3402200000.0,3436000000.0,6.926,339444000000.0,0.0,3144000000.0,0.0,99.772,
19,WFC,MRY,2001-12-31,2001-12-31,2001-12-31,2021-09-08,752000000.0,307506000000.0,293758500000.0,,,0.066,7.948,0.0,16968000000.0,16968000000.0,0.0,3411000000.0,,10.316,76312000000.0,,,76312000000.0,0.0,3864000000.0,187266000000.0,0.023,0.5,5446000000.0,9310000000.0,0.484,9310000000.0,5446000000.0,5446000000.0,0.995,0.985,0.995,27175000000.0,27105750000.0,27175000000.0,134461703193.0,25.0,14.443,-10112000000.0,-2.958,1.0,19254000000.0,1.0,10540000000.0,0.0,356310000000.0,338546750000.0,0.0,247608000000.0,,,280331000000.0,,,73690703193.0,-10000000.0,732000000.0,-1276000000.0,14326000000.0,-1724000000.0,28849000000.0,-18747000000.0,-18933000000.0,-10112000000.0,0.0,3397000000.0,3397000000.0,3397000000.0,0.0,14000000.0,0.176,12891000000.0,6363000000.0,0.0,0.503,2.712,21.693,21.844,3549000000.0,0.0,21.735,3.827,3.86,0.0,15966000000.0,19254000000.0,19254000000.0,0.0,0.012,0.125,0.016,0.283,0.0,6871000000.0,1.0,3390416526.0,3419000000.0,3453800000.0,5.631,296966000000.0,0.0,2049000000.0,0.0,86.858,
20,WFC,MRY,2000-12-31,2000-12-31,2000-12-31,2021-09-08,524000000.0,272426000000.0,258984250000.0,,,0.075,7.793,0.0,16978000000.0,16978000000.0,0.0,4012000000.0,,9.285,61970000000.0,,,61970000000.0,0.0,2849000000.0,169559000000.0,0.016,0.45,6509000000.0,9358000000.0,0.482,9358000000.0,6509000000.0,6509000000.0,1.175,1.16,1.175,26488000000.0,25875250000.0,26488000000.0,133647199920.0,21.0,14.282,6837000000.0,2.011,1.0,19415000000.0,1.0,10486000000.0,0.0,306932000000.0,292175500000.0,0.0,219618000000.0,,,245938000000.0,,,95185199920.0,2860000000.0,482000000.0,-2816000000.0,2184000000.0,-1586000000.0,18059000000.0,-22036000000.0,-16915000000.0,6837000000.0,0.0,3995000000.0,3995000000.0,3995000000.0,0.0,17000000.0,0.206,11830000000.0,7585000000.0,0.0,0.383,3.594,23.826,23.698,3415000000.0,0.0,27.845,4.903,4.875,0.0,14541000000.0,19415000000.0,19415000000.0,0.0,0.015,0.154,0.022,0.335,0.0,6542000000.0,1.0,3418394682.0,3399000000.0,3436800000.0,5.712,261940000000.0,0.0,2514000000.0,0.0,77.064,
21,WFC,MRY,1999-12-31,1999-12-31,1999-12-31,2021-09-08,760000000.0,241053000000.0,213741000000.0,,,0.079,6.964,0.0,14118000000.0,14118000000.0,0.0,4012000000.0,,9.098,59528000000.0,,,59528000000.0,0.0,1971000000.0,145918000000.0,0.019,0.393,6315000000.0,8286000000.0,0.488,8286000000.0,6315000000.0,6315000000.0,1.16,1.145,1.16,23871000000.0,22176000000.0,23871000000.0,99347409840.0,16.0,11.99,16275000000.0,4.748,1.0,16987000000.0,1.0,9345000000.0,0.0,277118000000.0,238368500000.0,0.0,197666000000.0,,,217182000000.0,,,66414409840.0,466000000.0,-800000000.0,-1613000000.0,16256000000.0,-1436000000.0,8114000000.0,-23923000000.0,-20991000000.0,16275000000.0,0.0,3977000000.0,3977000000.0,3977000000.0,0.0,35000000.0,0.234,10637000000.0,6350000000.0,0.0,0.339,2.782,16.7,17.431,3372000000.0,0.0,20.22,3.91,4.08,0.0,12565000000.0,16987000000.0,16987000000.0,0.0,0.019,0.179,0.026,0.372,0.0,5949000000.0,1.0,3284590002.0,3428000000.0,3470800000.0,4.955,231708000000.0,0.0,2338000000.0,0.0,67.593,
22,WFC,MRY,1998-12-31,1998-12-31,1998-12-31,2021-09-08,463000000.0,202475000000.0,193818750000.0,,,0.077,6.149,0.0,12731000000.0,12731000000.0,0.0,2191000000.0,,8.754,36391000000.0,,,36391000000.0,0.0,2231000000.0,136788000000.0,0.018,0.35,3630000000.0,5861000000.0,0.391,5861000000.0,3630000000.0,3630000000.0,0.64,0.63,0.64,20759000000.0,20311750000.0,20759000000.0,55708883760.0,15.0,9.505,-4236000000.0,-1.255,1.0,14976000000.0,1.0,9174000000.0,0.0,216961000000.0,206817500000.0,0.0,166546000000.0,,,181716000000.0,,,30711383760.0,-534000000.0,262000000.0,-143000000.0,6806000000.0,-1113000000.0,14449000000.0,-10747000000.0,-8332000000.0,-4236000000.0,0.0,2156000000.0,2156000000.0,2156000000.0,0.0,35000000.0,0.144,11311000000.0,3665000000.0,0.0,0.547,1.479,14.245,31.203,3130000000.0,0.0,19.97,2.051,4.502,0.0,9045000000.0,14976000000.0,14976000000.0,0.0,0.011,0.106,0.018,0.242,0.0,5905000000.0,1.0,1537876002.0,3376200000.0,3421200000.0,4.436,193301000000.0,0.0,1474000000.0,0.0,57.254,
23,WFC,MRY,1997-12-31,1997-12-31,1997-12-31,2021-09-08,464000000.0,185685000000.0,109593450000.0,,,0.12,6.05,0.0,13081000000.0,13081000000.0,0.0,2499000000.0,,8.388,32015000000.0,,,32015000000.0,0.0,1734000000.0,127656000000.0,0.016,0.307,4150000000.0,5884000000.0,0.446,5884000000.0,4150000000.0,4150000000.0,0.75,0.74,0.75,19778000000.0,9823825000.0,19778000000.0,46383681282.0,11.0,7.883,2479000000.0,0.758,1.0,13183000000.0,1.0,9799000000.0,0.0,194820000000.0,124229600000.0,0.0,149418000000.0,,,165907000000.0,,,29268481282.0,-3512000000.0,-51000000.0,-1933000000.0,1596000000.0,-968000000.0,-10115000000.0,4124000000.0,4118000000.0,2479000000.0,0.0,2456000000.0,2456000000.0,2456000000.0,0.0,43000000.0,0.186,8990000000.0,4193000000.0,0.0,0.409,1.48,11.917,25.833,3311000000.0,0.0,19.375,2.22,4.805,0.0,8292000000.0,13183000000.0,13183000000.0,0.0,0.022,0.25,0.033,0.315,0.0,4869000000.0,1.0,1510631292.0,3269200000.0,3315600000.0,4.032,175886000000.0,0.0,1694000000.0,0.0,53.801,
24,WFC,MRY,1996-12-31,1996-12-31,1996-12-31,2021-09-08,297100000.0,80175400000.0,76154900000.0,,,0.164,1.952,0.0,7371300000.0,7371300000.0,0.0,2228000000.0,,12.221,20654800000.0,,,20654800000.0,0.0,1458000000.0,50130200000.0,0.024,0.263,3682000000.0,5140000000.0,0.411,5140000000.0,3682000000.0,3682000000.0,0.69,0.68,0.69,6064200000.0,5688150000.0,6064200000.0,,,,4145000000.0,1.334,1.0,12491000000.0,1.0,0.0,0.0,93458900000.0,91425400000.0,0.0,67301100000.0,,,74111200000.0,,,16253483768.0,8898000000.0,3567000000.0,-2314000000.0,-710000000.0,-900000000.0,-5965000000.0,10718000000.0,7880000000.0,4145000000.0,0.0,2143000000.0,2143000000.0,2143000000.0,0.0,85000000.0,0.172,8724000000.0,3767000000.0,0.0,0.381,2.68,7.584,15.761,1200900000.0,0.0,10.875,1.301,2.705,0.0,4248200000.0,12491000000.0,12491000000.0,0.0,0.028,0.377,0.04,0.295,0.0,5036000000.0,1.0,1494573220.0,3106600000.0,3141000000.0,4.021,80175400000.0,0.0,1539000000.0,0.0,25.808,
25,WFC,MRY,1995-12-31,1995-12-31,1995-12-31,2021-09-08,321300000.0,72134400000.0,,,,,4.004,-157600000.0,4946500000.0,4946500000.0,0.0,956000000.0,,12.579,22204000000.0,,,22204000000.0,0.0,311800000.0,42028800000.0,0.027,0.225,1422800000.0,1734600000.0,0.361,1734600000.0,1422800000.0,1422800000.0,0.695,0.68,0.695,5312100000.0,,5312100000.0,,,,-3699600000.0,-2.788,1.0,4805100000.0,1.0,0.0,0.0,89391900000.0,,0.0,62475100000.0,,,66822300000.0,,,,922200000.0,-99000000.0,-168400000.0,2930300000.0,-337800000.0,3932400000.0,531800000.0,788400000.0,-3542000000.0,0.0,956000000.0,956000000.0,956000000.0,0.0,0.0,0.199,3382300000.0,1422800000.0,0.0,0.324,,,11.871,1034100000.0,0.0,8.25,,2.278,0.0,3496300000.0,4805100000.0,4805100000.0,0.0,,,,0.296,0.0,2307900000.0,1.0,,1326800000.0,1326800000.0,3.622,72134400000.0,0.0,466800000.0,0.0,54.367,
26,WFC,MRY,1994-12-31,1994-12-31,1994-12-31,2021-09-08,,,,,,,,-134200000.0,,,0.0,800400000.0,,,,,,,,232200000.0,,0.033,0.191,1180600000.0,1412800000.0,0.33,1412800000.0,1180600000.0,1180600000.0,0.613,0.603,0.613,,,,,,,2773600000.0,2.201,1.0,4277000000.0,1.0,,0.0,,,,,,,,,,,416300000.0,69700000.0,-432300000.0,3975400000.0,-268000000.0,2193200000.0,-4684700000.0,-4620200000.0,2907800000.0,0.0,800400000.0,800400000.0,800400000.0,0.0,0.0,0.187,3096400000.0,1180600000.0,,0.312,,,9.535,,0.0,5.845,,1.722,,,4277000000.0,4277000000.0,0.0,,,,0.276,0.0,2104900000.0,1.0,,1260400000.0,1260400000.0,3.393,,,380200000.0,,,
0,WFC,MRQ,2021-06-30,2021-06-30,2021-06-30,2021-09-08,-564000000.0,1945996000000.0,,,,,46.371,0.0,274173000000.0,274173000000.0,0.0,6744000000.0,,9.165,225291000000.0,,,225291000000.0,0.0,1936000000.0,1440472000000.0,0.009,0.1,7485000000.0,9421000000.0,0.465,9421000000.0,7485000000.0,7485000000.0,1.39,1.38,1.39,191262000000.0,,191262000000.0,142708453280.0,8.0,5.25,-8062000000.0,-1.955,1.0,20270000000.0,1.0,26194000000.0,0.0,1870920000000.0,,0.0,1564431000000.0,,,1752869000000.0,,,187209453280.0,-12560000000.0,0.0,-1517000000.0,-20404000000.0,-765000000.0,-19774000000.0,15276000000.0,13988000000.0,-8062000000.0,0.0,6040000000.0,5743000000.0,5743000000.0,0.0,704000000.0,0.283,13341000000.0,6929000000.0,0.0,0.072,0.979,12.94,12.903,8745000000.0,297000000.0,45.29,2.112,2.107,0.0,171765000000.0,20270000000.0,20270000000.0,0.0,,,,,546000000.0,11950000000.0,1.0,4133571501.0,4124600000.0,4156100000.0,4.914,1919802000000.0,0.0,1445000000.0,0.0,465.452,
1,WFC,MRQ,2021-03-31,2021-03-31,2021-03-31,2021-09-08,-1250000000.0,1959543000000.0,,,,,45.208,0.0,286733000000.0,286733000000.0,0.0,4796000000.0,,9.461,242232000000.0,,,242232000000.0,0.0,2237000000.0,1437119000000.0,0.021,0.1,5068000000.0,7305000000.0,0.404,7305000000.0,5068000000.0,5068000000.0,1.05,1.05,1.05,187218000000.0,,187218000000.0,168856547870.0,34.0,12.146,-3470000000.0,-0.838,1.0,18063000000.0,1.0,26290000000.0,0.0,1888752000000.0,,0.0,1559648000000.0,,,1771195000000.0,,,161519547870.0,22121000000.0,0.0,-530000000.0,-21645000000.0,-659000000.0,10063000000.0,15528000000.0,15388000000.0,-3470000000.0,0.0,4742000000.0,4363000000.0,4363000000.0,0.0,54000000.0,0.242,13989000000.0,4074000000.0,0.0,0.095,0.863,35.382,35.198,8760000000.0,379000000.0,39.07,1.864,1.867,0.0,166772000000.0,18063000000.0,18063000000.0,0.0,,,,,929000000.0,12650000000.0,1.0,4134106677.0,4141300000.0,4171000000.0,4.362,1933253000000.0,0.0,326000000.0,0.0,466.823,
2,WFC,MRQ,2020-12-31,2020-12-31,2020-12-31,2021-09-08,194000000.0,1952911000000.0,,,,,44.632,0.0,264612000000.0,264612000000.0,0.0,3194000000.0,,9.569,271949000000.0,,,271949000000.0,0.0,2292000000.0,1404381000000.0,0.04,0.1,3100000000.0,5392000000.0,0.167,5392000000.0,3100000000.0,3100000000.0,0.65,0.64,0.65,184680000000.0,,184680000000.0,148943895253.0,503.0,16.491,-22765000000.0,-5.502,1.0,32233000000.0,1.0,26392000000.0,0.0,1933856000000.0,,0.0,1565675000000.0,,,1767199000000.0,,,124778895253.0,17842000000.0,0.0,55000000.0,-186000000.0,-778000000.0,20095000000.0,20512000000.0,20472000000.0,-22765000000.0,0.0,2992000000.0,2642000000.0,2642000000.0,0.0,202000000.0,0.082,14802000000.0,17431000000.0,0.0,0.154,0.676,72.97,71.857,8895000000.0,350000000.0,30.18,1.725,1.718,0.0,162683000000.0,32233000000.0,32233000000.0,0.0,,,,,429000000.0,12414000000.0,1.0,4134489571.0,4137800000.0,4202600000.0,7.79,1926519000000.0,0.0,108000000.0,0.0,465.59,
3,WFC,MRQ,2020-09-30,2020-09-30,2020-09-30,2021-09-08,-750000000.0,1922220000000.0,,,,,43.934,0.0,246770000000.0,246770000000.0,0.0,2219000000.0,,9.605,270935000000.0,,,270935000000.0,0.0,2382000000.0,1383215000000.0,0.069,0.1,2680000000.0,5062000000.0,0.28,5062000000.0,2680000000.0,2680000000.0,0.42,0.42,0.42,181173000000.0,,181173000000.0,125765307439.0,105.0,13.14,-8576000000.0,-2.08,1.0,18093000000.0,1.0,26387000000.0,0.0,1919998000000.0,,0.0,1547557000000.0,,,1740188000000.0,,,96862307439.0,-15733000000.0,0.0,56000000.0,-21601000000.0,-655000000.0,-49815000000.0,42658000000.0,42636000000.0,-8576000000.0,0.0,2035000000.0,1720000000.0,1720000000.0,0.0,184000000.0,0.095,15229000000.0,2864000000.0,0.0,0.238,0.535,654.475,470.2,8977000000.0,315000000.0,23.51,1.275,1.276,0.0,160913000000.0,18093000000.0,18093000000.0,0.0,,,,,384000000.0,12170000000.0,1.0,4120047105.0,4123800000.0,4132200000.0,4.387,1895833000000.0,0.0,645000000.0,0.0,459.73,
4,WFC,MRQ,2020-06-30,2020-06-30,2020-06-30,2021-09-08,-798000000.0,1968766000000.0,,,,,43.694,0.0,262503000000.0,262503000000.0,0.0,-3798000000.0,,9.971,291406000000.0,,,291406000000.0,0.0,1990000000.0,1410711000000.0,0.08,0.51,-5847000000.0,-3857000000.0,-0.211,-3857000000.0,-5847000000.0,-5847000000.0,-1.01,-1.01,-1.01,179386000000.0,,179386000000.0,283781937152.0,64.0,23.141,16119000000.0,3.926,1.0,18286000000.0,1.0,26385000000.0,0.0,1971284000000.0,,0.0,1578423000000.0,,,1788644000000.0,,,104959937152.0,111694000000.0,0.0,243000000.0,-40046000000.0,-2397000000.0,-8112000000.0,103687000000.0,103556000000.0,16119000000.0,0.0,-3846000000.0,-4160000000.0,-4160000000.0,0.0,48000000.0,-0.227,14551000000.0,3735000000.0,0.0,-0.505,0.585,42.58,45.714,9025000000.0,314000000.0,25.6,1.325,1.327,0.0,159952000000.0,18286000000.0,18286000000.0,0.0,,,,,371000000.0,12272000000.0,1.0,4099997545.0,4105500000.0,4105500000.0,4.454,1942381000000.0,0.0,-2001000000.0,0.0,473.117,
5,WFC,MRQ,2020-03-31,2020-03-31,2020-03-31,2021-09-08,-1564000000.0,1981349000000.0,,,,,44.513,0.0,150809000000.0,150809000000.0,0.0,505000000.0,,9.84,329631000000.0,,,329631000000.0,0.0,1868000000.0,1376532000000.0,0.069,0.51,812000000.0,2680000000.0,0.151,2680000000.0,812000000.0,812000000.0,0.01,0.01,0.01,182718000000.0,,182718000000.0,309119763386.0,17.0,12.232,17273000000.0,4.208,1.0,17717000000.0,1.0,26381000000.0,0.0,2133790000000.0,,0.0,1690762000000.0,,,1798019000000.0,,,117666763386.0,9559000000.0,0.0,-3198000000.0,-10891000000.0,-2312000000.0,36589000000.0,-44303000000.0,-44894000000.0,17273000000.0,0.0,653000000.0,42000000.0,42000000.0,0.0,-148000000.0,0.002,13048000000.0,4669000000.0,0.0,51.0,0.644,9.434,9.965,9108000000.0,611000000.0,28.7,1.435,1.436,0.0,165308000000.0,17717000000.0,17717000000.0,0.0,,,,,582000000.0,11623000000.0,1.0,4099887226.0,4104800000.0,4135300000.0,4.316,1954968000000.0,0.0,159000000.0,0.0,476.264,
6,WFC,MRQ,2019-12-31,2019-12-31,2019-12-31,2021-09-08,-1311000000.0,1927555000000.0,,,,,44.611,0.0,141250000000.0,141250000000.0,0.0,2924000000.0,,9.295,332703000000.0,,,332703000000.0,0.0,2135000000.0,1322626000000.0,0.036,0.51,3551000000.0,5686000000.0,0.26,5686000000.0,3551000000.0,3551000000.0,0.63,0.62,0.63,187146000000.0,,187146000000.0,433367525121.0,18.0,14.079,12423000000.0,2.961,1.0,21903000000.0,1.0,26390000000.0,0.0,2092618000000.0,,0.0,1671689000000.0,,,1739571000000.0,,,227539525121.0,-7481000000.0,0.0,-7343000000.0,-21291000000.0,-2466000000.0,-17378000000.0,-2526000000.0,-3146000000.0,12423000000.0,0.0,2873000000.0,2546000000.0,2546000000.0,0.0,51000000.0,0.116,15614000000.0,6289000000.0,0.0,0.81,1.216,12.685,13.186,9309000000.0,327000000.0,53.8,2.675,2.779,0.0,166697000000.0,21903000000.0,21903000000.0,0.0,,,,,389000000.0,12537000000.0,1.0,4229359203.0,4195100000.0,4233100000.0,5.221,1901165000000.0,0.0,678000000.0,0.0,453.187,
7,WFC,MRQ,2019-09-30,2019-09-30,2019-09-30,2021-09-08,-1639000000.0,1943950000000.0,,,,,44.351,0.0,148731000000.0,148731000000.0,0.0,4812000000.0,,9.051,354559000000.0,,,354559000000.0,0.0,1840000000.0,1308495000000.0,0.036,0.51,5914000000.0,7754000000.0,0.364,7754000000.0,5914000000.0,5914000000.0,0.93,0.92,0.93,193304000000.0,,193304000000.0,414637038190.0,15.0,12.379,-12975000000.0,-2.977,1.0,21315000000.0,1.0,26388000000.0,0.0,2123390000000.0,,0.0,1658720000000.0,,,1749534000000.0,,,222244038190.0,-15696000000.0,0.0,-7334000000.0,-3890000000.0,-2458000000.0,4660000000.0,-7381000000.0,-8975000000.0,-12975000000.0,0.0,4610000000.0,4037000000.0,4037000000.0,0.0,202000000.0,0.189,15199000000.0,6116000000.0,0.0,0.548,1.15,10.531,10.801,9315000000.0,573000000.0,50.44,2.604,2.575,0.0,166320000000.0,21315000000.0,21315000000.0,0.0,,,,,497000000.0,12188000000.0,1.0,4406107022.0,4358500000.0,4389600000.0,4.89,1917562000000.0,0.0,1304000000.0,0.0,439.959,
8,WFC,MRQ,2019-06-30,2019-06-30,2019-06-30,2021-09-08,-2224000000.0,1923388000000.0,,,,,44.534,0.0,164427000000.0,164427000000.0,0.0,6338000000.0,,8.658,356820000000.0,,,356820000000.0,0.0,1651000000.0,1288426000000.0,0.037,0.45,7500000000.0,9151000000.0,0.434,9151000000.0,7500000000.0,7500000000.0,1.31,1.3,1.31,199042000000.0,,199042000000.0,406640305176.0,14.0,11.736,-669000000.0,-0.15,1.0,21081000000.0,1.0,26415000000.0,0.0,2089366000000.0,,0.0,1634657000000.0,,,1723351000000.0,,,212672305176.0,15459000000.0,0.0,-4837000000.0,10041000000.0,-2374000000.0,26826000000.0,-10698000000.0,-11251000000.0,-669000000.0,0.0,6206000000.0,5848000000.0,5848000000.0,0.0,132000000.0,0.277,13449000000.0,7632000000.0,0.0,0.344,1.068,9.444,9.697,9435000000.0,358000000.0,47.32,2.49,2.476,0.0,164551000000.0,21081000000.0,21081000000.0,0.0,,,,,486000000.0,9193000000.0,1.0,4494342882.0,4469400000.0,4495000000.0,4.717,1896973000000.0,0.0,1294000000.0,0.0,424.436,
9,WFC,MRQ,2019-03-31,2019-03-31,2019-03-31,2021-09-08,-3682000000.0,1887792000000.0,,,,,43.465,0.0,148968000000.0,148968000000.0,0.0,5967000000.0,,8.538,342936000000.0,,,342936000000.0,0.0,1449000000.0,1264013000000.0,0.035,0.45,6741000000.0,8190000000.0,0.394,8190000000.0,6741000000.0,6741000000.0,1.21,1.2,1.21,197832000000.0,,197832000000.0,381372062101.0,13.0,11.251,7951000000.0,1.747,1.0,20764000000.0,1.0,26420000000.0,0.0,2055340000000.0,,0.0,1607576000000.0,,,1689059000000.0,,,219828062101.0,-24319000000.0,0.0,-4639000000.0,6250000000.0,-2291000000.0,-23244000000.0,-9026000000.0,-10390000000.0,7951000000.0,0.0,5860000000.0,5507000000.0,5507000000.0,0.0,107000000.0,0.265,13916000000.0,6848000000.0,0.0,0.372,1.111,10.242,10.62,8825000000.0,353000000.0,48.32,2.573,2.574,0.0,160776000000.0,20764000000.0,20764000000.0,0.0,,,,,902000000.0,9925000000.0,1.0,4549421815.0,4551500000.0,4584000000.0,4.562,1861372000000.0,0.0,881000000.0,0.0,408.958,
10,WFC,MRQ,2018-12-31,2018-12-31,2018-12-31,2021-09-08,-6336000000.0,1895883000000.0,,,,,42.056,0.0,173287000000.0,173287000000.0,0.0,6154000000.0,,8.66,334831000000.0,,,334831000000.0,0.0,1371000000.0,1286170000000.0,0.036,0.43,7030000000.0,8401000000.0,0.378,8401000000.0,7030000000.0,7030000000.0,1.22,1.21,1.22,196166000000.0,,196166000000.0,384160811261.0,14.0,11.417,15034000000.0,3.223,1.0,22203000000.0,1.0,26418000000.0,0.0,2031009000000.0,,0.0,1592759000000.0,,,1698817000000.0,,,216909811261.0,13764000000.0,10000000.0,-7215000000.0,5388000000.0,-2373000000.0,16975000000.0,-18245000000.0,-16970000000.0,15034000000.0,0.0,6064000000.0,5711000000.0,5711000000.0,0.0,90000000.0,0.257,13339000000.0,8864000000.0,0.0,0.352,1.106,10.484,10.691,8920000000.0,353000000.0,46.08,2.51,2.56,0.0,158163000000.0,22203000000.0,22203000000.0,0.0,,,,,396000000.0,17021000000.0,1.0,4707244168.0,4664400000.0,4698600000.0,4.76,1869465000000.0,0.0,966000000.0,0.0,400.794,
11,WFC,MRQ,2018-09-30,2018-09-30,2018-09-30,2021-09-08,-6873000000.0,1872981000000.0,,,,,41.543,0.0,159523000000.0,159523000000.0,0.0,6086000000.0,,8.42,326774000000.0,,,326774000000.0,0.0,1387000000.0,1266594000000.0,0.03,0.43,7519000000.0,8906000000.0,0.417,8906000000.0,7519000000.0,7519000000.0,1.14,1.13,1.14,198741000000.0,,198741000000.0,413467168972.0,16.0,13.181,6658000000.0,1.392,1.0,21361000000.0,1.0,26425000000.0,0.0,2013807000000.0,,0.0,1584003000000.0,,,1673302000000.0,,,253136168972.0,-3926000000.0,-10000000.0,-7280000000.0,3930000000.0,-2347000000.0,-10364000000.0,-220000000.0,-2638000000.0,6658000000.0,0.0,6007000000.0,5453000000.0,5453000000.0,0.0,79000000.0,0.255,13763000000.0,7598000000.0,0.0,0.377,1.274,12.218,12.338,8802000000.0,554000000.0,52.56,2.957,2.937,0.0,154576000000.0,21361000000.0,21361000000.0,0.0,,,,,573000000.0,9617000000.0,1.0,4816137157.0,4784000000.0,4823200000.0,4.465,1846556000000.0,0.0,1512000000.0,0.0,385.986,
12,WFC,MRQ,2018-06-30,2018-06-30,2018-06-30,2021-09-08,-5461000000.0,1879700000000.0,,,,,42.169,0.0,163449000000.0,163449000000.0,0.0,5309000000.0,,8.157,323780000000.0,,,323780000000.0,0.0,1404000000.0,1268864000000.0,0.028,0.39,6996000000.0,8400000000.0,0.398,8400000000.0,6996000000.0,6996000000.0,0.98,0.98,0.98,205188000000.0,,205188000000.0,392266125357.0,16.0,12.861,-849000000.0,-0.174,1.0,21101000000.0,1.0,26429000000.0,0.0,2013602000000.0,,0.0,1584679000000.0,,,1673631000000.0,,,270152125357.0,-38946000000.0,0.0,-2859000000.0,1516000000.0,-2309000000.0,-38647000000.0,550000000.0,-31000000.0,-849000000.0,0.0,5186000000.0,4792000000.0,4792000000.0,0.0,123000000.0,0.227,13982000000.0,7119000000.0,0.0,0.398,1.317,13.928,14.035,8882000000.0,394000000.0,55.44,3.164,3.16,0.0,150803000000.0,21101000000.0,21101000000.0,0.0,,,,,494000000.0,9624000000.0,1.0,4872873834.0,4865800000.0,4899800000.0,4.337,1853271000000.0,0.0,1810000000.0,0.0,380.877,
13,WFC,MRQ,2018-03-31,2018-03-31,2018-03-31,2021-09-08,-4921000000.0,1915388000000.0,,,,,41.949,0.0,202395000000.0,202395000000.0,0.0,5327000000.0,,8.341,324509000000.0,,,324509000000.0,0.0,1431000000.0,1303689000000.0,0.03,0.39,6510000000.0,7941000000.0,0.365,7941000000.0,6510000000.0,6510000000.0,0.97,0.96,0.97,204952000000.0,,204952000000.0,287947081847.0,11.0,9.158,15230000000.0,3.117,1.0,21743000000.0,1.0,26445000000.0,0.0,2011057000000.0,,0.0,1576791000000.0,,,1709478000000.0,,,255643081847.0,-13552000000.0,0.0,-2647000000.0,-1273000000.0,-2285000000.0,-38943000000.0,10161000000.0,9072000000.0,15230000000.0,0.0,5136000000.0,4733000000.0,4733000000.0,0.0,191000000.0,0.218,15042000000.0,6701000000.0,0.0,0.402,1.247,12.748,12.909,8828000000.0,403000000.0,52.41,2.974,2.979,0.0,147928000000.0,21743000000.0,21743000000.0,0.0,,,,,792000000.0,10059000000.0,1.0,4877753899.0,4885700000.0,4930700000.0,4.45,1888943000000.0,0.0,1374000000.0,0.0,386.627,
14,WFC,MRQ,2017-12-31,2017-12-31,2017-12-31,2021-09-08,-2144000000.0,1951757000000.0,,,,,42.128,0.0,215947000000.0,215947000000.0,0.0,6241000000.0,,8.426,328276000000.0,,,328276000000.0,0.0,1612000000.0,1335991000000.0,0.025,0.39,4509000000.0,6121000000.0,0.286,6121000000.0,4509000000.0,4509000000.0,1.17,1.16,1.17,206936000000.0,,206936000000.0,339147942111.0,13.0,10.433,275000000.0,0.056,1.0,21399000000.0,1.0,26587000000.0,0.0,2037499000000.0,,0.0,1596507000000.0,,,1743678000000.0,,,298754942111.0,-9264000000.0,23000000.0,-2539000000.0,-6117000000.0,-2278000000.0,18397000000.0,-27936000000.0,-29289000000.0,275000000.0,0.0,6151000000.0,5740000000.0,5740000000.0,0.0,90000000.0,0.268,16800000000.0,4599000000.0,0.0,0.333,1.444,14.535,14.655,8847000000.0,411000000.0,60.67,3.48,3.508,0.0,145263000000.0,21399000000.0,21399000000.0,0.0,,,,,451000000.0,7447000000.0,1.0,4924261449.0,4912100000.0,4963000000.0,4.356,1925170000000.0,0.0,-1642000000.0,0.0,391.924,
15,WFC,MRQ,2017-09-30,2017-09-30,2017-09-30,2021-09-08,-1627000000.0,1934939000000.0,,,,,41.614,0.0,292311000000.0,292311000000.0,0.0,4600000000.0,,8.392,332704000000.0,,,332704000000.0,0.0,1316000000.0,1306706000000.0,0.028,0.39,6723000000.0,8039000000.0,0.38,8039000000.0,6723000000.0,6723000000.0,0.83,0.83,0.83,205929000000.0,,205929000000.0,323032546951.0,11.0,9.154,9532000000.0,1.926,1.0,21132000000.0,1.0,26581000000.0,0.0,1948751000000.0,,0.0,1477984000000.0,,,1728115000000.0,,,273761546951.0,8906000000.0,-20000000.0,-2418000000.0,-3379000000.0,-2309000000.0,-7278000000.0,6652000000.0,6191000000.0,9532000000.0,0.0,4542000000.0,4131000000.0,4131000000.0,0.0,58000000.0,0.195,14351000000.0,6781000000.0,0.0,0.47,1.329,13.906,13.997,8449000000.0,411000000.0,55.15,3.212,3.202,0.0,141761000000.0,21132000000.0,21132000000.0,0.0,,,,,409000000.0,9427000000.0,1.0,4963944641.0,4948600000.0,4996800000.0,4.27,1908358000000.0,0.0,2181000000.0,0.0,385.636,
16,WFC,MRQ,2017-06-30,2017-06-30,2017-06-30,2021-09-08,-2110000000.0,1930871000000.0,,,,,41.129,0.0,284954000000.0,284954000000.0,0.0,5894000000.0,,8.404,334225000000.0,,,334225000000.0,0.0,1241000000.0,1305830000000.0,0.027,0.38,8101000000.0,9342000000.0,0.431,9342000000.0,8101000000.0,8101000000.0,1.09,1.08,1.09,205230000000.0,,205230000000.0,299795390712.0,9.0,8.133,-4326000000.0,-0.867,1.0,21680000000.0,1.0,26573000000.0,0.0,1953569000000.0,,0.0,1479186000000.0,,,1724726000000.0,,,276901390712.0,-31385000000.0,43000000.0,-2137000000.0,-13685000000.0,-2255000000.0,-37090000000.0,10031000000.0,8983000000.0,-4326000000.0,0.0,5856000000.0,5450000000.0,5450000000.0,0.0,38000000.0,0.251,13541000000.0,8139000000.0,0.0,0.349,1.349,13.314,13.352,8403000000.0,406000000.0,55.41,3.234,3.229,0.0,139524000000.0,21680000000.0,21680000000.0,0.0,,,,,446000000.0,9385000000.0,1.0,4997318006.0,4989900000.0,5037700000.0,4.345,1904298000000.0,0.0,2245000000.0,0.0,381.63,
17,WFC,MRQ,2017-03-31,2017-03-31,2017-03-31,2021-09-08,-3178000000.0,1951564000000.0,,,,,40.231,0.0,328445000000.0,328445000000.0,0.0,5725000000.0,,8.68,351339000000.0,,,351339000000.0,0.0,1237000000.0,1325444000000.0,0.027,0.38,7767000000.0,9004000000.0,0.416,9004000000.0,7767000000.0,7767000000.0,1.05,1.03,1.05,201500000000.0,,201500000000.0,343578457537.0,11.0,9.371,13138000000.0,2.623,1.0,21650000000.0,1.0,26666000000.0,0.0,1947792000000.0,,0.0,1467164000000.0,,,1749075000000.0,,,278487457537.0,26290000000.0,-46000000.0,-1603000000.0,-26000000.0,-2267000000.0,15051000000.0,-1899000000.0,-3206000000.0,13138000000.0,0.0,5634000000.0,5233000000.0,5233000000.0,0.0,91000000.0,0.242,13792000000.0,7858000000.0,0.0,0.362,1.382,13.571,13.642,8320000000.0,401000000.0,55.66,3.275,3.278,0.0,136032000000.0,21650000000.0,21650000000.0,0.0,,,,,740000000.0,9961000000.0,1.0,5003367904.0,5008600000.0,5070400000.0,4.323,1924898000000.0,0.0,2133000000.0,0.0,384.319,
18,WFC,MRQ,2016-12-31,2016-12-31,2016-12-31,2021-09-08,-3137000000.0,1930115000000.0,,,,,39.714,0.0,286767000000.0,286767000000.0,0.0,5304000000.0,,8.666,351858000000.0,,,351858000000.0,0.0,1372000000.0,1306079000000.0,0.027,0.38,7532000000.0,8904000000.0,0.429,8904000000.0,7532000000.0,7532000000.0,0.97,0.96,0.97,199581000000.0,,199581000000.0,338670119818.0,11.0,9.157,4826000000.0,0.96,1.0,20777000000.0,1.0,26693000000.0,0.0,1968513000000.0,,0.0,1480822000000.0,,,1729618000000.0,,,276779119818.0,-18296000000.0,-787000000.0,-1643000000.0,-16603000000.0,-2256000000.0,9609000000.0,-32731000000.0,-33302000000.0,4826000000.0,0.0,5274000000.0,4872000000.0,4872000000.0,0.0,30000000.0,0.234,13215000000.0,7562000000.0,0.0,0.392,1.387,13.586,13.675,8333000000.0,402000000.0,55.11,3.276,3.295,0.0,133075000000.0,20777000000.0,20777000000.0,0.0,,,,,471000000.0,9124000000.0,1.0,5022303027.0,5025500000.0,5078600000.0,4.134,1903422000000.0,0.0,2258000000.0,0.0,378.753,
19,WFC,MRQ,2016-09-30,2016-09-30,2016-09-30,2021-09-08,2184000000.0,1942124000000.0,,,,,40.256,0.0,317612000000.0,317612000000.0,0.0,5654000000.0,,8.561,379503000000.0,,,379503000000.0,0.0,1365000000.0,1275894000000.0,0.034,0.38,8245000000.0,9610000000.0,0.446,9610000000.0,8245000000.0,8245000000.0,1.04,1.03,1.04,203028000000.0,,203028000000.0,271673827448.0,8.0,7.327,-2397000000.0,-0.475,1.0,21523000000.0,1.0,26688000000.0,0.0,1977327000000.0,,0.0,1455500000000.0,,,1738166000000.0,,,223416827448.0,-1120000000.0,-810000000.0,-1610000000.0,14491000000.0,-2279000000.0,40961000000.0,-39684000000.0,-40414000000.0,-2397000000.0,0.0,5644000000.0,5243000000.0,5243000000.0,0.0,10000000.0,0.244,13268000000.0,8255000000.0,0.0,0.365,1.1,10.791,10.853,8322000000.0,401000000.0,44.28,2.645,2.644,0.0,130288000000.0,21523000000.0,21523000000.0,0.0,,,,,298000000.0,9176000000.0,1.0,5045547142.0,5043400000.0,5094600000.0,4.268,1915436000000.0,0.0,2601000000.0,0.0,379.791,
20,WFC,MRQ,2016-06-30,2016-06-30,2016-06-30,2021-09-08,2948000000.0,1889235000000.0,,,,,39.816,0.0,315928000000.0,315928000000.0,0.0,5573000000.0,,8.36,364185000000.0,,,364185000000.0,0.0,938000000.0,1245473000000.0,0.032,0.38,8207000000.0,9145000000.0,0.434,9145000000.0,8207000000.0,8207000000.0,1.02,1.01,1.02,201745000000.0,,201745000000.0,256256665322.0,8.0,6.946,-7335000000.0,-1.448,1.0,21088000000.0,1.0,26963000000.0,0.0,1910529000000.0,,0.0,1404515000000.0,,,1686574000000.0,,,240296665322.0,1323000000.0,-83000000.0,-1898000000.0,26977000000.0,-2259000000.0,27796000000.0,-19138000000.0,-20933000000.0,-7335000000.0,0.0,5558000000.0,5173000000.0,5173000000.0,0.0,15000000.0,0.245,12866000000.0,8222000000.0,0.0,0.373,1.191,11.495,11.544,8289000000.0,385000000.0,47.33,2.856,2.851,0.0,127076000000.0,21088000000.0,21088000000.0,0.0,,,,,460000000.0,9156000000.0,1.0,5077047651.0,5066900000.0,5118100000.0,4.162,1862272000000.0,0.0,2649000000.0,0.0,367.537,
21,WFC,MRQ,2016-03-31,2016-03-31,2016-03-31,2021-09-08,1774000000.0,1849182000000.0,,,,,38.91,0.0,319631000000.0,319631000000.0,0.0,5514000000.0,,8.358,335591000000.0,,,335591000000.0,0.0,1295000000.0,1241490000000.0,0.031,0.375,8029000000.0,9324000000.0,0.442,9324000000.0,8029000000.0,8029000000.0,1.0,0.99,1.0,197496000000.0,,197496000000.0,253332811519.0,8.0,6.836,5914000000.0,1.165,1.0,21109000000.0,1.0,27003000000.0,0.0,1838139000000.0,,0.0,1363374000000.0,,,1650678000000.0,,,245509811519.0,-27000000.0,-28904000000.0,-1550000000.0,29586000000.0,-2244000000.0,44425000000.0,-50366000000.0,-23489000000.0,5914000000.0,0.0,5462000000.0,5085000000.0,5085000000.0,0.0,52000000.0,0.241,13028000000.0,8081000000.0,0.0,0.375,1.243,11.639,11.738,8349000000.0,377000000.0,48.36,2.921,2.92,0.0,123891000000.0,21109000000.0,21109000000.0,0.0,,,,,716000000.0,9446000000.0,1.0,5076712397.0,5075700000.0,5139400000.0,4.159,1822179000000.0,0.0,2567000000.0,0.0,359.001,
22,WFC,MRQ,2015-12-31,2015-12-31,2015-12-31,2021-09-08,297000000.0,1787632000000.0,,,,,37.781,0.0,289241000000.0,289241000000.0,0.0,5623000000.0,,8.258,297064000000.0,,,297064000000.0,0.0,892000000.0,1223312000000.0,0.027,0.375,8108000000.0,9000000000.0,0.434,9000000000.0,8108000000.0,8108000000.0,1.02,1.0,1.02,192998000000.0,,192998000000.0,278797706417.0,8.0,7.628,-3897000000.0,-0.763,1.0,20755000000.0,1.0,25529000000.0,0.0,1769926000000.0,,0.0,1356230000000.0,,,1593741000000.0,,,277660706417.0,1716000000.0,-3000000.0,-1702000000.0,24765000000.0,-2234000000.0,40415000000.0,-34802000000.0,-36237000000.0,-3897000000.0,0.0,5575000000.0,5203000000.0,5203000000.0,0.0,48000000.0,0.251,12599000000.0,8156000000.0,0.0,0.368,1.439,12.932,13.005,8704000000.0,372000000.0,54.36,3.321,3.339,0.0,120866000000.0,20755000000.0,20755000000.0,0.0,,,,,864000000.0,8925000000.0,1.0,5107812848.0,5108300000.0,5178300000.0,4.063,1762103000000.0,0.0,2533000000.0,0.0,344.949,
23,WFC,MRQ,2015-09-30,2015-09-30,2015-09-30,2021-09-08,2389000000.0,1751265000000.0,,,,,37.663,0.0,272206000000.0,272206000000.0,0.0,5983000000.0,,8.066,273343000000.0,,,273343000000.0,0.0,838000000.0,1202179000000.0,0.028,0.375,8586000000.0,9424000000.0,0.445,9424000000.0,8586000000.0,8586000000.0,1.06,1.05,1.06,193051000000.0,,193051000000.0,274377998412.0,8.0,7.547,18937000000.0,3.694,1.0,21172000000.0,1.0,25684000000.0,0.0,1726718000000.0,,0.0,1334089000000.0,,,1557222000000.0,,,263597998412.0,-2292000000.0,0.0,-1695000000.0,9766000000.0,-2246000000.0,23078000000.0,-44307000000.0,-45638000000.0,18937000000.0,0.0,5796000000.0,5443000000.0,5443000000.0,0.0,187000000.0,0.257,12399000000.0,8773000000.0,0.0,0.354,1.365,12.176,12.226,8800000000.0,353000000.0,51.35,3.145,3.14,0.0,117593000000.0,21172000000.0,21172000000.0,0.0,,,,,325000000.0,8647000000.0,1.0,5133359268.0,5125800000.0,5193800000.0,4.13,1725581000000.0,0.0,2790000000.0,0.0,336.646,
24,WFC,MRQ,2015-06-30,2015-06-30,2015-06-30,2021-09-08,2068000000.0,1720617000000.0,,,,,36.794,0.0,251934000000.0,251934000000.0,0.0,5786000000.0,,8.071,262714000000.0,,,262714000000.0,0.0,831000000.0,1185828000000.0,0.025,0.375,8482000000.0,9313000000.0,0.443,9313000000.0,8482000000.0,8482000000.0,1.04,1.03,1.04,189558000000.0,,189558000000.0,239470287682.0,7.0,6.664,-1651000000.0,-0.32,1.0,21018000000.0,1.0,25705000000.0,0.0,1705692000000.0,,0.0,1325040000000.0,,,1529941000000.0,,,289591287682.0,-106000000.0,0.0,-1596000000.0,1356000000.0,-2220000000.0,-13253000000.0,14798000000.0,13049000000.0,-1651000000.0,0.0,5719000000.0,5363000000.0,5363000000.0,0.0,67000000.0,0.255,12469000000.0,8549000000.0,0.0,0.361,1.528,13.398,13.455,8692000000.0,356000000.0,56.24,3.469,3.47,0.0,114093000000.0,21018000000.0,21018000000.0,0.0,,,,,415000000.0,8828000000.0,1.0,5149204973.0,5151900000.0,5220500000.0,4.08,1694912000000.0,0.0,2763000000.0,0.0,328.988,
25,WFC,MRQ,2015-03-31,2015-03-31,2015-03-31,2021-09-08,3777000000.0,1737737000000.0,,,,,36.586,0.0,311110000000.0,311110000000.0,0.0,5884000000.0,,8.198,260989000000.0,,,260989000000.0,0.0,727000000.0,1196663000000.0,0.026,0.35,8083000000.0,8810000000.0,0.426,8810000000.0,8083000000.0,8083000000.0,1.06,1.04,1.06,188796000000.0,,188796000000.0,249745080198.0,8.0,6.947,2515000000.0,0.487,1.0,20670000000.0,1.0,25705000000.0,0.0,1661911000000.0,,0.0,1278608000000.0,,,1547773000000.0,,,280284080198.0,222000000.0,0.0,-1978000000.0,13820000000.0,-2126000000.0,40631000000.0,-42924000000.0,-43986000000.0,2515000000.0,0.0,5804000000.0,5461000000.0,5461000000.0,0.0,80000000.0,0.264,12507000000.0,8163000000.0,0.0,0.33,1.485,12.931,13.077,8696000000.0,343000000.0,54.4,3.364,3.369,0.0,110676000000.0,20670000000.0,20670000000.0,0.0,,,,,354000000.0,9230000000.0,1.0,5152280886.0,5160400000.0,5243600000.0,4.006,1712032000000.0,0.0,2279000000.0,0.0,331.763,
26,WFC,MRQ,2014-12-31,2014-12-31,2014-12-31,2021-09-08,3518000000.0,1687155000000.0,,,,,35.514,0.0,278000000000.0,278000000000.0,0.0,5792000000.0,,8.145,247461000000.0,,,247461000000.0,0.0,582000000.0,1168310000000.0,0.025,0.35,8228000000.0,8810000000.0,0.42,8810000000.0,8228000000.0,8228000000.0,1.04,1.02,1.04,184394000000.0,,184394000000.0,251934574158.0,8.0,7.022,2865000000.0,0.552,1.0,20958000000.0,1.0,25705000000.0,0.0,1630911000000.0,,0.0,1262912000000.0,,,1501893000000.0,,,284385574158.0,1539000000.0,0.0,-2481000000.0,-1672000000.0,-2081000000.0,31779000000.0,-33105000000.0,-34453000000.0,2865000000.0,0.0,5709000000.0,5382000000.0,5382000000.0,0.0,83000000.0,0.257,12647000000.0,8311000000.0,0.0,0.337,1.542,13.033,13.146,8743000000.0,327000000.0,54.82,3.428,3.461,0.0,107040000000.0,20958000000.0,20958000000.0,0.0,,,,,312000000.0,8955000000.0,1.0,5187624483.0,5192200000.0,5280000000.0,4.036,1661450000000.0,0.0,2519000000.0,0.0,319.99,
27,WFC,MRQ,2014-09-30,2014-09-30,2014-09-30,2021-09-08,3118000000.0,1636855000000.0,,,,,34.919,0.0,279964000000.0,279964000000.0,0.0,5955000000.0,,7.967,247513000000.0,,,247513000000.0,0.0,630000000.0,1130625000000.0,0.025,0.35,8371000000.0,9001000000.0,0.432,9001000000.0,8371000000.0,8371000000.0,1.04,1.02,1.04,182481000000.0,,182481000000.0,241155513528.0,7.0,6.705,15062000000.0,2.882,1.0,20845000000.0,1.0,25705000000.0,0.0,1578699000000.0,,0.0,1213660000000.0,,,1453865000000.0,,,270782513528.0,-2603000000.0,0.0,-2166000000.0,16306000000.0,-2145000000.0,24865000000.0,-42530000000.0,-44066000000.0,15062000000.0,0.0,5729000000.0,5408000000.0,5408000000.0,0.0,226000000.0,0.259,12248000000.0,8597000000.0,0.0,0.337,1.484,12.417,12.499,8768000000.0,321000000.0,51.87,3.29,3.294,0.0,103494000000.0,20845000000.0,20845000000.0,0.0,,,,,333000000.0,8560000000.0,1.0,5220407047.0,5225900000.0,5310400000.0,3.989,1611150000000.0,0.0,2642000000.0,0.0,308.301,
28,WFC,MRQ,2014-06-30,2014-06-30,2014-06-30,2021-09-08,4117000000.0,1598874000000.0,,,,,34.329,0.0,259354000000.0,259354000000.0,0.0,5786000000.0,,7.837,229727000000.0,,,229727000000.0,0.0,732000000.0,1118577000000.0,0.024,0.35,8595000000.0,9327000000.0,0.447,9327000000.0,8595000000.0,8595000000.0,1.02,1.01,1.02,180859000000.0,,180859000000.0,244808180173.0,7.0,6.795,-3239000000.0,-0.615,1.0,20849000000.0,1.0,25705000000.0,0.0,1543542000000.0,,0.0,1198606000000.0,,,1417325000000.0,,,276837180173.0,904000000.0,-174000000.0,-2519000000.0,17022000000.0,-2020000000.0,38663000000.0,-34520000000.0,-36376000000.0,-3239000000.0,0.0,5726000000.0,5424000000.0,5424000000.0,0.0,60000000.0,0.26,12194000000.0,8655000000.0,0.0,0.343,1.531,12.747,12.788,8977000000.0,302000000.0,52.56,3.382,3.383,0.0,99926000000.0,20849000000.0,20849000000.0,0.0,,,,,391000000.0,8577000000.0,1.0,5267069638.0,5268400000.0,5350800000.0,3.957,1573169000000.0,0.0,2869000000.0,0.0,298.605,
29,WFC,MRQ,2014-03-31,2014-03-31,2014-03-31,2021-09-08,2752000000.0,1546707000000.0,,,,,33.377,0.0,242512000000.0,242512000000.0,0.0,6075000000.0,,7.801,210483000000.0,,,210483000000.0,0.0,571000000.0,1094576000000.0,0.024,0.3,8170000000.0,8741000000.0,0.431,8741000000.0,8170000000.0,8170000000.0,1.07,1.05,1.07,175654000000.0,,175654000000.0,234893068781.0,7.0,6.544,2841000000.0,0.54,1.0,20300000000.0,1.0,25637000000.0,0.0,1489041000000.0,,0.0,1164371000000.0,,,1370238000000.0,,,261724068781.0,-188000000.0,0.0,-408000000.0,2704000000.0,-1897000000.0,15196000000.0,-18225000000.0,-20117000000.0,2841000000.0,0.0,5893000000.0,5607000000.0,5607000000.0,0.0,182000000.0,0.276,11948000000.0,8352000000.0,0.0,0.28,1.49,12.137,12.161,9020000000.0,286000000.0,49.74,3.202,3.203,0.0,96368000000.0,20300000000.0,20300000000.0,0.0,,,,,423000000.0,8748000000.0,1.0,5261842959.0,5262800000.0,5353300000.0,3.857,1521070000000.0,0.0,2277000000.0,0.0,289.023,
30,WFC,MRQ,2013-12-31,2013-12-31,2013-12-31,2021-09-08,1386000000.0,1523502000000.0,,,,,32.284,0.0,233712000000.0,233712000000.0,0.0,5713000000.0,,7.949,206881000000.0,,,206881000000.0,0.0,785000000.0,1079177000000.0,0.025,0.3,8114000000.0,8899000000.0,0.438,8899000000.0,8114000000.0,8114000000.0,1.02,1.0,1.02,170142000000.0,,170142000000.0,243247978347.0,8.0,6.837,14423000000.0,2.737,1.0,20302000000.0,1.0,25637000000.0,0.0,1471034000000.0,,0.0,1153075000000.0,,,1352494000000.0,,,239148978347.0,991000000.0,0.0,-1089000000.0,1993000000.0,-1748000000.0,37305000000.0,-50737000000.0,-53307000000.0,14423000000.0,0.0,5610000000.0,5369000000.0,5369000000.0,0.0,103000000.0,0.264,12085000000.0,8217000000.0,0.0,0.294,1.406,11.449,11.494,9156000000.0,241000000.0,45.4,2.935,2.946,0.0,92361000000.0,20302000000.0,20302000000.0,0.0,,,,,346000000.0,8617000000.0,1.0,5267598642.0,5270200000.0,5360700000.0,3.852,1497865000000.0,0.0,2504000000.0,0.0,284.214,
31,WFC,MRQ,2013-09-30,2013-09-30,2013-09-30,2021-09-08,2289000000.0,1488055000000.0,,,,,31.569,0.0,200964000000.0,200964000000.0,0.0,5683000000.0,,7.892,205063000000.0,,,205063000000.0,0.0,865000000.0,1041871000000.0,0.026,0.3,8196000000.0,9061000000.0,0.444,9061000000.0,8196000000.0,8196000000.0,1.0,0.99,1.0,167165000000.0,,167165000000.0,233154205917.0,7.0,6.775,21103000000.0,3.985,1.0,20403000000.0,1.0,25637000000.0,0.0,1466517000000.0,,0.0,1143571000000.0,,,1319242000000.0,,,219400205917.0,989000000.0,0.0,-1542000000.0,22988000000.0,-1886000000.0,41665000000.0,-61779000000.0,-64344000000.0,21103000000.0,0.0,5578000000.0,5317000000.0,5317000000.0,0.0,105000000.0,0.261,12102000000.0,8301000000.0,0.0,0.3,1.312,10.767,10.732,9120000000.0,261000000.0,41.32,2.699,2.692,0.0,88625000000.0,20403000000.0,20403000000.0,0.0,,,,,322000000.0,8682000000.0,1.0,5309782331.0,5295300000.0,5381700000.0,3.853,1462418000000.0,0.0,2618000000.0,0.0,276.173,
32,WFC,MRQ,2013-06-30,2013-06-30,2013-06-30,2021-09-08,1797000000.0,1440563000000.0,,,,,30.618,0.0,166604000000.0,166604000000.0,0.0,5608000000.0,,7.861,180358000000.0,,,180358000000.0,0.0,809000000.0,1021585000000.0,0.024,0.3,8382000000.0,9191000000.0,0.443,9191000000.0,8382000000.0,8382000000.0,1.0,0.98,1.0,162421000000.0,,162421000000.0,245444889179.0,8.0,7.333,12978000000.0,2.447,1.0,20726000000.0,1.0,25637000000.0,0.0,1428680000000.0,,0.0,1134039000000.0,,,1276786000000.0,,,218581889179.0,1722000000.0,0.0,-762000000.0,-4760000000.0,-1746000000.0,3563000000.0,-14819000000.0,-17267000000.0,12978000000.0,0.0,5519000000.0,5272000000.0,5272000000.0,0.0,89000000.0,0.254,12255000000.0,8471000000.0,0.0,0.3,1.346,11.052,11.035,9190000000.0,247000000.0,41.27,2.715,2.719,0.0,84923000000.0,20726000000.0,20726000000.0,0.0,,,,,442000000.0,8646000000.0,1.0,5296386944.0,5304700000.0,5384600000.0,3.907,1414926000000.0,0.0,2863000000.0,0.0,266.731,
33,WFC,MRQ,2013-03-31,2013-03-31,2013-03-31,2021-09-08,5145000000.0,1436634000000.0,,,,,30.704,0.0,160021000000.0,160021000000.0,0.0,5220000000.0,,7.855,186884000000.0,,,186884000000.0,0.0,834000000.0,1010733000000.0,0.025,0.25,7591000000.0,8425000000.0,0.42,8425000000.0,7591000000.0,7591000000.0,0.93,0.92,0.93,162086000000.0,,162086000000.0,220350907832.0,8.0,6.884,9137000000.0,1.731,1.0,20040000000.0,1.0,25637000000.0,0.0,1437860000000.0,,0.0,1141766000000.0,,,1273239000000.0,,,194969907832.0,-5643000000.0,0.0,261000000.0,4193000000.0,-1590000000.0,11377000000.0,-26157000000.0,-30176000000.0,9137000000.0,0.0,5171000000.0,4931000000.0,4931000000.0,0.0,49000000.0,0.246,12400000000.0,7640000000.0,0.0,0.269,1.203,10.312,10.361,9263000000.0,240000000.0,36.99,2.46,2.463,0.0,81264000000.0,20040000000.0,20040000000.0,0.0,,,,,539000000.0,9070000000.0,1.0,5270881531.0,5279000000.0,5353500000.0,3.796,1410997000000.0,0.0,2420000000.0,0.0,267.285,
34,WFC,MRQ,2012-12-31,2012-12-31,2012-12-31,2021-09-08,5650000000.0,1422968000000.0,,,,,29.883,0.0,159173000000.0,159173000000.0,0.0,5297000000.0,,8.023,184554000000.0,,,184554000000.0,0.0,724000000.0,1002835000000.0,0.026,0.22,7014000000.0,7738000000.0,0.385,7738000000.0,7014000000.0,7014000000.0,0.92,0.91,0.92,157554000000.0,,157554000000.0,245262863684.0,9.0,7.961,8351000000.0,1.584,1.0,20117000000.0,1.0,25637000000.0,0.0,1422712000000.0,,0.0,1123614000000.0,,,1264057000000.0,,,179932863684.0,4874000000.0,-3000000.0,-1230000000.0,2094000000.0,-1231000000.0,50637000000.0,-54114000000.0,-60319000000.0,8351000000.0,0.0,5090000000.0,4857000000.0,4857000000.0,0.0,207000000.0,0.241,12896000000.0,7221000000.0,0.0,0.239,1.142,9.997,10.053,9428000000.0,233000000.0,34.18,2.281,2.292,0.0,77679000000.0,20117000000.0,20117000000.0,0.0,,,,,362000000.0,8261000000.0,1.0,5264273367.0,5272300000.0,5338900000.0,3.816,1397331000000.0,0.0,1924000000.0,0.0,265.033,
35,WFC,MRQ,2012-09-30,2012-09-30,2012-09-30,2021-09-08,6435000000.0,1374715000000.0,,,,,29.25,0.0,117428000000.0,117428000000.0,0.0,5030000000.0,,7.879,182758000000.0,,,182758000000.0,0.0,699000000.0,952239000000.0,0.023,0.22,7417000000.0,8116000000.0,0.414,8116000000.0,7417000000.0,7417000000.0,0.89,0.88,0.89,154679000000.0,,154679000000.0,271954868285.0,10.0,9.134,14808000000.0,2.8,1.0,19622000000.0,1.0,25637000000.0,0.0,1414408000000.0,,0.0,1106966000000.0,,,1218656000000.0,,,182393868285.0,175000000.0,-244000000.0,193000000.0,648000000.0,-1451000000.0,23424000000.0,-38057000000.0,-39511000000.0,14808000000.0,0.0,4937000000.0,4717000000.0,4717000000.0,0.0,93000000.0,0.24,12112000000.0,7510000000.0,0.0,0.247,1.179,10.71,10.724,9165000000.0,220000000.0,34.53,2.359,2.362,0.0,73994000000.0,19622000000.0,19622000000.0,0.0,,,,,196000000.0,8316000000.0,1.0,5282185586.0,5288100000.0,5355600000.0,3.711,1349078000000.0,0.0,2480000000.0,0.0,255.116,
36,WFC,MRQ,2012-06-30,2012-06-30,2012-06-30,2021-09-08,4629000000.0,1336204000000.0,,,,,27.901,0.0,91446000000.0,91446000000.0,0.0,4721000000.0,,8.015,181007000000.0,,,181007000000.0,0.0,735000000.0,928933000000.0,0.02,0.22,6993000000.0,7728000000.0,0.397,7728000000.0,6993000000.0,6993000000.0,0.83,0.82,0.83,148070000000.0,,148070000000.0,267270466408.0,10.0,9.469,19476000000.0,3.67,1.0,19489000000.0,1.0,25406000000.0,0.0,1400359000000.0,,0.0,1100589000000.0,,,1186767000000.0,,,177697466408.0,-189000000.0,-3649000000.0,-1605000000.0,-691000000.0,-1324000000.0,-4907000000.0,-14758000000.0,-12788000000.0,19476000000.0,0.0,4622000000.0,4403000000.0,4403000000.0,0.0,99000000.0,0.226,12397000000.0,7092000000.0,0.0,0.265,1.2,11.002,10.928,9317000000.0,219000000.0,33.44,2.353,2.35,0.0,70456000000.0,19489000000.0,19489000000.0,0.0,,,,,473000000.0,8265000000.0,1.0,5313919450.0,5306900000.0,5369900000.0,3.672,1310798000000.0,0.0,2371000000.0,0.0,246.999,
37,WFC,MRQ,2012-03-31,2012-03-31,2012-03-31,2021-09-08,4216000000.0,1333799000000.0,,,,,27.546,0.0,91143000000.0,91143000000.0,0.0,4320000000.0,,8.157,180716000000.0,,,180716000000.0,0.0,649000000.0,930267000000.0,0.017,0.22,6576000000.0,7225000000.0,0.368,7225000000.0,6576000000.0,6576000000.0,0.76,0.75,0.76,145516000000.0,,145516000000.0,290666437191.0,12.0,10.79,15905000000.0,3.011,1.0,19641000000.0,1.0,25140000000.0,0.0,1398232000000.0,,0.0,1099112000000.0,,,1186950000000.0,,,180028437191.0,-2440000000.0,-426000000.0,815000000.0,5250000000.0,-1451000000.0,14616000000.0,-32961000000.0,-34471000000.0,15905000000.0,0.0,4248000000.0,4022000000.0,4022000000.0,0.0,72000000.0,0.205,12993000000.0,6648000000.0,0.0,0.289,1.237,11.632,11.652,9291000000.0,226000000.0,34.14,2.414,2.418,0.0,67239000000.0,19641000000.0,19641000000.0,0.0,,,,,441000000.0,8887000000.0,1.0,5273240691.0,5282600000.0,5337800000.0,3.718,1308659000000.0,0.0,2328000000.0,0.0,247.73,
38,WFC,MRQ,2011-12-31,2011-12-31,2011-12-31,2021-09-08,3207000000.0,1313867000000.0,,,,,26.602,0.0,63807000000.0,63807000000.0,0.0,4183000000.0,,8.358,174445000000.0,,,174445000000.0,0.0,725000000.0,920070000000.0,0.017,0.12,5981000000.0,6706000000.0,0.361,6706000000.0,5981000000.0,5981000000.0,0.74,0.73,0.74,140241000000.0,,140241000000.0,221209364296.0,9.0,8.667,-24124000000.0,-4.576,1.0,18565000000.0,1.0,25115000000.0,0.0,1399390000000.0,,0.0,1101789000000.0,,,1172180000000.0,,,145338364296.0,1126000000.0,-108000000.0,-372000000.0,-14895000000.0,-785000000.0,8525000000.0,16725000000.0,13403000000.0,-24124000000.0,0.0,4107000000.0,3888000000.0,3888000000.0,0.0,76000000.0,0.209,12508000000.0,6057000000.0,0.0,0.162,1.036,9.673,9.67,9531000000.0,219000000.0,27.56,1.99,1.991,0.0,64385000000.0,18565000000.0,18565000000.0,0.0,,,,,1025000000.0,8335000000.0,1.0,5273525555.0,5271800000.0,5316800000.0,3.522,1288752000000.0,0.0,1874000000.0,0.0,244.461,
39,WFC,MRQ,2011-09-30,2011-09-30,2011-09-30,2021-09-08,3828000000.0,1304945000000.0,,,,,26.115,0.0,108118000000.0,108118000000.0,0.0,4142000000.0,,8.461,183989000000.0,,,183989000000.0,0.0,515000000.0,895428000000.0,0.017,0.12,6053000000.0,6568000000.0,0.369,6568000000.0,6053000000.0,6053000000.0,0.73,0.72,0.73,137768000000.0,,137768000000.0,211637764872.0,9.0,8.701,9228000000.0,1.749,1.0,17817000000.0,1.0,25038000000.0,0.0,1355778000000.0,,0.0,1049873000000.0,,,1165701000000.0,,,127349764872.0,-5745000000.0,-245000000.0,-477000000.0,-13774000000.0,-923000000.0,26533000000.0,-41506000000.0,-45536000000.0,9228000000.0,0.0,4055000000.0,3839000000.0,3839000000.0,0.0,87000000.0,0.215,11677000000.0,6140000000.0,0.0,0.164,0.924,8.863,8.835,9607000000.0,216000000.0,24.12,1.745,1.743,0.0,61135000000.0,17817000000.0,17817000000.0,0.0,,,,,72000000.0,7853000000.0,1.0,5279840998.0,5275500000.0,5319200000.0,3.377,1279907000000.0,0.0,1998000000.0,0.0,242.613,
40,WFC,MRQ,2011-06-30,2011-06-30,2011-06-30,2021-09-08,5422000000.0,1259734000000.0,,,,,25.802,0.0,112465000000.0,112465000000.0,0.0,4072000000.0,,8.224,196753000000.0,,,196753000000.0,0.0,491000000.0,853635000000.0,0.012,0.12,5949000000.0,6440000000.0,0.347,6440000000.0,5949000000.0,5949000000.0,0.7,0.7,0.7,136401000000.0,,136401000000.0,241733120073.0,11.0,10.504,11350000000.0,2.147,1.0,18548000000.0,1.0,24776000000.0,0.0,1319246000000.0,,0.0,1006284000000.0,,,1121818000000.0,,,148412120073.0,7081000000.0,0.0,-850000000.0,-7050000000.0,-788000000.0,7226000000.0,-11495000000.0,-13809000000.0,11350000000.0,0.0,3948000000.0,3728000000.0,3728000000.0,0.0,124000000.0,0.201,12475000000.0,6073000000.0,0.0,0.171,1.088,10.849,10.792,9613000000.0,220000000.0,28.06,2.044,2.043,0.0,57942000000.0,18548000000.0,18548000000.0,0.0,,,,,106000000.0,8196000000.0,1.0,5289099076.0,5286500000.0,5331700000.0,3.509,1234958000000.0,0.0,2001000000.0,0.0,233.606,
41,WFC,MRQ,2011-03-31,2011-03-31,2011-03-31,2021-09-08,5021000000.0,1244666000000.0,,,,,25.284,0.0,110019000000.0,110019000000.0,0.0,3814000000.0,,8.314,203340000000.0,,,203340000000.0,0.0,477000000.0,837662000000.0,0.009,0.12,5331000000.0,5808000000.0,0.321,5808000000.0,5331000000.0,5331000000.0,0.68,0.67,0.68,133471000000.0,,133471000000.0,282753777384.0,14.0,12.988,17211000000.0,3.26,1.0,18119000000.0,1.0,24777000000.0,0.0,1313210000000.0,,0.0,990940000000.0,,,1109723000000.0,,,167050777384.0,934000000.0,0.0,579000000.0,-9380000000.0,-885000000.0,-17509000000.0,1232000000.0,-2319000000.0,17211000000.0,0.0,3759000000.0,3570000000.0,3570000000.0,0.0,55000000.0,0.197,12733000000.0,5386000000.0,0.0,0.176,1.252,13.02,12.943,9545000000.0,189000000.0,31.71,2.338,2.343,0.0,54855000000.0,18119000000.0,18119000000.0,0.0,,,,,206000000.0,8577000000.0,1.0,5268078757.0,5278800000.0,5333100000.0,3.432,1219889000000.0,0.0,1572000000.0,0.0,231.092,
42,WFC,MRQ,2010-12-31,2010-12-31,2010-12-31,2021-09-08,4738000000.0,1258128000000.0,,,,,24.048,0.0,96681000000.0,96681000000.0,0.0,3493000000.0,,8.941,212384000000.0,,,212384000000.0,0.0,422000000.0,847942000000.0,0.006,0.05,5086000000.0,5508000000.0,0.298,5508000000.0,5086000000.0,5086000000.0,0.62,0.61,0.62,126408000000.0,,126408000000.0,303966937377.0,16.0,14.739,-4028000000.0,-0.766,1.0,18505000000.0,1.0,24770000000.0,0.0,1349061000000.0,,0.0,1012785000000.0,,,1130239000000.0,,,162658937377.0,43000000.0,-13000000.0,305000000.0,10000000.0,-379000000.0,33282000000.0,-29211000000.0,-31946000000.0,-4028000000.0,0.0,3414000000.0,3232000000.0,3232000000.0,0.0,79000000.0,0.175,13340000000.0,5165000000.0,0.0,0.081,1.287,13.984,13.897,9644000000.0,182000000.0,30.99,2.342,2.332,0.0,51918000000.0,18505000000.0,18505000000.0,0.0,,,,,858000000.0,8463000000.0,1.0,5248755643.0,5256500000.0,5293700000.0,3.52,1233358000000.0,0.0,1672000000.0,0.0,234.635,
43,WFC,MRQ,2010-09-30,2010-09-30,2010-09-30,2021-09-08,5502000000.0,1220784000000.0,,,,,23.598,0.0,72550000000.0,72550000000.0,0.0,3425000000.0,,8.86,213858000000.0,,,213858000000.0,0.0,167000000.0,814512000000.0,0.008,0.05,5090000000.0,5257000000.0,0.302,5257000000.0,5090000000.0,5090000000.0,0.6,0.6,0.6,123658000000.0,,123658000000.0,270227460361.0,16.0,14.007,5946000000.0,1.135,1.0,17429000000.0,1.0,24831000000.0,0.0,1337261000000.0,,0.0,1016559000000.0,,,1095619000000.0,,,131437460361.0,-1570000000.0,-23000000.0,182000000.0,-19864000000.0,-514000000.0,-21332000000.0,13816000000.0,11508000000.0,5946000000.0,0.0,3339000000.0,3150000000.0,3150000000.0,0.0,86000000.0,0.181,12253000000.0,5176000000.0,0.0,0.083,1.063,14.946,15.039,9636000000.0,189000000.0,25.115,1.94,1.943,0.0,48953000000.0,17429000000.0,17429000000.0,0.0,,,,,72000000.0,8131000000.0,1.0,5233424661.0,5240100000.0,5273200000.0,3.326,1195953000000.0,0.0,1751000000.0,0.0,228.231,
44,WFC,MRQ,2010-06-30,2010-06-30,2010-06-30,2021-09-08,4844000000.0,1225862000000.0,,,,,22.946,0.0,91469000000.0,91469000000.0,0.0,3145000000.0,,9.221,230259000000.0,,,230259000000.0,0.0,622000000.0,815623000000.0,0.008,0.05,4576000000.0,5198000000.0,0.299,5198000000.0,4576000000.0,4576000000.0,0.55,0.55,0.55,119772000000.0,,119772000000.0,309098893248.0,18.0,15.833,7973000000.0,1.527,1.0,17405000000.0,1.0,24820000000.0,0.0,1339832000000.0,,0.0,1003608000000.0,,,1104464000000.0,,,133379893248.0,1270000000.0,0.0,371000000.0,-15813000000.0,-378000000.0,-5728000000.0,-975000000.0,-2761000000.0,7973000000.0,0.0,3062000000.0,2878000000.0,2878000000.0,0.0,83000000.0,0.165,12746000000.0,4659000000.0,0.0,0.091,1.114,16.107,15.706,10508000000.0,184000000.0,25.6,2.001,2.005,0.0,46126000000.0,17405000000.0,17405000000.0,0.0,,,,,80000000.0,8182000000.0,1.0,5210152080.0,5219700000.0,5260800000.0,3.334,1201042000000.0,0.0,1514000000.0,0.0,230.098,
45,WFC,MRQ,2010-03-31,2010-03-31,2010-03-31,2021-09-08,4087000000.0,1223630000000.0,,,,,22.376,0.0,70493000000.0,70493000000.0,0.0,2600000000.0,,9.518,246212000000.0,,,246212000000.0,0.0,713000000.0,804893000000.0,0.006,0.05,3948000000.0,4661000000.0,0.289,4661000000.0,3948000000.0,3948000000.0,0.46,0.45,0.46,116142000000.0,,116142000000.0,336086244810.0,20.0,17.209,8881000000.0,1.711,1.0,16118000000.0,1.0,24819000000.0,0.0,1374530000000.0,,0.0,1022312000000.0,,,1105476000000.0,,,161224244810.0,-10779000000.0,0.0,426000000.0,-12853000000.0,-511000000.0,-32355000000.0,12695000000.0,11316000000.0,8881000000.0,0.0,2547000000.0,2372000000.0,2372000000.0,0.0,53000000.0,0.147,12117000000.0,4001000000.0,0.0,0.109,1.388,20.209,18.747,10405000000.0,175000000.0,31.12,2.418,2.423,0.0,43636000000.0,16118000000.0,16118000000.0,0.0,,,,,124000000.0,8102000000.0,1.0,5180727661.0,5190400000.0,5225200000.0,3.105,1198811000000.0,0.0,1401000000.0,0.0,230.967,
46,WFC,MRQ,2009-12-31,2009-12-31,2009-12-31,2021-09-08,3009000000.0,1243646000000.0,,,,,23.449,0.0,67965000000.0,67965000000.0,0.0,3013000000.0,,10.102,242827000000.0,,,242827000000.0,0.0,404000000.0,824018000000.0,0.018,0.05,3772000000.0,4176000000.0,0.249,4176000000.0,3772000000.0,3772000000.0,0.06,0.06,0.06,111786000000.0,,111786000000.0,336817866240.0,19.0,16.473,3363000000.0,0.705,1.0,16783000000.0,1.0,24812000000.0,0.0,1393696000000.0,,0.0,1019949000000.0,,,1129287000000.0,,,126449866240.0,9847000000.0,-6000000.0,12246000000.0,831000000.0,-796000000.0,9853000000.0,-3369000000.0,-3019000000.0,3363000000.0,0.0,2823000000.0,394000000.0,394000000.0,0.0,190000000.0,0.023,12821000000.0,3962000000.0,0.0,0.833,1.131,15.826,15.335,10736000000.0,2429000000.0,26.99,1.887,1.83,0.0,41563000000.0,16783000000.0,16783000000.0,0.0,,,,,56000000.0,8186000000.0,1.0,4685063588.0,4767200000.0,4794900000.0,3.521,1218834000000.0,0.0,949000000.0,0.0,255.671,
47,WFC,MRQ,2009-09-30,2009-09-30,2009-09-30,2021-09-08,4088000000.0,1228625000000.0,,,,,26.11,0.0,34724000000.0,34724000000.0,0.0,3316000000.0,,9.003,245092000000.0,,,245092000000.0,0.0,897000000.0,796748000000.0,0.028,0.05,4590000000.0,5487000000.0,0.335,5487000000.0,4590000000.0,4590000000.0,0.56,0.56,0.56,122150000000.0,,122150000000.0,379936941845.0,42.0,31.619,7401000000.0,1.582,1.0,16355000000.0,1.0,24052000000.0,0.0,1414941000000.0,,0.0,1059982000000.0,,,1099701000000.0,,,131645941845.0,-3399000000.0,0.0,265000000.0,-43926000000.0,-797000000.0,-61472000000.0,50672000000.0,45509000000.0,7401000000.0,0.0,3235000000.0,2637000000.0,2637000000.0,0.0,81000000.0,0.161,11684000000.0,4671000000.0,0.0,0.089,1.078,28.769,36.597,11040000000.0,598000000.0,28.18,2.568,2.571,0.0,41485000000.0,16355000000.0,16355000000.0,0.0,,,,,36000000.0,7854000000.0,1.0,4671609008.0,4678300000.0,4706400000.0,3.496,1204573000000.0,0.0,1355000000.0,0.0,257.481,
48,WFC,MRQ,2009-06-30,2009-06-30,2009-06-30,2021-09-08,-590000000.0,1284176000000.0,,,,,25.568,0.0,36608000000.0,36608000000.0,0.0,3249000000.0,,10.145,284899000000.0,,,284899000000.0,0.0,559000000.0,813735000000.0,0.044,0.05,4647000000.0,5206000000.0,0.299,5206000000.0,4647000000.0,4647000000.0,0.58,0.57,0.58,114623000000.0,,114623000000.0,385364251436.0,56.0,41.428,1970000000.0,0.439,1.0,17421000000.0,1.0,24619000000.0,0.0,1507848000000.0,,0.0,1109783000000.0,,,1162794000000.0,,,103441251436.0,-1554000000.0,-9000000.0,8775000000.0,-33821000000.0,-644000000.0,-9305000000.0,5781000000.0,178000000.0,1970000000.0,0.0,3172000000.0,2575000000.0,2575000000.0,0.0,77000000.0,0.148,12697000000.0,4724000000.0,0.0,0.086,0.902,28.927,34.657,11151000000.0,597000000.0,24.26,2.417,2.541,0.0,39165000000.0,17421000000.0,17421000000.0,0.0,,,,,40000000.0,8083000000.0,1.0,4263860323.0,4483100000.0,4501600000.0,3.886,1259557000000.0,0.0,1475000000.0,0.0,280.957,
49,WFC,MRQ,2009-03-31,2009-03-31,2009-03-31,2021-09-08,-3624000000.0,1285891000000.0,,,,,23.613,0.0,40811000000.0,40811000000.0,0.0,3089000000.0,,11.754,322734000000.0,,,322734000000.0,0.0,981000000.0,797269000000.0,0.093,0.34,4597000000.0,5578000000.0,0.339,5578000000.0,4597000000.0,4597000000.0,0.56,0.56,0.56,100295000000.0,,100295000000.0,362381947584.0,76.0,51.307,15879000000.0,3.739,1.0,16459000000.0,1.0,23825000000.0,0.0,1543989000000.0,,0.0,1105024000000.0,,,1178834000000.0,,,60345947584.0,-1577000000.0,-123000000.0,470000000.0,-50056000000.0,-2066000000.0,-36157000000.0,18701000000.0,21940000000.0,15879000000.0,0.0,3045000000.0,2384000000.0,2384000000.0,0.0,44000000.0,0.145,11818000000.0,4641000000.0,0.0,0.607,0.602,21.912,21.908,11215000000.0,661000000.0,14.24,1.784,1.788,0.0,36949000000.0,16459000000.0,16459000000.0,0.0,,,,,95000000.0,7977000000.0,1.0,4237777218.0,4247400000.0,4249300000.0,3.875,1262066000000.0,0.0,1552000000.0,0.0,297.138,
50,WFC,MRQ,2008-12-31,2008-12-31,2008-12-31,2021-09-08,-6869000000.0,1309639000000.0,,,,,27.649,0.0,73196000000.0,73196000000.0,0.0,-2741000000.0,,12.185,375232000000.0,,,375232000000.0,0.0,515000000.0,781402000000.0,0.044,0.34,-4770000000.0,-4255000000.0,-4.119,-4255000000.0,-4770000000.0,-4770000000.0,-0.93,-0.92,-0.93,99084000000.0,,99084000000.0,269611197719.0,83.0,54.732,-16989000000.0,-4.741,1.0,1033000000.0,1.0,22627000000.0,0.0,1589048000000.0,,0.0,1092746000000.0,,,1207323000000.0,,,98028197719.0,10902000000.0,11793000000.0,12441000000.0,-48156000000.0,-1134000000.0,-11558000000.0,39449000000.0,31434000000.0,-16989000000.0,0.0,-2734000000.0,-3020000000.0,-3020000000.0,0.0,-7000000.0,-2.924,5810000000.0,-4777000000.0,0.0,-0.366,0.989,41.38,42.114,11269000000.0,286000000.0,29.48,3.785,3.845,0.0,36543000000.0,1033000000.0,1033000000.0,0.0,,,,,26000000.0,3997000000.0,1.0,3325244156.0,3583600000.0,3595000000.0,0.288,1287012000000.0,0.0,-2036000000.0,0.0,359.139,
51,WFC,MRQ,2008-09-30,2008-09-30,2008-09-30,2021-09-08,-2783000000.0,622361000000.0,,,,,14.159,0.0,20954000000.0,20954000000.0,0.0,1651000000.0,,12.254,192537000000.0,,,192537000000.0,0.0,406000000.0,353574000000.0,0.034,0.34,2367000000.0,2773000000.0,0.352,2773000000.0,2367000000.0,2367000000.0,0.49,0.49,0.49,46957000000.0,,46957000000.0,296554322543.0,31.0,26.325,-576000000.0,-0.174,1.0,7882000000.0,1.0,13520000000.0,0.0,780424000000.0,,0.0,538154000000.0,,,575404000000.0,,,124185322543.0,-749000000.0,-204000000.0,19000000.0,3706000000.0,-1128000000.0,15388000000.0,-15561000000.0,-14697000000.0,-576000000.0,0.0,1637000000.0,1637000000.0,1637000000.0,0.0,14000000.0,0.208,5501000000.0,2381000000.0,0.0,0.694,2.645,18.398,18.307,5054000000.0,0.0,37.53,3.811,3.819,0.0,40853000000.0,7882000000.0,7882000000.0,0.0,,,,,-54000000.0,3823000000.0,1.0,3308961432.0,3316400000.0,3331000000.0,2.377,608841000000.0,0.0,730000000.0,0.0,183.585,
52,WFC,MRQ,2008-06-30,2008-06-30,2008-06-30,2021-09-08,-1060000000.0,609074000000.0,,,,,14.492,0.0,17698000000.0,17698000000.0,0.0,1769000000.0,,11.699,190067000000.0,,,190067000000.0,0.0,380000000.0,339124000000.0,0.052,0.31,2587000000.0,2967000000.0,0.351,2967000000.0,2587000000.0,2587000000.0,0.53,0.53,0.53,47964000000.0,,47964000000.0,218278341351.0,21.0,17.952,13167000000.0,3.978,1.0,8448000000.0,1.0,13191000000.0,0.0,768252000000.0,,0.0,538563000000.0,,,561110000000.0,,,78437341351.0,464000000.0,-340000000.0,122000000.0,34108000000.0,-1026000000.0,10926000000.0,-23629000000.0,-25531000000.0,13167000000.0,0.0,1753000000.0,1753000000.0,1753000000.0,0.0,16000000.0,0.208,5845000000.0,2603000000.0,0.0,0.585,1.635,10.765,10.747,5033000000.0,0.0,23.75,2.33,2.335,0.0,40534000000.0,8448000000.0,8448000000.0,0.0,,,,,28000000.0,4134000000.0,1.0,3302624899.0,3309800000.0,3321400000.0,2.552,595883000000.0,0.0,834000000.0,0.0,180.036,
53,WFC,MRQ,2008-03-31,2008-03-31,2008-03-31,2021-09-08,120000000.0,595221000000.0,,,,,14.583,0.0,17317000000.0,17317000000.0,0.0,2019000000.0,,11.354,157158000000.0,,,157158000000.0,0.0,368000000.0,358144000000.0,0.042,0.31,3073000000.0,3441000000.0,0.403,3441000000.0,3073000000.0,3073000000.0,0.61,0.6,0.61,48159000000.0,,48159000000.0,231074076134.0,20.0,17.75,-390000000.0,-0.118,1.0,8535000000.0,1.0,13148000000.0,0.0,721914000000.0,,0.0,517142000000.0,,,546782000000.0,,,95937076134.0,-1611000000.0,-46000000.0,-34000000.0,1296000000.0,-1024000000.0,17199000000.0,-18420000000.0,-16750000000.0,-390000000.0,0.0,1999000000.0,1999000000.0,1999000000.0,0.0,20000000.0,0.234,5442000000.0,3093000000.0,0.0,0.508,1.992,12.281,12.331,5056000000.0,0.0,29.1,2.79,2.794,0.0,39896000000.0,8535000000.0,8535000000.0,0.0,,,,,56000000.0,3962000000.0,1.0,3296806740.0,3302400000.0,3317900000.0,2.584,582073000000.0,0.0,1074000000.0,0.0,176.258,
54,WFC,MRQ,2007-12-31,2007-12-31,2007-12-31,2021-09-08,725000000.0,575442000000.0,,,,,14.313,0.0,17511000000.0,17511000000.0,0.0,1569000000.0,,11.082,152648000000.0,,,152648000000.0,0.0,391000000.0,344460000000.0,0.039,0.31,1693000000.0,2084000000.0,0.27,2084000000.0,1693000000.0,1693000000.0,0.42,0.41,0.42,47628000000.0,,47628000000.0,221843566819.0,19.0,16.859,8434000000.0,2.535,1.0,7723000000.0,1.0,13106000000.0,0.0,697473000000.0,,0.0,502558000000.0,,,527814000000.0,,,101268566819.0,2557000000.0,51000000.0,-2308000000.0,14454000000.0,-1036000000.0,14915000000.0,-20792000000.0,-22765000000.0,8434000000.0,0.0,1361000000.0,1361000000.0,1361000000.0,0.0,208000000.0,0.176,6259000000.0,1464000000.0,0.0,0.738,2.126,12.569,12.527,5122000000.0,0.0,30.19,2.928,2.923,0.0,38970000000.0,7723000000.0,7723000000.0,0.0,,,,,11000000.0,6680000000.0,1.0,3354374522.0,3327500000.0,3352500000.0,2.321,562336000000.0,0.0,332000000.0,0.0,168.997,
55,WFC,MRQ,2007-09-30,2007-09-30,2007-09-30,2021-09-08,291000000.0,548727000000.0,,,,,14.243,0.0,16746000000.0,16746000000.0,0.0,2173000000.0,,10.536,137321000000.0,,,137321000000.0,0.0,377000000.0,334956000000.0,0.032,0.31,3290000000.0,3667000000.0,0.409,3667000000.0,3290000000.0,3290000000.0,0.65,0.64,0.65,47566000000.0,,47566000000.0,235849350113.0,18.0,15.489,-6194000000.0,-1.855,1.0,8961000000.0,1.0,12018000000.0,0.0,657284000000.0,,0.0,473224000000.0,,,501161000000.0,,,119058350113.0,-514000000.0,-37000000.0,-1540000000.0,2352000000.0,-1034000000.0,9726000000.0,-4046000000.0,-906000000.0,-6194000000.0,0.0,2173000000.0,2173000000.0,2173000000.0,0.0,0.0,0.242,5535000000.0,3426000000.0,0.0,0.477,2.503,13.506,13.595,5002000000.0,0.0,35.62,3.35,3.347,0.0,38645000000.0,8961000000.0,8961000000.0,0.0,,,,,-44000000.0,3144000000.0,1.0,3342457892.0,3339600000.0,3374000000.0,2.683,536709000000.0,0.0,1117000000.0,0.0,160.711,
56,WFC,MRQ,2007-06-30,2007-06-30,2007-06-30,2021-09-08,-236000000.0,539865000000.0,,,,,14.096,0.0,17877000000.0,17877000000.0,0.0,2279000000.0,,10.428,134668000000.0,,,134668000000.0,0.0,382000000.0,324743000000.0,0.032,0.28,3444000000.0,3826000000.0,0.417,3826000000.0,3444000000.0,3444000000.0,0.68,0.67,0.68,47239000000.0,,47239000000.0,203813913385.0,16.0,12.919,2213000000.0,0.66,1.0,9171000000.0,1.0,11983000000.0,0.0,644673000000.0,,0.0,473066000000.0,,,492626000000.0,,,117458913385.0,229000000.0,-2825000000.0,-511000000.0,30599000000.0,-937000000.0,40873000000.0,-42857000000.0,-38816000000.0,2213000000.0,0.0,2279000000.0,2279000000.0,2279000000.0,0.0,0.0,0.249,5579000000.0,3592000000.0,0.0,0.412,2.486,13.293,13.424,4973000000.0,0.0,35.17,3.365,3.377,0.0,37603000000.0,9171000000.0,9171000000.0,0.0,,,,,-38000000.0,3149000000.0,1.0,3339747324.0,3351200000.0,3389300000.0,2.737,527882000000.0,0.0,1165000000.0,0.0,157.52,
57,WFC,MRQ,2007-03-31,2007-03-31,2007-03-31,2021-09-08,289000000.0,485901000000.0,,,,,13.647,0.0,17153000000.0,17153000000.0,0.0,2244000000.0,,9.546,103508000000.0,,,103508000000.0,0.0,382000000.0,311157000000.0,0.032,0.28,3200000000.0,3582000000.0,0.41,3582000000.0,3200000000.0,3200000000.0,0.66,0.66,0.66,46073000000.0,,46073000000.0,195193868903.0,15.0,12.303,4833000000.0,1.432,1.0,8726000000.0,1.0,11275000000.0,0.0,560981000000.0,,0.0,424977000000.0,,,439828000000.0,,,116325868903.0,-2543000000.0,0.0,-1183000000.0,3532000000.0,-948000000.0,2276000000.0,-9652000000.0,-9323000000.0,4833000000.0,0.0,2244000000.0,2244000000.0,2244000000.0,0.0,0.0,0.257,5373000000.0,3353000000.0,0.0,0.424,2.525,13.454,13.449,4864000000.0,0.0,34.43,3.412,3.41,0.0,36377000000.0,8726000000.0,8726000000.0,0.0,,,,,4000000.0,3234000000.0,1.0,3378619486.0,3376000000.0,3416100000.0,2.585,474626000000.0,0.0,956000000.0,0.0,140.588,
58,WFC,MRQ,2006-12-31,2006-12-31,2006-12-31,2021-09-08,302000000.0,481996000000.0,,,,,13.557,0.0,21106000000.0,21106000000.0,0.0,2119000000.0,,9.521,99974000000.0,,,99974000000.0,0.0,971000000.0,310243000000.0,0.03,0.28,3181000000.0,4152000000.0,0.478,4152000000.0,3181000000.0,3181000000.0,0.63,0.62,0.63,45814000000.0,,45814000000.0,201270306830.0,16.0,12.682,6204000000.0,1.836,1.0,8687000000.0,1.0,11275000000.0,0.0,549589000000.0,,0.0,415374000000.0,,,436182000000.0,,,120049306830.0,2437000000.0,-100000000.0,-54000000.0,2274000000.0,-946000000.0,-2989000000.0,-778000000.0,-1504000000.0,6204000000.0,0.0,2119000000.0,2119000000.0,2119000000.0,0.0,0.0,0.244,5349000000.0,3338000000.0,0.0,0.444,2.62,14.258,14.224,4698000000.0,0.0,35.56,3.585,3.577,0.0,35215000000.0,8687000000.0,8687000000.0,0.0,,,,,-22000000.0,5904000000.0,1.0,3375964759.0,3379400000.0,3423900000.0,2.571,470721000000.0,0.0,1062000000.0,0.0,139.291,
59,WFC,MRQ,2006-09-30,2006-09-30,2006-09-30,2021-09-08,633000000.0,483441000000.0,,,,,13.305,0.0,16670000000.0,16670000000.0,0.0,2194000000.0,,9.776,97891000000.0,,,97891000000.0,0.0,976000000.0,314319000000.0,0.029,0.28,3240000000.0,4216000000.0,0.507,4216000000.0,3240000000.0,3240000000.0,0.65,0.64,0.65,44862000000.0,,44862000000.0,199766019962.0,16.0,12.656,1529000000.0,0.453,1.0,8321000000.0,1.0,11192000000.0,0.0,553470000000.0,,0.0,420197000000.0,,,438579000000.0,,,121826019962.0,-1478000000.0,-194000000.0,107000000.0,570000000.0,-3000000.0,-11472000000.0,8465000000.0,7825000000.0,1529000000.0,0.0,2194000000.0,2194000000.0,2194000000.0,0.0,0.0,0.264,4926000000.0,3395000000.0,0.0,0.431,2.716,14.801,14.828,4645000000.0,0.0,36.18,3.738,3.743,0.0,34080000000.0,8321000000.0,8321000000.0,0.0,,,,,-45000000.0,2878000000.0,1.0,3367220010.0,3371900000.0,3416000000.0,2.468,472249000000.0,0.0,1046000000.0,0.0,140.054,
60,WFC,MRQ,2006-06-30,2006-06-30,2006-06-30,2021-09-08,155000000.0,499516000000.0,,,,,12.454,0.0,19436000000.0,19436000000.0,0.0,2089000000.0,,10.923,97376000000.0,,,97376000000.0,0.0,734000000.0,326452000000.0,0.031,0.26,3181000000.0,3915000000.0,0.468,3915000000.0,3181000000.0,3181000000.0,0.62,0.61,0.62,41894000000.0,,41894000000.0,200367340327.0,17.0,12.893,3586000000.0,1.066,1.0,8357000000.0,1.0,11091000000.0,0.0,566365000000.0,,0.0,431668000000.0,,,457622000000.0,,,112695340327.0,845000000.0,-66000000.0,-93000000.0,-8665000000.0,-1818000000.0,7607000000.0,-10348000000.0,-7892000000.0,3586000000.0,0.0,2089000000.0,2089000000.0,2089000000.0,0.0,0.0,0.25,5019000000.0,3338000000.0,0.0,0.419,2.69,14.066,14.092,4529000000.0,0.0,33.54,3.507,3.511,0.0,31964000000.0,8357000000.0,8357000000.0,0.0,,,,,-26000000.0,2870000000.0,1.0,3360028036.0,3363800000.0,3404400000.0,2.484,488425000000.0,0.0,1092000000.0,0.0,145.2,
61,WFC,MRQ,2006-03-31,2006-03-31,2006-03-31,2021-09-08,576000000.0,492428000000.0,,,,,12.495,0.0,18178000000.0,18178000000.0,0.0,2018000000.0,,10.735,105850000000.0,,,105850000000.0,0.0,540000000.0,308305000000.0,0.032,0.26,3048000000.0,3588000000.0,0.442,3588000000.0,3048000000.0,3048000000.0,0.6,0.6,0.6,41961000000.0,,41961000000.0,189896181738.0,16.0,12.305,16657000000.0,4.96,1.0,8122000000.0,1.0,11050000000.0,0.0,569050000000.0,,0.0,422048000000.0,,,450467000000.0,,,107039181738.0,-2173000000.0,-266000000.0,-161000000.0,2311000000.0,-874000000.0,-4909000000.0,-13921000000.0,-12300000000.0,16657000000.0,0.0,2018000000.0,2018000000.0,2018000000.0,0.0,0.0,0.248,4913000000.0,3209000000.0,0.0,0.433,2.551,13.665,13.706,4493000000.0,0.0,31.935,3.433,3.439,0.0,31750000000.0,8122000000.0,8122000000.0,0.0,,,,,0.0,2932000000.0,1.0,3351782738.0,3358300000.0,3395700000.0,2.418,481378000000.0,0.0,1030000000.0,0.0,143.34,
62,WFC,MRQ,2005-12-31,2005-12-31,2005-12-31,2021-09-08,665000000.0,481741000000.0,,,,,12.135,0.0,20703000000.0,20703000000.0,0.0,1930000000.0,,10.848,103560000000.0,,,103560000000.0,0.0,1159000000.0,314450000000.0,0.032,0.26,2906000000.0,4065000000.0,0.522,4065000000.0,2906000000.0,2906000000.0,0.57,0.57,0.57,40660000000.0,,40660000000.0,187110100510.0,16.0,11.911,-6221000000.0,-1.857,1.0,7789000000.0,1.0,10787000000.0,0.0,553811000000.0,,0.0,413362000000.0,,,441081000000.0,,,105067100510.0,1466000000.0,12000000.0,-308000000.0,3730000000.0,-870000000.0,26102000000.0,-18415000000.0,-18744000000.0,-6221000000.0,0.0,1930000000.0,1930000000.0,1930000000.0,0.0,0.0,0.248,4722000000.0,3067000000.0,0.0,0.456,2.584,13.697,13.839,4417000000.0,0.0,31.415,3.437,3.466,0.0,30580000000.0,7789000000.0,7789000000.0,0.0,,,,,0.0,2713000000.0,1.0,3344488318.0,3350600000.0,3387500000.0,2.325,470954000000.0,0.0,976000000.0,0.0,140.558,
63,WFC,MRQ,2005-09-30,2005-09-30,2005-09-30,2021-09-08,721000000.0,453494000000.0,,,,,11.808,0.0,19792000000.0,19792000000.0,0.0,1975000000.0,,10.384,101835000000.0,,,101835000000.0,0.0,1000000000.0,289029000000.0,0.033,0.26,2973000000.0,3973000000.0,0.505,3973000000.0,2973000000.0,2973000000.0,0.59,0.58,0.59,39835000000.0,,39835000000.0,180005119342.0,16.0,11.76,-11936000000.0,-3.538,1.0,7862000000.0,1.0,10776000000.0,0.0,524761000000.0,,0.0,392719000000.0,,,413659000000.0,,,98868119342.0,-31000000.0,60000000.0,-710000000.0,836000000.0,-879000000.0,12809000000.0,-904000000.0,-391000000.0,-11936000000.0,0.0,1975000000.0,1975000000.0,1975000000.0,0.0,0.0,0.251,4730000000.0,3132000000.0,0.0,0.441,2.482,13.137,13.132,4223000000.0,0.0,29.285,3.244,3.241,0.0,29636000000.0,7862000000.0,7862000000.0,0.0,,,,,0.0,2698000000.0,1.0,3376066906.0,3373500000.0,3410600000.0,2.331,442718000000.0,0.0,998000000.0,0.0,131.234,
64,WFC,MRQ,2005-06-30,2005-06-30,2005-06-30,2021-09-08,771000000.0,434981000000.0,,,,,11.637,0.0,19623000000.0,19623000000.0,0.0,1910000000.0,,10.074,100760000000.0,,,100760000000.0,0.0,949000000.0,275013000000.0,0.031,0.24,2857000000.0,3806000000.0,0.514,3806000000.0,2857000000.0,2857000000.0,0.57,0.56,0.57,39278000000.0,,39278000000.0,187009206302.0,17.0,12.575,1143000000.0,0.339,1.0,7411000000.0,1.0,10647000000.0,0.0,505471000000.0,,0.0,376081000000.0,,,395703000000.0,,,103906206302.0,495000000.0,-11000000.0,-480000000.0,-615000000.0,-811000000.0,-39000000.0,-609000000.0,-772000000.0,1143000000.0,0.0,1910000000.0,1910000000.0,1910000000.0,0.0,0.0,0.258,4397000000.0,3014000000.0,0.0,0.421,2.645,14.236,14.288,4156000000.0,0.0,30.79,3.519,3.52,0.0,28567000000.0,7411000000.0,7411000000.0,0.0,,,,,0.0,2556000000.0,1.0,3374673800.0,3375400000.0,3414400000.0,2.196,424334000000.0,0.0,947000000.0,0.0,125.714,
65,WFC,MRQ,2005-03-31,2005-03-31,2005-03-31,2021-09-08,693000000.0,435643000000.0,,,,,11.347,0.0,18251000000.0,18251000000.0,0.0,1856000000.0,,10.322,101354000000.0,,,101354000000.0,0.0,1053000000.0,273163000000.0,0.032,0.24,2812000000.0,3865000000.0,0.515,3865000000.0,2812000000.0,2812000000.0,0.545,0.54,0.545,38477000000.0,,38477000000.0,179025925623.0,16.0,12.344,5029000000.0,1.483,1.0,7504000000.0,1.0,10645000000.0,0.0,508101000000.0,,0.0,376442000000.0,,,397166000000.0,,,101406925623.0,564000000.0,5000000.0,-294000000.0,5824000000.0,-815000000.0,3024000000.0,-7489000000.0,-4696000000.0,5029000000.0,0.0,1856000000.0,1856000000.0,1856000000.0,0.0,0.0,0.247,4534000000.0,2970000000.0,0.0,0.44,2.636,14.277,14.272,3898000000.0,0.0,29.9,3.484,3.484,0.0,27512000000.0,7504000000.0,7504000000.0,0.0,,,,,0.0,2801000000.0,1.0,3391535974.0,3390800000.0,3431400000.0,2.213,424998000000.0,0.0,956000000.0,0.0,125.339,
66,WFC,MRQ,2004-12-31,2004-12-31,2004-12-31,2021-09-08,950000000.0,427849000000.0,,,,,11.186,0.0,17923000000.0,17923000000.0,0.0,1785000000.0,,10.299,95542000000.0,,,95542000000.0,0.0,930000000.0,274858000000.0,0.03,0.24,2732000000.0,3662000000.0,0.475,3662000000.0,2732000000.0,2732000000.0,0.525,0.525,0.525,37866000000.0,,37866000000.0,187498682651.0,17.0,13.187,-12397000000.0,-3.662,1.0,7703000000.0,1.0,10681000000.0,0.0,494787000000.0,,0.0,372904000000.0,,,389983000000.0,,,105149682651.0,-346000000.0,-287000000.0,75000000.0,34000000.0,-813000000.0,5226000000.0,6825000000.0,4314000000.0,-12397000000.0,0.0,1785000000.0,1785000000.0,1785000000.0,0.0,0.0,0.232,4807000000.0,2896000000.0,0.0,0.457,2.777,14.991,15.012,3850000000.0,0.0,31.075,3.71,3.711,0.0,26482000000.0,7703000000.0,7703000000.0,0.0,,,,,0.0,2600000000.0,1.0,3383738782.0,3385000000.0,3430600000.0,2.276,417168000000.0,0.0,947000000.0,0.0,123.24,
67,WFC,MRQ,2004-09-30,2004-09-30,2004-09-30,2021-09-08,914000000.0,421549000000.0,,,,,10.859,0.0,18278000000.0,18278000000.0,0.0,1748000000.0,,10.493,95598000000.0,,,95598000000.0,0.0,849000000.0,268787000000.0,0.031,0.24,2690000000.0,3539000000.0,0.512,3539000000.0,2690000000.0,2690000000.0,0.515,0.51,0.515,36680000000.0,,36680000000.0,182681595562.0,17.0,13.211,13689000000.0,4.053,1.0,6910000000.0,1.0,10431000000.0,0.0,488438000000.0,,0.0,365741000000.0,,,384869000000.0,,,100694595562.0,-200000000.0,1000000.0,-8000000.0,-90000000.0,-811000000.0,4000000.0,-13893000000.0,-12372000000.0,13689000000.0,0.0,1748000000.0,1748000000.0,1748000000.0,0.0,0.0,0.253,4062000000.0,2848000000.0,0.0,0.466,2.745,14.687,14.723,3722000000.0,0.0,29.815,3.646,3.647,0.0,25564000000.0,6910000000.0,6910000000.0,0.0,,,,,0.0,2336000000.0,1.0,3377313284.0,3377800000.0,3417400000.0,2.046,411118000000.0,0.0,942000000.0,0.0,121.712,
68,WFC,MRQ,2004-06-30,2004-06-30,2004-06-30,2021-09-08,735000000.0,420305000000.0,,,,,10.508,0.0,17671000000.0,17671000000.0,0.0,1714000000.0,,10.847,95436000000.0,,,95436000000.0,0.0,804000000.0,268125000000.0,0.031,0.225,2633000000.0,3437000000.0,0.492,3437000000.0,2633000000.0,2633000000.0,0.51,0.5,0.51,35478000000.0,,35478000000.0,176393597183.0,17.0,13.03,-182000000.0,-0.054,1.0,6986000000.0,1.0,10430000000.0,0.0,487640000000.0,,0.0,365892000000.0,,,384827000000.0,,,96578597183.0,-523000000.0,-14000000.0,-700000000.0,1987000000.0,-761000000.0,20167000000.0,-20508000000.0,-20287000000.0,-182000000.0,0.0,1714000000.0,1714000000.0,1714000000.0,0.0,0.0,0.245,4197000000.0,2789000000.0,0.0,0.441,2.722,14.484,14.489,3627000000.0,0.0,28.615,3.497,3.498,0.0,24669000000.0,6986000000.0,6986000000.0,0.0,,,,,0.0,2261000000.0,1.0,3375103868.0,3376200000.0,3416600000.0,2.069,409875000000.0,0.0,919000000.0,0.0,121.401,
69,WFC,MRQ,2004-03-31,2004-03-31,2004-03-31,2021-09-08,1057000000.0,397354000000.0,,,,,10.428,0.0,17178000000.0,17178000000.0,0.0,1767000000.0,,10.211,93787000000.0,,,93787000000.0,0.0,866000000.0,248369000000.0,0.029,0.225,2714000000.0,3580000000.0,0.531,3580000000.0,2714000000.0,2714000000.0,0.52,0.515,0.52,35442000000.0,,35442000000.0,169046686613.0,17.0,12.252,5375000000.0,1.582,1.0,6743000000.0,1.0,10403000000.0,0.0,463560000000.0,,0.0,344215000000.0,,,361912000000.0,,,96292686613.0,-1575000000.0,-31000000.0,-284000000.0,5127000000.0,-765000000.0,4908000000.0,-11858000000.0,-10661000000.0,5375000000.0,0.0,1767000000.0,1767000000.0,1767000000.0,0.0,0.0,0.262,3874000000.0,2869000000.0,0.0,0.433,2.717,14.865,14.758,3545000000.0,0.0,28.335,3.548,3.549,0.0,23796000000.0,6743000000.0,6743000000.0,0.0,,,,,0.0,2364000000.0,1.0,3398365506.0,3398600000.0,3442400000.0,1.984,386951000000.0,0.0,947000000.0,0.0,113.856,
70,WFC,MRQ,2003-12-31,2003-12-31,2003-12-31,2021-09-08,938000000.0,387798000000.0,,,,,10.196,0.0,19280000000.0,19280000000.0,0.0,1624000000.0,,10.251,88301000000.0,,,88301000000.0,0.0,790000000.0,247527000000.0,0.025,0.225,2482000000.0,3272000000.0,0.469,3272000000.0,2482000000.0,2482000000.0,0.48,0.475,0.48,34469000000.0,,34469000000.0,172386597586.0,18.0,12.508,29280000000.0,8.661,1.0,6979000000.0,1.0,10371000000.0,0.0,446448000000.0,,0.0,334484000000.0,,,353329000000.0,,,99643597586.0,124000000.0,-36000000.0,207000000.0,-474000000.0,-763000000.0,-6967000000.0,-22189000000.0,-25689000000.0,29280000000.0,0.0,1627000000.0,1627000000.0,1627000000.0,0.0,-3000000.0,0.233,4339000000.0,2640000000.0,0.0,0.469,2.891,16.066,15.959,3534000000.0,0.0,29.445,3.737,3.712,0.0,22842000000.0,6979000000.0,6979000000.0,0.0,,,,,0.0,2453000000.0,1.0,3384058332.0,3380800000.0,3424400000.0,2.064,377427000000.0,0.0,855000000.0,0.0,111.638,
71,WFC,MRQ,2003-09-30,2003-09-30,2003-09-30,2021-09-08,572000000.0,390750000000.0,,,,,9.639,0.0,15423000000.0,15423000000.0,0.0,1561000000.0,,11.085,88166000000.0,,,88166000000.0,0.0,917000000.0,251436000000.0,0.026,0.225,2331000000.0,3248000000.0,0.47,3248000000.0,2331000000.0,2331000000.0,0.465,0.46,0.465,32333000000.0,,32333000000.0,156231910566.0,17.0,11.187,4670000000.0,1.392,1.0,6907000000.0,1.0,9849000000.0,0.0,453644000000.0,,0.0,325638000000.0,,,358417000000.0,,,86495910566.0,-622000000.0,-48000000.0,-173000000.0,2455000000.0,-756000000.0,21995000000.0,-27287000000.0,-24031000000.0,4670000000.0,0.0,1560000000.0,1560000000.0,1560000000.0,0.0,1000000.0,0.226,4400000000.0,2507000000.0,0.0,0.484,2.675,14.297,14.306,3517000000.0,0.0,25.75,3.336,3.332,0.0,22064000000.0,6907000000.0,6907000000.0,0.0,,,,,0.0,2140000000.0,1.0,3359064488.0,3354400000.0,3387800000.0,2.059,380901000000.0,0.0,771000000.0,0.0,113.553,
72,WFC,MRQ,2003-06-30,2003-06-30,2003-06-30,2021-09-08,1185000000.0,369583000000.0,,,,,9.619,0.0,16045000000.0,16045000000.0,0.0,1525000000.0,,10.465,85781000000.0,,,85781000000.0,0.0,1348000000.0,230884000000.0,0.023,0.15,2350000000.0,3698000000.0,0.568,3698000000.0,2350000000.0,2350000000.0,0.455,0.45,0.455,32236000000.0,,32236000000.0,151477549443.0,16.0,10.845,4430000000.0,1.322,1.0,6509000000.0,1.0,9803000000.0,0.0,429516000000.0,,0.0,304520000000.0,,,337347000000.0,,,84425549443.0,34000000.0,-5000000.0,35000000.0,2032000000.0,-504000000.0,-2743000000.0,-1653000000.0,-6622000000.0,4430000000.0,0.0,1524000000.0,1524000000.0,1524000000.0,0.0,1000000.0,0.234,3980000000.0,2529000000.0,0.0,0.33,2.619,14.232,14.318,3604000000.0,0.0,25.2,3.398,3.399,0.0,21281000000.0,6509000000.0,6509000000.0,0.0,,,,,0.0,2098000000.0,1.0,3350220216.0,3351400000.0,3381200000.0,1.942,359780000000.0,0.0,826000000.0,0.0,107.352,
73,WFC,MRQ,2003-03-31,2003-03-31,2003-03-31,2021-09-08,913000000.0,369607000000.0,,,,,9.138,0.0,16011000000.0,16011000000.0,0.0,1492000000.0,,11.027,83063000000.0,,,83063000000.0,0.0,1250000000.0,235874000000.0,0.025,0.15,2313000000.0,3563000000.0,0.568,3563000000.0,2313000000.0,2313000000.0,0.445,0.44,0.445,30732000000.0,,30732000000.0,141417062939.0,16.0,10.539,-7185000000.0,-2.136,1.0,6271000000.0,1.0,9799000000.0,0.0,426860000000.0,,0.0,303000000000.0,,,338875000000.0,,,75586062939.0,-1809000000.0,-733000000.0,-607000000.0,-655000000.0,-507000000.0,17226000000.0,-11850000000.0,-9931000000.0,-7185000000.0,0.0,1491000000.0,1491000000.0,1491000000.0,0.0,1000000.0,0.238,3770000000.0,2501000000.0,0.0,0.337,2.46,12.976,13.078,3680000000.0,0.0,22.495,3.13,3.133,0.0,20310000000.0,6271000000.0,6271000000.0,0.0,,,,,0.0,2125000000.0,1.0,3360127270.0,3363000000.0,3388200000.0,1.865,359808000000.0,0.0,822000000.0,0.0,106.99,
74,WFC,MRQ,2002-12-31,2002-12-31,2002-12-31,2021-09-08,976000000.0,349197000000.0,,,,,8.969,0.0,17820000000.0,17820000000.0,0.0,1472000000.0,,10.517,83651000000.0,,,83651000000.0,0.0,1169000000.0,216916000000.0,0.023,0.14,2287000000.0,3456000000.0,0.554,3456000000.0,2287000000.0,2287000000.0,0.435,0.43,0.435,30319000000.0,,30319000000.0,142564859740.0,17.0,11.073,-9052000000.0,-2.678,1.0,6239000000.0,1.0,9753000000.0,0.0,405275000000.0,,0.0,282088000000.0,,,318878000000.0,,,79298859740.0,2007000000.0,38000000.0,-661000000.0,4585000000.0,-475000000.0,14595000000.0,-3536000000.0,-7694000000.0,-9052000000.0,0.0,1475000000.0,1475000000.0,1475000000.0,0.0,-3000000.0,0.236,3770000000.0,2469000000.0,0.0,0.322,2.615,14.593,13.991,3688000000.0,0.0,23.435,3.365,3.383,0.0,19355000000.0,6239000000.0,6239000000.0,0.0,,,,,0.0,1975000000.0,1.0,3383778952.0,3380600000.0,3408400000.0,1.846,339444000000.0,0.0,812000000.0,0.0,100.409,
75,WFC,MRQ,2002-09-30,2002-09-30,2002-09-30,2021-09-08,1070000000.0,334179000000.0,,,,,8.828,0.0,15813000000.0,15813000000.0,0.0,1443000000.0,,10.129,79079000000.0,,,79079000000.0,0.0,1016000000.0,205756000000.0,0.022,0.14,2235000000.0,3251000000.0,0.558,3251000000.0,2235000000.0,2235000000.0,0.425,0.42,0.425,30029000000.0,,30029000000.0,142015825717.0,17.0,10.807,-15068000000.0,-4.43,1.0,5830000000.0,1.0,9744000000.0,0.0,387701000000.0,,0.0,267302000000.0,,,304150000000.0,,,81811825717.0,1112000000.0,-34000000.0,-637000000.0,4071000000.0,-477000000.0,15605000000.0,575000000.0,3106000000.0,-15068000000.0,0.0,1442000000.0,1442000000.0,1442000000.0,0.0,1000000.0,0.247,3407000000.0,2423000000.0,0.0,0.329,2.724,15.957,15.145,3664000000.0,0.0,24.08,3.473,3.477,0.0,18396000000.0,5830000000.0,5830000000.0,0.0,,,,,0.0,1924000000.0,1.0,3397501068.0,3401400000.0,3435600000.0,1.714,324435000000.0,0.0,793000000.0,0.0,95.383,
76,WFC,MRQ,2002-06-30,2002-06-30,2002-06-30,2021-09-08,919000000.0,314735000000.0,,,,,8.619,0.0,14701000000.0,14701000000.0,0.0,1418000000.0,,9.674,74905000000.0,,,74905000000.0,0.0,951000000.0,193211000000.0,0.021,0.14,2198000000.0,3149000000.0,0.542,3149000000.0,2198000000.0,2198000000.0,0.415,0.41,0.415,29485000000.0,,29485000000.0,148209395856.0,19.0,11.897,3679000000.0,1.075,1.0,5809000000.0,1.0,9724000000.0,0.0,365215000000.0,,0.0,253087000000.0,,,285250000000.0,,,85636395856.0,142000000.0,52000000.0,-140000000.0,-2207000000.0,-480000000.0,511000000.0,-4048000000.0,-2775000000.0,3679000000.0,0.0,1417000000.0,1417000000.0,1417000000.0,0.0,1000000.0,0.244,3405000000.0,2404000000.0,0.0,0.337,2.904,17.675,16.631,3638000000.0,0.0,25.03,3.764,3.763,0.0,17488000000.0,5809000000.0,5809000000.0,0.0,,,,,0.0,1972000000.0,1.0,3421350214.0,3420800000.0,3461600000.0,1.698,305011000000.0,0.0,781000000.0,0.0,89.164,
77,WFC,MRQ,2002-03-31,2002-03-31,2002-03-31,2021-09-08,676000000.0,311444000000.0,,,,,8.305,0.0,14559000000.0,14559000000.0,0.0,1101000000.0,,10.011,77132000000.0,,,77132000000.0,0.0,1161000000.0,189568000000.0,0.021,0.13,1858000000.0,3019000000.0,0.531,3019000000.0,1858000000.0,1858000000.0,0.405,0.4,0.405,28286000000.0,,28286000000.0,143628801903.0,26.0,14.397,4983000000.0,1.463,1.0,5689000000.0,1.0,9733000000.0,0.0,364284000000.0,,0.0,251089000000.0,,,283158000000.0,,,84284801903.0,-2409000000.0,-550000000.0,-17000000.0,-414000000.0,-445000000.0,-2926000000.0,-4466000000.0,-4719000000.0,4983000000.0,0.0,1100000000.0,1100000000.0,1100000000.0,0.0,1000000.0,0.193,3328000000.0,2361000000.0,0.0,0.321,2.98,25.258,23.192,3660000000.0,0.0,24.7,4.2,4.192,0.0,16568000000.0,5689000000.0,5689000000.0,0.0,,,,,0.0,1910000000.0,1.0,3412340158.0,3406000000.0,3437800000.0,1.67,301711000000.0,0.0,758000000.0,0.0,88.582,
78,WFC,MRQ,2001-12-31,2001-12-31,2001-12-31,2021-09-08,752000000.0,307506000000.0,,,,,8.009,0.0,16968000000.0,16968000000.0,0.0,1169000000.0,,10.316,76312000000.0,,,76312000000.0,0.0,1853000000.0,187266000000.0,0.023,0.13,1869000000.0,3722000000.0,0.598,3722000000.0,1869000000.0,1869000000.0,0.345,0.34,0.345,27175000000.0,,27175000000.0,134461703193.0,25.0,14.443,-6925000000.0,-2.041,1.0,6226000000.0,1.0,10540000000.0,0.0,356310000000.0,,0.0,247608000000.0,,,280331000000.0,,,73690703193.0,1177000000.0,-75000000.0,-474000000.0,-207000000.0,-442000000.0,9138000000.0,-1036000000.0,-2171000000.0,-6925000000.0,0.0,1168000000.0,1168000000.0,1168000000.0,0.0,1000000.0,0.188,3453000000.0,2773000000.0,0.0,0.377,2.712,21.693,21.844,3549000000.0,0.0,21.735,3.827,3.86,0.0,15966000000.0,6226000000.0,6226000000.0,0.0,,,,,0.0,1731000000.0,1.0,3390416526.0,3393200000.0,3417800000.0,1.835,296966000000.0,0.0,701000000.0,0.0,87.518,
79,WFC,MRQ,2001-09-30,2001-09-30,2001-09-30,2021-09-08,969000000.0,298100000000.0,,,,,7.986,0.0,15791000000.0,15791000000.0,0.0,1164000000.0,,9.911,76562000000.0,,,76562000000.0,0.0,730000000.0,176762000000.0,0.022,0.13,1838000000.0,2568000000.0,0.511,2568000000.0,1838000000.0,1838000000.0,0.34,0.335,0.34,27322000000.0,,27322000000.0,128086929027.0,24.0,14.169,2264000000.0,0.662,1.0,5029000000.0,1.0,10657000000.0,0.0,348214000000.0,,0.0,242635000000.0,,,270778000000.0,,,76100929027.0,-175000000.0,-120000000.0,-414000000.0,8654000000.0,-449000000.0,6251000000.0,-8690000000.0,-6069000000.0,2264000000.0,0.0,1160000000.0,1160000000.0,1160000000.0,0.0,4000000.0,0.231,3187000000.0,1842000000.0,0.0,0.382,2.785,22.785,22.679,3534000000.0,0.0,22.225,3.981,3.978,0.0,15281000000.0,5029000000.0,5029000000.0,0.0,,,,,0.0,1700000000.0,1.0,3424113792.0,3421200000.0,3453800000.0,1.47,287443000000.0,0.0,678000000.0,0.0,84.018,
80,WFC,MRQ,2001-06-30,2001-06-30,2001-06-30,2021-09-08,1054000000.0,289758000000.0,,,,,7.89,0.0,15966000000.0,15966000000.0,0.0,-87000000.0,,9.708,67952000000.0,,,67952000000.0,0.0,800000000.0,178258000000.0,0.02,0.12,-133000000.0,667000000.0,0.213,667000000.0,-133000000.0,-133000000.0,-0.025,-0.025,-0.025,27061000000.0,,27061000000.0,129046737126.0,26.0,15.629,-3629000000.0,-1.058,1.0,3126000000.0,1.0,10700000000.0,0.0,331044000000.0,,0.0,238434000000.0,,,262697000000.0,,,79682737126.0,443000000.0,-157000000.0,-338000000.0,2955000000.0,-417000000.0,9248000000.0,-5176000000.0,-6667000000.0,-3629000000.0,0.0,-91000000.0,-91000000.0,-91000000.0,0.0,4000000.0,-0.029,3255000000.0,-129000000.0,0.0,-4.8,2.945,26.596,26.381,3531000000.0,0.0,23.215,4.309,4.306,0.0,14616000000.0,3126000000.0,3126000000.0,0.0,,,,,0.0,1710000000.0,1.0,3432381526.0,3429800000.0,3429800000.0,0.911,279058000000.0,0.0,-42000000.0,0.0,81.363,
81,WFC,MRQ,2001-03-31,2001-03-31,2001-03-31,2021-09-08,122000000.0,279670000000.0,,,,,7.828,0.0,15523000000.0,15523000000.0,0.0,1165000000.0,,9.41,64887000000.0,,,64887000000.0,0.0,481000000.0,171321000000.0,0.019,0.12,1873000000.0,2354000000.0,0.483,2354000000.0,1873000000.0,1873000000.0,0.34,0.335,0.34,26865000000.0,,26865000000.0,129881053561.0,19.0,13.482,-1822000000.0,-0.531,1.0,4873000000.0,1.0,10415000000.0,0.0,318619000000.0,,0.0,228022000000.0,,,252805000000.0,,,84889053561.0,-1455000000.0,1084000000.0,-50000000.0,2924000000.0,-416000000.0,4212000000.0,-3845000000.0,-4026000000.0,-1822000000.0,0.0,1161000000.0,1161000000.0,1161000000.0,0.0,4000000.0,0.238,2996000000.0,1877000000.0,0.0,0.353,3.16,20.604,20.442,3429000000.0,0.0,24.735,4.268,4.268,0.0,15176000000.0,4873000000.0,4873000000.0,0.0,,,,,0.0,1729000000.0,1.0,3431940714.0,3431800000.0,3477400000.0,1.42,269255000000.0,0.0,712000000.0,0.0,78.459,
82,WFC,MRQ,2000-12-31,2000-12-31,2000-12-31,2021-09-08,524000000.0,272426000000.0,,,,,7.742,0.0,16978000000.0,16978000000.0,0.0,1114000000.0,,9.285,61970000000.0,,,61970000000.0,0.0,1643000000.0,169559000000.0,0.016,0.12,1808000000.0,3451000000.0,0.567,3451000000.0,1808000000.0,1808000000.0,0.325,0.32,0.325,26488000000.0,,26488000000.0,133647199920.0,21.0,14.282,5476000000.0,1.601,1.0,6088000000.0,1.0,10486000000.0,0.0,306932000000.0,,0.0,219618000000.0,,,245938000000.0,,,95185199920.0,1992000000.0,-523000000.0,-211000000.0,5528000000.0,-416000000.0,10535000000.0,-14019000000.0,-12697000000.0,5476000000.0,0.0,1110000000.0,1110000000.0,1110000000.0,0.0,4000000.0,0.182,3217000000.0,2871000000.0,0.0,0.369,3.594,23.826,23.698,3415000000.0,0.0,27.845,4.903,4.875,0.0,14541000000.0,6088000000.0,6088000000.0,0.0,,,,,0.0,1722000000.0,1.0,3418394682.0,3421200000.0,3463800000.0,1.779,261940000000.0,0.0,698000000.0,0.0,76.564,
83,WFC,MRQ,2000-09-30,2000-09-30,2000-09-30,2021-09-08,1701000000.0,261322000000.0,,,,,7.851,0.0,14986000000.0,14986000000.0,0.0,821000000.0,,8.746,57074000000.0,,,57074000000.0,0.0,409000000.0,164273000000.0,0.019,0.11,1376000000.0,1785000000.0,0.405,1785000000.0,1376000000.0,1376000000.0,0.24,0.235,0.24,26814000000.0,,26814000000.0,115193202956.0,17.0,13.855,-1621000000.0,-0.475,1.0,4405000000.0,1.0,10430000000.0,0.0,292980000000.0,,0.0,212658000000.0,,,234508000000.0,,,75633202956.0,-190000000.0,378000000.0,-407000000.0,-3598000000.0,-395000000.0,-701000000.0,2132000000.0,3547000000.0,-1621000000.0,0.0,816000000.0,816000000.0,816000000.0,0.0,5000000.0,0.185,3024000000.0,1381000000.0,0.0,0.458,2.821,18.398,19.549,3365000000.0,0.0,22.97,4.028,4.178,0.0,13895000000.0,4405000000.0,4405000000.0,0.0,,,,,0.0,1633000000.0,1.0,3292694948.0,3415400000.0,3456000000.0,1.29,250892000000.0,0.0,560000000.0,0.0,73.459,
84,WFC,MRQ,2000-06-30,2000-06-30,2000-06-30,2021-09-08,811000000.0,256622000000.0,,,,,7.381,0.0,15053000000.0,15053000000.0,0.0,1037000000.0,,9.331,60537000000.0,,,60537000000.0,0.0,376000000.0,159685000000.0,0.022,0.11,1668000000.0,2044000000.0,0.452,2044000000.0,1668000000.0,1668000000.0,0.305,0.305,0.305,24841000000.0,,24841000000.0,97225224982.0,14.0,11.426,-2851000000.0,-0.847,1.0,4524000000.0,1.0,10080000000.0,0.0,292026000000.0,,0.0,206736000000.0,,,231781000000.0,,,62434224982.0,2173000000.0,396000000.0,-1046000000.0,6230000000.0,-385000000.0,9122000000.0,-4098000000.0,-2937000000.0,-2851000000.0,0.0,1033000000.0,1033000000.0,1033000000.0,0.0,4000000.0,0.228,2852000000.0,1672000000.0,0.0,0.361,2.513,14.697,15.816,3328000000.0,0.0,19.375,3.408,3.559,0.0,13645000000.0,4524000000.0,4524000000.0,0.0,,,,,0.0,1592000000.0,1.0,3222411612.0,3365600000.0,3405200000.0,1.344,246542000000.0,0.0,635000000.0,0.0,73.254,
85,WFC,MRQ,2000-03-31,2000-03-31,2000-03-31,2021-09-08,1570000000.0,245567000000.0,,,,,7.473,0.0,13003000000.0,13003000000.0,0.0,1040000000.0,,8.684,54155000000.0,,,54155000000.0,0.0,421000000.0,155068000000.0,0.02,0.11,1659000000.0,2080000000.0,0.473,2080000000.0,1659000000.0,1659000000.0,0.305,0.305,0.305,25358000000.0,,25358000000.0,105078965954.0,16.0,12.086,5833000000.0,1.719,1.0,4399000000.0,1.0,9955000000.0,0.0,276764000000.0,,0.0,198307000000.0,,,220209000000.0,,,66173965954.0,-1115000000.0,231000000.0,-1152000000.0,-5976000000.0,-390000000.0,-897000000.0,-6051000000.0,-4828000000.0,5833000000.0,0.0,1036000000.0,1036000000.0,1036000000.0,0.0,4000000.0,0.236,2736000000.0,1663000000.0,0.0,0.361,2.61,15.996,16.979,3285000000.0,0.0,20.375,3.746,3.914,0.0,13085000000.0,4399000000.0,4399000000.0,0.0,,,,,0.0,1595000000.0,1.0,3247802010.0,3393400000.0,3422600000.0,1.296,235612000000.0,0.0,623000000.0,0.0,69.432,
86,WFC,MRQ,1999-12-31,1999-12-31,1999-12-31,2021-09-08,760000000.0,241053000000.0,,,,,6.252,0.0,14118000000.0,14118000000.0,0.0,1235000000.0,,9.098,59528000000.0,,,59528000000.0,0.0,479000000.0,145918000000.0,0.019,0.1,1926000000.0,2405000000.0,0.441,2405000000.0,1926000000.0,1926000000.0,0.325,0.32,0.325,23871000000.0,,23871000000.0,99347409840.0,16.0,11.99,3254000000.0,0.852,1.0,5448000000.0,1.0,9345000000.0,0.0,277118000000.0,,0.0,197666000000.0,,,217182000000.0,,,66414409840.0,1186000000.0,82000000.0,-1424000000.0,7820000000.0,-446000000.0,6845000000.0,-8913000000.0,-9866000000.0,3254000000.0,0.0,1226000000.0,1226000000.0,1226000000.0,0.0,9000000.0,0.225,3513000000.0,1935000000.0,0.0,0.308,2.782,16.7,17.431,3372000000.0,0.0,20.22,3.91,4.08,0.0,12565000000.0,5448000000.0,5448000000.0,0.0,,,,,0.0,1932000000.0,1.0,3284590002.0,3818000000.0,3875800000.0,1.427,231708000000.0,0.0,700000000.0,0.0,60.688,
87,WFC,MRQ,1999-09-30,1999-09-30,1999-09-30,2021-09-08,242000000.0,207060000000.0,,,,,6.728,0.0,12011000000.0,12011000000.0,0.0,962000000.0,,8.335,44944000000.0,,,44944000000.0,0.0,456000000.0,131557000000.0,0.019,0.1,1524000000.0,1980000000.0,0.501,1980000000.0,1524000000.0,1524000000.0,0.29,0.285,0.29,22182000000.0,,22182000000.0,94934528227.0,21.0,14.428,1799000000.0,0.546,1.0,3951000000.0,1.0,8954000000.0,0.0,231039000000.0,,0.0,168856000000.0,,,184878000000.0,,,65359528227.0,-622000000.0,-32000000.0,-14000000.0,2743000000.0,-338000000.0,990000000.0,-3411000000.0,-2213000000.0,1799000000.0,0.0,953000000.0,953000000.0,953000000.0,0.0,9000000.0,0.241,2418000000.0,1533000000.0,0.0,0.345,2.947,23.443,24.165,3124000000.0,0.0,19.815,4.117,4.115,0.0,10625000000.0,3951000000.0,3951000000.0,0.0,,,,,0.0,1382000000.0,1.0,3298487420.0,3297200000.0,3334200000.0,1.198,198106000000.0,0.0,571000000.0,0.0,60.083,
88,WFC,MRQ,1999-06-30,1999-06-30,1999-06-30,2021-09-08,-10000000.0,205421000000.0,,,,,6.472,0.0,12633000000.0,12633000000.0,0.0,931000000.0,,8.61,42208000000.0,,,42208000000.0,0.0,737000000.0,132542000000.0,0.018,0.1,1492000000.0,2229000000.0,0.577,2229000000.0,1492000000.0,1492000000.0,0.28,0.275,0.28,21375000000.0,,21375000000.0,97712395888.0,23.0,15.196,3083000000.0,0.933,1.0,3865000000.0,1.0,8979000000.0,0.0,226017000000.0,,0.0,165936000000.0,,,184046000000.0,,,70658395888.0,1269000000.0,-637000000.0,-196000000.0,3807000000.0,-339000000.0,4115000000.0,-5929000000.0,-5340000000.0,3083000000.0,0.0,922000000.0,922000000.0,922000000.0,0.0,9000000.0,0.239,2364000000.0,1501000000.0,0.0,0.357,3.306,27.515,28.311,3141000000.0,0.0,21.375,4.558,4.554,0.0,10028000000.0,3865000000.0,3865000000.0,0.0,,,,,0.0,1334000000.0,1.0,3305655948.0,3302800000.0,3344600000.0,1.17,196442000000.0,0.0,570000000.0,0.0,59.477,
89,WFC,MRQ,1999-03-31,1999-03-31,1999-03-31,2021-09-08,307000000.0,201430000000.0,,,,,6.459,0.0,11364000000.0,11364000000.0,0.0,884000000.0,,8.467,38418000000.0,,,38418000000.0,0.0,299000000.0,132340000000.0,0.021,0.092,1372000000.0,1671000000.0,0.449,1671000000.0,1372000000.0,1372000000.0,0.265,0.265,0.265,21276000000.0,,21276000000.0,81617716993.0,21.0,13.72,8139000000.0,2.471,1.0,3723000000.0,1.0,9184000000.0,0.0,219300000000.0,,0.0,162591000000.0,,,180154000000.0,,,57957716993.0,-1367000000.0,-213000000.0,21000000.0,1886000000.0,-313000000.0,-3836000000.0,-5670000000.0,-3572000000.0,8139000000.0,0.0,875000000.0,875000000.0,875000000.0,0.0,9000000.0,0.235,2342000000.0,1381000000.0,0.0,0.347,2.724,24.6,25.223,3130000000.0,0.0,17.53,3.794,3.78,0.0,9525000000.0,3723000000.0,3723000000.0,0.0,,,,,0.0,1301000000.0,1.0,3306201768.0,3294200000.0,3328400000.0,1.13,192246000000.0,0.0,497000000.0,0.0,58.359,
90,WFC,MRQ,1998-12-31,1998-12-31,1998-12-31,2021-09-08,463000000.0,202475000000.0,,,,,5.437,0.0,12731000000.0,12731000000.0,0.0,47000000.0,,8.754,36391000000.0,,,36391000000.0,0.0,585000000.0,136788000000.0,0.018,0.092,115000000.0,700000000.0,0.161,700000000.0,115000000.0,115000000.0,-0.015,-0.015,-0.015,20759000000.0,,20759000000.0,55708883760.0,15.0,9.505,-3319000000.0,-0.869,1.0,4338000000.0,1.0,9174000000.0,0.0,216961000000.0,,0.0,166546000000.0,,,181716000000.0,,,30711383760.0,1562000000.0,-247000000.0,614000000.0,2462000000.0,-362000000.0,11351000000.0,-6470000000.0,-3933000000.0,-3319000000.0,0.0,38000000.0,38000000.0,38000000.0,0.0,9000000.0,0.009,4214000000.0,124000000.0,0.0,-6.133,1.479,14.245,31.203,3130000000.0,0.0,19.97,2.051,4.502,0.0,9045000000.0,4338000000.0,4338000000.0,0.0,,,,,0.0,2094000000.0,1.0,1537876002.0,3818400000.0,3861000000.0,1.136,193301000000.0,0.0,77000000.0,0.0,50.624,
91,WFC,MRQ,1998-09-30,1998-09-30,1998-09-30,2021-09-08,462000000.0,195863000000.0,,,,,6.356,0.0,10985000000.0,10985000000.0,0.0,742000000.0,,8.527,36738000000.0,,,36738000000.0,0.0,609000000.0,129951000000.0,0.019,0.092,1221000000.0,1830000000.0,0.512,1830000000.0,1221000000.0,1221000000.0,0.225,0.225,0.225,20558000000.0,,20558000000.0,45806401434.0,7.0,5.143,-1219000000.0,-0.377,1.0,3577000000.0,1.0,9313000000.0,0.0,212303000000.0,,0.0,161934000000.0,,,175305000000.0,,,27185301434.0,-1098000000.0,230000000.0,-194000000.0,4720000000.0,-261000000.0,5467000000.0,-5346000000.0,-5348000000.0,-1219000000.0,0.0,733000000.0,733000000.0,733000000.0,0.0,9000000.0,0.205,2347000000.0,1230000000.0,0.0,0.409,1.322,7.596,23.667,3279000000.0,0.0,17.75,1.429,3.018,0.0,9552000000.0,3577000000.0,3577000000.0,0.0,,,,,0.0,1277000000.0,1.0,1531566278.0,3234600000.0,3281400000.0,1.106,186550000000.0,0.0,488000000.0,0.0,57.673,
92,WFC,MRQ,1998-06-30,1998-06-30,1998-06-30,2021-09-08,440000000.0,186084000000.0,,,,,6.259,0.0,12083000000.0,12083000000.0,0.0,719000000.0,,8.231,31562000000.0,,,31562000000.0,0.0,571000000.0,127245000000.0,0.018,0.083,1177000000.0,1748000000.0,0.48,1748000000.0,1177000000.0,1177000000.0,0.22,0.215,0.22,20158000000.0,,20158000000.0,49517117277.0,9.0,6.349,2167000000.0,0.673,1.0,3638000000.0,1.0,9465000000.0,0.0,196098000000.0,,0.0,151310000000.0,,,165926000000.0,,,27925117277.0,-894000000.0,302000000.0,-152000000.0,-2120000000.0,-243000000.0,-5705000000.0,2644000000.0,2521000000.0,2167000000.0,0.0,710000000.0,710000000.0,710000000.0,0.0,9000000.0,0.195,2452000000.0,1186000000.0,0.0,0.377,1.385,8.76,24.6,3290000000.0,0.0,18.45,1.635,3.48,0.0,9064000000.0,3638000000.0,3638000000.0,0.0,,,,,0.0,1287000000.0,1.0,1513556492.0,3220600000.0,3264400000.0,1.13,176619000000.0,0.0,467000000.0,0.0,54.84,
93,WFC,MRQ,1998-03-31,1998-03-31,1998-03-31,2021-09-08,404000000.0,190853000000.0,,,,,6.119,0.0,12977000000.0,12977000000.0,0.0,684000000.0,,8.653,33672000000.0,,,33672000000.0,0.0,466000000.0,130148000000.0,0.015,0.083,1117000000.0,1583000000.0,0.463,1583000000.0,1117000000.0,1117000000.0,0.21,0.205,0.21,19772000000.0,,19772000000.0,47900995982.0,10.0,7.048,-1865000000.0,-0.577,1.0,3422000000.0,1.0,9640000000.0,0.0,201908000000.0,,0.0,153812000000.0,,,171081000000.0,,,31503395982.0,-104000000.0,-23000000.0,-411000000.0,1744000000.0,-247000000.0,3336000000.0,-1575000000.0,-1572000000.0,-1865000000.0,0.0,675000000.0,675000000.0,675000000.0,0.0,9000000.0,0.197,2296000000.0,1126000000.0,0.0,0.395,1.593,11.215,27.893,3320000000.0,0.0,20.78,2.09,4.455,0.0,8668000000.0,3422000000.0,3422000000.0,0.0,,,,,0.0,1245000000.0,1.0,1516044080.0,3231400000.0,3278200000.0,1.059,181213000000.0,0.0,442000000.0,0.0,56.079,
94,WFC,MRQ,1997-12-31,1997-12-31,1997-12-31,2021-09-08,464000000.0,185685000000.0,,,,,6.05,144600000.0,13081000000.0,13081000000.0,0.0,1504100000.0,,8.388,32015000000.0,,,32015000000.0,0.0,1120100000.0,127656000000.0,0.016,0.083,2625900000.0,3746000000.0,0.447,3746000000.0,2625900000.0,2625900000.0,0.095,0.095,0.095,19778000000.0,,19778000000.0,46383681282.0,11.0,7.883,3043200000.0,0.931,1.0,8386400000.0,1.0,9799000000.0,0.0,194820000000.0,,0.0,149418000000.0,,,165907000000.0,,,29268481282.0,-952700000.0,178900000.0,-1693200000.0,1280500000.0,-617700000.0,-10417700000.0,6566400000.0,6185900000.0,2898600000.0,0.0,1461100000.0,1461100000.0,1461100000.0,0.0,43000000.0,0.174,5717500000.0,2668900000.0,0.0,0.874,1.48,11.917,25.833,3311000000.0,0.0,19.375,2.22,4.805,0.0,8292000000.0,8386400000.0,8386400000.0,0.0,,,,,0.0,2590500000.0,1.0,1510631292.0,3269200000.0,3315600000.0,2.565,175886000000.0,0.0,1164800000.0,0.0,53.801,
95,WFC,MRQ,1997-09-30,1997-09-30,1997-09-30,2021-09-08,437700000.0,85252200000.0,,,,,4.498,-58600000.0,4812000000.0,4812000000.0,0.0,341600000.0,,11.495,21927200000.0,,,21927200000.0,0.0,203700000.0,52532900000.0,0.019,0.075,518000000.0,721700000.0,0.443,721700000.0,518000000.0,518000000.0,0.225,0.22,0.225,6823000000.0,,6823000000.0,39963682136.0,,,-308700000.0,-0.203,1.0,1629300000.0,1.0,0.0,0.0,102367400000.0,,0.0,74167400000.0,,,78429200000.0,,,22956582136.0,295300000.0,-257000000.0,-59000000.0,-425200000.0,-116800000.0,-120000000.0,665400000.0,981000000.0,-250100000.0,0.0,341600000.0,341600000.0,341600000.0,0.0,0.0,0.21,1111300000.0,518000000.0,0.0,0.333,3.365,,,1257400000.0,0.0,15.312,,,0.0,4808400000.0,1629300000.0,1629300000.0,0.0,,,,,0.0,792900000.0,1.0,1499205364.0,1517000000.0,1517000000.0,1.074,85252200000.0,0.0,176400000.0,0.0,56.198,
96,WFC,MRQ,1997-06-30,1997-06-30,1997-06-30,2021-09-08,323600000.0,83856300000.0,,,,,4.284,-35800000.0,4516700000.0,4516700000.0,0.0,331400000.0,,11.887,21523800000.0,,,21523800000.0,0.0,231800000.0,51971400000.0,0.02,0.075,513700000.0,745500000.0,0.456,745500000.0,513700000.0,513700000.0,0.215,0.215,0.215,6507100000.0,,6507100000.0,36377665212.0,10.0,6.753,-2986700000.0,-1.966,1.0,1633400000.0,1.0,0.0,0.0,100863400000.0,,0.0,73520500000.0,,,77349200000.0,,,21090365212.0,-872200000.0,1500000.0,-151000000.0,840700000.0,-117000000.0,439100000.0,1639600000.0,1673900000.0,-2950900000.0,0.0,331400000.0,331400000.0,331400000.0,0.0,0.0,0.203,1119700000.0,513700000.0,0.0,0.349,3.241,9.417,18.876,1236400000.0,0.0,14.062,1.644,1.661,0.0,4661300000.0,1633400000.0,1633400000.0,0.0,,,,,0.0,755500000.0,1.0,1499759304.0,1518800000.0,1518800000.0,1.075,83856300000.0,0.0,182300000.0,0.0,55.212,
97,WFC,MRQ,1997-03-31,1997-03-31,1997-03-31,2021-09-08,97100000.0,83580300000.0,,,,,4.093,-50200000.0,5388900000.0,5388900000.0,0.0,321900000.0,,12.509,20676200000.0,,,20676200000.0,0.0,178400000.0,52025500000.0,0.024,0.075,492400000.0,670800000.0,0.437,670800000.0,492400000.0,492400000.0,0.215,0.21,0.215,6187200000.0,,6187200000.0,30564502856.0,,,2731200000.0,1.807,1.0,1533900000.0,1.0,0.0,0.0,98867600000.0,,0.0,72544100000.0,,,77393100000.0,,,17281002856.0,-1982400000.0,25600000.0,-29800000.0,-100000000.0,-116500000.0,-16400000.0,-4747400000.0,-4722800000.0,2781400000.0,0.0,321900000.0,321900000.0,321900000.0,0.0,0.0,0.21,1041500000.0,492400000.0,0.0,0.349,2.793,,,1237800000.0,0.0,11.562,,,0.0,4475300000.0,1533900000.0,1533900000.0,0.0,,,,,0.0,730100000.0,1.0,1494573220.0,1511600000.0,1511600000.0,1.015,83580300000.0,0.0,170500000.0,0.0,55.293,
98,WFC,MRQ,1996-12-31,1996-12-31,1996-12-31,2021-09-08,297100000.0,80175400000.0,,,,,1.952,112500000.0,7371300000.0,7371300000.0,,,,12.221,20654800000.0,,,20654800000.0,0.0,968300000.0,50130200000.0,0.024,0.068,,,,,,,,,,6064200000.0,,6064200000.0,,,,-1417600000.0,-0.456,1.0,,,0.0,,93458900000.0,,0.0,67301100000.0,,,74111200000.0,,,16253483768.0,8709000000.0,6086500000.0,-2173900000.0,543200000.0,-601200000.0,-4784500000.0,15023600000.0,9553600000.0,-1530100000.0,0.0,,,,,,,,,0.0,,2.68,7.584,15.761,1200900000.0,,10.875,1.301,2.705,0.0,4248200000.0,,,,,,,,0.0,,1.0,1494573220.0,3106600000.0,,,80175400000.0,0.0,,0.0,25.808,
99,WFC,MRQ,1996-09-30,1996-09-30,1996-09-30,2021-09-08,,,,,,,,-45300000.0,,,,,,,,,,,,192400000.0,,0.025,0.068,,,,,,,,,,,,,,,,2316400000.0,,1.0,,,,,,,,,,,,,,,156200000.0,-7700000.0,-56000000.0,-2085100000.0,-104700000.0,-1756900000.0,-448600000.0,-395600000.0,2361700000.0,0.0,,,,,,,,,,,,,,,,10.188,,,,,,,,,,,,0.0,,1.0,,,,,,,,,,
100,WFC,MRQ,1996-06-30,1996-06-30,1996-06-30,2021-09-08,,,,,,,,-40100000.0,,,0.0,285400000.0,,,,,,,,160100000.0,,0.028,0.068,459900000.0,620000000.0,0.421,620000000.0,459900000.0,459900000.0,0.19,0.19,0.19,,,,,,,2578100000.0,1.744,1.0,1471000000.0,1.0,,0.0,,,,,,,,,,,242400000.0,-2567300000.0,-58100000.0,836900000.0,-103200000.0,1388300000.0,-3764100000.0,-1156700000.0,2618200000.0,0.0,285400000.0,285400000.0,285400000.0,0.0,0.0,0.194,1011100000.0,459900000.0,,0.358,,,,,0.0,8.72,,,,,1471000000.0,1471000000.0,0.0,,,,,0.0,681400000.0,1.0,,1478400000.0,1478400000.0,0.995,,,174500000.0,,,
101,WFC,MRQ,1996-03-31,1996-03-31,1996-03-31,2021-09-08,,,,,,,,-27100000.0,,,0.0,271400000.0,,,,,,,,137200000.0,,0.025,0.06,412600000.0,549800000.0,0.406,549800000.0,412600000.0,412600000.0,0.185,0.185,0.185,,,,,,,668100000.0,0.463,1.0,1355800000.0,1.0,,0.0,,,,,,,,,,,-209600000.0,55500000.0,-26000000.0,-5000000.0,-90900000.0,-811900000.0,-92900000.0,-121300000.0,695200000.0,0.0,271400000.0,271400000.0,271400000.0,0.0,0.0,0.2,943200000.0,412600000.0,,0.324,,,,,0.0,9.188,,,,,1355800000.0,1355800000.0,0.0,,,,,0.0,664000000.0,1.0,,1443200000.0,1443200000.0,0.939,,,141200000.0,,,
102,WFC,MRQ,1995-12-31,1995-12-31,1995-12-31,2021-09-08,321300000.0,72134400000.0,,,,,4.004,,4946500000.0,4946500000.0,,,,12.579,22204000000.0,,,22204000000.0,0.0,,42028800000.0,0.027,0.06,,,,,,,,,,5312100000.0,,5312100000.0,,,,,,1.0,,,0.0,,89391900000.0,,0.0,62475100000.0,,,66822300000.0,,,,,,,,,,,,,,,,,,,,,,0.0,,,,11.871,1034100000.0,,8.25,,2.278,0.0,3496300000.0,,,,,,,,,,1.0,,1326800000.0,,,72134400000.0,0.0,,0.0,54.367,
0,WFC,MRT,2021-06-30,2021-06-30,2021-06-30,2021-09-08,-564000000.0,1945996000000.0,1945167500000.0,,,0.046,46.371,0.0,274173000000.0,274173000000.0,0.0,16953000000.0,,9.165,225291000000.0,,,225291000000.0,0.0,8847000000.0,1440472000000.0,0.009,0.4,18333000000.0,27180000000.0,0.307,27180000000.0,18333000000.0,18333000000.0,3.51,3.49,3.51,191262000000.0,186083250000.0,191262000000.0,142708453280.0,8.0,5.25,-42873000000.0,-10.394,1.0,88659000000.0,1.0,26194000000.0,0.0,1870920000000.0,1903381500000.0,0.0,1564431000000.0,,,1752869000000.0,,,187209453280.0,11670000000.0,0.0,-1936000000.0,-63836000000.0,-2857000000.0,-39431000000.0,93974000000.0,92484000000.0,-42873000000.0,0.0,15809000000.0,14468000000.0,14468000000.0,0.0,1144000000.0,0.163,57361000000.0,31298000000.0,0.0,0.114,0.979,12.94,12.903,8745000000.0,1341000000.0,45.29,2.112,2.107,0.0,171765000000.0,88659000000.0,88659000000.0,0.0,0.007,0.078,0.01,0.207,2288000000.0,49184000000.0,1.0,4133571501.0,4124600000.0,4156100000.0,21.495,1919802000000.0,0.0,2524000000.0,0.0,465.452,
1,WFC,MRT,2021-03-31,2021-03-31,2021-03-31,2021-09-08,-1250000000.0,1959543000000.0,1950860000000.0,,,0.044,45.208,0.0,286733000000.0,286733000000.0,0.0,6411000000.0,,9.461,242232000000.0,,,242232000000.0,0.0,8901000000.0,1437119000000.0,0.021,0.81,5001000000.0,13902000000.0,0.16,13902000000.0,5001000000.0,5001000000.0,1.11,1.1,1.11,187218000000.0,183114250000.0,187218000000.0,168856547870.0,34.0,12.146,-18692000000.0,-4.514,1.0,86675000000.0,1.0,26290000000.0,0.0,1888752000000.0,1928472500000.0,0.0,1559648000000.0,,,1771195000000.0,,,161519547870.0,135924000000.0,0.0,-176000000.0,-83478000000.0,-4489000000.0,-27769000000.0,182385000000.0,182052000000.0,-18692000000.0,0.0,5923000000.0,4565000000.0,4565000000.0,0.0,488000000.0,0.053,58571000000.0,28104000000.0,0.0,0.73,0.863,35.382,35.198,8760000000.0,1358000000.0,39.07,1.864,1.867,0.0,166772000000.0,86675000000.0,86675000000.0,0.0,0.002,0.025,0.003,0.058,2113000000.0,49506000000.0,1.0,4134106677.0,4141300000.0,4171000000.0,20.929,1933253000000.0,0.0,-922000000.0,0.0,466.823,
2,WFC,MRT,2020-12-31,2020-12-31,2020-12-31,2021-09-08,194000000.0,1952911000000.0,1956311500000.0,,,0.037,44.847,0.0,264612000000.0,264612000000.0,0.0,3586000000.0,,9.569,271949000000.0,,,271949000000.0,0.0,8736000000.0,1404381000000.0,0.04,1.22,296000000.0,9032000000.0,0.125,9032000000.0,296000000.0,296000000.0,0.42,0.41,0.42,184680000000.0,181989250000.0,184680000000.0,148943895253.0,503.0,16.491,2051000000.0,0.498,1.0,72340000000.0,1.0,26392000000.0,0.0,1933856000000.0,1989732000000.0,0.0,1565675000000.0,,,1767199000000.0,,,124778895253.0,123362000000.0,0.0,-2844000000.0,-72724000000.0,-6142000000.0,-1243000000.0,122554000000.0,121770000000.0,2051000000.0,0.0,3301000000.0,1710000000.0,1710000000.0,0.0,285000000.0,0.024,57630000000.0,14710000000.0,0.0,2.905,0.676,72.97,71.857,8895000000.0,1591000000.0,30.18,1.725,1.718,0.0,162683000000.0,72340000000.0,72340000000.0,0.0,0.001,0.009,0.0,0.004,1766000000.0,48479000000.0,1.0,4134489571.0,4118000000.0,4134200000.0,17.567,1926519000000.0,0.0,-3005000000.0,0.0,467.829,
3,WFC,MRT,2020-09-30,2020-09-30,2020-09-30,2021-09-08,-750000000.0,1922220000000.0,1949972500000.0,,,0.039,43.934,0.0,246770000000.0,246770000000.0,0.0,1850000000.0,,9.605,270935000000.0,,,270935000000.0,0.0,8375000000.0,1383215000000.0,0.069,1.63,1196000000.0,9571000000.0,0.126,9571000000.0,1196000000.0,1196000000.0,0.05,0.04,0.05,181173000000.0,182605750000.0,181173000000.0,125765307439.0,105.0,13.14,37239000000.0,9.03,1.0,75999000000.0,1.0,26387000000.0,0.0,1919998000000.0,2029422500000.0,0.0,1547557000000.0,,,1740188000000.0,,,96862307439.0,98039000000.0,0.0,-10242000000.0,-93829000000.0,-7830000000.0,-38716000000.0,99516000000.0,98152000000.0,37239000000.0,0.0,1715000000.0,148000000.0,148000000.0,0.0,135000000.0,0.002,58442000000.0,17557000000.0,0.0,32.6,0.535,654.475,470.2,8977000000.0,1567000000.0,23.51,1.275,1.276,0.0,160913000000.0,75999000000.0,75999000000.0,0.0,0.0,0.001,0.001,0.016,1726000000.0,48602000000.0,1.0,4120047105.0,4123800000.0,4132200000.0,18.429,1895833000000.0,0.0,-519000000.0,0.0,459.73,
4,WFC,MRT,2020-06-30,2020-06-30,2020-06-30,2021-09-08,-798000000.0,1968766000000.0,1955405000000.0,,,0.041,43.694,0.0,262503000000.0,262503000000.0,0.0,4443000000.0,,9.971,291406000000.0,,,291406000000.0,0.0,7833000000.0,1410711000000.0,0.08,2.04,4430000000.0,12263000000.0,0.155,12263000000.0,4430000000.0,4430000000.0,0.56,0.54,0.56,179386000000.0,185638500000.0,179386000000.0,283781937152.0,64.0,23.141,32840000000.0,7.999,1.0,79221000000.0,1.0,26385000000.0,0.0,1971284000000.0,2080270500000.0,0.0,1578423000000.0,,,1788644000000.0,,,104959937152.0,98076000000.0,0.0,-17632000000.0,-76118000000.0,-9633000000.0,15759000000.0,49477000000.0,46541000000.0,32840000000.0,0.0,4290000000.0,2465000000.0,2465000000.0,0.0,153000000.0,0.031,58412000000.0,20809000000.0,0.0,3.643,0.585,42.58,45.714,9025000000.0,1825000000.0,25.6,1.325,1.327,0.0,159952000000.0,79221000000.0,79221000000.0,0.0,0.001,0.013,0.002,0.056,1839000000.0,48620000000.0,1.0,4099997545.0,4105500000.0,4105500000.0,19.296,1942381000000.0,0.0,140000000.0,0.0,473.117,
5,WFC,MRT,2020-03-31,2020-03-31,2020-03-31,2021-09-08,-1564000000.0,1981349000000.0,1944060500000.0,,,0.042,44.513,0.0,150809000000.0,150809000000.0,0.0,14579000000.0,,9.84,329631000000.0,,,329631000000.0,0.0,7494000000.0,1376532000000.0,0.069,1.98,17777000000.0,25271000000.0,0.308,25271000000.0,17777000000.0,17777000000.0,2.88,2.85,2.88,182718000000.0,190552500000.0,182718000000.0,309119763386.0,17.0,12.232,16052000000.0,3.911,1.0,82016000000.0,1.0,26381000000.0,0.0,2133790000000.0,2109791000000.0,0.0,1690762000000.0,,,1798019000000.0,,,117666763386.0,1841000000.0,0.0,-22712000000.0,-26031000000.0,-9610000000.0,50697000000.0,-64908000000.0,-68266000000.0,16052000000.0,0.0,14342000000.0,12473000000.0,12473000000.0,0.0,237000000.0,0.152,57310000000.0,24706000000.0,0.0,0.688,0.644,9.434,9.965,9108000000.0,1869000000.0,28.7,1.435,1.436,0.0,165308000000.0,82016000000.0,82016000000.0,0.0,0.006,0.065,0.008,0.217,1954000000.0,45541000000.0,1.0,4099887226.0,4104800000.0,4135300000.0,19.981,1954968000000.0,0.0,3435000000.0,0.0,476.264,
6,WFC,MRT,2019-12-31,2019-12-31,2019-12-31,2021-09-08,-1311000000.0,1927555000000.0,1920671250000.0,,,0.044,42.6,0.0,141250000000.0,141250000000.0,0.0,20041000000.0,,9.295,332703000000.0,,,332703000000.0,0.0,7075000000.0,1322626000000.0,0.036,1.92,23706000000.0,30781000000.0,0.362,30781000000.0,23706000000.0,23706000000.0,4.08,4.05,4.08,187146000000.0,194331000000.0,187146000000.0,433367525121.0,18.0,14.079,6730000000.0,1.532,1.0,85063000000.0,1.0,26390000000.0,0.0,2092618000000.0,2090178500000.0,0.0,1671689000000.0,,,1739571000000.0,,,227539525121.0,-32037000000.0,0.0,-24153000000.0,-8890000000.0,-9589000000.0,-9136000000.0,-29631000000.0,-33762000000.0,6730000000.0,0.0,19549000000.0,17938000000.0,17938000000.0,0.0,492000000.0,0.211,58178000000.0,26885000000.0,0.0,0.471,1.216,12.685,13.186,9309000000.0,1611000000.0,53.8,2.675,2.779,0.0,166697000000.0,85063000000.0,85063000000.0,0.0,0.009,0.092,0.011,0.279,2274000000.0,49170000000.0,1.0,4229359203.0,4393100000.0,4425400000.0,19.363,1901165000000.0,0.0,4157000000.0,0.0,432.762,
7,WFC,MRT,2019-09-30,2019-09-30,2019-09-30,2021-09-08,-1639000000.0,1943950000000.0,1912753250000.0,,,0.045,44.351,0.0,148731000000.0,148731000000.0,0.0,23271000000.0,,9.051,354559000000.0,,,354559000000.0,0.0,6311000000.0,1308495000000.0,0.036,1.84,27185000000.0,33496000000.0,0.392,33496000000.0,27185000000.0,27185000000.0,4.67,4.63,4.67,193304000000.0,196586000000.0,193304000000.0,414637038190.0,15.0,12.379,9341000000.0,2.143,1.0,85363000000.0,1.0,26388000000.0,0.0,2123390000000.0,2074776250000.0,0.0,1658720000000.0,,,1749534000000.0,,,222244038190.0,-10792000000.0,10000000.0,-24025000000.0,17789000000.0,-9496000000.0,25217000000.0,-45350000000.0,-47586000000.0,9341000000.0,0.0,22740000000.0,21103000000.0,21103000000.0,0.0,531000000.0,0.247,55903000000.0,29460000000.0,0.0,0.394,1.15,10.531,10.801,9315000000.0,1637000000.0,50.44,2.604,2.575,0.0,166320000000.0,85363000000.0,85363000000.0,0.0,0.011,0.107,0.013,0.318,2281000000.0,48327000000.0,1.0,4406107022.0,4358500000.0,4389600000.0,19.585,1917562000000.0,0.0,4445000000.0,0.0,439.959,
8,WFC,MRT,2019-06-30,2019-06-30,2019-06-30,2021-09-08,-2224000000.0,1923388000000.0,1895011000000.0,,,0.045,44.534,0.0,164427000000.0,164427000000.0,0.0,24545000000.0,,8.658,356820000000.0,,,356820000000.0,0.0,5858000000.0,1288426000000.0,0.037,1.76,28790000000.0,34648000000.0,0.406,34648000000.0,28790000000.0,28790000000.0,4.88,4.84,4.88,199042000000.0,197945250000.0,199042000000.0,406640305176.0,14.0,11.736,28974000000.0,6.483,1.0,85409000000.0,1.0,26415000000.0,0.0,2089366000000.0,2047380500000.0,0.0,1634657000000.0,,,1723351000000.0,,,212672305176.0,978000000.0,0.0,-23971000000.0,25609000000.0,-9385000000.0,10193000000.0,-38189000000.0,-41249000000.0,28974000000.0,0.0,24137000000.0,22519000000.0,22519000000.0,0.0,408000000.0,0.264,54467000000.0,30942000000.0,0.0,0.361,1.068,9.444,9.697,9435000000.0,1618000000.0,47.32,2.49,2.476,0.0,164551000000.0,85409000000.0,85409000000.0,0.0,0.012,0.114,0.014,0.337,2357000000.0,45756000000.0,1.0,4494342882.0,4469400000.0,4495000000.0,19.11,1896973000000.0,0.0,4653000000.0,0.0,424.436,
9,WFC,MRT,2019-03-31,2019-03-31,2019-03-31,2021-09-08,-3682000000.0,1887792000000.0,1884089000000.0,,,0.045,43.465,0.0,148968000000.0,148968000000.0,0.0,23516000000.0,,8.538,342936000000.0,,,342936000000.0,0.0,5611000000.0,1264013000000.0,0.035,1.7,28286000000.0,33897000000.0,0.397,33897000000.0,28286000000.0,28286000000.0,4.55,4.52,4.55,197832000000.0,199481750000.0,197832000000.0,381372062101.0,13.0,11.251,28794000000.0,6.326,1.0,85429000000.0,1.0,26420000000.0,0.0,2055340000000.0,2028439500000.0,0.0,1607576000000.0,,,1689059000000.0,,,219828062101.0,-53427000000.0,0.0,-21993000000.0,17084000000.0,-9320000000.0,-55280000000.0,-26941000000.0,-30029000000.0,28794000000.0,0.0,23117000000.0,21463000000.0,21463000000.0,0.0,399000000.0,0.251,55000000000.0,30429000000.0,0.0,0.374,1.111,10.242,10.62,8825000000.0,1654000000.0,48.32,2.573,2.574,0.0,160776000000.0,85429000000.0,85429000000.0,0.0,0.011,0.108,0.014,0.331,2365000000.0,46187000000.0,1.0,4549421815.0,4551500000.0,4584000000.0,18.769,1861372000000.0,0.0,5169000000.0,0.0,408.958,
10,WFC,MRT,2018-12-31,2018-12-31,2018-12-31,2021-09-08,-6336000000.0,1895883000000.0,1890988000000.0,,,0.046,40.87,0.0,173287000000.0,173287000000.0,0.0,22876000000.0,,8.66,334831000000.0,,,334831000000.0,0.0,5593000000.0,1286170000000.0,0.036,1.64,28055000000.0,33648000000.0,0.389,33648000000.0,28055000000.0,28055000000.0,4.31,4.28,4.31,196166000000.0,201261750000.0,196166000000.0,384160811261.0,14.0,11.417,36073000000.0,7.516,1.0,86408000000.0,1.0,26418000000.0,0.0,2031009000000.0,2017368750000.0,0.0,1592759000000.0,,,1698817000000.0,,,216909811261.0,-42660000000.0,0.0,-20001000000.0,9561000000.0,-9314000000.0,-70979000000.0,-7754000000.0,-10567000000.0,36073000000.0,0.0,22393000000.0,20689000000.0,20689000000.0,0.0,483000000.0,0.239,56126000000.0,30282000000.0,0.0,0.381,1.106,10.484,10.691,8920000000.0,1704000000.0,46.08,2.51,2.56,0.0,158163000000.0,86408000000.0,86408000000.0,0.0,0.011,0.103,0.014,0.325,2255000000.0,46321000000.0,1.0,4707244168.0,4799700000.0,4838400000.0,18.003,1869465000000.0,0.0,5662000000.0,0.0,389.496,
11,WFC,MRT,2018-09-30,2018-09-30,2018-09-30,2021-09-08,-6873000000.0,1872981000000.0,1904956500000.0,,,0.045,41.543,0.0,159523000000.0,159523000000.0,0.0,22963000000.0,,8.42,326774000000.0,,,326774000000.0,0.0,5834000000.0,1266594000000.0,0.03,1.6,25534000000.0,31368000000.0,0.366,31368000000.0,25534000000.0,25534000000.0,4.26,4.23,4.26,198741000000.0,203954250000.0,198741000000.0,413467168972.0,16.0,13.181,21314000000.0,4.455,1.0,85604000000.0,1.0,26425000000.0,0.0,2013807000000.0,2018991250000.0,0.0,1584003000000.0,,,1673302000000.0,,,253136168972.0,-65688000000.0,13000000.0,-15325000000.0,-1944000000.0,-9219000000.0,-69557000000.0,-17445000000.0,-22886000000.0,21314000000.0,0.0,22480000000.0,20718000000.0,20718000000.0,0.0,483000000.0,0.242,59587000000.0,26017000000.0,0.0,0.376,1.274,12.218,12.338,8802000000.0,1762000000.0,52.56,2.957,2.937,0.0,154576000000.0,85604000000.0,85604000000.0,0.0,0.011,0.102,0.013,0.298,2310000000.0,36747000000.0,1.0,4816137157.0,4784000000.0,4823200000.0,17.894,1846556000000.0,0.0,3054000000.0,0.0,385.986,
12,WFC,MRT,2018-06-30,2018-06-30,2018-06-30,2021-09-08,-5461000000.0,1879700000000.0,1920446000000.0,,,0.044,42.169,0.0,163449000000.0,163449000000.0,0.0,21477000000.0,,8.157,323780000000.0,,,323780000000.0,0.0,5763000000.0,1268864000000.0,0.028,1.56,24738000000.0,30501000000.0,0.357,30501000000.0,24738000000.0,24738000000.0,3.95,3.93,3.95,205188000000.0,205751250000.0,205188000000.0,392266125357.0,16.0,12.861,24188000000.0,4.971,1.0,85375000000.0,1.0,26429000000.0,0.0,2013602000000.0,2002727250000.0,0.0,1584679000000.0,,,1673631000000.0,,,270152125357.0,-52856000000.0,3000000.0,-10463000000.0,-9253000000.0,-9181000000.0,-66471000000.0,-10573000000.0,-14057000000.0,24188000000.0,0.0,21015000000.0,19396000000.0,19396000000.0,0.0,462000000.0,0.227,60175000000.0,25200000000.0,0.0,0.395,1.317,13.928,14.035,8882000000.0,1619000000.0,55.44,3.164,3.16,0.0,150803000000.0,85375000000.0,85375000000.0,0.0,0.01,0.094,0.012,0.29,2146000000.0,36557000000.0,1.0,4872873834.0,4865800000.0,4899800000.0,17.546,1853271000000.0,0.0,3723000000.0,0.0,380.877,
13,WFC,MRT,2018-03-31,2018-03-31,2018-03-31,2021-09-08,-4921000000.0,1915388000000.0,1933238750000.0,,,0.044,41.949,0.0,202395000000.0,202395000000.0,0.0,22062000000.0,,8.341,324509000000.0,,,324509000000.0,0.0,5600000000.0,1303689000000.0,0.03,1.55,25843000000.0,31443000000.0,0.366,31443000000.0,25843000000.0,25843000000.0,4.06,4.03,4.06,204952000000.0,205761750000.0,204952000000.0,287947081847.0,11.0,9.158,20711000000.0,4.239,1.0,85954000000.0,1.0,26445000000.0,0.0,2011057000000.0,1987719000000.0,0.0,1576791000000.0,,,1709478000000.0,,,255643081847.0,-45295000000.0,46000000.0,-9741000000.0,-24454000000.0,-9127000000.0,-64914000000.0,-1092000000.0,-5043000000.0,20711000000.0,0.0,21685000000.0,20054000000.0,20054000000.0,0.0,377000000.0,0.233,59734000000.0,26220000000.0,0.0,0.382,1.247,12.748,12.909,8828000000.0,1631000000.0,52.41,2.974,2.979,0.0,147928000000.0,85954000000.0,85954000000.0,0.0,0.01,0.097,0.013,0.301,2098000000.0,36318000000.0,1.0,4877753899.0,4885700000.0,4930700000.0,17.593,1888943000000.0,0.0,4158000000.0,0.0,386.627,
14,WFC,MRT,2017-12-31,2017-12-31,2017-12-31,2021-09-08,-2144000000.0,1951757000000.0,1942282750000.0,,,0.044,41.682,0.0,215947000000.0,215947000000.0,0.0,22460000000.0,,8.426,328276000000.0,,,328276000000.0,0.0,5406000000.0,1335991000000.0,0.025,1.54,27100000000.0,32506000000.0,0.379,32506000000.0,27100000000.0,27100000000.0,4.14,4.1,4.14,206936000000.0,204898750000.0,206936000000.0,339147942111.0,13.0,10.433,18619000000.0,3.75,1.0,85861000000.0,1.0,26587000000.0,0.0,2037499000000.0,1971902750000.0,0.0,1596507000000.0,,,1743678000000.0,,,298754942111.0,-5453000000.0,0.0,-8697000000.0,-23207000000.0,-9109000000.0,-10920000000.0,-13152000000.0,-17321000000.0,18619000000.0,0.0,22183000000.0,20554000000.0,20554000000.0,0.0,277000000.0,0.239,58484000000.0,27377000000.0,0.0,0.372,1.444,14.535,14.655,8847000000.0,1629000000.0,60.67,3.48,3.508,0.0,145263000000.0,85861000000.0,85861000000.0,0.0,0.011,0.1,0.014,0.316,2046000000.0,36220000000.0,1.0,4924261449.0,4964600000.0,5017300000.0,17.295,1925170000000.0,0.0,4917000000.0,0.0,387.779,
15,WFC,MRT,2017-09-30,2017-09-30,2017-09-30,2021-09-08,-1627000000.0,1934939000000.0,1936872250000.0,,,0.044,41.614,0.0,292311000000.0,292311000000.0,0.0,21523000000.0,,8.392,332704000000.0,,,332704000000.0,0.0,5166000000.0,1306706000000.0,0.028,1.53,30123000000.0,35289000000.0,0.414,35289000000.0,30123000000.0,30123000000.0,3.94,3.9,3.94,205929000000.0,203060000000.0,205929000000.0,323032546951.0,11.0,9.154,23170000000.0,4.682,1.0,85239000000.0,1.0,26581000000.0,0.0,1948751000000.0,1954656250000.0,0.0,1477984000000.0,,,1728115000000.0,,,273761546951.0,-14485000000.0,-810000000.0,-7801000000.0,-33693000000.0,-9087000000.0,-19708000000.0,-17947000000.0,-21334000000.0,23170000000.0,0.0,21306000000.0,19686000000.0,19686000000.0,0.0,217000000.0,0.231,54899000000.0,30340000000.0,0.0,0.388,1.329,13.906,13.997,8449000000.0,1620000000.0,55.15,3.212,3.202,0.0,141761000000.0,85239000000.0,85239000000.0,0.0,0.01,0.097,0.015,0.353,2066000000.0,37897000000.0,1.0,4963944641.0,4948600000.0,4996800000.0,17.225,1908358000000.0,0.0,8817000000.0,0.0,385.636,
16,WFC,MRT,2017-06-30,2017-06-30,2017-06-30,2021-09-08,-2110000000.0,1930871000000.0,1938668500000.0,,,0.044,41.129,0.0,284954000000.0,284954000000.0,0.0,22577000000.0,,8.404,334225000000.0,,,334225000000.0,0.0,5215000000.0,1305830000000.0,0.027,1.52,31645000000.0,36860000000.0,0.43,36860000000.0,31645000000.0,31645000000.0,4.15,4.1,4.15,205230000000.0,202334750000.0,205230000000.0,299795390712.0,9.0,8.133,11241000000.0,2.253,1.0,85630000000.0,1.0,26573000000.0,0.0,1953569000000.0,1961800250000.0,0.0,1479186000000.0,,,1724726000000.0,,,276901390712.0,-24511000000.0,-1600000000.0,-6993000000.0,-15823000000.0,-9057000000.0,28531000000.0,-64283000000.0,-67939000000.0,11241000000.0,0.0,22408000000.0,20798000000.0,20798000000.0,0.0,169000000.0,0.243,53816000000.0,31814000000.0,0.0,0.366,1.349,13.314,13.352,8403000000.0,1610000000.0,55.41,3.234,3.229,0.0,139524000000.0,85630000000.0,85630000000.0,0.0,0.011,0.103,0.016,0.37,1955000000.0,37646000000.0,1.0,4997318006.0,4989900000.0,5037700000.0,17.161,1904298000000.0,0.0,9237000000.0,0.0,381.63,
17,WFC,MRT,2017-03-31,2017-03-31,2017-03-31,2021-09-08,-3178000000.0,1951564000000.0,1928259500000.0,,,0.044,40.231,0.0,328445000000.0,328445000000.0,0.0,22256000000.0,,8.68,351339000000.0,,,351339000000.0,0.0,4912000000.0,1325444000000.0,0.027,1.52,31751000000.0,36663000000.0,0.431,36663000000.0,31751000000.0,31751000000.0,4.08,4.03,4.08,201500000000.0,201463500000.0,201500000000.0,343578457537.0,11.0,9.371,8232000000.0,1.644,1.0,85038000000.0,1.0,26666000000.0,0.0,1947792000000.0,1951040250000.0,0.0,1467164000000.0,,,1749075000000.0,,,278487457537.0,8197000000.0,-1726000000.0,-6754000000.0,24839000000.0,-9061000000.0,93417000000.0,-93452000000.0,-97855000000.0,8232000000.0,0.0,22110000000.0,20521000000.0,20521000000.0,0.0,146000000.0,0.241,53141000000.0,31897000000.0,0.0,0.373,1.382,13.571,13.642,8320000000.0,1589000000.0,55.66,3.275,3.278,0.0,136032000000.0,85038000000.0,85038000000.0,0.0,0.011,0.102,0.016,0.373,1969000000.0,37417000000.0,1.0,5003367904.0,5008600000.0,5070400000.0,16.978,1924898000000.0,0.0,9641000000.0,0.0,384.319,
18,WFC,MRT,2016-12-31,2016-12-31,2016-12-31,2021-09-08,-3137000000.0,1930115000000.0,1902664000000.0,,,0.044,39.499,0.0,286767000000.0,286767000000.0,0.0,22045000000.0,,8.666,351858000000.0,,,351858000000.0,0.0,4970000000.0,1306079000000.0,0.027,1.515,32013000000.0,36983000000.0,0.438,36983000000.0,32013000000.0,32013000000.0,4.03,3.99,4.03,199581000000.0,200462500000.0,199581000000.0,338670119818.0,11.0,9.157,1008000000.0,0.199,1.0,84497000000.0,1.0,26693000000.0,0.0,1968513000000.0,1923627000000.0,0.0,1480822000000.0,,,1729618000000.0,,,276779119818.0,-18120000000.0,-30584000000.0,-6701000000.0,54451000000.0,-9038000000.0,122791000000.0,-141919000000.0,-118138000000.0,1008000000.0,0.0,21938000000.0,20373000000.0,20373000000.0,0.0,107000000.0,0.241,52377000000.0,32120000000.0,0.0,0.376,1.387,13.586,13.675,8333000000.0,1565000000.0,55.11,3.276,3.295,0.0,133075000000.0,84497000000.0,84497000000.0,0.0,0.011,0.102,0.017,0.379,1945000000.0,36902000000.0,1.0,5022303027.0,5052800000.0,5108300000.0,16.723,1903422000000.0,0.0,10075000000.0,0.0,376.706,
19,WFC,MRT,2016-09-30,2016-09-30,2016-09-30,2021-09-08,2184000000.0,1942124000000.0,1867043250000.0,,,0.045,40.256,0.0,317612000000.0,317612000000.0,0.0,22364000000.0,,8.561,379503000000.0,,,379503000000.0,0.0,4490000000.0,1275894000000.0,0.034,1.51,32589000000.0,37079000000.0,0.439,37079000000.0,32589000000.0,32589000000.0,4.08,4.03,4.08,203028000000.0,198816750000.0,203028000000.0,271673827448.0,8.0,7.327,-7715000000.0,-1.53,1.0,84475000000.0,1.0,26688000000.0,0.0,1977327000000.0,1873980250000.0,0.0,1455500000000.0,,,1738166000000.0,,,223416827448.0,1892000000.0,-29800000000.0,-6760000000.0,95819000000.0,-9016000000.0,153597000000.0,-143990000000.0,-121073000000.0,-7715000000.0,0.0,22239000000.0,20704000000.0,20704000000.0,0.0,125000000.0,0.245,51761000000.0,32714000000.0,0.0,0.37,1.1,10.791,10.853,8322000000.0,1535000000.0,44.28,2.645,2.644,0.0,130288000000.0,84475000000.0,84475000000.0,0.0,0.011,0.104,0.017,0.386,2338000000.0,36703000000.0,1.0,5045547142.0,5043400000.0,5094600000.0,16.75,1915436000000.0,0.0,10350000000.0,0.0,379.791,
20,WFC,MRT,2016-06-30,2016-06-30,2016-06-30,2021-09-08,2948000000.0,1889235000000.0,1819328500000.0,,,0.046,39.816,0.0,315928000000.0,315928000000.0,0.0,22693000000.0,,8.36,364185000000.0,,,364185000000.0,0.0,3963000000.0,1245473000000.0,0.032,1.505,32930000000.0,36893000000.0,0.439,36893000000.0,32930000000.0,32930000000.0,4.1,4.05,4.1,201745000000.0,196322500000.0,201745000000.0,256256665322.0,8.0,6.946,13619000000.0,2.688,1.0,84124000000.0,1.0,26963000000.0,0.0,1910529000000.0,1811328000000.0,0.0,1404515000000.0,,,1686574000000.0,,,240296665322.0,720000000.0,-28990000000.0,-6845000000.0,91094000000.0,-8983000000.0,135714000000.0,-148613000000.0,-126297000000.0,13619000000.0,0.0,22391000000.0,20904000000.0,20904000000.0,0.0,302000000.0,0.248,50892000000.0,33232000000.0,0.0,0.367,1.191,11.495,11.544,8289000000.0,1487000000.0,47.33,2.856,2.851,0.0,127076000000.0,84124000000.0,84124000000.0,0.0,0.011,0.106,0.018,0.391,2365000000.0,36174000000.0,1.0,5077047651.0,5066900000.0,5118100000.0,16.603,1862272000000.0,0.0,10539000000.0,0.0,367.537,
21,WFC,MRT,2016-03-31,2016-03-31,2016-03-31,2021-09-08,1774000000.0,1849182000000.0,1777174000000.0,,,0.047,38.91,0.0,319631000000.0,319631000000.0,0.0,22906000000.0,,8.358,335591000000.0,,,335591000000.0,0.0,3856000000.0,1241490000000.0,0.031,1.5,33205000000.0,37061000000.0,0.441,37061000000.0,33205000000.0,33205000000.0,4.12,4.07,4.12,197496000000.0,193275750000.0,197496000000.0,253332811519.0,8.0,6.836,19303000000.0,3.803,1.0,84054000000.0,1.0,27003000000.0,0.0,1838139000000.0,1760118750000.0,0.0,1363374000000.0,,,1650678000000.0,,,245509811519.0,-709000000.0,-28907000000.0,-6543000000.0,65473000000.0,-8944000000.0,94665000000.0,-114677000000.0,-92315000000.0,19303000000.0,0.0,22552000000.0,21094000000.0,21094000000.0,0.0,354000000.0,0.251,50495000000.0,33559000000.0,0.0,0.364,1.243,11.639,11.738,8349000000.0,1458000000.0,48.36,2.921,2.92,0.0,123891000000.0,84054000000.0,84054000000.0,0.0,0.012,0.109,0.019,0.395,2320000000.0,35846000000.0,1.0,5076712397.0,5075700000.0,5139400000.0,16.56,1822179000000.0,0.0,10653000000.0,0.0,359.001,
22,WFC,MRT,2015-12-31,2015-12-31,2015-12-31,2021-09-08,297000000.0,1787632000000.0,1749312750000.0,,,0.048,37.574,0.0,289241000000.0,289241000000.0,0.0,23276000000.0,,8.258,297064000000.0,,,297064000000.0,0.0,3288000000.0,1223312000000.0,0.027,1.475,33259000000.0,36547000000.0,0.437,36547000000.0,33259000000.0,33259000000.0,4.18,4.12,4.18,192998000000.0,191100750000.0,192998000000.0,278797706417.0,8.0,7.628,15904000000.0,3.096,1.0,83615000000.0,1.0,25529000000.0,0.0,1769926000000.0,1716061750000.0,0.0,1356230000000.0,,,1593741000000.0,,,277660706417.0,-460000000.0,-3000000.0,-6971000000.0,49707000000.0,-8826000000.0,90871000000.0,-107235000000.0,-112812000000.0,15904000000.0,0.0,22894000000.0,21470000000.0,21470000000.0,0.0,382000000.0,0.257,49974000000.0,33641000000.0,0.0,0.353,1.439,12.932,13.005,8704000000.0,1424000000.0,54.36,3.321,3.339,0.0,120866000000.0,83615000000.0,83615000000.0,0.0,0.012,0.112,0.019,0.398,1958000000.0,35630000000.0,1.0,5107812848.0,5136500000.0,5209800000.0,16.279,1762103000000.0,0.0,10365000000.0,0.0,343.055,
23,WFC,MRT,2015-09-30,2015-09-30,2015-09-30,2021-09-08,2389000000.0,1751265000000.0,1724193500000.0,,,0.049,37.663,0.0,272206000000.0,272206000000.0,0.0,23445000000.0,,8.066,273343000000.0,,,273343000000.0,0.0,2978000000.0,1202179000000.0,0.028,1.45,33379000000.0,36357000000.0,0.434,36357000000.0,33379000000.0,33379000000.0,4.2,4.14,4.2,193051000000.0,188949750000.0,193051000000.0,274377998412.0,8.0,7.547,22666000000.0,4.422,1.0,83818000000.0,1.0,25684000000.0,0.0,1726718000000.0,1681308000000.0,0.0,1334089000000.0,,,1557222000000.0,,,263597998412.0,-637000000.0,0.0,-7750000000.0,23270000000.0,-8673000000.0,82235000000.0,-105538000000.0,-111028000000.0,22666000000.0,0.0,23028000000.0,21649000000.0,21649000000.0,0.0,417000000.0,0.258,50022000000.0,33796000000.0,0.0,0.345,1.365,12.176,12.226,8800000000.0,1379000000.0,51.35,3.145,3.14,0.0,117593000000.0,83818000000.0,83818000000.0,0.0,0.013,0.115,0.02,0.398,1406000000.0,35660000000.0,1.0,5133359268.0,5125800000.0,5193800000.0,16.352,1725581000000.0,0.0,10351000000.0,0.0,336.646,
24,WFC,MRT,2015-06-30,2015-06-30,2015-06-30,2021-09-08,2068000000.0,1720617000000.0,1695591000000.0,,,0.049,36.794,0.0,251934000000.0,251934000000.0,0.0,23417000000.0,,8.071,262714000000.0,,,262714000000.0,0.0,2770000000.0,1185828000000.0,0.025,1.425,33164000000.0,35934000000.0,0.43,35934000000.0,33164000000.0,33164000000.0,4.18,4.11,4.18,189558000000.0,186307250000.0,189558000000.0,239470287682.0,7.0,6.664,18791000000.0,3.647,1.0,83491000000.0,1.0,25705000000.0,0.0,1705692000000.0,1644303250000.0,0.0,1325040000000.0,,,1529941000000.0,,,289591287682.0,-948000000.0,0.0,-8221000000.0,29810000000.0,-8572000000.0,84022000000.0,-103761000000.0,-109456000000.0,18791000000.0,0.0,22961000000.0,21614000000.0,21614000000.0,0.0,456000000.0,0.259,49871000000.0,33620000000.0,0.0,0.341,1.528,13.398,13.455,8692000000.0,1347000000.0,56.24,3.469,3.47,0.0,114093000000.0,83491000000.0,83491000000.0,0.0,0.013,0.116,0.02,0.397,1414000000.0,35573000000.0,1.0,5149204973.0,5151900000.0,5220500000.0,16.206,1694912000000.0,0.0,10203000000.0,0.0,328.988,
25,WFC,MRT,2015-03-31,2015-03-31,2015-03-31,2021-09-08,3777000000.0,1737737000000.0,1665155250000.0,,,0.05,36.586,0.0,311110000000.0,311110000000.0,0.0,23417000000.0,,8.198,260989000000.0,,,260989000000.0,0.0,2671000000.0,1196663000000.0,0.026,1.4,33277000000.0,35948000000.0,0.431,35948000000.0,33277000000.0,33277000000.0,4.16,4.09,4.16,188796000000.0,184132500000.0,188796000000.0,249745080198.0,8.0,6.947,17203000000.0,3.334,1.0,83322000000.0,1.0,25705000000.0,0.0,1661911000000.0,1603765750000.0,0.0,1278608000000.0,,,1547773000000.0,,,280284080198.0,62000000.0,-174000000.0,-9144000000.0,45476000000.0,-8372000000.0,135938000000.0,-153079000000.0,-158881000000.0,17203000000.0,0.0,22968000000.0,21675000000.0,21675000000.0,0.0,449000000.0,0.26,49596000000.0,33726000000.0,0.0,0.337,1.485,12.931,13.077,8696000000.0,1293000000.0,54.4,3.364,3.369,0.0,110676000000.0,83322000000.0,83322000000.0,0.0,0.013,0.118,0.021,0.399,1390000000.0,35322000000.0,1.0,5152280886.0,5160400000.0,5243600000.0,16.146,1712032000000.0,0.0,10309000000.0,0.0,331.763,
26,WFC,MRT,2014-12-31,2014-12-31,2014-12-31,2021-09-08,3518000000.0,1687155000000.0,1617397750000.0,,,0.051,35.209,0.0,278000000000.0,278000000000.0,0.0,23608000000.0,,8.145,247461000000.0,,,247461000000.0,0.0,2515000000.0,1168310000000.0,0.025,1.35,33364000000.0,35879000000.0,0.433,35879000000.0,33364000000.0,33364000000.0,4.17,4.1,4.17,184394000000.0,180847000000.0,184394000000.0,251934574158.0,8.0,7.022,17529000000.0,3.347,1.0,82952000000.0,1.0,25705000000.0,0.0,1630911000000.0,1560548250000.0,0.0,1262912000000.0,,,1501893000000.0,,,284385574158.0,-348000000.0,-174000000.0,-7574000000.0,34360000000.0,-8143000000.0,110503000000.0,-128380000000.0,-135012000000.0,17529000000.0,0.0,23057000000.0,21821000000.0,21821000000.0,0.0,551000000.0,0.263,49037000000.0,33915000000.0,0.0,0.324,1.542,13.033,13.146,8743000000.0,1236000000.0,54.82,3.428,3.461,0.0,107040000000.0,82952000000.0,82952000000.0,0.0,0.013,0.121,0.021,0.402,1459000000.0,34840000000.0,1.0,5187624483.0,5237200000.0,5324400000.0,15.839,1661450000000.0,0.0,10307000000.0,0.0,317.24,
27,WFC,MRT,2014-09-30,2014-09-30,2014-09-30,2021-09-08,3118000000.0,1636855000000.0,1576484500000.0,,,0.052,34.919,0.0,279964000000.0,279964000000.0,0.0,23529000000.0,,7.967,247513000000.0,,,247513000000.0,0.0,2718000000.0,1130625000000.0,0.025,1.3,33250000000.0,35968000000.0,0.437,35968000000.0,33250000000.0,33250000000.0,4.15,4.08,4.15,182481000000.0,177284000000.0,182481000000.0,241155513528.0,7.0,6.705,29087000000.0,5.566,1.0,82296000000.0,1.0,25705000000.0,0.0,1578699000000.0,1520579000000.0,0.0,1213660000000.0,,,1453865000000.0,,,270782513528.0,-896000000.0,-174000000.0,-6182000000.0,38025000000.0,-7810000000.0,116029000000.0,-146012000000.0,-153866000000.0,29087000000.0,0.0,22958000000.0,21808000000.0,21808000000.0,0.0,571000000.0,0.265,48475000000.0,33821000000.0,0.0,0.313,1.484,12.417,12.499,8768000000.0,1150000000.0,51.87,3.29,3.294,0.0,103494000000.0,82296000000.0,82296000000.0,0.0,0.014,0.123,0.022,0.404,1493000000.0,34502000000.0,1.0,5220407047.0,5225900000.0,5310400000.0,15.748,1611150000000.0,0.0,10292000000.0,0.0,308.301,
28,WFC,MRT,2014-06-30,2014-06-30,2014-06-30,2021-09-08,4117000000.0,1598874000000.0,1539284500000.0,,,0.053,34.329,0.0,259354000000.0,259354000000.0,0.0,23257000000.0,,7.837,229727000000.0,,,229727000000.0,0.0,2953000000.0,1118577000000.0,0.024,1.25,33075000000.0,36028000000.0,0.44,36028000000.0,33075000000.0,33075000000.0,4.11,4.05,4.11,180859000000.0,173455000000.0,180859000000.0,244808180173.0,7.0,6.795,35128000000.0,6.668,1.0,81854000000.0,1.0,25705000000.0,0.0,1543542000000.0,1492533500000.0,0.0,1198606000000.0,,,1417325000000.0,,,276837180173.0,2696000000.0,-174000000.0,-5558000000.0,44707000000.0,-7551000000.0,132829000000.0,-165261000000.0,-174144000000.0,35128000000.0,0.0,22807000000.0,21717000000.0,21717000000.0,0.0,450000000.0,0.265,48329000000.0,33525000000.0,0.0,0.304,1.531,12.747,12.788,8977000000.0,1090000000.0,52.56,3.382,3.383,0.0,99926000000.0,81854000000.0,81854000000.0,0.0,0.014,0.125,0.022,0.404,1482000000.0,34624000000.0,1.0,5267069638.0,5268400000.0,5350800000.0,15.537,1573169000000.0,0.0,10268000000.0,0.0,298.605,
29,WFC,MRT,2014-03-31,2014-03-31,2014-03-31,2021-09-08,2752000000.0,1546707000000.0,1499706750000.0,,,0.054,33.377,0.0,242512000000.0,242512000000.0,0.0,23079000000.0,,7.801,210483000000.0,,,210483000000.0,0.0,3030000000.0,1094576000000.0,0.024,1.2,32862000000.0,35892000000.0,0.439,35892000000.0,32862000000.0,32862000000.0,4.09,4.02,4.09,175654000000.0,168845500000.0,175654000000.0,234893068781.0,7.0,6.544,51345000000.0,9.756,1.0,81731000000.0,1.0,25637000000.0,0.0,1489041000000.0,1463818000000.0,0.0,1164371000000.0,,,1370238000000.0,,,261724068781.0,3514000000.0,0.0,-3801000000.0,22925000000.0,-7277000000.0,97729000000.0,-145560000000.0,-155035000000.0,51345000000.0,0.0,22600000000.0,21565000000.0,21565000000.0,0.0,479000000.0,0.264,48390000000.0,33341000000.0,0.0,0.293,1.49,12.137,12.161,9020000000.0,1035000000.0,49.74,3.202,3.203,0.0,96368000000.0,81731000000.0,81731000000.0,0.0,0.014,0.128,0.022,0.402,1533000000.0,34693000000.0,1.0,5261842959.0,5262800000.0,5353300000.0,15.53,1521070000000.0,0.0,10262000000.0,0.0,289.023,
30,WFC,MRT,2013-12-31,2013-12-31,2013-12-31,2021-09-08,1386000000.0,1523502000000.0,1472188500000.0,,,0.055,32.179,0.0,233712000000.0,233712000000.0,0.0,22224000000.0,,7.949,206881000000.0,,,206881000000.0,0.0,3293000000.0,1079177000000.0,0.025,1.15,32283000000.0,35576000000.0,0.437,35576000000.0,32283000000.0,32283000000.0,3.95,3.89,3.95,170142000000.0,165453500000.0,170142000000.0,243247978347.0,8.0,6.837,57641000000.0,10.902,1.0,81471000000.0,1.0,25637000000.0,0.0,1471034000000.0,1451022750000.0,0.0,1153075000000.0,,,1352494000000.0,,,239148978347.0,-1941000000.0,0.0,-3132000000.0,24414000000.0,-6970000000.0,93910000000.0,-153492000000.0,-165094000000.0,57641000000.0,0.0,21878000000.0,20889000000.0,20889000000.0,0.0,346000000.0,0.256,48842000000.0,32629000000.0,0.0,0.291,1.406,11.449,11.494,9156000000.0,989000000.0,45.4,2.935,2.946,0.0,92361000000.0,81471000000.0,81471000000.0,0.0,0.014,0.126,0.022,0.396,1649000000.0,35015000000.0,1.0,5267598642.0,5287300000.0,5371200000.0,15.409,1497865000000.0,0.0,10405000000.0,0.0,283.295,
31,WFC,MRT,2013-09-30,2013-09-30,2013-09-30,2021-09-08,2289000000.0,1488055000000.0,1447055000000.0,,,0.056,31.569,0.0,200964000000.0,200964000000.0,0.0,21808000000.0,,7.892,205063000000.0,,,205063000000.0,0.0,3232000000.0,1041871000000.0,0.026,1.07,31183000000.0,34415000000.0,0.423,34415000000.0,31183000000.0,31183000000.0,3.85,3.8,3.85,167165000000.0,162306500000.0,167165000000.0,233154205917.0,7.0,6.775,51569000000.0,9.739,1.0,81286000000.0,1.0,25637000000.0,0.0,1466517000000.0,1438942250000.0,0.0,1143571000000.0,,,1319242000000.0,,,219400205917.0,1942000000.0,-3000000.0,-3273000000.0,24515000000.0,-6453000000.0,107242000000.0,-156869000000.0,-172106000000.0,51569000000.0,0.0,21358000000.0,20377000000.0,20377000000.0,0.0,450000000.0,0.251,49653000000.0,31633000000.0,0.0,0.278,1.312,10.767,10.732,9120000000.0,981000000.0,41.32,2.699,2.692,0.0,88625000000.0,81286000000.0,81286000000.0,0.0,0.014,0.126,0.022,0.384,1665000000.0,34659000000.0,1.0,5309782331.0,5295300000.0,5381700000.0,15.351,1462418000000.0,0.0,9825000000.0,0.0,276.173,
32,WFC,MRT,2013-06-30,2013-06-30,2013-06-30,2021-09-08,1797000000.0,1440563000000.0,1418720000000.0,,,0.057,30.618,0.0,166604000000.0,166604000000.0,0.0,21155000000.0,,7.861,180358000000.0,,,180358000000.0,0.0,3066000000.0,1021585000000.0,0.024,0.99,30404000000.0,33470000000.0,0.416,33470000000.0,30404000000.0,30404000000.0,3.74,3.69,3.74,162421000000.0,159185000000.0,162421000000.0,245444889179.0,8.0,7.333,45274000000.0,8.535,1.0,80505000000.0,1.0,25637000000.0,0.0,1428680000000.0,1425915000000.0,0.0,1134039000000.0,,,1276786000000.0,,,218581889179.0,1128000000.0,-247000000.0,-1538000000.0,2175000000.0,-6018000000.0,89001000000.0,-133147000000.0,-147273000000.0,45274000000.0,0.0,20717000000.0,19777000000.0,19777000000.0,0.0,438000000.0,0.246,49663000000.0,30842000000.0,0.0,0.265,1.346,11.052,11.035,9190000000.0,940000000.0,41.27,2.715,2.719,0.0,84923000000.0,80505000000.0,80505000000.0,0.0,0.014,0.124,0.021,0.378,1539000000.0,34293000000.0,1.0,5296386944.0,5304700000.0,5384600000.0,15.176,1414926000000.0,0.0,9687000000.0,0.0,266.731,
33,WFC,MRT,2013-03-31,2013-03-31,2013-03-31,2021-09-08,5145000000.0,1436634000000.0,1392630250000.0,,,0.057,30.704,0.0,160021000000.0,160021000000.0,0.0,20268000000.0,,7.855,186884000000.0,,,186884000000.0,0.0,2992000000.0,1010733000000.0,0.025,0.91,29015000000.0,32007000000.0,0.404,32007000000.0,29015000000.0,29015000000.0,3.57,3.53,3.57,162086000000.0,155597250000.0,162086000000.0,220350907832.0,8.0,6.884,51772000000.0,9.807,1.0,79268000000.0,1.0,25637000000.0,0.0,1437860000000.0,1418834750000.0,0.0,1141766000000.0,,,1273239000000.0,,,194969907832.0,-783000000.0,-3896000000.0,-2381000000.0,6244000000.0,-5596000000.0,80531000000.0,-133086000000.0,-142794000000.0,51772000000.0,0.0,19820000000.0,18908000000.0,18908000000.0,0.0,448000000.0,0.239,49805000000.0,29463000000.0,0.0,0.255,1.203,10.312,10.361,9263000000.0,912000000.0,36.99,2.46,2.463,0.0,81264000000.0,79268000000.0,79268000000.0,0.0,0.014,0.122,0.02,0.366,1570000000.0,33912000000.0,1.0,5270881531.0,5279000000.0,5353500000.0,15.016,1410997000000.0,0.0,9195000000.0,0.0,267.285,
34,WFC,MRT,2012-12-31,2012-12-31,2012-12-31,2021-09-08,5650000000.0,1422968000000.0,1366921500000.0,,,0.058,29.797,0.0,159173000000.0,159173000000.0,0.0,19368000000.0,,8.023,184554000000.0,,,184554000000.0,0.0,2807000000.0,1002835000000.0,0.026,0.88,28000000000.0,30807000000.0,0.391,30807000000.0,28000000000.0,28000000000.0,3.4,3.36,3.4,157554000000.0,151454750000.0,157554000000.0,245262863684.0,9.0,7.961,58540000000.0,11.071,1.0,78869000000.0,1.0,25637000000.0,0.0,1422712000000.0,1408927750000.0,0.0,1123614000000.0,,,1264057000000.0,,,179932863684.0,2420000000.0,-4322000000.0,-1827000000.0,7301000000.0,-5457000000.0,83770000000.0,-139890000000.0,-147089000000.0,58540000000.0,0.0,18897000000.0,17999000000.0,17999000000.0,0.0,471000000.0,0.228,50398000000.0,28471000000.0,0.0,0.259,1.142,9.997,10.053,9428000000.0,898000000.0,34.18,2.281,2.292,0.0,77679000000.0,78869000000.0,78869000000.0,0.0,0.013,0.119,0.02,0.355,1472000000.0,33729000000.0,1.0,5264273367.0,5287600000.0,5351500000.0,14.916,1397331000000.0,0.0,9103000000.0,0.0,264.266,
35,WFC,MRT,2012-09-30,2012-09-30,2012-09-30,2021-09-08,6435000000.0,1374715000000.0,1339646250000.0,,,0.058,29.25,0.0,117428000000.0,117428000000.0,0.0,18254000000.0,,7.879,182758000000.0,,,182758000000.0,0.0,2808000000.0,952239000000.0,0.023,0.78,26967000000.0,29775000000.0,0.385,29775000000.0,26967000000.0,26967000000.0,3.22,3.18,3.22,154679000000.0,147126500000.0,154679000000.0,271954868285.0,10.0,9.134,26065000000.0,4.929,1.0,77317000000.0,1.0,25637000000.0,0.0,1414408000000.0,1403097250000.0,0.0,1106966000000.0,,,1218656000000.0,,,182393868285.0,-1328000000.0,-4427000000.0,-969000000.0,-9688000000.0,-5011000000.0,41658000000.0,-69051000000.0,-73367000000.0,26065000000.0,0.0,17914000000.0,17030000000.0,17030000000.0,0.0,340000000.0,0.22,50010000000.0,27307000000.0,0.0,0.242,1.179,10.71,10.724,9165000000.0,884000000.0,34.53,2.359,2.362,0.0,73994000000.0,77317000000.0,77317000000.0,0.0,0.013,0.116,0.019,0.349,2135000000.0,33803000000.0,1.0,5282185586.0,5288100000.0,5355600000.0,14.621,1349078000000.0,0.0,9053000000.0,0.0,255.116,
36,WFC,MRT,2012-06-30,2012-06-30,2012-06-30,2021-09-08,4629000000.0,1336204000000.0,1322203750000.0,,,0.057,27.901,0.0,91446000000.0,91446000000.0,0.0,17366000000.0,,8.015,181007000000.0,,,181007000000.0,0.0,2624000000.0,928933000000.0,0.02,0.68,25603000000.0,28227000000.0,0.374,28227000000.0,25603000000.0,25603000000.0,3.06,3.02,3.06,148070000000.0,142898750000.0,148070000000.0,267270466408.0,10.0,9.469,20485000000.0,3.86,1.0,75512000000.0,1.0,25406000000.0,0.0,1400359000000.0,1388439750000.0,0.0,1100589000000.0,,,1186767000000.0,,,177697466408.0,-7248000000.0,-4428000000.0,-1639000000.0,-24110000000.0,-4483000000.0,44767000000.0,-72500000000.0,-79392000000.0,20485000000.0,0.0,17032000000.0,16152000000.0,16152000000.0,0.0,334000000.0,0.214,49575000000.0,25937000000.0,0.0,0.222,1.2,11.002,10.928,9317000000.0,880000000.0,33.44,2.353,2.35,0.0,70456000000.0,75512000000.0,75512000000.0,0.0,0.012,0.113,0.018,0.339,2011000000.0,33340000000.0,1.0,5313919450.0,5306900000.0,5369900000.0,14.229,1310798000000.0,0.0,8571000000.0,0.0,246.999,
37,WFC,MRT,2012-03-31,2012-03-31,2012-03-31,2021-09-08,4216000000.0,1333799000000.0,1303086250000.0,,,0.057,27.546,0.0,91143000000.0,91143000000.0,0.0,16717000000.0,,8.157,180716000000.0,,,180716000000.0,0.0,2380000000.0,930267000000.0,0.017,0.58,24559000000.0,26939000000.0,0.361,26939000000.0,24559000000.0,24559000000.0,2.93,2.9,2.93,145516000000.0,139981500000.0,145516000000.0,290666437191.0,12.0,10.79,12359000000.0,2.34,1.0,74571000000.0,1.0,25140000000.0,0.0,1398232000000.0,1368161500000.0,0.0,1099112000000.0,,,1186950000000.0,,,180028437191.0,22000000.0,-779000000.0,-884000000.0,-30469000000.0,-3947000000.0,56900000000.0,-69237000000.0,-80413000000.0,12359000000.0,0.0,16358000000.0,15477000000.0,15477000000.0,0.0,359000000.0,0.208,49653000000.0,24918000000.0,0.0,0.198,1.237,11.632,11.652,9291000000.0,881000000.0,34.14,2.414,2.418,0.0,67239000000.0,74571000000.0,74571000000.0,0.0,0.012,0.111,0.018,0.329,1644000000.0,33271000000.0,1.0,5273240691.0,5282600000.0,5337800000.0,14.116,1308659000000.0,0.0,8201000000.0,0.0,247.73,
38,WFC,MRT,2011-12-31,2011-12-31,2011-12-31,2021-09-08,3207000000.0,1313867000000.0,1280803000000.0,,,0.057,26.57,0.0,63807000000.0,63807000000.0,0.0,16211000000.0,,8.358,174445000000.0,,,174445000000.0,0.0,2208000000.0,920070000000.0,0.017,0.48,23314000000.0,25522000000.0,0.349,25522000000.0,23314000000.0,23314000000.0,2.85,2.82,2.85,140241000000.0,136970250000.0,140241000000.0,221209364296.0,9.0,8.667,13665000000.0,2.589,1.0,73049000000.0,1.0,25115000000.0,0.0,1399390000000.0,1346906000000.0,0.0,1101789000000.0,,,1172180000000.0,,,145338364296.0,3396000000.0,-353000000.0,-1120000000.0,-45099000000.0,-3381000000.0,24775000000.0,-35044000000.0,-48261000000.0,13665000000.0,0.0,15869000000.0,15025000000.0,15025000000.0,0.0,342000000.0,0.206,49393000000.0,23656000000.0,0.0,0.168,1.036,9.673,9.67,9531000000.0,844000000.0,27.56,1.99,1.991,0.0,64385000000.0,73049000000.0,73049000000.0,0.0,0.012,0.11,0.017,0.319,1409000000.0,32961000000.0,1.0,5273525555.0,5278100000.0,5323400000.0,13.84,1288752000000.0,0.0,7445000000.0,0.0,244.17,
39,WFC,MRT,2011-09-30,2011-09-30,2011-09-30,2021-09-08,3828000000.0,1304945000000.0,1266868250000.0,,,0.058,26.115,0.0,108118000000.0,108118000000.0,0.0,15521000000.0,,8.461,183989000000.0,,,183989000000.0,0.0,1905000000.0,895428000000.0,0.017,0.41,22419000000.0,24324000000.0,0.333,24324000000.0,22419000000.0,22419000000.0,2.73,2.7,2.73,137768000000.0,133512000000.0,137768000000.0,211637764872.0,9.0,8.701,33761000000.0,6.4,1.0,72989000000.0,1.0,25038000000.0,0.0,1355778000000.0,1334323750000.0,0.0,1049873000000.0,,,1165701000000.0,,,127349764872.0,2313000000.0,-258000000.0,-443000000.0,-30194000000.0,-2975000000.0,49532000000.0,-80980000000.0,-93610000000.0,33761000000.0,0.0,15176000000.0,14369000000.0,14369000000.0,0.0,345000000.0,0.197,50225000000.0,22764000000.0,0.0,0.15,0.924,8.863,8.835,9607000000.0,807000000.0,24.12,1.745,1.743,0.0,61135000000.0,72989000000.0,72989000000.0,0.0,0.011,0.108,0.017,0.307,1242000000.0,33089000000.0,1.0,5279840998.0,5275500000.0,5319200000.0,13.835,1279907000000.0,0.0,7243000000.0,0.0,242.613,
40,WFC,MRT,2011-06-30,2011-06-30,2011-06-30,2021-09-08,5422000000.0,1259734000000.0,1245828000000.0,,,0.058,25.802,0.0,112465000000.0,112465000000.0,0.0,14804000000.0,,8.224,196753000000.0,,,196753000000.0,0.0,1557000000.0,853635000000.0,0.012,0.34,21456000000.0,23013000000.0,0.317,23013000000.0,21456000000.0,21456000000.0,2.6,2.58,2.6,136401000000.0,129984500000.0,136401000000.0,241733120073.0,11.0,10.504,30479000000.0,5.765,1.0,72601000000.0,1.0,24776000000.0,0.0,1319246000000.0,1329694500000.0,0.0,1006284000000.0,,,1121818000000.0,,,148412120073.0,6488000000.0,-36000000.0,216000000.0,-36284000000.0,-2566000000.0,1667000000.0,-25658000000.0,-36566000000.0,30479000000.0,0.0,14460000000.0,13680000000.0,13680000000.0,0.0,344000000.0,0.188,50801000000.0,21800000000.0,0.0,0.131,1.088,10.849,10.792,9613000000.0,780000000.0,28.06,2.044,2.043,0.0,57942000000.0,72601000000.0,72601000000.0,0.0,0.011,0.105,0.016,0.296,1242000000.0,33367000000.0,1.0,5289099076.0,5286500000.0,5331700000.0,13.733,1234958000000.0,0.0,6996000000.0,0.0,233.606,
41,WFC,MRT,2011-03-31,2011-03-31,2011-03-31,2021-09-08,5021000000.0,1244666000000.0,1237360000000.0,,,0.058,25.284,0.0,110019000000.0,110019000000.0,0.0,13877000000.0,,8.314,203340000000.0,,,203340000000.0,0.0,1688000000.0,837662000000.0,0.009,0.27,20083000000.0,21771000000.0,0.305,21771000000.0,20083000000.0,20083000000.0,2.45,2.43,2.45,133471000000.0,125827250000.0,133471000000.0,282753777384.0,14.0,12.988,27102000000.0,5.134,1.0,71458000000.0,1.0,24777000000.0,0.0,1313210000000.0,1334841000000.0,0.0,990940000000.0,,,1109723000000.0,,,167050777384.0,677000000.0,-36000000.0,1437000000.0,-45047000000.0,-2156000000.0,-11287000000.0,-15138000000.0,-25518000000.0,27102000000.0,0.0,13574000000.0,12830000000.0,12830000000.0,0.0,303000000.0,0.18,51072000000.0,20386000000.0,0.0,0.11,1.252,13.02,12.943,9545000000.0,744000000.0,31.71,2.338,2.343,0.0,54855000000.0,71458000000.0,71458000000.0,0.0,0.01,0.102,0.015,0.281,1216000000.0,33353000000.0,1.0,5268078757.0,5278800000.0,5333100000.0,13.537,1219889000000.0,0.0,6509000000.0,0.0,231.092,
42,WFC,MRT,2010-12-31,2010-12-31,2010-12-31,2021-09-08,4738000000.0,1258128000000.0,1232101000000.0,,,0.056,24.185,0.0,96681000000.0,96681000000.0,0.0,12663000000.0,,8.941,212384000000.0,,,212384000000.0,0.0,1924000000.0,847942000000.0,0.006,0.2,18700000000.0,20624000000.0,0.297,20624000000.0,18700000000.0,18700000000.0,2.23,2.21,2.23,126408000000.0,121495000000.0,126408000000.0,303966937377.0,16.0,14.739,18772000000.0,3.591,1.0,69457000000.0,1.0,24770000000.0,0.0,1349061000000.0,1350171000000.0,0.0,1012785000000.0,,,1130239000000.0,,,162658937377.0,-11036000000.0,-36000000.0,1284000000.0,-48520000000.0,-1782000000.0,-26133000000.0,-3675000000.0,-11883000000.0,18772000000.0,0.0,12362000000.0,11632000000.0,11632000000.0,0.0,301000000.0,0.167,50456000000.0,19001000000.0,0.0,0.09,1.287,13.984,13.897,9644000000.0,730000000.0,30.99,2.342,2.332,0.0,51918000000.0,69457000000.0,69457000000.0,0.0,0.009,0.096,0.014,0.269,1134000000.0,32878000000.0,1.0,5248755643.0,5226800000.0,5263100000.0,13.289,1233358000000.0,0.0,6338000000.0,0.0,235.968,
43,WFC,MRT,2010-09-30,2010-09-30,2010-09-30,2021-09-08,5502000000.0,1220784000000.0,1228480500000.0,,,0.055,23.598,0.0,72550000000.0,72550000000.0,0.0,12183000000.0,,8.86,213858000000.0,,,213858000000.0,0.0,1906000000.0,814512000000.0,0.008,0.2,17386000000.0,19292000000.0,0.285,19292000000.0,17386000000.0,17386000000.0,1.67,1.66,1.67,123658000000.0,117839500000.0,123658000000.0,270227460361.0,16.0,14.007,26163000000.0,4.993,1.0,67735000000.0,1.0,24831000000.0,0.0,1337261000000.0,1361329750000.0,0.0,1016559000000.0,,,1095619000000.0,,,131437460361.0,-1232000000.0,-29000000.0,13225000000.0,-47699000000.0,-2199000000.0,-49562000000.0,22167000000.0,17044000000.0,26163000000.0,0.0,11771000000.0,8794000000.0,8794000000.0,0.0,412000000.0,0.13,49937000000.0,17798000000.0,0.0,0.12,1.063,14.946,15.039,9636000000.0,2977000000.0,25.115,1.94,1.943,0.0,48953000000.0,67735000000.0,67735000000.0,0.0,0.007,0.075,0.013,0.257,332000000.0,32601000000.0,1.0,5233424661.0,5240100000.0,5273200000.0,12.926,1195953000000.0,0.0,5615000000.0,0.0,228.231,
44,WFC,MRT,2010-06-30,2010-06-30,2010-06-30,2021-09-08,4844000000.0,1225862000000.0,1230440750000.0,,,0.054,22.946,0.0,91469000000.0,91469000000.0,0.0,12074000000.0,,9.221,230259000000.0,,,230259000000.0,0.0,2636000000.0,815623000000.0,0.008,0.2,16886000000.0,19522000000.0,0.293,19522000000.0,16886000000.0,16886000000.0,1.63,1.62,1.63,119772000000.0,117462500000.0,119772000000.0,309098893248.0,18.0,15.833,27618000000.0,5.291,1.0,66661000000.0,1.0,24820000000.0,0.0,1339832000000.0,1380749750000.0,0.0,1003608000000.0,,,1104464000000.0,,,133379893248.0,-3061000000.0,-6000000.0,13308000000.0,-71761000000.0,-2482000000.0,-89702000000.0,59023000000.0,51045000000.0,27618000000.0,0.0,11667000000.0,8281000000.0,8281000000.0,0.0,407000000.0,0.124,49368000000.0,17293000000.0,0.0,0.123,1.114,16.107,15.706,10508000000.0,3386000000.0,25.6,2.001,2.005,0.0,46126000000.0,66661000000.0,66661000000.0,0.0,0.007,0.07,0.012,0.253,296000000.0,32324000000.0,1.0,5210152080.0,5219700000.0,5260800000.0,12.771,1201042000000.0,0.0,5219000000.0,0.0,230.098,
45,WFC,MRT,2010-03-31,2010-03-31,2010-03-31,2021-09-08,4087000000.0,1223630000000.0,1245019250000.0,,,0.054,22.376,0.0,70493000000.0,70493000000.0,0.0,12178000000.0,,9.518,246212000000.0,,,246212000000.0,0.0,2573000000.0,804893000000.0,0.006,0.2,16957000000.0,19530000000.0,0.293,19530000000.0,16957000000.0,16957000000.0,1.66,1.64,1.66,116142000000.0,116175250000.0,116142000000.0,336086244810.0,20.0,17.209,21615000000.0,4.164,1.0,66677000000.0,1.0,24819000000.0,0.0,1374530000000.0,1422753750000.0,0.0,1022312000000.0,,,1105476000000.0,,,161224244810.0,-5885000000.0,-15000000.0,21712000000.0,-89769000000.0,-2748000000.0,-93279000000.0,65779000000.0,53984000000.0,21615000000.0,0.0,11777000000.0,7978000000.0,7978000000.0,0.0,401000000.0,0.12,49319000000.0,17358000000.0,0.0,0.12,1.388,20.209,18.747,10405000000.0,3799000000.0,31.12,2.418,2.423,0.0,43636000000.0,66677000000.0,66677000000.0,0.0,0.006,0.069,0.012,0.254,256000000.0,32225000000.0,1.0,5180727661.0,5190400000.0,5225200000.0,12.846,1198811000000.0,0.0,5180000000.0,0.0,230.967,
46,WFC,MRT,2009-12-31,2009-12-31,2009-12-31,2021-09-08,3009000000.0,1243646000000.0,1260584500000.0,,,0.053,24.594,0.0,67965000000.0,67965000000.0,0.0,12667000000.0,,10.102,242827000000.0,,,242827000000.0,0.0,2841000000.0,824018000000.0,0.018,0.49,17606000000.0,20447000000.0,0.305,20447000000.0,17606000000.0,17606000000.0,1.76,1.75,1.76,111786000000.0,112213500000.0,111786000000.0,336817866240.0,19.0,16.473,28613000000.0,6.295,1.0,67018000000.0,1.0,24812000000.0,0.0,1393696000000.0,1465118500000.0,0.0,1019949000000.0,,,1129287000000.0,,,126449866240.0,3317000000.0,-138000000.0,21756000000.0,-126972000000.0,-4303000000.0,-97081000000.0,71785000000.0,64608000000.0,28613000000.0,0.0,12275000000.0,7990000000.0,7990000000.0,0.0,392000000.0,0.119,49020000000.0,17998000000.0,0.0,0.278,1.131,15.826,15.335,10736000000.0,4285000000.0,26.99,1.887,1.83,0.0,41563000000.0,67018000000.0,67018000000.0,0.0,0.006,0.071,0.012,0.263,227000000.0,32100000000.0,1.0,4685063588.0,4545200000.0,4562700000.0,14.745,1218834000000.0,0.0,5331000000.0,0.0,268.158,
47,WFC,MRT,2009-09-30,2009-09-30,2009-09-30,2021-09-08,4088000000.0,1228625000000.0,1277082750000.0,,,0.04,26.11,0.0,34724000000.0,34724000000.0,0.0,6913000000.0,,9.003,245092000000.0,,,245092000000.0,0.0,2952000000.0,796748000000.0,0.028,0.78,9064000000.0,12016000000.0,0.234,12016000000.0,9064000000.0,9064000000.0,0.77,0.77,0.77,122150000000.0,109038000000.0,122150000000.0,379936941845.0,42.0,31.619,8261000000.0,1.766,1.0,51268000000.0,1.0,24052000000.0,0.0,1414941000000.0,1513956500000.0,0.0,1059982000000.0,,,1099701000000.0,,,131645941845.0,4372000000.0,11661000000.0,21951000000.0,-175959000000.0,-4641000000.0,-118492000000.0,114603000000.0,99061000000.0,8261000000.0,0.0,6718000000.0,4576000000.0,4576000000.0,0.0,195000000.0,0.089,42009000000.0,9259000000.0,0.0,1.013,1.078,28.769,36.597,11040000000.0,2142000000.0,28.18,2.568,2.571,0.0,41485000000.0,51268000000.0,51268000000.0,0.0,0.004,0.042,0.006,0.177,197000000.0,27911000000.0,1.0,4671609008.0,4678300000.0,4706400000.0,10.959,1204573000000.0,0.0,2346000000.0,0.0,257.481,
48,WFC,MRT,2009-06-30,2009-06-30,2009-06-30,2021-09-08,-590000000.0,1284176000000.0,1125516750000.0,,,0.038,25.568,0.0,36608000000.0,36608000000.0,0.0,5248000000.0,,10.145,284899000000.0,,,284899000000.0,0.0,2461000000.0,813735000000.0,0.044,1.07,6841000000.0,9302000000.0,0.217,9302000000.0,6841000000.0,6841000000.0,0.7,0.7,0.7,114623000000.0,90239750000.0,114623000000.0,385364251436.0,56.0,41.428,284000000.0,0.063,1.0,42795000000.0,1.0,24619000000.0,0.0,1507848000000.0,1355327250000.0,0.0,1109783000000.0,,,1162794000000.0,,,103441251436.0,7022000000.0,11457000000.0,21705000000.0,-128327000000.0,-4972000000.0,-41632000000.0,48370000000.0,38855000000.0,284000000.0,0.0,5120000000.0,3576000000.0,3576000000.0,0.0,128000000.0,0.084,35826000000.0,6969000000.0,0.0,1.529,0.902,28.927,34.657,11151000000.0,1544000000.0,24.26,2.417,2.541,0.0,39165000000.0,42795000000.0,42795000000.0,0.0,0.003,0.04,0.005,0.16,107000000.0,23880000000.0,1.0,4263860323.0,4483100000.0,4501600000.0,9.546,1259557000000.0,0.0,1721000000.0,0.0,280.957,
49,WFC,MRT,2009-03-31,2009-03-31,2009-03-31,2021-09-08,-3624000000.0,1285891000000.0,956741250000.0,,,0.035,23.613,0.0,40811000000.0,40811000000.0,0.0,3768000000.0,,11.754,322734000000.0,,,322734000000.0,0.0,2282000000.0,797269000000.0,0.093,1.33,4781000000.0,7063000000.0,0.209,7063000000.0,4781000000.0,4781000000.0,0.65,0.66,0.65,100295000000.0,73575000000.0,100295000000.0,362381947584.0,76.0,51.307,11481000000.0,2.703,1.0,33822000000.0,1.0,23825000000.0,0.0,1543989000000.0,1170428250000.0,0.0,1105024000000.0,,,1178834000000.0,,,60345947584.0,9040000000.0,11126000000.0,13052000000.0,-60398000000.0,-5354000000.0,-21401000000.0,18960000000.0,13146000000.0,11481000000.0,0.0,3701000000.0,2754000000.0,2754000000.0,0.0,67000000.0,0.081,28974000000.0,4848000000.0,0.0,2.046,0.602,21.912,21.908,11215000000.0,947000000.0,14.24,1.784,1.788,0.0,36949000000.0,33822000000.0,33822000000.0,0.0,0.003,0.037,0.004,0.141,95000000.0,19931000000.0,1.0,4237777218.0,4247400000.0,4249300000.0,7.963,1262066000000.0,0.0,1080000000.0,0.0,297.138,
50,WFC,MRT,2008-12-31,2008-12-31,2008-12-31,2021-09-08,-6869000000.0,1309639000000.0,784073750000.0,,,0.033,29.331,0.0,73196000000.0,73196000000.0,0.0,2698000000.0,,12.185,375232000000.0,,,375232000000.0,0.0,1669000000.0,781402000000.0,0.044,1.3,3257000000.0,4926000000.0,0.19,4926000000.0,3257000000.0,3257000000.0,0.7,0.7,0.7,99084000000.0,60541000000.0,99084000000.0,269611197719.0,83.0,54.732,-4788000000.0,-1.417,1.0,25898000000.0,1.0,22627000000.0,0.0,1589048000000.0,964909500000.0,0.0,1092746000000.0,,,1207323000000.0,,,98028197719.0,9006000000.0,11203000000.0,12548000000.0,-9046000000.0,-4312000000.0,31955000000.0,-18161000000.0,-25544000000.0,-4788000000.0,0.0,2655000000.0,2369000000.0,2369000000.0,0.0,43000000.0,0.091,22598000000.0,3300000000.0,0.0,1.857,0.989,41.38,42.114,11269000000.0,286000000.0,29.48,3.785,3.845,0.0,36543000000.0,25898000000.0,25898000000.0,0.0,0.003,0.039,0.003,0.126,56000000.0,15916000000.0,1.0,3325244156.0,3378100000.0,3391300000.0,7.666,1287012000000.0,0.0,602000000.0,0.0,380.987,
51,WFC,MRT,2008-09-30,2008-09-30,2008-09-30,2021-09-08,-2783000000.0,622361000000.0,600524500000.0,,,0.054,14.159,0.0,20954000000.0,20954000000.0,0.0,7008000000.0,,12.254,192537000000.0,,,192537000000.0,0.0,1545000000.0,353574000000.0,0.034,1.27,9720000000.0,11265000000.0,0.346,11265000000.0,9720000000.0,9720000000.0,2.05,2.03,2.05,46957000000.0,47677000000.0,46957000000.0,296554322543.0,31.0,26.325,20635000000.0,6.222,1.0,32588000000.0,1.0,13520000000.0,0.0,780424000000.0,742015750000.0,0.0,538154000000.0,,,575404000000.0,,,124185322543.0,661000000.0,-539000000.0,-2201000000.0,53564000000.0,-4214000000.0,58428000000.0,-78402000000.0,-79743000000.0,20635000000.0,0.0,6750000000.0,6750000000.0,6750000000.0,0.0,258000000.0,0.207,23047000000.0,9541000000.0,0.0,0.62,2.645,18.398,18.307,5054000000.0,0.0,37.53,3.811,3.819,0.0,40853000000.0,32588000000.0,32588000000.0,0.0,0.011,0.142,0.013,0.298,41000000.0,18599000000.0,1.0,3308961432.0,3316400000.0,3331000000.0,9.826,608841000000.0,0.0,2970000000.0,0.0,183.585,
52,WFC,MRT,2008-06-30,2008-06-30,2008-06-30,2021-09-08,-1060000000.0,609074000000.0,582116000000.0,,,0.058,14.492,0.0,17698000000.0,17698000000.0,0.0,7530000000.0,,11.699,190067000000.0,,,190067000000.0,0.0,1516000000.0,339124000000.0,0.052,1.24,10643000000.0,12159000000.0,0.361,12159000000.0,10643000000.0,10643000000.0,2.21,2.18,2.21,47964000000.0,47829250000.0,47964000000.0,218278341351.0,21.0,17.952,15017000000.0,4.537,1.0,33667000000.0,1.0,13191000000.0,0.0,768252000000.0,711230750000.0,0.0,538563000000.0,,,561110000000.0,,,78437341351.0,896000000.0,-372000000.0,-3760000000.0,52210000000.0,-4120000000.0,52766000000.0,-66887000000.0,-65952000000.0,15017000000.0,0.0,7286000000.0,7286000000.0,7286000000.0,0.0,244000000.0,0.216,23081000000.0,10586000000.0,0.0,0.561,1.635,10.765,10.747,5033000000.0,0.0,23.75,2.33,2.335,0.0,40534000000.0,33667000000.0,33667000000.0,0.0,0.013,0.152,0.015,0.316,51000000.0,17920000000.0,1.0,3302624899.0,3309800000.0,3321400000.0,10.172,595883000000.0,0.0,3357000000.0,0.0,180.036,
53,WFC,MRT,2008-03-31,2008-03-31,2008-03-31,2021-09-08,120000000.0,595221000000.0,564813750000.0,,,0.061,14.583,0.0,17317000000.0,17317000000.0,0.0,8040000000.0,,11.354,157158000000.0,,,157158000000.0,0.0,1518000000.0,358144000000.0,0.042,1.21,11500000000.0,13018000000.0,0.379,13018000000.0,11500000000.0,11500000000.0,2.36,2.32,2.36,48159000000.0,47648000000.0,48159000000.0,231074076134.0,20.0,17.75,4063000000.0,1.23,1.0,34390000000.0,1.0,13148000000.0,0.0,721914000000.0,680336000000.0,0.0,517142000000.0,,,546782000000.0,,,95937076134.0,661000000.0,-2857000000.0,-4393000000.0,48701000000.0,-4031000000.0,82713000000.0,-86115000000.0,-79237000000.0,4063000000.0,0.0,7812000000.0,7812000000.0,7812000000.0,0.0,228000000.0,0.227,22815000000.0,11575000000.0,0.0,0.513,1.992,12.281,12.331,5056000000.0,0.0,29.1,2.79,2.794,0.0,39896000000.0,34390000000.0,34390000000.0,0.0,0.014,0.164,0.017,0.334,-15000000.0,16935000000.0,1.0,3296806740.0,3302400000.0,3317900000.0,10.414,582073000000.0,0.0,3688000000.0,0.0,176.258,
54,WFC,MRT,2007-12-31,2007-12-31,2007-12-31,2021-09-08,725000000.0,575442000000.0,537483750000.0,,,0.064,14.224,0.0,17511000000.0,17511000000.0,0.0,8265000000.0,,11.082,152648000000.0,,,152648000000.0,0.0,1532000000.0,344460000000.0,0.039,1.18,11627000000.0,13159000000.0,0.381,13159000000.0,11627000000.0,11627000000.0,2.41,2.38,2.41,47628000000.0,47126500000.0,47628000000.0,221843566819.0,19.0,16.859,9286000000.0,2.773,1.0,34581000000.0,1.0,13106000000.0,0.0,697473000000.0,640102750000.0,0.0,502558000000.0,,,527814000000.0,,,101268566819.0,-271000000.0,-2811000000.0,-5542000000.0,50937000000.0,-3955000000.0,67790000000.0,-77347000000.0,-71810000000.0,9286000000.0,0.0,8057000000.0,8057000000.0,8057000000.0,0.0,208000000.0,0.233,22746000000.0,11835000000.0,0.0,0.49,2.126,12.569,12.527,5122000000.0,0.0,30.19,2.928,2.923,0.0,38970000000.0,34581000000.0,34581000000.0,0.0,0.015,0.171,0.018,0.336,-67000000.0,16207000000.0,1.0,3354374522.0,3348500000.0,3382800000.0,10.327,562336000000.0,0.0,3570000000.0,0.0,167.937,
55,WFC,MRT,2007-09-30,2007-09-30,2007-09-30,2021-09-08,291000000.0,548727000000.0,514122250000.0,,,0.069,14.243,0.0,16746000000.0,16746000000.0,0.0,8815000000.0,,10.536,137321000000.0,,,137321000000.0,0.0,2112000000.0,334956000000.0,0.032,1.15,13115000000.0,15227000000.0,0.428,15227000000.0,13115000000.0,13115000000.0,2.62,2.59,2.62,47566000000.0,46673000000.0,47566000000.0,235849350113.0,18.0,15.489,7056000000.0,2.113,1.0,35545000000.0,1.0,12018000000.0,0.0,657284000000.0,603131750000.0,0.0,473224000000.0,,,501161000000.0,,,119058350113.0,-391000000.0,-2962000000.0,-3288000000.0,38757000000.0,-3865000000.0,49886000000.0,-57333000000.0,-50549000000.0,7056000000.0,0.0,8815000000.0,8815000000.0,8815000000.0,0.0,0.0,0.248,21836000000.0,13709000000.0,0.0,0.439,2.503,13.506,13.595,5002000000.0,0.0,35.62,3.35,3.347,0.0,38645000000.0,35545000000.0,35545000000.0,0.0,0.017,0.189,0.022,0.369,-100000000.0,15431000000.0,1.0,3342457892.0,3339600000.0,3374000000.0,10.643,536709000000.0,0.0,4300000000.0,0.0,160.711,
56,WFC,MRT,2007-06-30,2007-06-30,2007-06-30,2021-09-08,-236000000.0,539865000000.0,497800750000.0,,,0.07,14.096,0.0,17877000000.0,17877000000.0,0.0,8836000000.0,,10.428,134668000000.0,,,134668000000.0,0.0,2711000000.0,324743000000.0,0.032,1.12,13065000000.0,15776000000.0,0.452,15776000000.0,13065000000.0,13065000000.0,2.62,2.59,2.62,47239000000.0,45997000000.0,47239000000.0,203813913385.0,16.0,12.919,14779000000.0,4.41,1.0,34905000000.0,1.0,11983000000.0,0.0,644673000000.0,577178250000.0,0.0,473066000000.0,,,492626000000.0,,,117458913385.0,-1355000000.0,-3119000000.0,-1641000000.0,36975000000.0,-2834000000.0,28688000000.0,-44822000000.0,-41818000000.0,14779000000.0,0.0,8836000000.0,8836000000.0,8836000000.0,0.0,0.0,0.253,21227000000.0,13678000000.0,0.0,0.427,2.486,13.293,13.424,4973000000.0,0.0,35.17,3.365,3.377,0.0,37603000000.0,34905000000.0,34905000000.0,0.0,0.018,0.192,0.023,0.374,-101000000.0,15165000000.0,1.0,3339747324.0,3351200000.0,3389300000.0,10.416,527882000000.0,0.0,4229000000.0,0.0,157.52,
57,WFC,MRT,2007-03-31,2007-03-31,2007-03-31,2021-09-08,289000000.0,485901000000.0,487713500000.0,,,0.07,13.647,0.0,17153000000.0,17153000000.0,0.0,8646000000.0,,9.546,103508000000.0,,,103508000000.0,0.0,3063000000.0,311157000000.0,0.032,1.1,12802000000.0,15865000000.0,0.465,15865000000.0,12802000000.0,12802000000.0,2.56,2.53,2.56,46073000000.0,44660750000.0,46073000000.0,195193868903.0,15.0,12.303,16152000000.0,4.784,1.0,34091000000.0,1.0,11275000000.0,0.0,560981000000.0,557601250000.0,0.0,424977000000.0,,,439828000000.0,,,116325868903.0,-739000000.0,-360000000.0,-1223000000.0,-2289000000.0,-3715000000.0,-4578000000.0,-12313000000.0,-10894000000.0,16152000000.0,0.0,8646000000.0,8646000000.0,8646000000.0,0.0,0.0,0.254,20667000000.0,13424000000.0,0.0,0.43,2.525,13.454,13.449,4864000000.0,0.0,34.43,3.412,3.41,0.0,36377000000.0,34091000000.0,34091000000.0,0.0,0.018,0.194,0.023,0.376,-89000000.0,14886000000.0,1.0,3378619486.0,3376000000.0,3416100000.0,10.098,474626000000.0,0.0,4156000000.0,0.0,140.588,
58,WFC,MRT,2006-12-31,2006-12-31,2006-12-31,2021-09-08,302000000.0,481996000000.0,489345250000.0,,,0.068,13.602,0.0,21106000000.0,21106000000.0,0.0,8420000000.0,,9.521,99974000000.0,,,99974000000.0,0.0,3221000000.0,310243000000.0,0.03,1.08,12650000000.0,15871000000.0,0.474,15871000000.0,12650000000.0,12650000000.0,2.5,2.47,2.5,45814000000.0,43632750000.0,45814000000.0,201270306830.0,16.0,12.682,27976000000.0,8.306,1.0,33487000000.0,1.0,11275000000.0,0.0,549589000000.0,559618500000.0,0.0,415374000000.0,,,436182000000.0,,,120049306830.0,-369000000.0,-626000000.0,-201000000.0,-3510000000.0,-3641000000.0,-11763000000.0,-16582000000.0,-13871000000.0,27976000000.0,0.0,8420000000.0,8420000000.0,8420000000.0,0.0,0.0,0.251,20207000000.0,13280000000.0,0.0,0.432,2.62,14.258,14.224,4698000000.0,0.0,35.56,3.585,3.577,0.0,35215000000.0,33487000000.0,33487000000.0,0.0,0.017,0.193,0.023,0.378,-93000000.0,14584000000.0,1.0,3375964759.0,3368300000.0,3410100000.0,9.942,470721000000.0,0.0,4230000000.0,0.0,139.75,
59,WFC,MRT,2006-09-30,2006-09-30,2006-09-30,2021-09-08,633000000.0,483441000000.0,489281500000.0,,,0.067,13.305,0.0,16670000000.0,16670000000.0,0.0,8231000000.0,,9.776,97891000000.0,,,97891000000.0,0.0,3409000000.0,314319000000.0,0.029,1.06,12375000000.0,15784000000.0,0.484,15784000000.0,12375000000.0,12375000000.0,2.44,2.42,2.44,44862000000.0,42344250000.0,44862000000.0,199766019962.0,16.0,12.656,15551000000.0,4.612,1.0,32589000000.0,1.0,11192000000.0,0.0,553470000000.0,560674000000.0,0.0,420197000000.0,,,438579000000.0,,,121826019962.0,-1340000000.0,-514000000.0,-455000000.0,-2054000000.0,-3565000000.0,17328000000.0,-34219000000.0,-31111000000.0,15551000000.0,0.0,8231000000.0,8231000000.0,8231000000.0,0.0,0.0,0.253,19580000000.0,13009000000.0,0.0,0.434,2.716,14.801,14.828,4645000000.0,0.0,36.18,3.738,3.743,0.0,34080000000.0,32589000000.0,32589000000.0,0.0,0.017,0.194,0.022,0.38,-71000000.0,11393000000.0,1.0,3367220010.0,3371900000.0,3416000000.0,9.665,472249000000.0,0.0,4144000000.0,0.0,140.054,
60,WFC,MRT,2006-06-30,2006-06-30,2006-06-30,2021-09-08,155000000.0,499516000000.0,481794750000.0,,,0.067,12.454,0.0,19436000000.0,19436000000.0,0.0,8012000000.0,,10.923,97376000000.0,,,97376000000.0,0.0,3433000000.0,326452000000.0,0.031,1.04,12108000000.0,15541000000.0,0.484,15541000000.0,12108000000.0,12108000000.0,2.38,2.36,2.38,41894000000.0,41087500000.0,41894000000.0,200367340327.0,17.0,12.893,2086000000.0,0.62,1.0,32130000000.0,1.0,11091000000.0,0.0,566365000000.0,553496750000.0,0.0,431668000000.0,,,457622000000.0,,,112695340327.0,107000000.0,-260000000.0,-1272000000.0,-1788000000.0,-4441000000.0,41609000000.0,-43588000000.0,-39327000000.0,2086000000.0,0.0,8012000000.0,8012000000.0,8012000000.0,0.0,0.0,0.249,19384000000.0,12746000000.0,0.0,0.437,2.69,14.066,14.092,4529000000.0,0.0,33.54,3.507,3.511,0.0,31964000000.0,32130000000.0,32130000000.0,0.0,0.017,0.195,0.022,0.377,-26000000.0,11213000000.0,1.0,3360028036.0,3363800000.0,3404400000.0,9.552,488425000000.0,0.0,4096000000.0,0.0,145.2,
61,WFC,MRT,2006-03-31,2006-03-31,2006-03-31,2021-09-08,576000000.0,492428000000.0,465661000000.0,,,0.067,12.495,0.0,18178000000.0,18178000000.0,0.0,7833000000.0,,10.735,105850000000.0,,,105850000000.0,0.0,3648000000.0,308305000000.0,0.032,1.02,11784000000.0,15432000000.0,0.495,15432000000.0,11784000000.0,11784000000.0,2.33,2.31,2.33,41961000000.0,40433500000.0,41961000000.0,189896181738.0,16.0,12.305,-357000000.0,-0.106,1.0,31184000000.0,1.0,11050000000.0,0.0,569050000000.0,538273250000.0,0.0,422048000000.0,,,450467000000.0,,,107039181738.0,-243000000.0,-205000000.0,-1659000000.0,6262000000.0,-3434000000.0,33963000000.0,-33849000000.0,-32207000000.0,-357000000.0,0.0,7833000000.0,7833000000.0,7833000000.0,0.0,0.0,0.251,18762000000.0,12422000000.0,0.0,0.438,2.551,13.665,13.706,4493000000.0,0.0,31.935,3.433,3.439,0.0,31750000000.0,31184000000.0,31184000000.0,0.0,0.017,0.194,0.022,0.378,0.0,10899000000.0,1.0,3351782738.0,3358300000.0,3395700000.0,9.286,481378000000.0,0.0,3951000000.0,0.0,143.34,
62,WFC,MRT,2005-12-31,2005-12-31,2005-12-31,2021-09-08,665000000.0,481741000000.0,451464750000.0,,,0.068,12.056,0.0,20703000000.0,20703000000.0,0.0,7671000000.0,,10.848,103560000000.0,,,103560000000.0,0.0,4161000000.0,314450000000.0,0.032,1.0,11548000000.0,15709000000.0,0.514,15709000000.0,11548000000.0,11548000000.0,2.27,2.25,2.27,40660000000.0,39562500000.0,40660000000.0,187110100510.0,16.0,11.911,-11985000000.0,-3.554,1.0,30566000000.0,1.0,10787000000.0,0.0,553811000000.0,523036000000.0,0.0,413362000000.0,,,441081000000.0,,,105067100510.0,2494000000.0,66000000.0,-1792000000.0,9775000000.0,-3375000000.0,41896000000.0,-27417000000.0,-24603000000.0,-11985000000.0,0.0,7671000000.0,7671000000.0,7671000000.0,0.0,0.0,0.251,18383000000.0,12183000000.0,0.0,0.441,2.584,13.697,13.839,4417000000.0,0.0,31.415,3.437,3.466,0.0,30580000000.0,30566000000.0,30566000000.0,0.0,0.017,0.194,0.022,0.378,0.0,10768000000.0,1.0,3344488318.0,3372500000.0,3410900000.0,9.063,470954000000.0,0.0,3877000000.0,0.0,139.645,
63,WFC,MRT,2005-09-30,2005-09-30,2005-09-30,2021-09-08,721000000.0,453494000000.0,437991750000.0,,,0.07,11.808,0.0,19792000000.0,19792000000.0,0.0,7526000000.0,,10.384,101835000000.0,,,101835000000.0,0.0,3932000000.0,289029000000.0,0.033,0.98,11374000000.0,15306000000.0,0.502,15306000000.0,11374000000.0,11374000000.0,2.23,2.205,2.23,39835000000.0,38864000000.0,39835000000.0,180005119342.0,16.0,11.76,-18161000000.0,-5.383,1.0,30480000000.0,1.0,10776000000.0,0.0,524761000000.0,508280000000.0,0.0,392719000000.0,,,413659000000.0,,,98868119342.0,682000000.0,-233000000.0,-1409000000.0,6079000000.0,-3318000000.0,21020000000.0,-2177000000.0,-1545000000.0,-18161000000.0,0.0,7526000000.0,7526000000.0,7526000000.0,0.0,0.0,0.247,18468000000.0,12012000000.0,0.0,0.439,2.482,13.137,13.132,4223000000.0,0.0,29.285,3.244,3.241,0.0,29636000000.0,30480000000.0,30480000000.0,0.0,0.017,0.194,0.022,0.373,0.0,10655000000.0,1.0,3376066906.0,3373500000.0,3410600000.0,9.035,442718000000.0,0.0,3848000000.0,0.0,131.234,
64,WFC,MRT,2005-06-30,2005-06-30,2005-06-30,2021-09-08,771000000.0,434981000000.0,430005500000.0,,,0.069,11.637,0.0,19623000000.0,19623000000.0,0.0,7299000000.0,,10.074,100760000000.0,,,100760000000.0,0.0,3781000000.0,275013000000.0,0.031,0.96,11091000000.0,14872000000.0,0.504,14872000000.0,11091000000.0,11091000000.0,2.155,2.135,2.155,39278000000.0,38075250000.0,39278000000.0,187009206302.0,17.0,12.575,7464000000.0,2.211,1.0,29528000000.0,1.0,10647000000.0,0.0,505471000000.0,499199250000.0,0.0,376081000000.0,,,395703000000.0,,,103906206302.0,513000000.0,-292000000.0,-707000000.0,5153000000.0,-3250000000.0,8215000000.0,-15166000000.0,-13526000000.0,7464000000.0,0.0,7299000000.0,7299000000.0,7299000000.0,0.0,0.0,0.247,17800000000.0,11728000000.0,0.0,0.445,2.645,14.236,14.288,4156000000.0,0.0,30.79,3.519,3.52,0.0,28567000000.0,29528000000.0,29528000000.0,0.0,0.017,0.192,0.022,0.376,0.0,10293000000.0,1.0,3374673800.0,3375400000.0,3414400000.0,8.748,424334000000.0,0.0,3792000000.0,0.0,125.714,
65,WFC,MRT,2005-03-31,2005-03-31,2005-03-31,2021-09-08,693000000.0,435643000000.0,426336500000.0,,,0.068,11.347,0.0,18251000000.0,18251000000.0,0.0,7103000000.0,,10.322,101354000000.0,,,101354000000.0,0.0,3636000000.0,273163000000.0,0.032,0.945,10867000000.0,14503000000.0,0.498,14503000000.0,10867000000.0,10867000000.0,2.095,2.075,2.095,38477000000.0,37125250000.0,38477000000.0,179025925623.0,16.0,12.344,6139000000.0,1.81,1.0,29103000000.0,1.0,10645000000.0,0.0,508101000000.0,494741500000.0,0.0,376442000000.0,,,397166000000.0,,,101406925623.0,-505000000.0,-295000000.0,-927000000.0,7755000000.0,-3200000000.0,28421000000.0,-35065000000.0,-33041000000.0,6139000000.0,0.0,7103000000.0,7103000000.0,7103000000.0,0.0,0.0,0.244,17600000000.0,11503000000.0,0.0,0.451,2.636,14.277,14.272,3898000000.0,0.0,29.9,3.484,3.484,0.0,27512000000.0,29103000000.0,29103000000.0,0.0,0.017,0.191,0.022,0.373,0.0,9998000000.0,1.0,3391535974.0,3390800000.0,3431400000.0,8.583,424998000000.0,0.0,3764000000.0,0.0,125.339,
66,WFC,MRT,2004-12-31,2004-12-31,2004-12-31,2021-09-08,950000000.0,427849000000.0,416764250000.0,,,0.068,11.188,0.0,17923000000.0,17923000000.0,0.0,7014000000.0,,10.299,95542000000.0,,,95542000000.0,0.0,3449000000.0,274858000000.0,0.03,0.93,10769000000.0,14218000000.0,0.502,14218000000.0,10769000000.0,10769000000.0,2.07,2.05,2.07,37866000000.0,36366500000.0,37866000000.0,187498682651.0,17.0,13.187,6485000000.0,1.916,1.0,28342000000.0,1.0,10681000000.0,0.0,494787000000.0,483606250000.0,0.0,372904000000.0,,,389983000000.0,,,105149682651.0,-2644000000.0,-331000000.0,-917000000.0,7058000000.0,-3150000000.0,30305000000.0,-39434000000.0,-39006000000.0,6485000000.0,0.0,7014000000.0,7014000000.0,7014000000.0,0.0,0.0,0.247,16940000000.0,11402000000.0,0.0,0.449,2.777,14.991,15.012,3850000000.0,0.0,31.075,3.71,3.711,0.0,26482000000.0,28342000000.0,28342000000.0,0.0,0.017,0.193,0.022,0.38,0.0,9561000000.0,1.0,3383738782.0,3384400000.0,3426700000.0,8.374,417168000000.0,0.0,3755000000.0,0.0,123.262,
67,WFC,MRT,2004-09-30,2004-09-30,2004-09-30,2021-09-08,914000000.0,421549000000.0,406751500000.0,,,0.068,10.859,0.0,18278000000.0,18278000000.0,0.0,6853000000.0,,10.493,95598000000.0,,,95598000000.0,0.0,3309000000.0,268787000000.0,0.031,0.915,10519000000.0,13828000000.0,0.501,13828000000.0,10519000000.0,10519000000.0,2.025,2.0,2.025,36680000000.0,35517250000.0,36680000000.0,182681595562.0,17.0,13.211,48162000000.0,14.258,1.0,27618000000.0,1.0,10431000000.0,0.0,488438000000.0,471521500000.0,0.0,365741000000.0,,,384869000000.0,,,100694595562.0,-2174000000.0,-80000000.0,-785000000.0,6550000000.0,-3100000000.0,18112000000.0,-68448000000.0,-69009000000.0,48162000000.0,0.0,6856000000.0,6856000000.0,6856000000.0,0.0,-3000000.0,0.248,16472000000.0,11146000000.0,0.0,0.452,2.745,14.687,14.723,3722000000.0,0.0,29.815,3.646,3.647,0.0,25564000000.0,27618000000.0,27618000000.0,0.0,0.017,0.193,0.022,0.381,0.0,9414000000.0,1.0,3377313284.0,3377800000.0,3417400000.0,8.176,411118000000.0,0.0,3663000000.0,0.0,121.712,
68,WFC,MRT,2004-06-30,2004-06-30,2004-06-30,2021-09-08,735000000.0,420305000000.0,399051750000.0,,,0.069,10.508,0.0,17671000000.0,17671000000.0,0.0,6666000000.0,,10.847,95436000000.0,,,95436000000.0,0.0,3377000000.0,268125000000.0,0.031,0.9,10160000000.0,13537000000.0,0.49,13537000000.0,10160000000.0,10160000000.0,1.975,1.95,1.975,35478000000.0,34430500000.0,35478000000.0,176393597183.0,17.0,13.03,39143000000.0,11.594,1.0,27615000000.0,1.0,10430000000.0,0.0,487640000000.0,462823000000.0,0.0,365892000000.0,,,384827000000.0,,,96578597183.0,-2596000000.0,-129000000.0,-950000000.0,9095000000.0,-3045000000.0,40103000000.0,-81842000000.0,-80668000000.0,39143000000.0,0.0,6668000000.0,6668000000.0,6668000000.0,0.0,-2000000.0,0.241,16810000000.0,10805000000.0,0.0,0.456,2.722,14.484,14.489,3627000000.0,0.0,28.615,3.497,3.498,0.0,24669000000.0,27615000000.0,27615000000.0,0.0,0.017,0.194,0.022,0.368,0.0,9218000000.0,1.0,3375103868.0,3376200000.0,3416600000.0,8.179,409875000000.0,0.0,3492000000.0,0.0,121.401,
69,WFC,MRT,2004-03-31,2004-03-31,2004-03-31,2021-09-08,1057000000.0,397354000000.0,386371250000.0,,,0.07,10.428,0.0,17178000000.0,17178000000.0,0.0,6477000000.0,,10.211,93787000000.0,,,93787000000.0,0.0,3921000000.0,248369000000.0,0.029,0.825,9877000000.0,13798000000.0,0.508,13798000000.0,9877000000.0,9877000000.0,1.92,1.9,1.92,35442000000.0,33620000000.0,35442000000.0,169046686613.0,17.0,12.252,43755000000.0,12.874,1.0,27138000000.0,1.0,10403000000.0,0.0,463560000000.0,448292000000.0,0.0,344215000000.0,,,361912000000.0,,,96292686613.0,-2039000000.0,-120000000.0,-215000000.0,9140000000.0,-2788000000.0,17193000000.0,-62987000000.0,-67003000000.0,43755000000.0,0.0,6478000000.0,6478000000.0,6478000000.0,0.0,-1000000.0,0.239,16593000000.0,10545000000.0,0.0,0.43,2.717,14.865,14.758,3545000000.0,0.0,28.335,3.548,3.549,0.0,23796000000.0,27138000000.0,27138000000.0,0.0,0.017,0.193,0.022,0.364,0.0,9055000000.0,1.0,3398365506.0,3398600000.0,3442400000.0,7.985,386951000000.0,0.0,3399000000.0,0.0,113.856,
70,WFC,MRT,2003-12-31,2003-12-31,2003-12-31,2021-09-08,938000000.0,387798000000.0,379434500000.0,,,0.07,10.252,0.0,19280000000.0,19280000000.0,0.0,6202000000.0,,10.251,88301000000.0,,,88301000000.0,0.0,4305000000.0,247527000000.0,0.025,0.75,9477000000.0,13782000000.0,0.517,13782000000.0,9477000000.0,9477000000.0,1.845,1.825,1.845,34469000000.0,32442500000.0,34469000000.0,172386597586.0,18.0,12.508,31195000000.0,9.278,1.0,26667000000.0,1.0,10371000000.0,0.0,446448000000.0,439117000000.0,0.0,334484000000.0,,,353329000000.0,,,99643597586.0,-2273000000.0,-822000000.0,-538000000.0,3358000000.0,-2530000000.0,29511000000.0,-62979000000.0,-66273000000.0,31195000000.0,0.0,6202000000.0,6202000000.0,6202000000.0,0.0,0.0,0.233,16488000000.0,10179000000.0,0.0,0.407,2.891,16.066,15.959,3534000000.0,0.0,29.445,3.737,3.712,0.0,22842000000.0,26667000000.0,26667000000.0,0.0,0.016,0.191,0.022,0.355,0.0,8815000000.0,1.0,3384058332.0,3362200000.0,3395000000.0,7.931,377427000000.0,0.0,3275000000.0,0.0,112.256,
71,WFC,MRT,2003-09-30,2003-09-30,2003-09-30,2021-09-08,572000000.0,390750000000.0,369784250000.0,,,0.07,9.639,0.0,15423000000.0,15423000000.0,0.0,6050000000.0,,11.085,88166000000.0,,,88166000000.0,0.0,4684000000.0,251436000000.0,0.026,0.665,9281000000.0,13965000000.0,0.539,13965000000.0,9281000000.0,9281000000.0,1.8,1.78,1.8,32333000000.0,31405000000.0,32333000000.0,156231910566.0,17.0,11.187,-7137000000.0,-2.128,1.0,25926000000.0,1.0,9849000000.0,0.0,453644000000.0,428823750000.0,0.0,325638000000.0,,,358417000000.0,,,86495910566.0,-390000000.0,-748000000.0,-1406000000.0,8417000000.0,-2242000000.0,51073000000.0,-44326000000.0,-48278000000.0,-7137000000.0,0.0,6050000000.0,6050000000.0,6050000000.0,0.0,0.0,0.233,15920000000.0,10006000000.0,0.0,0.369,2.675,14.297,14.306,3517000000.0,0.0,25.75,3.336,3.332,0.0,22064000000.0,25926000000.0,25926000000.0,0.0,0.016,0.193,0.022,0.358,0.0,8338000000.0,1.0,3359064488.0,3354400000.0,3387800000.0,7.729,380901000000.0,0.0,3231000000.0,0.0,113.553,
72,WFC,MRT,2003-06-30,2003-06-30,2003-06-30,2021-09-08,1185000000.0,369583000000.0,355641500000.0,,,0.07,9.619,0.0,16045000000.0,16045000000.0,0.0,5932000000.0,,10.465,85781000000.0,,,85781000000.0,0.0,4783000000.0,230884000000.0,0.023,0.58,9185000000.0,13968000000.0,0.562,13968000000.0,9185000000.0,9185000000.0,1.76,1.74,1.76,32236000000.0,30829000000.0,32236000000.0,151477549443.0,16.0,10.845,-26875000000.0,-8.019,1.0,24849000000.0,1.0,9803000000.0,0.0,429516000000.0,412338000000.0,0.0,304520000000.0,,,337347000000.0,,,84425549443.0,1344000000.0,-734000000.0,-1870000000.0,10033000000.0,-1963000000.0,44683000000.0,-16464000000.0,-21141000000.0,-26875000000.0,0.0,5932000000.0,5932000000.0,5932000000.0,0.0,0.0,0.239,14927000000.0,9922000000.0,0.0,0.33,2.619,14.232,14.318,3604000000.0,0.0,25.2,3.398,3.399,0.0,21281000000.0,24849000000.0,24849000000.0,0.0,0.017,0.192,0.022,0.37,0.0,8122000000.0,1.0,3350220216.0,3351400000.0,3381200000.0,7.415,359780000000.0,0.0,3253000000.0,0.0,107.352,
73,WFC,MRT,2003-03-31,2003-03-31,2003-03-31,2021-09-08,913000000.0,369607000000.0,341929500000.0,,,0.071,9.138,0.0,16011000000.0,16011000000.0,0.0,5825000000.0,,11.027,83063000000.0,,,83063000000.0,0.0,4386000000.0,235874000000.0,0.025,0.57,9033000000.0,13419000000.0,0.556,13419000000.0,9033000000.0,9033000000.0,1.72,1.7,1.72,30732000000.0,30141250000.0,30732000000.0,141417062939.0,16.0,10.539,-27626000000.0,-8.215,1.0,24149000000.0,1.0,9799000000.0,0.0,426860000000.0,396262750000.0,0.0,303000000000.0,,,338875000000.0,,,75586062939.0,1452000000.0,-677000000.0,-2045000000.0,5794000000.0,-1939000000.0,47937000000.0,-18859000000.0,-17294000000.0,-27626000000.0,0.0,5825000000.0,5825000000.0,5825000000.0,0.0,0.0,0.241,14352000000.0,9797000000.0,0.0,0.331,2.46,12.976,13.078,3680000000.0,0.0,22.495,3.13,3.133,0.0,20310000000.0,24149000000.0,24149000000.0,0.0,0.017,0.193,0.023,0.374,0.0,7996000000.0,1.0,3360127270.0,3363000000.0,3388200000.0,7.181,359808000000.0,0.0,3208000000.0,0.0,106.99,
74,WFC,MRT,2002-12-31,2002-12-31,2002-12-31,2021-09-08,976000000.0,349197000000.0,327388750000.0,,,0.072,8.912,0.0,17820000000.0,17820000000.0,0.0,5434000000.0,,10.517,83651000000.0,,,83651000000.0,0.0,4297000000.0,216916000000.0,0.023,0.55,8578000000.0,12875000000.0,0.546,12875000000.0,8578000000.0,8578000000.0,1.675,1.66,1.675,30319000000.0,29529750000.0,30319000000.0,142564859740.0,17.0,11.073,-15458000000.0,-4.544,1.0,23565000000.0,1.0,9753000000.0,0.0,405275000000.0,380618750000.0,0.0,282088000000.0,,,318878000000.0,,,79298859740.0,852000000.0,-494000000.0,-1455000000.0,6035000000.0,-1877000000.0,27785000000.0,-11475000000.0,-12082000000.0,-15458000000.0,0.0,5434000000.0,5434000000.0,5434000000.0,0.0,0.0,0.231,13909000000.0,9656000000.0,0.0,0.328,2.615,14.593,13.991,3688000000.0,0.0,23.435,3.365,3.383,0.0,19355000000.0,23565000000.0,23565000000.0,0.0,0.017,0.184,0.023,0.364,0.0,7782000000.0,1.0,3383778952.0,3402200000.0,3436000000.0,6.926,339444000000.0,0.0,3144000000.0,0.0,99.772,
75,WFC,MRT,2002-09-30,2002-09-30,2002-09-30,2021-09-08,1070000000.0,334179000000.0,316966000000.0,,,0.074,8.828,0.0,15813000000.0,15813000000.0,0.0,5131000000.0,,10.129,79079000000.0,,,79079000000.0,0.0,4981000000.0,205756000000.0,0.022,0.54,8160000000.0,13141000000.0,0.558,13141000000.0,8160000000.0,8160000000.0,1.59,1.57,1.59,30029000000.0,28743750000.0,30029000000.0,142015825717.0,17.0,10.807,-13331000000.0,-3.919,1.0,23554000000.0,1.0,9744000000.0,0.0,387701000000.0,368377500000.0,0.0,267302000000.0,,,304150000000.0,,,81811825717.0,22000000.0,-607000000.0,-1268000000.0,1243000000.0,-1844000000.0,22328000000.0,-8975000000.0,-6559000000.0,-13331000000.0,0.0,5127000000.0,5127000000.0,5127000000.0,0.0,4000000.0,0.218,13593000000.0,9961000000.0,0.0,0.34,2.724,15.957,15.145,3664000000.0,0.0,24.08,3.473,3.477,0.0,18396000000.0,23554000000.0,23554000000.0,0.0,0.016,0.178,0.022,0.346,0.0,7537000000.0,1.0,3397501068.0,3401400000.0,3435600000.0,6.925,324435000000.0,0.0,3033000000.0,0.0,95.383,
76,WFC,MRT,2002-06-30,2002-06-30,2002-06-30,2021-09-08,919000000.0,314735000000.0,307946250000.0,,,0.074,8.619,0.0,14701000000.0,14701000000.0,0.0,4852000000.0,,9.674,74905000000.0,,,74905000000.0,0.0,4695000000.0,193211000000.0,0.021,0.53,7763000000.0,12458000000.0,0.548,12458000000.0,7763000000.0,7763000000.0,1.505,1.485,1.505,29485000000.0,28067000000.0,29485000000.0,148209395856.0,19.0,11.897,4001000000.0,1.17,1.0,22753000000.0,1.0,9724000000.0,0.0,365215000000.0,358505750000.0,0.0,253087000000.0,,,285250000000.0,,,85636395856.0,-1265000000.0,-693000000.0,-1045000000.0,5826000000.0,-1816000000.0,12974000000.0,-18240000000.0,-15734000000.0,4001000000.0,0.0,4845000000.0,4845000000.0,4845000000.0,0.0,7000000.0,0.213,13373000000.0,9380000000.0,0.0,0.352,2.904,17.675,16.631,3638000000.0,0.0,25.03,3.764,3.763,0.0,17488000000.0,22753000000.0,22753000000.0,0.0,0.016,0.173,0.022,0.341,0.0,7313000000.0,1.0,3421350214.0,3420800000.0,3461600000.0,6.651,305011000000.0,0.0,2918000000.0,0.0,89.164,
77,WFC,MRT,2002-03-31,2002-03-31,2002-03-31,2021-09-08,676000000.0,311444000000.0,301702000000.0,,,0.067,8.305,0.0,14559000000.0,14559000000.0,0.0,3347000000.0,,10.011,77132000000.0,,,77132000000.0,0.0,4544000000.0,189568000000.0,0.021,0.51,5432000000.0,9976000000.0,0.497,9976000000.0,5432000000.0,5432000000.0,1.065,1.05,1.065,28286000000.0,27461000000.0,28286000000.0,143628801903.0,26.0,14.397,-3307000000.0,-0.971,1.0,20070000000.0,1.0,9733000000.0,0.0,364284000000.0,349963000000.0,0.0,251089000000.0,,,283158000000.0,,,84284801903.0,-964000000.0,-902000000.0,-1243000000.0,10988000000.0,-1753000000.0,21711000000.0,-19368000000.0,-19626000000.0,-3307000000.0,0.0,3337000000.0,3337000000.0,3337000000.0,0.0,10000000.0,0.166,13223000000.0,6847000000.0,0.0,0.479,2.98,25.258,23.192,3660000000.0,0.0,24.7,4.2,4.192,0.0,16568000000.0,20070000000.0,20070000000.0,0.0,0.011,0.122,0.016,0.271,0.0,7051000000.0,1.0,3412340158.0,3406000000.0,3437800000.0,5.893,301711000000.0,0.0,2095000000.0,0.0,88.582,
78,WFC,MRT,2001-12-31,2001-12-31,2001-12-31,2021-09-08,752000000.0,307506000000.0,293758500000.0,,,0.066,7.948,0.0,16968000000.0,16968000000.0,0.0,3411000000.0,,10.316,76312000000.0,,,76312000000.0,0.0,3864000000.0,187266000000.0,0.023,0.5,5446000000.0,9310000000.0,0.484,9310000000.0,5446000000.0,5446000000.0,0.995,0.985,0.995,27175000000.0,27105750000.0,27175000000.0,134461703193.0,25.0,14.443,-10112000000.0,-2.958,1.0,19254000000.0,1.0,10540000000.0,0.0,356310000000.0,338546750000.0,0.0,247608000000.0,,,280331000000.0,,,73690703193.0,-10000000.0,732000000.0,-1276000000.0,14326000000.0,-1724000000.0,28849000000.0,-18747000000.0,-18933000000.0,-10112000000.0,0.0,3397000000.0,3397000000.0,3397000000.0,0.0,14000000.0,0.176,12891000000.0,6363000000.0,0.0,0.503,2.712,21.693,21.844,3549000000.0,0.0,21.735,3.827,3.86,0.0,15966000000.0,19254000000.0,19254000000.0,0.0,0.012,0.125,0.016,0.283,0.0,6871000000.0,1.0,3390416526.0,3419000000.0,3453800000.0,5.631,296966000000.0,0.0,2049000000.0,0.0,86.858,
79,WFC,MRT,2001-09-30,2001-09-30,2001-09-30,2021-09-08,969000000.0,298100000000.0,284988500000.0,,,0.067,7.986,0.0,15791000000.0,15791000000.0,0.0,3356000000.0,,9.911,76562000000.0,,,76562000000.0,0.0,3654000000.0,176762000000.0,0.022,0.49,5386000000.0,9040000000.0,0.473,9040000000.0,5386000000.0,5386000000.0,0.98,0.965,0.98,27322000000.0,26934000000.0,27322000000.0,128086929027.0,24.0,14.169,2289000000.0,0.669,1.0,19116000000.0,1.0,10657000000.0,0.0,348214000000.0,326202250000.0,0.0,242635000000.0,,,270778000000.0,,,76100929027.0,805000000.0,284000000.0,-1013000000.0,20061000000.0,-1698000000.0,30246000000.0,-31730000000.0,-29459000000.0,2289000000.0,0.0,3340000000.0,3340000000.0,3340000000.0,0.0,16000000.0,0.175,12655000000.0,6461000000.0,0.0,0.5,2.785,22.785,22.679,3534000000.0,0.0,22.225,3.981,3.978,0.0,15281000000.0,19116000000.0,19116000000.0,0.0,0.012,0.124,0.017,0.282,0.0,6861000000.0,1.0,3424113792.0,3421200000.0,3453800000.0,5.588,287443000000.0,0.0,2046000000.0,0.0,84.018,
80,WFC,MRT,2001-06-30,2001-06-30,2001-06-30,2021-09-08,1054000000.0,289758000000.0,275794000000.0,,,0.067,7.89,0.0,15966000000.0,15966000000.0,0.0,3013000000.0,,9.708,67952000000.0,,,67952000000.0,0.0,3333000000.0,178258000000.0,0.02,0.47,4924000000.0,8257000000.0,0.447,8257000000.0,4924000000.0,4924000000.0,0.88,0.865,0.88,27061000000.0,26807000000.0,27061000000.0,129046737126.0,26.0,15.629,-1596000000.0,-0.465,1.0,18492000000.0,1.0,10700000000.0,0.0,331044000000.0,312393750000.0,0.0,238434000000.0,,,262697000000.0,,,79682737126.0,790000000.0,782000000.0,-1006000000.0,7809000000.0,-1644000000.0,23294000000.0,-20908000000.0,-19843000000.0,-1596000000.0,0.0,2996000000.0,2996000000.0,2996000000.0,0.0,17000000.0,0.162,12492000000.0,6000000000.0,0.0,0.534,2.945,26.596,26.381,3531000000.0,0.0,23.215,4.309,4.306,0.0,14616000000.0,18492000000.0,18492000000.0,0.0,0.011,0.112,0.016,0.266,0.0,6794000000.0,1.0,3432381526.0,3429800000.0,3429800000.0,5.392,279058000000.0,0.0,1928000000.0,0.0,81.363,
81,WFC,MRT,2001-03-31,2001-03-31,2001-03-31,2021-09-08,122000000.0,279670000000.0,267510000000.0,,,0.074,7.828,0.0,15523000000.0,15523000000.0,0.0,4137000000.0,,9.41,64887000000.0,,,64887000000.0,0.0,2909000000.0,171321000000.0,0.019,0.46,6725000000.0,9634000000.0,0.484,9634000000.0,6725000000.0,6725000000.0,1.21,1.195,1.21,26865000000.0,26252000000.0,26865000000.0,129881053561.0,19.0,13.482,-818000000.0,-0.238,1.0,19890000000.0,1.0,10415000000.0,0.0,318619000000.0,302639250000.0,0.0,228022000000.0,,,252805000000.0,,,84889053561.0,2520000000.0,1335000000.0,-1714000000.0,11084000000.0,-1612000000.0,23168000000.0,-19830000000.0,-16113000000.0,-818000000.0,0.0,4120000000.0,4120000000.0,4120000000.0,0.0,17000000.0,0.207,12089000000.0,7801000000.0,0.0,0.38,3.16,20.604,20.442,3429000000.0,0.0,24.735,4.268,4.268,0.0,15176000000.0,19890000000.0,19890000000.0,0.0,0.015,0.157,0.022,0.338,0.0,6676000000.0,1.0,3431940714.0,3431800000.0,3477400000.0,5.796,269255000000.0,0.0,2605000000.0,0.0,78.459,
82,WFC,MRT,2000-12-31,2000-12-31,2000-12-31,2021-09-08,524000000.0,272426000000.0,258984250000.0,,,0.075,7.793,0.0,16978000000.0,16978000000.0,0.0,4012000000.0,,9.285,61970000000.0,,,61970000000.0,0.0,2849000000.0,169559000000.0,0.016,0.45,6509000000.0,9358000000.0,0.482,9358000000.0,6509000000.0,6509000000.0,1.175,1.16,1.175,26488000000.0,25875250000.0,26488000000.0,133647199920.0,21.0,14.282,6837000000.0,2.011,1.0,19415000000.0,1.0,10486000000.0,0.0,306932000000.0,292175500000.0,0.0,219618000000.0,,,245938000000.0,,,95185199920.0,2860000000.0,482000000.0,-2816000000.0,2184000000.0,-1586000000.0,18059000000.0,-22036000000.0,-16915000000.0,6837000000.0,0.0,3995000000.0,3995000000.0,3995000000.0,0.0,17000000.0,0.206,11830000000.0,7585000000.0,0.0,0.383,3.594,23.826,23.698,3415000000.0,0.0,27.845,4.903,4.875,0.0,14541000000.0,19415000000.0,19415000000.0,0.0,0.015,0.154,0.022,0.335,0.0,6542000000.0,1.0,3418394682.0,3399000000.0,3436800000.0,5.712,261940000000.0,0.0,2514000000.0,0.0,77.064,
83,WFC,MRT,2000-09-30,2000-09-30,2000-09-30,2021-09-08,1701000000.0,261322000000.0,251141000000.0,,,0.075,7.851,0.0,14986000000.0,14986000000.0,0.0,4133000000.0,,8.746,57074000000.0,,,57074000000.0,0.0,1685000000.0,164273000000.0,0.019,0.43,6629000000.0,8314000000.0,0.443,8314000000.0,6629000000.0,6629000000.0,1.175,1.165,1.175,26814000000.0,25221000000.0,26814000000.0,115193202956.0,17.0,13.855,4615000000.0,1.351,1.0,18776000000.0,1.0,10430000000.0,0.0,292980000000.0,284722000000.0,0.0,212658000000.0,,,234508000000.0,,,75633202956.0,2054000000.0,1087000000.0,-4029000000.0,4476000000.0,-1616000000.0,14369000000.0,-16930000000.0,-14084000000.0,4615000000.0,0.0,4111000000.0,4111000000.0,4111000000.0,0.0,22000000.0,0.219,12125000000.0,6651000000.0,0.0,0.366,2.821,18.398,19.549,3365000000.0,0.0,22.97,4.028,4.178,0.0,13895000000.0,18776000000.0,18776000000.0,0.0,0.016,0.163,0.023,0.353,0.0,6752000000.0,1.0,3292694948.0,3415400000.0,3456000000.0,5.497,250892000000.0,0.0,2518000000.0,0.0,73.459,
84,WFC,MRT,2000-06-30,2000-06-30,2000-06-30,2021-09-08,811000000.0,256622000000.0,237575500000.0,,,0.077,7.381,0.0,15053000000.0,15053000000.0,0.0,4274000000.0,,9.331,60537000000.0,,,60537000000.0,0.0,1732000000.0,159685000000.0,0.022,0.42,6777000000.0,8509000000.0,0.464,8509000000.0,6777000000.0,6777000000.0,1.225,1.215,1.225,24841000000.0,24063000000.0,24841000000.0,97225224982.0,14.0,11.426,8035000000.0,2.387,1.0,18322000000.0,1.0,10080000000.0,0.0,292026000000.0,269236750000.0,0.0,206736000000.0,,,231781000000.0,,,62434224982.0,1622000000.0,677000000.0,-3636000000.0,10817000000.0,-1559000000.0,16060000000.0,-22473000000.0,-19844000000.0,8035000000.0,0.0,4248000000.0,4248000000.0,4248000000.0,0.0,26000000.0,0.232,11519000000.0,6803000000.0,0.0,0.343,2.513,14.697,15.816,3328000000.0,0.0,19.375,3.408,3.559,0.0,13645000000.0,18322000000.0,18322000000.0,0.0,0.018,0.177,0.025,0.37,0.0,6501000000.0,1.0,3222411612.0,3365600000.0,3405200000.0,5.444,246542000000.0,0.0,2529000000.0,0.0,73.254,
85,WFC,MRT,2000-03-31,2000-03-31,2000-03-31,2021-09-08,1570000000.0,245567000000.0,224775250000.0,,,0.079,7.473,0.0,13003000000.0,13003000000.0,0.0,4168000000.0,,8.684,54155000000.0,,,54155000000.0,0.0,2093000000.0,155068000000.0,0.02,0.41,6601000000.0,8694000000.0,0.492,8694000000.0,6601000000.0,6601000000.0,1.2,1.185,1.2,25358000000.0,23196500000.0,25358000000.0,105078965954.0,16.0,12.086,13969000000.0,4.117,1.0,17663000000.0,1.0,9955000000.0,0.0,276764000000.0,252734500000.0,0.0,198307000000.0,,,220209000000.0,,,66173965954.0,718000000.0,-356000000.0,-2786000000.0,8394000000.0,-1513000000.0,11053000000.0,-24304000000.0,-22247000000.0,13969000000.0,0.0,4137000000.0,4137000000.0,4137000000.0,0.0,31000000.0,0.234,11031000000.0,6632000000.0,0.0,0.342,2.61,15.996,16.979,3285000000.0,0.0,20.375,3.746,3.914,0.0,13085000000.0,17663000000.0,17663000000.0,0.0,0.018,0.178,0.026,0.374,0.0,6243000000.0,1.0,3247802010.0,3393400000.0,3422600000.0,5.205,235612000000.0,0.0,2464000000.0,0.0,69.432,
86,WFC,MRT,1999-12-31,1999-12-31,1999-12-31,2021-09-08,760000000.0,241053000000.0,213741000000.0,,,0.079,6.964,0.0,14118000000.0,14118000000.0,0.0,4012000000.0,,9.098,59528000000.0,,,59528000000.0,0.0,1971000000.0,145918000000.0,0.019,0.393,6315000000.0,8286000000.0,0.488,8286000000.0,6315000000.0,6315000000.0,1.16,1.145,1.16,23871000000.0,22176000000.0,23871000000.0,99347409840.0,16.0,11.99,16275000000.0,4.748,1.0,16987000000.0,1.0,9345000000.0,0.0,277118000000.0,238368500000.0,0.0,197666000000.0,,,217182000000.0,,,66414409840.0,466000000.0,-800000000.0,-1613000000.0,16256000000.0,-1436000000.0,8114000000.0,-23923000000.0,-20991000000.0,16275000000.0,0.0,3977000000.0,3977000000.0,3977000000.0,0.0,35000000.0,0.234,10637000000.0,6350000000.0,0.0,0.339,2.782,16.7,17.431,3372000000.0,0.0,20.22,3.91,4.08,0.0,12565000000.0,16987000000.0,16987000000.0,0.0,0.019,0.179,0.026,0.372,0.0,5949000000.0,1.0,3284590002.0,3428000000.0,3470800000.0,4.955,231708000000.0,0.0,2338000000.0,0.0,67.593,
87,WFC,MRT,1999-09-30,1999-09-30,1999-09-30,2021-09-08,242000000.0,207060000000.0,204096500000.0,,,0.078,6.728,0.0,12011000000.0,12011000000.0,0.0,2824000000.0,,8.335,44944000000.0,,,44944000000.0,0.0,2077000000.0,131557000000.0,0.019,0.385,4503000000.0,6580000000.0,0.414,6580000000.0,4503000000.0,4503000000.0,0.82,0.81,0.82,22182000000.0,21398000000.0,22182000000.0,94934528227.0,21.0,14.428,9702000000.0,2.942,1.0,15877000000.0,1.0,8954000000.0,0.0,231039000000.0,223329250000.0,0.0,168856000000.0,,,184878000000.0,,,65359528227.0,842000000.0,-1129000000.0,425000000.0,10898000000.0,-1352000000.0,12620000000.0,-21480000000.0,-15058000000.0,9702000000.0,0.0,2788000000.0,2788000000.0,2788000000.0,0.0,36000000.0,0.176,11338000000.0,4539000000.0,0.0,0.47,2.947,23.443,24.165,3124000000.0,0.0,19.815,4.117,4.115,0.0,10625000000.0,15877000000.0,15877000000.0,0.0,0.014,0.13,0.02,0.284,0.0,6111000000.0,1.0,3298487420.0,3297200000.0,3334200000.0,4.815,198106000000.0,0.0,1715000000.0,0.0,60.083,
88,WFC,MRT,1999-06-30,1999-06-30,1999-06-30,2021-09-08,-10000000.0,205421000000.0,201297250000.0,,,0.077,6.472,0.0,12633000000.0,12633000000.0,0.0,2604000000.0,,8.61,42208000000.0,,,42208000000.0,0.0,2230000000.0,132542000000.0,0.018,0.378,4200000000.0,6430000000.0,0.415,6430000000.0,4200000000.0,4200000000.0,0.755,0.75,0.755,21375000000.0,20992000000.0,21375000000.0,97712395888.0,23.0,15.196,6684000000.0,2.024,1.0,15503000000.0,1.0,8979000000.0,0.0,226017000000.0,218645250000.0,0.0,165936000000.0,,,184046000000.0,,,70658395888.0,366000000.0,-867000000.0,245000000.0,12875000000.0,-1275000000.0,17097000000.0,-23415000000.0,-18193000000.0,6684000000.0,0.0,2568000000.0,2568000000.0,2568000000.0,0.0,36000000.0,0.166,11267000000.0,4236000000.0,0.0,0.501,3.306,27.515,28.311,3141000000.0,0.0,21.375,4.558,4.554,0.0,10028000000.0,15503000000.0,15503000000.0,0.0,0.013,0.122,0.019,0.271,0.0,6006000000.0,1.0,3305655948.0,3302800000.0,3344600000.0,4.694,196442000000.0,0.0,1632000000.0,0.0,59.477,
89,WFC,MRT,1999-03-31,1999-03-31,1999-03-31,2021-09-08,307000000.0,201430000000.0,196463000000.0,,,0.078,6.459,0.0,11364000000.0,11364000000.0,0.0,2392000000.0,,8.467,38418000000.0,,,38418000000.0,0.0,2064000000.0,132340000000.0,0.021,0.36,3885000000.0,5949000000.0,0.389,5949000000.0,3885000000.0,3885000000.0,0.695,0.69,0.695,21276000000.0,20687750000.0,21276000000.0,81617716993.0,21.0,13.72,5768000000.0,1.751,1.0,15276000000.0,1.0,9184000000.0,0.0,219300000000.0,211165500000.0,0.0,162591000000.0,,,180154000000.0,,,57957716993.0,-1797000000.0,72000000.0,289000000.0,6948000000.0,-1179000000.0,7277000000.0,-14842000000.0,-10332000000.0,5768000000.0,0.0,2356000000.0,2356000000.0,2356000000.0,0.0,36000000.0,0.154,11355000000.0,3921000000.0,0.0,0.518,2.724,24.6,25.223,3130000000.0,0.0,17.53,3.794,3.78,0.0,9525000000.0,15276000000.0,15276000000.0,0.0,0.012,0.114,0.018,0.254,0.0,5959000000.0,1.0,3306201768.0,3294200000.0,3328400000.0,4.637,192246000000.0,0.0,1529000000.0,0.0,58.359,
90,WFC,MRT,1998-12-31,1998-12-31,1998-12-31,2021-09-08,463000000.0,202475000000.0,193818750000.0,,,0.077,6.149,0.0,12731000000.0,12731000000.0,0.0,2191000000.0,,8.754,36391000000.0,,,36391000000.0,0.0,2231000000.0,136788000000.0,0.018,0.35,3630000000.0,5861000000.0,0.391,5861000000.0,3630000000.0,3630000000.0,0.64,0.63,0.64,20759000000.0,20311750000.0,20759000000.0,55708883760.0,15.0,9.505,-4236000000.0,-1.255,1.0,14976000000.0,1.0,9174000000.0,0.0,216961000000.0,206817500000.0,0.0,166546000000.0,,,181716000000.0,,,30711383760.0,-534000000.0,262000000.0,-143000000.0,6806000000.0,-1113000000.0,14449000000.0,-10747000000.0,-8332000000.0,-4236000000.0,0.0,2156000000.0,2156000000.0,2156000000.0,0.0,35000000.0,0.144,11311000000.0,3665000000.0,0.0,0.547,1.479,14.245,31.203,3130000000.0,0.0,19.97,2.051,4.502,0.0,9045000000.0,14976000000.0,14976000000.0,0.0,0.011,0.106,0.018,0.242,0.0,5905000000.0,1.0,1537876002.0,3376200000.0,3421200000.0,4.436,193301000000.0,0.0,1474000000.0,0.0,57.254,
91,WFC,MRT,1998-09-30,1998-09-30,1998-09-30,2021-09-08,462000000.0,195863000000.0,189621250000.0,,,0.1,6.356,144600000.0,10985000000.0,10985000000.0,0.0,3649100000.0,,8.527,36738000000.0,,,36738000000.0,0.0,2766100000.0,129951000000.0,0.019,0.34,6140900000.0,8907000000.0,0.468,8907000000.0,6140900000.0,6140900000.0,0.75,0.74,0.75,20558000000.0,20066500000.0,20558000000.0,45806401434.0,7.0,5.143,2126200000.0,0.657,1.0,19023400000.0,1.0,9313000000.0,0.0,212303000000.0,201282250000.0,0.0,161934000000.0,,,175305000000.0,,,27185301434.0,-3048700000.0,687900000.0,-2450200000.0,5624500000.0,-1368700000.0,-7319700000.0,2289400000.0,1786900000.0,1981600000.0,0.0,3579100000.0,3579100000.0,3579100000.0,0.0,70000000.0,0.188,12812500000.0,6210900000.0,0.0,0.453,1.322,7.596,23.667,3279000000.0,0.0,17.75,1.429,3.018,0.0,9552000000.0,19023400000.0,19023400000.0,0.0,0.019,0.178,0.031,0.323,0.0,6399500000.0,1.0,1531566278.0,3234600000.0,3281400000.0,5.881,186550000000.0,0.0,2561800000.0,0.0,57.673,
92,WFC,MRT,1998-06-30,1998-06-30,1998-06-30,2021-09-08,440000000.0,186084000000.0,161968550000.0,,,0.105,6.259,86000000.0,12083000000.0,12083000000.0,0.0,3248700000.0,,8.231,31562000000.0,,,31562000000.0,0.0,2360800000.0,127245000000.0,0.018,0.323,5437900000.0,7798700000.0,0.457,7798700000.0,5437900000.0,5437900000.0,0.75,0.735,0.75,20158000000.0,16632750000.0,20158000000.0,49517117277.0,9.0,6.349,3036500000.0,0.943,1.0,17075700000.0,1.0,9465000000.0,0.0,196098000000.0,173798350000.0,0.0,151310000000.0,,,165926000000.0,,,27925117277.0,-1655400000.0,200900000.0,-2315200000.0,479300000.0,-1224500000.0,-12906700000.0,8300800000.0,8115900000.0,2950500000.0,0.0,3187700000.0,3187700000.0,3187700000.0,0.0,61000000.0,0.187,11576800000.0,5498900000.0,0.0,0.431,1.385,8.76,24.6,3290000000.0,0.0,18.45,1.635,3.48,0.0,9064000000.0,17075700000.0,17075700000.0,0.0,0.02,0.192,0.031,0.318,0.0,5915400000.0,1.0,1513556492.0,3220600000.0,3264400000.0,5.302,176619000000.0,0.0,2250200000.0,0.0,54.84,
93,WFC,MRT,1998-03-31,1998-03-31,1998-03-31,2021-09-08,404000000.0,190853000000.0,136411625000.0,,,0.11,6.119,50200000.0,12977000000.0,12977000000.0,0.0,2861100000.0,,8.653,33672000000.0,,,33672000000.0,0.0,2021600000.0,130148000000.0,0.015,0.315,4774600000.0,6796200000.0,0.451,6796200000.0,4774600000.0,4774600000.0,0.745,0.735,0.745,19772000000.0,13220025000.0,19772000000.0,47900995982.0,10.0,7.048,-2117200000.0,-0.655,1.0,15071100000.0,1.0,9640000000.0,0.0,201908000000.0,149989700000.0,0.0,153812000000.0,,,171081000000.0,,,31503395982.0,-1633600000.0,-99600000.0,-2314200000.0,3440000000.0,-1098500000.0,-6762600000.0,7296400000.0,7268800000.0,-2167400000.0,0.0,2809100000.0,2809100000.0,2809100000.0,0.0,52000000.0,0.186,10244500000.0,4826600000.0,0.0,0.423,1.593,11.215,27.893,3320000000.0,0.0,20.78,2.09,4.455,0.0,8668000000.0,15071100000.0,15071100000.0,0.0,0.021,0.212,0.032,0.317,0.0,5383900000.0,1.0,1516044080.0,3231400000.0,3278200000.0,4.664,181213000000.0,0.0,1965500000.0,0.0,56.079,
94,WFC,MRT,1997-12-31,1997-12-31,1997-12-31,2021-09-08,464000000.0,185685000000.0,109593450000.0,,,0.12,6.05,0.0,13081000000.0,13081000000.0,0.0,2499000000.0,,8.388,32015000000.0,,,32015000000.0,0.0,1734000000.0,127656000000.0,0.016,0.307,4150000000.0,5884000000.0,0.446,5884000000.0,4150000000.0,4150000000.0,0.75,0.74,0.75,19778000000.0,9823825000.0,19778000000.0,46383681282.0,11.0,7.883,2479000000.0,0.758,1.0,13183000000.0,1.0,9799000000.0,0.0,194820000000.0,124229600000.0,0.0,149418000000.0,,,165907000000.0,,,29268481282.0,-3512000000.0,-51000000.0,-1933000000.0,1596000000.0,-968000000.0,-10115000000.0,4124000000.0,4118000000.0,2479000000.0,0.0,2456000000.0,2456000000.0,2456000000.0,0.0,43000000.0,0.186,8990000000.0,4193000000.0,0.0,0.409,1.48,11.917,25.833,3311000000.0,0.0,19.375,2.22,4.805,0.0,8292000000.0,13183000000.0,13183000000.0,0.0,0.022,0.25,0.033,0.315,0.0,4869000000.0,1.0,1510631292.0,3269200000.0,3315600000.0,4.032,175886000000.0,0.0,1694000000.0,0.0,53.801,
95,WFC,MRT,1997-09-30,1997-09-30,1997-09-30,2021-09-08,437700000.0,85252200000.0,83216050000.0,,,,4.498,-32100000.0,4812000000.0,4812000000.0,,,,11.495,21927200000.0,,,21927200000.0,0.0,1582200000.0,52532900000.0,0.019,0.292,,,,,,,,,,6823000000.0,6395375000.0,6823000000.0,39963682136.0,,,-1981800000.0,-1.306,1.0,,,0.0,,102367400000.0,98889325000.0,0.0,74167400000.0,,,78429200000.0,,,22956582136.0,6149700000.0,5856600000.0,-2413700000.0,858700000.0,-951500000.0,-4481800000.0,12581200000.0,7485700000.0,-1949700000.0,0.0,,,,,,,,,0.0,,3.365,,,1257400000.0,,15.312,,,0.0,4808400000.0,,,,,,,,0.0,,1.0,1499205364.0,1517000000.0,,,85252200000.0,0.0,,0.0,56.198,
96,WFC,MRT,1997-06-30,1997-06-30,1997-06-30,2021-09-08,323600000.0,83856300000.0,,,,,4.295,-18800000.0,4516700000.0,4516700000.0,0.0,2324500000.0,,11.887,21523800000.0,,,21523800000.0,0.0,1570900000.0,51971400000.0,0.02,0.285,3815600000.0,5386500000.0,0.42,5386500000.0,3815600000.0,3815600000.0,0.745,0.73,0.745,6507100000.0,,6507100000.0,36377665212.0,10.0,6.753,643300000.0,0.425,1.0,12831500000.0,1.0,0.0,0.0,100863400000.0,,0.0,73520500000.0,,,77349200000.0,,,21090365212.0,6010600000.0,6105900000.0,-2410700000.0,-801200000.0,-939400000.0,-6118700000.0,11467200000.0,6109100000.0,662100000.0,0.0,2239500000.0,2239500000.0,2239500000.0,0.0,85000000.0,0.175,8930900000.0,3900600000.0,0.0,0.383,3.241,9.417,18.876,1236400000.0,0.0,14.062,1.644,1.661,0.0,4661300000.0,12831500000.0,12831500000.0,0.0,,,,0.297,0.0,5176200000.0,1.0,1499759304.0,1515200000.0,1515200000.0,8.469,83856300000.0,0.0,1576100000.0,0.0,55.343,
97,WFC,MRT,1997-03-31,1997-03-31,1997-03-31,2021-09-08,97100000.0,83580300000.0,,,,,4.093,-23100000.0,5388900000.0,5388900000.0,,,,12.509,20676200000.0,,,20676200000.0,0.0,1499200000.0,52025500000.0,0.024,0.278,,,,,,,,,,6187200000.0,,6187200000.0,30564502856.0,,,6208100000.0,4.107,1.0,,,0.0,,98867600000.0,,0.0,72544100000.0,,,77393100000.0,,,17281002856.0,7125200000.0,3537100000.0,-2317800000.0,-805000000.0,-925600000.0,-5169500000.0,6063500000.0,3278500000.0,6231200000.0,0.0,,,,,,,,,0.0,,2.793,,,1237800000.0,,11.562,,,0.0,4475300000.0,,,,,,,,0.0,,1.0,1494573220.0,1511600000.0,,,83580300000.0,0.0,,0.0,55.293,
98,WFC,MRT,1996-12-31,1996-12-31,1996-12-31,2021-09-08,297100000.0,80175400000.0,76154900000.0,,,0.164,1.952,0.0,7371300000.0,7371300000.0,0.0,2228000000.0,,12.221,20654800000.0,,,20654800000.0,0.0,1458000000.0,50130200000.0,0.024,0.263,3682000000.0,5140000000.0,0.411,5140000000.0,3682000000.0,3682000000.0,0.69,0.68,0.69,6064200000.0,5688150000.0,6064200000.0,,,,4145000000.0,1.334,1.0,12491000000.0,1.0,0.0,0.0,93458900000.0,91425400000.0,0.0,67301100000.0,,,74111200000.0,,,16253483768.0,8898000000.0,3567000000.0,-2314000000.0,-710000000.0,-900000000.0,-5965000000.0,10718000000.0,7880000000.0,4145000000.0,0.0,2143000000.0,2143000000.0,2143000000.0,0.0,85000000.0,0.172,8724000000.0,3767000000.0,0.0,0.381,2.68,7.584,15.761,1200900000.0,0.0,10.875,1.301,2.705,0.0,4248200000.0,12491000000.0,12491000000.0,0.0,0.028,0.377,0.04,0.295,0.0,5036000000.0,1.0,1494573220.0,3106600000.0,3141000000.0,4.021,80175400000.0,0.0,1539000000.0,0.0,25.808,
99,WFC,MRT,1996-09-30,1996-09-30,1996-09-30,2021-09-08,,,,,,,,,,,,,,,,,,,,,,0.025,0.255,,,,,,,,,,,,,,,,,,1.0,,,,,,,,,,,,,,,,,,,,,,,,,,,,,,,,,,,,,,,,10.188,,,,,,,,,,,,,,1.0,,,,,,,,,,
100,WFC,MRT,1996-06-30,1996-06-30,1996-06-30,2021-09-08,,,,,,,,,,,,,,,,,,,,,,0.028,0.247,,,,,,,,,,,,,,,,,,1.0,,,,,,,,,,,,,,,,,,,,,,,,,,,,,,,,,,,,,,,,8.72,,,,,,,,,,,,,,1.0,,1478400000.0,,,,,,,,
101,WFC,MRT,1996-03-31,1996-03-31,1996-03-31,2021-09-08,,,,,,,,,,,,,,,,,,,,,,0.025,0.232,,,,,,,,,,,,,,,,,,1.0,,,,,,,,,,,,,,,,,,,,,,,,,,,,,,,,,,,,,,,,9.188,,,,,,,,,,,,,,1.0,,1443200000.0,,,,,,,,
102,WFC,MRT,1995-12-31,1995-12-31,1995-12-31,2021-09-08,321300000.0,72134400000.0,,,,,4.004,-157600000.0,4946500000.0,4946500000.0,0.0,956000000.0,,12.579,22204000000.0,,,22204000000.0,0.0,311800000.0,42028800000.0,0.027,0.225,1422800000.0,1734600000.0,0.361,1734600000.0,1422800000.0,1422800000.0,0.695,0.68,0.695,5312100000.0,,5312100000.0,,,,-3699600000.0,-2.788,1.0,4805100000.0,1.0,0.0,0.0,89391900000.0,,0.0,62475100000.0,,,66822300000.0,,,,922200000.0,-99000000.0,-168400000.0,2930300000.0,-337800000.0,3932400000.0,531800000.0,788400000.0,-3542000000.0,0.0,956000000.0,956000000.0,956000000.0,0.0,0.0,0.199,3382300000.0,1422800000.0,0.0,0.324,,,11.871,1034100000.0,0.0,8.25,,2.278,0.0,3496300000.0,4805100000.0,4805100000.0,0.0,,,,0.296,0.0,2307900000.0,1.0,,1326800000.0,1326800000.0,3.622,72134400000.0,0.0,466800000.0,0.0,54.367,
103,WFC,MRT,1994-12-31,1994-12-31,1994-12-31,2021-09-08,,,,,,,,-134200000.0,,,0.0,800400000.0,,,,,,,,232200000.0,,0.033,0.191,1180600000.0,1412800000.0,0.33,1412800000.0,1180600000.0,1180600000.0,0.613,0.603,0.613,,,,,,,2773600000.0,2.201,1.0,4277000000.0,1.0,,0.0,,,,,,,,,,,416300000.0,69700000.0,-432300000.0,3975400000.0,-268000000.0,2193200000.0,-4684700000.0,-4620200000.0,2907800000.0,0.0,800400000.0,800400000.0,800400000.0,0.0,0.0,0.187,3096400000.0,1180600000.0,,0.312,,,9.535,,0.0,5.845,,1.722,,,4277000000.0,4277000000.0,0.0,,,,0.276,0.0,2104900000.0,1.0,,1260400000.0,1260400000.0,3.393,,,380200000.0,,,
