None,ticker,dimension,calendardate,datekey,reportperiod,lastupdated,accoci,assets,assetsavg,assetsc,assetsnc,assetturnover,bvps,capex,cashneq,cashnequsd,cor,consolinc,currentratio,de,debt,debtc,debtnc,debtusd,deferredrev,depamor,deposits,divyield,dps,ebit,ebitda,ebitdamargin,ebitdausd,ebitusd,ebt,eps,epsdil,epsusd,equity,equityavg,equityusd,ev,evebit,evebitda,fcf,fcfps,fxusd,gp,grossmargin,intangibles,intexp,invcap,invcapavg,inventory,investments,investmentsc,investmentsnc,liabilities,liabilitiesc,liabilitiesnc,marketcap,ncf,ncfbus,ncfcommon,ncfdebt,ncfdiv,ncff,ncfi,ncfinv,ncfo,ncfx,netinc,netinccmn,netinccmnusd,netincdis,netincnci,netmargin,opex,opinc,payables,payoutratio,pb,pe,pe1,ppnenet,prefdivis,price,ps,ps1,receivables,retearn,revenue,revenueusd,rnd,roa,roe,roic,ros,sbcomp,sgna,sharefactor,sharesbas,shareswa,shareswadil,sps,tangibles,taxassets,taxexp,taxliabilities,tbvps,workingcapital
0,ETFC,MRY,2019-12-31,2019-12-31,2019-12-31,2020-08-05,-28000000.0,61416000000.0,63057750000.0,,,0.046,27.562,-149000000.0,2629000000.0,2629000000.0,0.0,955000000.0,,8.387,1410000000.0,,,1410000000.0,0.0,225000000.0,38606000000.0,0.012,0.56,1319000000.0,1544000000.0,0.535,1544000000.0,1319000000.0,1319000000.0,3.86,3.85,3.86,6543000000.0,6691000000.0,6543000000.0,9801803022.0,7.0,6.348,2698000000.0,11.365,1.0,2886000000.0,1.0,2943000000.0,0.0,57254000000.0,59918500000.0,0.0,43065000000.0,,,54873000000.0,,,10249803022.0,-715000000.0,-29000000.0,-1085000000.0,0.0,-135000000.0,-7990000000.0,4428000000.0,4903000000.0,2847000000.0,0.0,955000000.0,915000000.0,915000000.0,0.0,0.0,0.317,1567000000.0,1319000000.0,13742000000.0,0.145,1.567,11.202,11.754,339000000.0,40000000.0,45.37,3.552,3.732,11070000000.0,1464000000.0,2886000000.0,2886000000.0,0.0,0.015,0.137,0.022,0.457,53000000.0,1205000000.0,1.0,225915870.0,237396000,237931000.0,12.157,58473000000.0,0.0,364000000.0,0.0,246.31,
1,ETFC,MRY,2018-12-31,2018-12-31,2018-12-31,2020-08-05,-275000000.0,65003000000.0,64562250000.0,,,0.044,25.18,-112000000.0,3344000000.0,3344000000.0,0.0,1052000000.0,,8.906,1409000000.0,,,1409000000.0,0.0,244000000.0,45313000000.0,0.003,0.14,1418000000.0,1662000000.0,0.578,1662000000.0,1418000000.0,1418000000.0,3.9,3.88,3.9,6562000000.0,6780000000.0,6562000000.0,11662009997.0,8.0,7.017,1574000000.0,6.04,1.0,2873000000.0,1.0,2976000000.0,0.0,60092000000.0,61970500000.0,0.0,47140000000.0,,,58441000000.0,,,11156009997.0,1541000000.0,-150000000.0,-1139000000.0,-80000000.0,-36000000.0,45000000.0,-190000000.0,-148000000.0,1686000000.0,0.0,1052000000.0,1016000000.0,1016000000.0,0.0,0.0,0.354,1451000000.0,1422000000.0,11065000000.0,0.036,1.7,10.98,11.251,281000000.0,36000000.0,43.88,3.883,3.98,10320000000.0,684000000.0,2873000000.0,2873000000.0,0.0,0.016,0.15,0.023,0.494,46000000.0,1157000000.0,1.0,254239061.0,260600000,261669000.0,11.025,62027000000.0,0.0,366000000.0,0.0,238.016,
2,ETFC,MRY,2017-12-31,2017-12-31,2017-12-31,2020-08-05,-26000000.0,63365000000.0,59593000000.0,,,0.04,25.371,-102000000.0,1803000000.0,1803000000.0,0.0,614000000.0,,8.142,1901000000.0,,,1901000000.0,0.0,262000000.0,42742000000.0,0.0,0.0,1064000000.0,1326000000.0,0.56,1326000000.0,1064000000.0,1064000000.0,2.16,2.15,2.16,6931000000.0,6676500000.0,6931000000.0,13375034601.0,13.0,10.087,480000000.0,1.757,1.0,2366000000.0,1.0,2654000000.0,0.0,60809000000.0,56588000000.0,0.0,47172000000.0,,,56434000000.0,,,13367034601.0,-1607000000.0,0.0,-362000000.0,450000000.0,0.0,11387000000.0,-13576000000.0,-13526000000.0,582000000.0,0.0,614000000.0,589000000.0,589000000.0,0.0,0.0,0.249,1244000000.0,1122000000.0,10991000000.0,0.0,1.929,22.694,22.949,253000000.0,25000000.0,49.57,5.65,5.724,10249000000.0,-317000000.0,2366000000.0,2366000000.0,0.0,0.01,0.088,0.019,0.45,41000000.0,1048000000.0,1.0,269659766.0,273190000,274352000.0,8.661,60711000000.0,0.0,450000000.0,0.0,222.23,
3,ETFC,MRY,2016-12-31,2016-12-31,2016-12-31,2020-08-05,-137000000.0,48999000000.0,48835750000.0,,,0.04,22.578,-75000000.0,3410000000.0,3410000000.0,0.0,552000000.0,,6.812,1403000000.0,,,1403000000.0,0.0,239000000.0,31682000000.0,0.0,0.0,838000000.0,1077000000.0,0.555,1077000000.0,838000000.0,838000000.0,1.99,1.98,1.99,6272000000.0,6027500000.0,6272000000.0,7264595502.0,9.0,6.745,1969000000.0,7.088,1.0,1941000000.0,1.0,2690000000.0,0.0,44302000000.0,44153250000.0,0.0,33194000000.0,,,42727000000.0,,,9487595502.0,120000000.0,-723000000.0,-452000000.0,-82000000.0,0.0,2075000000.0,-3999000000.0,-3116000000.0,2044000000.0,0.0,552000000.0,552000000.0,552000000.0,0.0,0.0,0.284,1103000000.0,838000000.0,9142000000.0,0.0,1.513,17.188,17.412,239000000.0,0.0,34.65,4.888,4.959,7787000000.0,-909000000.0,1941000000.0,1941000000.0,0.0,0.011,0.092,0.019,0.432,30000000.0,914000000.0,1.0,273812280.0,277789000,279048000.0,6.987,46309000000.0,756000000.0,286000000.0,0.0,166.706,
4,ETFC,MRY,2015-12-31,2015-12-31,2015-12-31,2020-08-05,-99000000.0,45427000000.0,45143000000.0,,,0.03,19.944,-70000000.0,3290000000.0,3290000000.0,0.0,268000000.0,,6.834,1488000000.0,,,1488000000.0,0.0,325000000.0,29445000000.0,0.0,0.0,91000000.0,416000000.0,0.304,416000000.0,91000000.0,91000000.0,0.92,0.91,0.92,5799000000.0,5694500000.0,5799000000.0,8524571075.0,94.0,20.492,773000000.0,2.659,1.0,1370000000.0,1.0,1966000000.0,0.0,41659000000.0,44537500000.0,0.0,30215000000.0,,,39628000000.0,,,8683571075.0,450000000.0,0.0,-50000000.0,-4865000000.0,0.0,-395000000.0,2000000.0,-27000000.0,843000000.0,0.0,268000000.0,268000000.0,268000000.0,0.0,0.0,0.196,1167000000.0,203000000.0,8120000000.0,0.0,1.497,32.401,32.217,236000000.0,0.0,29.64,6.338,6.291,7918000000.0,-1461000000.0,1370000000.0,1370000000.0,0.0,0.006,0.047,0.002,0.066,34000000.0,871000000.0,1.0,292967985.0,290762000,295011000.0,4.712,43461000000.0,1033000000.0,-177000000.0,0.0,149.473,
5,ETFC,MRY,2014-12-31,2014-12-31,2014-12-31,2020-08-05,-249000000.0,45530000000.0,45883750000.0,,,0.037,18.618,-87000000.0,2338000000.0,2338000000.0,0.0,293000000.0,,7.471,6337000000.0,,,6337000000.0,0.0,331000000.0,24890000000.0,0.0,0.0,452000000.0,783000000.0,0.46,783000000.0,452000000.0,452000000.0,1.02,1.0,1.02,5375000000.0,5217250000.0,5375000000.0,11578604591.0,26.0,14.787,614000000.0,2.127,1.0,1704000000.0,1.0,1986000000.0,0.0,47543000000.0,48184750000.0,0.0,30615000000.0,,,40155000000.0,,,7013604591.0,-55000000.0,67000000.0,0.0,-1271000000.0,0.0,-2469000000.0,1713000000.0,1780000000.0,701000000.0,0.0,293000000.0,293000000.0,293000000.0,0.0,0.0,0.172,1181000000.0,523000000.0,8154000000.0,0.0,1.305,23.937,23.779,245000000.0,0.0,24.255,4.116,4.109,8559000000.0,-1729000000.0,1704000000.0,1704000000.0,0.0,0.006,0.056,0.009,0.265,24000000.0,794000000.0,1.0,289161187.0,288705000,294103000.0,5.902,43544000000.0,951000000.0,159000000.0,0.0,150.825,
6,ETFC,MRY,2013-12-31,2013-12-31,2013-12-31,2020-08-05,-453000000.0,46280000000.0,45450079500.0,,,0.038,16.92,-47000000.0,2904000000.0,2904000000.0,0.0,86000000.0,,8.53,7590000000.0,,,7590000000.0,0.0,395000000.0,25971000000.0,0.0,0.0,309000000.0,704000000.0,0.409,704000000.0,309000000.0,195000000.0,0.3,0.29,0.3,4856000000.0,4849507250.0,4856000000.0,10608592034.0,34.0,15.069,1070000000.0,3.728,1.0,1723000000.0,1.0,2008000000.0,114000000.0,48958000000.0,48745406250.0,0.0,31957000000.0,,,41424000000.0,,,5640569034.0,-924000000.0,0.0,0.0,88000000.0,0.0,-2327000000.0,286000000.0,265000000.0,1117000000.0,0.0,86000000.0,86000000.0,86000000.0,0.0,0.0,0.05,1418000000.0,305000000.0,6310000000.0,0.0,1.162,65.588,65.467,237000000.0,0.0,19.64,3.274,3.271,6353000000.0,-2022000000.0,1723000000.0,1723000000.0,0.0,0.002,0.018,0.006,0.179,20000000.0,698000000.0,1.0,287198016.0,286991000,292589000.0,6.004,44272000000.0,0.0,109000000.0,0.0,154.263,
7,ETFC,MRY,2012-12-31,2012-12-31,2012-12-31,2020-08-05,-309928000.0,47386739000.0,49547479500.0,,,0.038,17.164,-80000000.0,3138392000.0,3138392000.0,0.0,-113000000.0,,8.662,7480559000.0,,,7480559000.0,0.0,409000000.0,28392552000.0,0.0,0.0,49000000.0,458000000.0,0.241,458000000.0,49000000.0,-131000000.0,-0.39,-0.39,-0.39,4904470000.0,5028458500.0,4904470000.0,6741299862.0,138.0,14.719,-239000000.0,-0.836,1.0,1900000000.0,1.0,2194854000.0,180000000.0,49534052000.0,52634693250.0,0.0,33250361000.0,,,42482269000.0,,,2560212862.0,662000000.0,0.0,0.0,-1784000000.0,0.0,156000000.0,665000000.0,572000000.0,-159000000.0,0.0,-113000000.0,-113000000.0,-113000000.0,0.0,0.0,-0.059,1517000000.0,383000000.0,4964922000.0,0.0,0.522,-22.657,-22.949,288170000.0,0.0,8.95,1.347,1.346,5804041000.0,-2107720000.0,1900000000.0,1900000000.0,0.0,-0.002,-0.022,0.001,0.026,21000000.0,725000000.0,1.0,286057303.0,285748000,285748000.0,6.649,45191885000.0,0.0,-18000000.0,0.0,158.153,
8,ETFC,MRY,2011-12-31,2011-12-31,2011-12-31,2020-08-05,-386629000.0,47940452000.0,47261491250.0,,,0.043,18.437,-89410000.0,3375426000.0,3375426000.0,0.0,156701000.0,,8.728,9245986000.0,,,9245986000.0,0.0,340691000.0,26459985000.0,0.0,0.0,363159000.0,703850000.0,0.346,703850000.0,363159000.0,185330000.0,0.59,0.54,0.59,4927950000.0,4771075500.0,4927950000.0,8682757422.0,24.0,12.336,1006545000.0,3.766,1.0,2036599000.0,1.0,2220037000.0,177829000.0,51590975000.0,52027199500.0,0.0,34258367000.0,,,43012502000.0,,,2270765422.0,-274507000.0,0.0,0.0,-901375000.0,0.0,259712000.0,-1630174000.0,-1736902000.0,1095955000.0,0.0,156701000.0,156701000.0,156701000.0,0.0,0.0,0.077,1675518000.0,361081000.0,5590858000.0,0.0,0.461,14.491,13.492,299693000.0,0.0,7.96,1.115,1.045,4826256000.0,-1995137000.0,2036599000.0,2036599000.0,0.0,0.003,0.033,0.007,0.178,14456000.0,704665000.0,1.0,285272038.0,267291000,289822000.0,7.619,45720415000.0,0.0,28629000.0,0.0,171.051,
9,ETFC,MRY,2010-12-31,2010-12-31,2010-12-31,2020-08-05,-438640000.0,46373001000.0,45666842000.0,,,0.046,19.178,-82076000.0,2983856000.0,2983856000.0,0.0,-28472000.0,,10.443,10765844000.0,,,10765844000.0,0.0,339085000.0,25240297000.0,0.0,0.0,163989000.0,503074000.0,0.242,503074000.0,163989000.0,-3141000.0,-0.13,-0.13,-0.13,4052445000.0,4043437500.0,4052445000.0,10575605392.0,64.0,21.022,967219000.0,4.577,1.0,2077875000.0,1.0,2265379000.0,167130000.0,51889610000.0,50668383250.0,0.0,32616860000.0,,,42320556000.0,,,3533077392.0,-1108892000.0,0.0,0.0,-552793000.0,0.0,-1086130000.0,-1072854000.0,-1073990000.0,1049295000.0,797000.0,-28472000.0,-28472000.0,-28472000.0,0.0,0.0,-0.014,1921989000.0,155886000.0,5020086000.0,0.0,0.872,-124.09,-123.077,302658000.0,0.0,16.0,1.7,1.627,5120575000.0,-2151838000.0,2077875000.0,2077875000.0,0.0,-0.001,-0.007,0.003,0.079,25361000.0,682628000.0,1.0,220817337.0,211302000,211302000.0,9.834,44107622000.0,0.0,25331000.0,0.0,208.742,
10,ETFC,MRY,2009-12-31,2009-12-31,2009-12-31,2020-08-05,-404130000.0,47366485000.0,48312896750.0,,,0.046,34.229,-86195000.0,5028518000.0,5028518000.0,0.0,-1297762000.0,,11.633,11647525000.0,,,11647525000.0,0.0,345969000.0,25597721000.0,0.0,0.0,-1552743000.0,-1206774000.0,-0.544,-1206774000.0,-1552743000.0,-1835431000.0,-11.85,-11.85,-11.85,3749555000.0,3209032750.0,3749555000.0,7514759941.0,-5.0,-6.227,885762000.0,8.086,1.0,2217016000.0,1.0,2308730000.0,282688000.0,51676762000.0,52062753500.0,0.0,32716811000.0,,,43616930000.0,,,3283277941.0,-370611000.0,0.0,733118000.0,-2519784000.0,0.0,-2562397000.0,1198223000.0,1132635000.0,971957000.0,21606000.0,-1297762000.0,-1297762000.0,-1297762000.0,0.0,0.0,-0.585,2741441000.0,-524425000.0,5234199000.0,0.0,0.876,-2.53,-1.485,320169000.0,0.0,17.6,1.481,0.87,3827212000.0,-2123366000.0,2217016000.0,2217016000.0,0.0,-0.027,-0.404,-0.03,-0.7,46184000.0,722090000.0,1.0,186549883.0,109544000,109544000.0,20.239,45057755000.0,0.0,-537669000.0,0.0,411.321,
11,ETFC,MRY,2008-12-31,2008-12-31,2008-12-31,2020-08-05,-632654000.0,48538215000.0,50812637500.0,,,0.038,50.828,-40987000.0,4995447000.0,4995447000.0,0.0,-511790000.0,,17.73,14485588000.0,,,14485588000.0,0.0,292828000.0,26136246000.0,0.0,0.0,-619165000.0,-326337000.0,-0.169,-326337000.0,-619165000.0,-981325000.0,-10.04,-10.04,-10.04,2591496000.0,2620327500.0,2591496000.0,11863058813.0,-19.0,-36.352,2206298000.0,43.273,1.0,1925596000.0,1.0,2324455000.0,362160000.0,55703901000.0,59571396250.0,0.0,35514319000.0,,,45946719000.0,,,618412813.0,2075605000.0,-18178000.0,0.0,-4497126000.0,0.0,-4415872000.0,4288837000.0,4256549000.0,2247285000.0,-44645000.0,-511790000.0,-511790000.0,-511790000.0,-297594000.0,0.0,-0.266,2873881000.0,-948285000.0,5324885000.0,0.0,0.239,-1.208,-1.145,319222000.0,0.0,11.5,0.321,0.304,2791168000.0,-845767000.0,1925596000.0,1925596000.0,0.0,-0.01,-0.195,-0.01,-0.322,42426000.0,835263000.0,1.0,53775027.0,50986000,50986000.0,37.767,46213760000.0,0.0,-469535000.0,0.0,906.401,
12,ETFC,MRY,2007-12-31,2007-12-31,2007-12-31,2020-08-05,-391396000.0,56845937000.0,61035712500.0,,,0.003,66.654,-129295000.0,2113075000.0,2113075000.0,0.0,-1441754000.0,,19.094,19401895000.0,,,19401895000.0,0.0,282491000.0,25884755000.0,0.0,0.0,-2002221000.0,-1719730000.0,-10.634,-1719730000.0,-2002221000.0,-2174703000.0,-34.0,-34.0,-34.0,2829065000.0,3904559000.0,2829065000.0,21511464850.0,-11.0,-12.509,670955000.0,15.808,1.0,161726000.0,1.0,2363375000.0,172482000.0,71771382000.0,77789164500.0,0.0,41863033000.0,,,54016872000.0,,,1504327850.0,566010000.0,0.0,226327000.0,2410869000.0,0.0,4486176000.0,-4789781000.0,-4646950000.0,800250000.0,69365000.0,-1441754000.0,-1441754000.0,-1441754000.0,-583000.0,0.0,-8.915,2213911000.0,-2052185000.0,8730222000.0,0.0,0.532,-1.043,-1.044,355433000.0,0.0,35.5,9.302,9.317,7179175000.0,-247368000.0,161726000.0,161726000.0,0.0,-0.024,-0.369,-0.026,-12.38,34982000.0,856189000.0,1.0,42375432.0,42443900,42443900.0,3.81,54482562000.0,0.0,-732949000.0,0.0,1283.637,
13,ETFC,MRY,2006-12-31,2006-12-31,2006-12-31,2020-08-05,-201472000.0,53739303000.0,50385041500.0,,,0.047,99.646,-109493000.0,1493856000.0,1493856000.0,0.0,628859000.0,,11.806,16958553000.0,,,16958553000.0,0.0,286841000.0,24071012000.0,0.0,0.0,1086744000.0,1373585000.0,0.58,1373585000.0,1086744000.0,934248000.0,14.9,14.4,14.9,4196370000.0,3922908250.0,4196370000.0,25138055365.0,23.0,18.301,752564000.0,17.87,1.0,2368646000.0,1.0,2544853000.0,152496000.0,66659147000.0,62387845750.0,0.0,40756776000.0,,,49542933000.0,,,9572255365.0,368046000.0,-806000.0,-69883000.0,-281556000.0,0.0,7908906000.0,-8423440000.0,-8296436000.0,862057000.0,20523000.0,628859000.0,628859000.0,628859000.0,-1928000.0,0.0,0.265,1364331000.0,1004315000.0,8513368000.0,0.0,2.281,15.222,15.047,318389000.0,0.0,224.2,4.041,3.986,6828448000.0,1209289000.0,2368646000.0,2368646000.0,0.0,0.012,0.16,0.017,0.459,32584000.0,804967000.0,1.0,42695162.0,42112700,43635700.0,56.245,51194450000.0,0.0,305389000.0,0.0,1215.653,
14,ETFC,MRY,2005-12-31,2005-12-31,2005-12-31,2020-08-05,-175712000.0,44567686000.0,37205368250.0,,,0.046,91.517,-79014000.0,1454362000.0,1454362000.0,0.0,430412000.0,,12.11,17331239000.0,,,17331239000.0,0.0,362965000.0,15948015000.0,0.0,0.0,734191000.0,1097156000.0,0.644,1097156000.0,734191000.0,660235000.0,11.6,11.2,11.6,3399560000.0,2629379250.0,3399560000.0,20916736672.0,28.0,19.065,784929000.0,21.13,1.0,1703845000.0,1.0,2535564000.0,73956000.0,57908999000.0,48715444000.0,0.0,32422361000.0,,,41168126000.0,,,7799215672.0,-95718000.0,-2162030000.0,1131419000.0,4582745000.0,0.0,9452174000.0,-10404628000.0,-8182960000.0,863943000.0,-7207000.0,430412000.0,430412000.0,430412000.0,17472000.0,0.0,0.253,1054053000.0,649792000.0,7888872000.0,0.0,2.294,18.12,17.983,299256000.0,0.0,208.6,4.577,4.548,7174175000.0,580430000.0,1703845000.0,1703845000.0,0.0,0.012,0.164,0.015,0.431,18253000.0,715728000.0,1.0,37388378.0,37146800,38463000.0,45.868,42032122000.0,0.0,229823000.0,0.0,1131.514,
15,ETFC,MRY,2004-12-31,2004-12-31,2004-12-31,2020-08-05,-141199000.0,31032583000.0,29630059750.0,,,0.05,60.783,-102930000.0,1663932000.0,1663932000.0,0.0,380483000.0,,12.927,12243540000.0,,,12243540000.0,0.0,398297000.0,12302974000.0,0.0,0.0,609772000.0,1008069000.0,0.68,1008069000.0,609772000.0,562247000.0,10.4,9.9,10.4,2228202000.0,2117682750.0,2228202000.0,15359254671.0,25.0,15.236,1492036000.0,40.701,1.0,1482922000.0,1.0,529164000.0,47525000.0,41083027000.0,37590800000.0,0.0,25129970000.0,,,28804381000.0,,,5560031671.0,18542000.0,87843000.0,-131802000.0,5171901000.0,0.0,4677055000.0,-6253479000.0,-6240005000.0,1594966000.0,0.0,380483000.0,380483000.0,380483000.0,1347000.0,0.0,0.257,987123000.0,495799000.0,4205659000.0,0.0,2.495,14.613,14.375,302291000.0,0.0,149.5,3.749,3.696,3034548000.0,150018000.0,1482922000.0,1482922000.0,0.0,0.013,0.18,0.016,0.411,4654000.0,620855000.0,1.0,37190847.0,36658600,40538900.0,40.452,30503419000.0,0.0,181764000.0,0.0,832.094,
16,ETFC,MRY,2003-12-31,2003-12-31,2003-12-31,2020-08-05,-89977000.0,26049216000.0,23971163250.0,,,0.056,53.536,-56275000.0,2565969000.0,2565969000.0,0.0,203027000.0,,12.579,7182493000.0,,,7182493000.0,0.0,443746000.0,12514486000.0,0.0,0.0,360224000.0,803970000.0,0.599,803970000.0,360224000.0,314628000.0,5.7,5.5,5.7,1918294000.0,1711422500.0,1918294000.0,7407070168.0,21.0,9.213,617888000.0,17.244,1.0,1342716000.0,1.0,518877000.0,45596000.0,30146863000.0,27581677000.0,0.0,19979720000.0,,,24130922000.0,,,4630556168.0,147759000.0,-3466000.0,51740000.0,-895014000.0,0.0,3266488000.0,-3792892000.0,-3731243000.0,674163000.0,0.0,203027000.0,203027000.0,203027000.0,-2506000.0,0.0,0.151,1138277000.0,204439000.0,4354640000.0,0.0,2.414,22.808,22.193,287097000.0,0.0,126.5,3.449,3.376,2297778000.0,-230465000.0,1342716000.0,1342716000.0,0.0,0.008,0.119,0.013,0.268,2287000.0,630232000.0,1.0,36605187.0,35832000,36736100.0,37.473,25530339000.0,0.0,111601000.0,0.0,712.501,
17,ETFC,MRY,2002-12-31,2002-12-31,2002-12-31,2020-08-05,-231457000.0,21455925000.0,19135922000.0,,,0.067,42.406,-109713000.0,2222667000.0,2222667000.0,0.0,-186405000.0,,13.154,7924252000.0,,,7924252000.0,0.0,325980000.0,8400333000.0,0.0,0.0,-52180000.0,273800000.0,0.213,273800000.0,-52180000.0,-99896000.0,-5.2,-5.2,-5.2,1505789000.0,1451510000.0,1505789000.0,4186046306.0,-80.0,15.289,2109278000.0,59.401,1.0,1287205000.0,1.0,543036000.0,47716000.0,26614474000.0,22263276250.0,0.0,16252915000.0,,,19806771000.0,,,1756559306.0,-62596000.0,-1853188000.0,-29735000.0,3067099000.0,0.0,3266066000.0,-5546975000.0,-3670490000.0,2218991000.0,0.0,-186405000.0,-186405000.0,-186405000.0,2210000.0,0.0,-0.145,1027263000.0,259942000.0,3331941000.0,0.0,1.167,-9.423,-9.346,370944000.0,0.0,48.6,1.365,1.341,1421766000.0,-433492000.0,1287205000.0,1287205000.0,0.0,-0.01,-0.128,-0.002,-0.041,8712000.0,614322000.0,1.0,36143196.0,35509000,36105100.0,36.25,20912889000.0,0.0,86509000.0,0.0,588.946,
18,ETFC,MRY,2001-12-31,2001-12-31,2001-12-31,2020-08-05,-197377000.0,18172414000.0,18479407500.0,,,0.069,47.264,-129692000.0,1600930000.0,1600930000.0,0.0,-241532000.0,,10.524,4930690000.0,,,4930690000.0,0.0,179126000.0,8082859000.0,0.0,0.0,-208555000.0,-29429000.0,-0.023,-29429000.0,-208555000.0,-261417000.0,-7.3,-7.3,-7.3,1570914000.0,1646982750.0,1570914000.0,6183263292.0,-30.0,-210.108,-355210000.0,-10.687,1.0,1275364000.0,1.0,690239000.0,52862000.0,20811935000.0,21581131250.0,0.0,12911843000.0,,,16531997000.0,,,3798503292.0,379323000.0,-7770000.0,-209417000.0,-167761000.0,0.0,1878518000.0,-1273677000.0,-1137803000.0,-225518000.0,0.0,-241532000.0,-241532000.0,-241532000.0,0.0,0.0,-0.189,1461322000.0,-185958000.0,3265106000.0,0.0,2.418,-15.727,-14.041,331724000.0,0.0,102.5,2.978,2.671,2139153000.0,-247087000.0,1275364000.0,1275364000.0,88717000.0,-0.013,-0.147,-0.01,-0.164,9142000.0,489775000.0,1.0,37058569.0,33237000,33237000.0,38.372,17482175000.0,0.0,-19885000.0,0.0,525.985,
19,ETFC,MRY,2000-12-31,2000-09-30,2000-09-30,2020-08-05,66722000.0,17317437000.0,14914639250.0,,,0.092,61.5,-184449000.0,559239000.0,559239000.0,0.0,19152000.0,,8.31,4181000000.0,,,4181000000.0,0.0,97638000.0,4721801000.0,0.0,0.0,134165000.0,231803000.0,0.169,231803000.0,134165000.0,104630000.0,0.6,0.6,0.6,1856833000.0,1882035000.0,1856833000.0,8173182216.0,61.0,35.259,-323141000.0,-10.703,1.0,1368318000.0,1.0,484166000.0,29535000.0,20455032000.0,17039115750.0,0.0,9088591000.0,,,15429957000.0,,,4930490216.0,166304000.0,-32490000.0,20117000.0,2917072000.0,0.0,5342028000.0,-5037032000.0,-4736102000.0,-138692000.0,0.0,19152000.0,19152000.0,19152000.0,0.0,0.0,0.014,1448644000.0,-80326000.0,6527156000.0,0.0,2.655,257.44,274.0,334262000.0,0.0,164.4,3.603,3.628,6542508000.0,-6908000.0,1368318000.0,1368318000.0,142914000.0,0.001,0.01,0.008,0.098,0.0,730968000.0,1.0,29990816.0,30192600,31933600.0,45.32,16833271000.0,0.0,85478000.0,0.0,557.53,
20,ETFC,MRY,1999-12-31,1999-09-30,1999-09-30,2020-08-05,157893000.0,8032174000.0,4354813500.0,3332947000.0,594033000.0,0.154,53.212,-154073000.0,280117000.0,280117000.0,0.0,-56769000.0,,4.512,1267474000.0,,,1267474000.0,0.0,34307000.0,2162682000.0,0.0,0.0,-87986000.0,-53679000.0,-0.08,-53679000.0,-87986000.0,-88057000.0,-2.1,-2.1,-2.1,1451795000.0,1034386250.0,1451795000.0,5477394427.0,-62.0,-102.04,-130305000.0,-4.776,1.0,671448000.0,1.0,18554000.0,71000.0,9000977000.0,4561555000.0,0.0,4409391000.0,189145000.0,424293000.0,6549795000.0,,,5511894427.0,190664000.0,0.0,455282000.0,579732000.0,0.0,1999995000.0,-1833099000.0,-1692900000.0,23768000.0,0.0,-56769000.0,-56769000.0,-56769000.0,0.0,0.0,-0.085,820641000.0,-149193000.0,3119639000.0,0.0,3.797,-97.093,-111.905,181675000.0,0.0,235.0,8.209,9.549,2982076000.0,-26060000.0,671448000.0,671448000.0,79935000.0,-0.013,-0.055,-0.019,-0.131,0.0,428275000.0,1.0,23454870.0,27283200,27283200.0,24.61,8013620000.0,0.0,-31288000.0,0.0,293.72,
21,ETFC,MRY,1998-12-31,1998-09-30,1998-09-30,2020-08-05,14635000.0,4348923000.0,2063244000.0,1944844000.0,121442000.0,0.175,43.468,-39572000.0,78717000.0,78717000.0,0.0,-402000.0,,4.084,906790000.0,,,906790000.0,0.0,15873000.0,1209470000.0,0.0,0.0,1502000.0,17375000.0,0.048,17375000.0,1502000.0,1481000.0,-0.1,-0.1,-0.1,847845000.0,432737250.0,847845000.0,741716426.0,494.0,42.689,8422000.0,0.432,1.0,361005000.0,1.0,19672000.0,21000.0,5157324000.0,2227589750.0,0.0,2729110000.0,502534000.0,59276000.0,3462693000.0,,,764138426.0,-68343000.0,6847000.0,481348000.0,397267000.0,0.0,1240909000.0,-1357246000.0,-1321234000.0,47994000.0,0.0,-402000.0,-402000.0,-402000.0,0.0,0.0,-0.001,368666000.0,-7661000.0,1346433000.0,0.0,0.901,-1900.842,-467.25,54805000.0,0.0,46.725,2.117,2.525,1365247000.0,44605000.0,361005000.0,361005000.0,36203000.0,0.0,-0.001,0.001,0.004,0.0,177487000.0,1.0,16353952.0,19505100,19505100.0,18.508,4329251000.0,0.0,1883000.0,0.0,221.955,
22,ETFC,MRY,1997-12-31,1997-09-30,1997-09-30,2020-08-05,0.0,995422000.0,,961528000.0,33894000.0,,19.847,-16294000.0,38235000.0,38235000.0,0.0,23410000.0,,2.513,9400000.0,,,9400000.0,0.0,3371000.0,0.0,0.0,0.0,31673000.0,35044000.0,0.141,35044000.0,31673000.0,35197000.0,1.6,1.4,1.6,283374000.0,,283374000.0,,,,-32082000.0,-2.247,1.0,248152000.0,1.0,0.0,-3524000.0,966587000.0,,0.0,197477000.0,191958000.0,5519000.0,712048000.0,,,,95823000.0,-1736000.0,208009000.0,290556000.0,0.0,610712000.0,-499101000.0,-479487000.0,-15788000.0,0.0,23410000.0,22624000.0,22624000.0,0.0,0.0,0.091,213723000.0,34429000.0,681106000.0,0.0,,,73.438,19995000.0,786000.0,117.5,,6.76,727624000.0,16022000.0,248152000.0,248152000.0,13731000.0,,,,0.128,0.0,100680000.0,1.0,,14277600,16339600.0,17.381,995422000.0,0.0,11787000.0,0.0,69.719,
23,ETFC,MRY,1996-12-31,1996-09-30,1996-09-30,2020-08-05,,,,,,,,-9474000.0,,,0.0,1167000.0,,,,,,,,901000.0,,0.0,0.0,612000.0,1513000.0,0.024,1513000.0,612000.0,612000.0,0.1,0.1,0.1,,,,,,,-16236000.0,-2.067,1.0,62520000.0,1.0,,0.0,,,,,,,,,,,4871000.0,0.0,46825000.0,0.0,-518000.0,58066000.0,-46433000.0,-36959000.0,-6762000.0,0.0,1167000.0,1167000.0,1167000.0,0.0,0.0,0.019,61908000.0,612000.0,,0.0,,,329.75,,0.0,32.975,,4.144,,,62520000.0,62520000.0,4699000.0,,,,0.01,0.0,19182000.0,1.0,,7856400,11972800.0,7.958,,,-555000.0,,,
0,ETFC,MRQ,2020-06-30,2020-06-30,2020-06-30,2020-08-05,-42000000.0,70371000000.0,,,,,30.799,-43000000.0,6006000000.0,6006000000.0,0.0,196000000.0,,9.318,1412000000.0,,,1412000000.0,0.0,73000000.0,43667000000.0,0.011,0.14,264000000.0,337000000.0,0.471,337000000.0,264000000.0,264000000.0,0.89,0.88,0.89,6820000000.0,,6820000000.0,5568638417.0,5.0,3.992,-1120000000.0,-5.058,1.0,716000000.0,1.0,2914000000.0,0.0,62863000000.0,,0.0,48782000000.0,,,63551000000.0,,,10992638417.0,-3429000000.0,0.0,0.0,0.0,-31000000.0,1489000000.0,-3841000000.0,-3305000000.0,-1077000000.0,0.0,196000000.0,196000000.0,196000000.0,0.0,0.0,0.274,453000000.0,263000000.0,17195000000.0,0.157,1.612,14.039,14.29,356000000.0,0.0,49.73,3.832,3.838,10550000000.0,1843000000.0,716000000.0,716000000.0,0.0,,,,,11000000.0,342000000.0,1.0,221046419.0,221438000,221693000.0,3.233,67457000000.0,0.0,68000000.0,0.0,304.632,
1,ETFC,MRQ,2020-03-31,2020-03-31,2020-03-31,2020-08-05,-168000000.0,67856000000.0,,,,,29.326,-34000000.0,6835000000.0,6835000000.0,0.0,181000000.0,,9.409,1411000000.0,,,1411000000.0,0.0,57000000.0,42146000000.0,0.016,0.14,256000000.0,313000000.0,0.443,313000000.0,256000000.0,256000000.0,0.73,0.72,0.73,6519000000.0,,6519000000.0,6391488863.0,5.0,4.53,4787000000.0,21.534,1.0,707000000.0,1.0,2928000000.0,0.0,59504000000.0,,0.0,48164000000.0,,,61337000000.0,,,7610488863.0,4206000000.0,0.0,-95000000.0,0.0,-31000000.0,3382000000.0,-3997000000.0,-3876000000.0,4821000000.0,0.0,181000000.0,161000000.0,161000000.0,0.0,0.0,0.228,445000000.0,262000000.0,16736000000.0,0.192,1.167,9.442,9.834,339000000.0,20000000.0,34.32,2.682,2.688,8375000000.0,1678000000.0,707000000.0,707000000.0,0.0,,,,,8000000.0,312000000.0,1.0,221750841.0,222295000,222742000.0,3.18,64928000000.0,0.0,75000000.0,0.0,292.08,
2,ETFC,MRQ,2019-12-31,2019-12-31,2019-12-31,2020-08-05,-28000000.0,61416000000.0,,,,,29.13,-32000000.0,2629000000.0,2629000000.0,0.0,172000000.0,,8.387,1410000000.0,,,1410000000.0,0.0,57000000.0,38606000000.0,0.012,0.14,252000000.0,309000000.0,0.455,309000000.0,252000000.0,252000000.0,0.78,0.78,0.78,6543000000.0,,6543000000.0,9801803022.0,7.0,6.348,1846000000.0,8.219,1.0,679000000.0,1.0,2943000000.0,0.0,57254000000.0,,0.0,43065000000.0,,,54873000000.0,,,10249803022.0,771000000.0,-29000000.0,-177000000.0,0.0,-32000000.0,-1986000000.0,879000000.0,1023000000.0,1878000000.0,0.0,172000000.0,172000000.0,172000000.0,0.0,0.0,0.253,427000000.0,252000000.0,13742000000.0,0.179,1.567,11.202,11.754,339000000.0,0.0,45.37,3.552,3.732,11070000000.0,1464000000.0,679000000.0,679000000.0,0.0,,,,,15000000.0,320000000.0,1.0,225915870.0,224613000,225127000.0,3.023,58473000000.0,0.0,80000000.0,0.0,260.328,
3,ETFC,MRQ,2019-09-30,2019-09-30,2019-09-30,2020-08-05,-24000000.0,61707000000.0,,,,,27.855,-36000000.0,1858000000.0,1858000000.0,0.0,274000000.0,,8.394,1410000000.0,,,1410000000.0,0.0,56000000.0,40382000000.0,0.013,0.14,380000000.0,436000000.0,0.568,436000000.0,380000000.0,380000000.0,1.08,1.08,1.08,6569000000.0,,6569000000.0,10859472917.0,8.0,6.574,707000000.0,2.998,1.0,767000000.0,1.0,2931000000.0,0.0,58328000000.0,,0.0,44309000000.0,,,55138000000.0,,,10477472917.0,530000000.0,0.0,-566000000.0,-300000000.0,-34000000.0,-830000000.0,617000000.0,754000000.0,743000000.0,0.0,274000000.0,254000000.0,254000000.0,0.0,0.0,0.331,387000000.0,380000000.0,12274000000.0,0.13,1.595,10.343,10.553,338000000.0,20000000.0,43.69,3.561,3.502,10897000000.0,1324000000.0,767000000.0,767000000.0,0.0,,,,,12000000.0,295000000.0,1.0,239813983.0,235829000,236313000.0,3.252,58776000000.0,0.0,106000000.0,0.0,249.231,
4,ETFC,MRQ,2019-06-30,2019-06-30,2019-06-30,2020-08-05,-58000000.0,61590000000.0,,,,,28.271,-43000000.0,1328000000.0,1328000000.0,0.0,219000000.0,,7.965,1710000000.0,,,1710000000.0,0.0,58000000.0,40289000000.0,0.009,0.14,295000000.0,353000000.0,0.515,353000000.0,295000000.0,295000000.0,0.9,0.9,0.9,6870000000.0,,6870000000.0,11421312685.0,8.0,6.909,-2000000.0,-0.008,1.0,685000000.0,1.0,2946000000.0,0.0,59026000000.0,,0.0,44961000000.0,,,54720000000.0,,,10912312685.0,128000000.0,0.0,-222000000.0,0.0,-34000000.0,-6299000000.0,6386000000.0,6499000000.0,41000000.0,0.0,219000000.0,219000000.0,219000000.0,0.0,0.0,0.32,398000000.0,287000000.0,11775000000.0,0.156,1.588,10.698,10.958,325000000.0,0.0,44.6,3.769,3.744,10832000000.0,1104000000.0,685000000.0,685000000.0,0.0,,,,,13000000.0,303000000.0,1.0,244670688.0,243007000,243465000.0,2.819,58644000000.0,0.0,76000000.0,0.0,241.326,
5,ETFC,MRQ,2019-03-31,2019-03-31,2019-03-31,2020-08-05,-170000000.0,67518000000.0,,,,,27.541,-38000000.0,1200000000.0,1200000000.0,0.0,290000000.0,,8.955,1709000000.0,,,1709000000.0,0.0,54000000.0,46328000000.0,0.006,0.14,392000000.0,446000000.0,0.591,446000000.0,392000000.0,392000000.0,1.1,1.09,1.1,6782000000.0,,6782000000.0,9501269224.0,6.0,5.56,147000000.0,0.597,1.0,755000000.0,1.0,2961000000.0,0.0,65066000000.0,,0.0,50863000000.0,,,60736000000.0,,,11436269224.0,-2144000000.0,0.0,-120000000.0,300000000.0,-35000000.0,1125000000.0,-3454000000.0,-3373000000.0,185000000.0,0.0,290000000.0,270000000.0,270000000.0,0.0,0.0,0.358,375000000.0,380000000.0,11762000000.0,0.127,1.686,10.881,11.269,308000000.0,20000000.0,46.43,3.917,3.916,10864000000.0,919000000.0,755000000.0,755000000.0,0.0,,,,,13000000.0,287000000.0,1.0,246312066.0,246252000,246934000.0,3.066,64557000000.0,0.0,102000000.0,0.0,262.158,
6,ETFC,MRQ,2018-12-31,2018-12-31,2018-12-31,2020-08-05,-275000000.0,65003000000.0,,,,,25.986,-34000000.0,3344000000.0,3344000000.0,0.0,270000000.0,,8.906,1409000000.0,,,1409000000.0,0.0,52000000.0,45313000000.0,0.003,0.14,365000000.0,417000000.0,0.567,417000000.0,365000000.0,365000000.0,1.06,1.06,1.06,6562000000.0,,6562000000.0,11662009997.0,8.0,7.017,429000000.0,1.699,1.0,735000000.0,1.0,2976000000.0,0.0,60092000000.0,,0.0,47140000000.0,,,58441000000.0,,,11156009997.0,1892000000.0,-114000000.0,-501000000.0,-550000000.0,-36000000.0,1152000000.0,277000000.0,392000000.0,463000000.0,0.0,270000000.0,270000000.0,270000000.0,0.0,0.0,0.367,370000000.0,365000000.0,11065000000.0,0.132,1.7,10.98,11.251,281000000.0,0.0,43.88,3.883,3.98,10320000000.0,684000000.0,735000000.0,735000000.0,0.0,,,,,11000000.0,288000000.0,1.0,254239061.0,252524000,253377000.0,2.911,62027000000.0,0.0,95000000.0,0.0,245.628,
7,ETFC,MRQ,2018-09-30,2018-09-30,2018-09-30,2020-08-05,-329000000.0,64706000000.0,,,,,26.073,-29000000.0,1452000000.0,1452000000.0,0.0,285000000.0,,8.563,1958000000.0,,,1958000000.0,0.0,63000000.0,43074000000.0,0.0,0.0,374000000.0,437000000.0,0.607,437000000.0,374000000.0,374000000.0,1.01,1.0,1.01,6766000000.0,,6766000000.0,15119374298.0,11.0,9.368,718000000.0,2.767,1.0,720000000.0,1.0,2876000000.0,0.0,62336000000.0,,0.0,47141000000.0,,,57940000000.0,,,13604374298.0,300000000.0,0.0,-309000000.0,-300000000.0,0.0,-644000000.0,197000000.0,45000000.0,747000000.0,0.0,285000000.0,261000000.0,261000000.0,0.0,0.0,0.362,342000000.0,378000000.0,12379000000.0,0.0,2.011,15.548,15.733,261000000.0,24000000.0,52.39,4.902,4.899,11970000000.0,450000000.0,720000000.0,720000000.0,0.0,,,,,13000000.0,284000000.0,1.0,259675020.0,259498000,260661000.0,2.775,61830000000.0,0.0,89000000.0,0.0,238.268,
8,ETFC,MRQ,2018-06-30,2018-06-30,2018-06-30,2020-08-05,-235000000.0,64353000000.0,,,,,26.167,-28000000.0,1152000000.0,1152000000.0,0.0,250000000.0,,8.322,2667000000.0,,,2667000000.0,0.0,64000000.0,42664000000.0,0.0,0.0,345000000.0,409000000.0,0.576,409000000.0,345000000.0,345000000.0,0.95,0.95,0.95,6903000000.0,,6903000000.0,17072721900.0,14.0,11.63,-98000000.0,-0.371,1.0,710000000.0,1.0,2888000000.0,0.0,62980000000.0,,0.0,47384000000.0,,,57450000000.0,,,16140721900.0,182000000.0,-36000000.0,-189000000.0,770000000.0,0.0,-454000000.0,706000000.0,779000000.0,-70000000.0,0.0,250000000.0,250000000.0,250000000.0,0.0,0.0,0.352,365000000.0,345000000.0,11625000000.0,0.0,2.338,21.55,21.765,259000000.0,0.0,61.16,6.082,6.079,11581000000.0,189000000.0,710000000.0,710000000.0,0.0,,,,,12000000.0,290000000.0,1.0,263909776.0,263809000,264929000.0,2.691,61465000000.0,0.0,95000000.0,0.0,232.991,
9,ETFC,MRQ,2018-03-31,2018-03-31,2018-03-31,2020-08-05,-176000000.0,64187000000.0,,,,,25.844,-21000000.0,970000000.0,970000000.0,0.0,247000000.0,,8.317,1902000000.0,,,1902000000.0,0.0,65000000.0,42902000000.0,0.0,0.0,334000000.0,399000000.0,0.564,399000000.0,334000000.0,334000000.0,0.88,0.88,0.88,6889000000.0,,6889000000.0,14855585779.0,13.0,10.324,525000000.0,1.97,1.0,708000000.0,1.0,2645000000.0,0.0,62474000000.0,,0.0,47998000000.0,,,57298000000.0,,,14757585779.0,-833000000.0,0.0,-140000000.0,0.0,0.0,-9000000.0,-1370000000.0,-1364000000.0,546000000.0,0.0,247000000.0,235000000.0,235000000.0,0.0,0.0,0.332,374000000.0,334000000.0,11839000000.0,0.0,2.142,21.326,21.645,251000000.0,12000000.0,55.41,5.854,5.859,11250000000.0,-61000000.0,708000000.0,708000000.0,0.0,,,,,10000000.0,295000000.0,1.0,266334340.0,266558000,267699000.0,2.656,61542000000.0,0.0,87000000.0,0.0,230.877,
10,ETFC,MRQ,2017-12-31,2017-12-31,2017-12-31,2020-08-05,-26000000.0,63365000000.0,,,,,25.76,-25000000.0,1803000000.0,1803000000.0,0.0,129000000.0,,8.142,1901000000.0,,,1901000000.0,0.0,70000000.0,42742000000.0,0.0,0.0,299000000.0,369000000.0,0.579,369000000.0,299000000.0,299000000.0,0.49,0.48,0.49,6931000000.0,,6931000000.0,13375034601.0,13.0,10.087,614000000.0,2.282,1.0,637000000.0,1.0,2654000000.0,0.0,60809000000.0,,0.0,47172000000.0,,,56434000000.0,,,13367034601.0,211000000.0,0.0,-175000000.0,300000000.0,0.0,1618000000.0,-2046000000.0,-2017000000.0,639000000.0,0.0,129000000.0,129000000.0,129000000.0,0.0,0.0,0.203,338000000.0,299000000.0,10991000000.0,0.0,1.929,22.694,22.949,253000000.0,0.0,49.57,5.65,5.724,10249000000.0,-317000000.0,637000000.0,637000000.0,0.0,,,,,9000000.0,272000000.0,1.0,269659766.0,269065000,270299000.0,2.367,60711000000.0,0.0,170000000.0,0.0,225.637,
11,ETFC,MRQ,2017-09-30,2017-09-30,2017-09-30,2020-08-05,-50000000.0,60375000000.0,,,,,24.312,-27000000.0,1592000000.0,1592000000.0,0.0,147000000.0,,8.082,1600000000.0,,,1600000000.0,0.0,68000000.0,41543000000.0,0.0,0.0,223000000.0,291000000.0,0.486,291000000.0,223000000.0,223000000.0,0.49,0.49,0.49,6648000000.0,,6648000000.0,12001097867.0,12.0,9.781,315000000.0,1.152,1.0,599000000.0,1.0,2664000000.0,0.0,57719000000.0,,0.0,44931000000.0,,,53727000000.0,,,11980097867.0,-388000000.0,0.0,-187000000.0,-450000000.0,0.0,808000000.0,-1538000000.0,-1519000000.0,342000000.0,0.0,147000000.0,135000000.0,135000000.0,0.0,0.0,0.225,318000000.0,281000000.0,10108000000.0,0.0,1.802,20.409,20.474,250000000.0,12000000.0,43.61,5.353,5.328,9643000000.0,-446000000.0,599000000.0,599000000.0,0.0,,,,,11000000.0,259000000.0,1.0,274709880.0,273441000,274594000.0,2.191,57711000000.0,416000000.0,76000000.0,0.0,211.055,
12,ETFC,MRQ,2017-06-30,2017-06-30,2017-06-30,2020-08-05,-62000000.0,58753000000.0,,,,,24.266,-27000000.0,1980000000.0,1980000000.0,0.0,193000000.0,,7.791,2001000000.0,,,2001000000.0,0.0,63000000.0,40072000000.0,0.0,0.0,317000000.0,380000000.0,0.659,380000000.0,317000000.0,317000000.0,0.7,0.7,0.7,6683000000.0,,6683000000.0,8984658975.0,9.0,7.346,-1207000000.0,-4.383,1.0,577000000.0,1.0,2673000000.0,0.0,56101000000.0,,0.0,43447000000.0,,,52070000000.0,,,10458658975.0,-894000000.0,0.0,0.0,600000000.0,0.0,3288000000.0,-3002000000.0,-2971000000.0,-1180000000.0,0.0,193000000.0,193000000.0,193000000.0,0.0,0.0,0.334,260000000.0,317000000.0,9465000000.0,0.0,1.565,17.697,17.688,245000000.0,0.0,38.03,4.922,4.929,9010000000.0,-581000000.0,577000000.0,577000000.0,0.0,,,,,11000000.0,264000000.0,1.0,275010754.0,275410000,276272000.0,2.095,56080000000.0,519000000.0,124000000.0,0.0,203.624,
13,ETFC,MRQ,2017-03-31,2017-03-31,2017-03-31,2020-08-05,-98000000.0,55879000000.0,,,,,23.443,-23000000.0,2874000000.0,2874000000.0,0.0,145000000.0,,7.671,1400000000.0,,,1400000000.0,0.0,61000000.0,37384000000.0,0.0,0.0,225000000.0,286000000.0,0.517,286000000.0,225000000.0,225000000.0,0.48,0.48,0.48,6444000000.0,,6444000000.0,7576521665.0,9.0,6.789,758000000.0,2.758,1.0,553000000.0,1.0,2682000000.0,0.0,51723000000.0,,0.0,40248000000.0,,,49435000000.0,,,9583521665.0,-536000000.0,0.0,0.0,0.0,0.0,5673000000.0,-6990000000.0,-7019000000.0,781000000.0,0.0,145000000.0,132000000.0,132000000.0,0.0,0.0,0.239,262000000.0,291000000.0,10214000000.0,0.0,1.487,18.048,18.078,239000000.0,13000000.0,34.89,4.74,4.743,8316000000.0,-774000000.0,553000000.0,553000000.0,0.0,,,,,10000000.0,199000000.0,1.0,274678179.0,274876000,276277000.0,2.012,53197000000.0,653000000.0,80000000.0,0.0,193.531,
14,ETFC,MRQ,2016-12-31,2016-12-31,2016-12-31,2020-08-05,-137000000.0,48999000000.0,,,,,22.843,-24000000.0,3410000000.0,3410000000.0,0.0,127000000.0,,6.812,1403000000.0,,,1403000000.0,0.0,65000000.0,31682000000.0,0.0,0.0,205000000.0,270000000.0,0.53,270000000.0,205000000.0,205000000.0,0.46,0.46,0.46,6272000000.0,,6272000000.0,7264595502.0,9.0,6.745,1275000000.0,4.644,1.0,509000000.0,1.0,2690000000.0,0.0,44302000000.0,,0.0,33194000000.0,,,42727000000.0,,,9487595502.0,886000000.0,0.0,0.0,0.0,0.0,-19000000.0,-394000000.0,-374000000.0,1299000000.0,0.0,127000000.0,127000000.0,127000000.0,0.0,0.0,0.25,304000000.0,205000000.0,9142000000.0,0.0,1.513,17.188,17.412,239000000.0,0.0,34.65,4.888,4.959,7787000000.0,-909000000.0,509000000.0,509000000.0,0.0,,,,,9000000.0,234000000.0,1.0,273812280.0,274564000,275784000.0,1.854,46309000000.0,756000000.0,78000000.0,0.0,168.664,
15,ETFC,MRQ,2016-09-30,2016-09-30,2016-09-30,2020-08-05,39000000.0,49199000000.0,,,,,23.021,-13000000.0,3626000000.0,3626000000.0,0.0,139000000.0,,6.79,1403000000.0,,,1403000000.0,0.0,62000000.0,31697000000.0,0.0,0.0,225000000.0,287000000.0,0.591,287000000.0,225000000.0,225000000.0,0.51,0.51,0.51,6316000000.0,,6316000000.0,5157713781.0,7.0,5.067,392000000.0,1.429,1.0,486000000.0,1.0,2698000000.0,0.0,44278000000.0,,0.0,33514000000.0,,,42883000000.0,,,7969713781.0,-926000000.0,-723000000.0,0.0,0.0,0.0,-878000000.0,-453000000.0,322000000.0,405000000.0,0.0,139000000.0,139000000.0,139000000.0,0.0,0.0,0.286,261000000.0,225000000.0,9054000000.0,0.0,1.262,15.505,15.913,231000000.0,0.0,29.12,4.26,4.27,7670000000.0,-1036000000.0,486000000.0,486000000.0,0.0,,,,,7000000.0,222000000.0,1.0,273685226.0,274362000,275472000.0,1.771,46501000000.0,725000000.0,86000000.0,0.0,169.488,
16,ETFC,MRQ,2016-06-30,2016-06-30,2016-06-30,2020-08-05,46000000.0,49202000000.0,,,,,20.883,-18000000.0,4214000000.0,4214000000.0,0.0,133000000.0,,7.505,1402000000.0,,,1402000000.0,0.0,59000000.0,32964000000.0,0.0,0.0,214000000.0,273000000.0,0.576,273000000.0,214000000.0,214000000.0,0.48,0.48,0.48,5785000000.0,,5785000000.0,4164337398.0,13.0,7.306,214000000.0,0.773,1.0,474000000.0,1.0,1956000000.0,0.0,44434000000.0,,0.0,33700000000.0,,,43417000000.0,,,6547337398.0,766000000.0,0.0,-151000000.0,0.0,0.0,982000000.0,-448000000.0,-393000000.0,232000000.0,0.0,133000000.0,133000000.0,133000000.0,0.0,0.0,0.281,260000000.0,214000000.0,8456000000.0,0.0,1.132,29.493,29.734,231000000.0,0.0,23.49,4.528,4.5,7516000000.0,-1175000000.0,474000000.0,474000000.0,0.0,,,,,6000000.0,221000000.0,1.0,278728710.0,277013000,277978000.0,1.711,47246000000.0,830000000.0,81000000.0,0.0,170.555,
17,ETFC,MRQ,2016-03-31,2016-03-31,2016-03-31,2020-08-05,-14000000.0,47943000000.0,,,,,20.11,-20000000.0,3785000000.0,3785000000.0,0.0,153000000.0,,7.357,1402000000.0,,,1402000000.0,0.0,53000000.0,31829000000.0,0.0,0.0,194000000.0,247000000.0,0.523,247000000.0,194000000.0,194000000.0,0.54,0.53,0.54,5737000000.0,,5737000000.0,5121535451.0,23.0,10.023,88000000.0,0.308,1.0,472000000.0,1.0,1961000000.0,0.0,43599000000.0,,0.0,33333000000.0,,,42206000000.0,,,6923535451.0,-606000000.0,0.0,-301000000.0,-82000000.0,0.0,1990000000.0,-2704000000.0,-2671000000.0,108000000.0,0.0,153000000.0,153000000.0,153000000.0,0.0,0.0,0.324,278000000.0,194000000.0,8230000000.0,0.0,1.207,18.172,18.553,232000000.0,0.0,24.49,4.942,4.987,6947000000.0,-1308000000.0,472000000.0,472000000.0,0.0,,,,,8000000.0,237000000.0,1.0,282708675.0,285274000,286680000.0,1.655,45982000000.0,940000000.0,41000000.0,0.0,161.185,
18,ETFC,MRQ,2015-12-31,2015-12-31,2015-12-31,2020-08-05,-99000000.0,45427000000.0,,,,,19.81,-18000000.0,3290000000.0,3290000000.0,0.0,89000000.0,,6.834,1488000000.0,,,1488000000.0,0.0,54000000.0,29445000000.0,0.0,0.0,157000000.0,211000000.0,0.481,211000000.0,157000000.0,157000000.0,0.3,0.3,0.3,5799000000.0,,5799000000.0,8524571075.0,94.0,20.492,157000000.0,0.536,1.0,439000000.0,1.0,1966000000.0,0.0,41659000000.0,,0.0,30215000000.0,,,39628000000.0,,,8683571075.0,780000000.0,0.0,-50000000.0,77000000.0,0.0,3851000000.0,-3246000000.0,-3227000000.0,175000000.0,0.0,89000000.0,89000000.0,89000000.0,0.0,0.0,0.203,282000000.0,157000000.0,8120000000.0,0.0,1.497,32.401,32.217,236000000.0,0.0,29.64,6.338,6.291,7918000000.0,-1461000000.0,439000000.0,439000000.0,0.0,,,,,11000000.0,225000000.0,1.0,292967985.0,292733000,295050000.0,1.5,43461000000.0,1033000000.0,68000000.0,0.0,148.466,
19,ETFC,MRQ,2015-09-30,2015-09-30,2015-09-30,2020-08-05,-9000000.0,41205000000.0,,,,,20.008,-20000000.0,1596000000.0,1596000000.0,0.0,-153000000.0,,6.09,1437000000.0,,,1437000000.0,0.0,85000000.0,25610000000.0,0.0,0.0,-246000000.0,-161000000.0,-2.639,-161000000.0,-246000000.0,-246000000.0,-0.53,-0.53,-0.53,5812000000.0,,5812000000.0,10953771462.0,-135.0,39.688,259000000.0,0.892,1.0,61000000.0,1.0,1971000000.0,0.0,39075000000.0,,0.0,27187000000.0,,,35393000000.0,,,7643771462.0,-419000000.0,0.0,0.0,-4547000000.0,0.0,-5168000000.0,4470000000.0,4397000000.0,279000000.0,0.0,-153000000.0,-153000000.0,-153000000.0,0.0,0.0,-2.508,268000000.0,-207000000.0,6040000000.0,0.0,1.315,34.744,34.195,236000000.0,0.0,26.33,5.962,5.966,7933000000.0,-1550000000.0,61000000.0,61000000.0,0.0,,,,,6000000.0,215000000.0,1.0,290306550.0,290480000,290480000.0,0.21,39234000000.0,0.0,-93000000.0,0.0,135.066,
20,ETFC,MRQ,2015-06-30,2015-06-30,2015-06-30,2020-08-05,-253000000.0,47115000000.0,,,,,19.698,-16000000.0,2639000000.0,2639000000.0,0.0,292000000.0,,7.246,5949000000.0,,,5949000000.0,0.0,97000000.0,26214000000.0,0.0,0.0,117000000.0,214000000.0,0.499,214000000.0,117000000.0,117000000.0,1.01,0.99,1.01,5714000000.0,,5714000000.0,12805979348.0,40.0,18.916,903000000.0,3.113,1.0,429000000.0,1.0,1976000000.0,0.0,48449000000.0,,0.0,31498000000.0,,,41401000000.0,,,8682979348.0,847000000.0,0.0,0.0,-51000000.0,0.0,-111000000.0,39000000.0,57000000.0,919000000.0,0.0,292000000.0,292000000.0,292000000.0,0.0,0.0,0.681,312000000.0,117000000.0,6702000000.0,0.0,1.52,18.917,18.719,238000000.0,0.0,29.95,5.228,5.231,8139000000.0,-1397000000.0,429000000.0,429000000.0,0.0,,,,,10000000.0,217000000.0,1.0,289915838.0,290086000,294936000.0,1.479,45139000000.0,0.0,-175000000.0,0.0,155.606,
21,ETFC,MRQ,2015-03-31,2015-03-31,2015-03-31,2020-08-05,-211000000.0,46825000000.0,,,,,18.82,-16000000.0,1874000000.0,1874000000.0,0.0,40000000.0,,7.587,5997000000.0,,,5997000000.0,0.0,89000000.0,26272000000.0,0.0,0.0,63000000.0,152000000.0,0.345,152000000.0,63000000.0,63000000.0,0.14,0.14,0.14,5453000000.0,,5453000000.0,12274928261.0,36.0,17.946,-546000000.0,-1.884,1.0,441000000.0,1.0,1981000000.0,0.0,48967000000.0,,0.0,32108000000.0,,,41372000000.0,,,8275928261.0,-758000000.0,0.0,0.0,-344000000.0,0.0,1033000000.0,-1261000000.0,-1254000000.0,-530000000.0,0.0,40000000.0,40000000.0,40000000.0,0.0,0.0,0.091,305000000.0,136000000.0,6293000000.0,0.0,1.518,35.067,34.404,241000000.0,0.0,28.555,4.956,4.954,8220000000.0,-1689000000.0,441000000.0,441000000.0,0.0,,,,,7000000.0,214000000.0,1.0,289824138.0,289741000,294722000.0,1.522,44844000000.0,0.0,23000000.0,0.0,154.773,
22,ETFC,MRQ,2014-12-31,2014-12-31,2014-12-31,2020-08-05,-249000000.0,45530000000.0,,,,,18.585,-25000000.0,2338000000.0,2338000000.0,0.0,41000000.0,,7.471,6337000000.0,,,6337000000.0,0.0,86000000.0,24890000000.0,0.0,0.0,-15000000.0,71000000.0,0.202,71000000.0,-15000000.0,71000000.0,0.15,0.14,0.15,5375000000.0,,5375000000.0,11578604591.0,26.0,14.787,308000000.0,1.065,1.0,351000000.0,1.0,1986000000.0,-86000000.0,47543000000.0,,0.0,30615000000.0,,,40155000000.0,,,7013604591.0,-26000000.0,0.0,0.0,-645000000.0,0.0,-648000000.0,289000000.0,373000000.0,333000000.0,0.0,41000000.0,41000000.0,41000000.0,0.0,0.0,0.117,304000000.0,47000000.0,8154000000.0,0.0,1.305,23.937,23.779,245000000.0,0.0,24.255,4.116,4.109,8559000000.0,-1729000000.0,351000000.0,351000000.0,0.0,,,,,6000000.0,210000000.0,1.0,289161187.0,289212000,294508000.0,1.214,43544000000.0,951000000.0,30000000.0,0.0,150.561,
23,ETFC,MRQ,2014-09-30,2014-09-30,2014-09-30,2020-08-05,-299000000.0,45819000000.0,,,,,18.259,-32000000.0,2417000000.0,2417000000.0,0.0,86000000.0,,7.688,6982000000.0,,,6982000000.0,0.0,86000000.0,24927000000.0,0.0,0.0,154000000.0,240000000.0,0.545,240000000.0,154000000.0,125000000.0,0.3,0.29,0.3,5274000000.0,,5274000000.0,10303149289.0,17.0,11.091,36000000.0,0.125,1.0,440000000.0,1.0,1991000000.0,29000000.0,48393000000.0,,0.0,30742000000.0,,,40545000000.0,,,6522149289.0,2000000.0,0.0,0.0,175000000.0,0.0,-90000000.0,24000000.0,69000000.0,68000000.0,0.0,86000000.0,86000000.0,86000000.0,0.0,0.0,0.195,287000000.0,153000000.0,6526000000.0,0.0,1.237,21.039,20.917,240000000.0,0.0,22.59,3.625,3.627,8117000000.0,-1770000000.0,440000000.0,440000000.0,0.0,,,,,5000000.0,195000000.0,1.0,288718428.0,288843000,294119000.0,1.523,43828000000.0,0.0,39000000.0,0.0,151.736,
24,ETFC,MRQ,2014-06-30,2014-06-30,2014-06-30,2020-08-05,-295000000.0,45748000000.0,,,,,17.97,-23000000.0,3022000000.0,3022000000.0,0.0,69000000.0,,7.818,6803000000.0,,,6803000000.0,0.0,80000000.0,25084000000.0,0.0,0.0,141000000.0,221000000.0,0.505,221000000.0,141000000.0,112000000.0,0.24,0.24,0.24,5188000000.0,,5188000000.0,10969208115.0,20.0,12.27,420000000.0,1.455,1.0,438000000.0,1.0,1997000000.0,29000000.0,47532000000.0,,0.0,30905000000.0,,,40560000000.0,,,6134208115.0,222000000.0,0.0,0.0,-603000000.0,0.0,-1284000000.0,1063000000.0,1076000000.0,443000000.0,0.0,69000000.0,69000000.0,69000000.0,0.0,0.0,0.158,296000000.0,142000000.0,6626000000.0,0.0,1.182,22.635,22.379,227000000.0,0.0,21.26,3.454,3.456,7340000000.0,-1856000000.0,438000000.0,438000000.0,0.0,,,,,5000000.0,197000000.0,1.0,288532837.0,288705000,293826000.0,1.517,43751000000.0,0.0,43000000.0,0.0,151.542,
25,ETFC,MRQ,2014-03-31,2014-03-31,2014-03-31,2020-08-05,-379000000.0,46438000000.0,,,,,17.469,-7000000.0,2566000000.0,2566000000.0,0.0,97000000.0,,8.229,7401000000.0,,,7401000000.0,0.0,79000000.0,25749000000.0,0.0,0.0,172000000.0,251000000.0,0.528,251000000.0,172000000.0,144000000.0,0.34,0.33,0.34,5032000000.0,,5032000000.0,11322457707.0,29.0,14.997,-150000000.0,-0.521,1.0,475000000.0,1.0,2002000000.0,28000000.0,49271000000.0,,0.0,31847000000.0,,,41406000000.0,,,6636006707.0,-253000000.0,67000000.0,0.0,-198000000.0,0.0,-447000000.0,337000000.0,262000000.0,-143000000.0,0.0,97000000.0,97000000.0,97000000.0,0.0,0.0,0.204,294000000.0,181000000.0,6260000000.0,0.0,1.319,44.838,44.269,224000000.0,0.0,23.02,3.732,3.729,7346000000.0,-1925000000.0,475000000.0,475000000.0,0.0,,,,,8000000.0,192000000.0,1.0,288271360.0,288051000,293819000.0,1.649,44436000000.0,0.0,47000000.0,0.0,154.264,
26,ETFC,MRQ,2013-12-31,2013-12-31,2013-12-31,2020-08-05,-453000000.0,46280000000.0,,,,,16.901,-16000000.0,2904000000.0,2904000000.0,0.0,58000000.0,,8.53,7590000000.0,,,7590000000.0,0.0,84000000.0,25971000000.0,0.0,0.0,133000000.0,217000000.0,0.487,217000000.0,133000000.0,105000000.0,0.2,0.19,0.2,4856000000.0,,4856000000.0,10608592034.0,34.0,15.069,213000000.0,0.741,1.0,446000000.0,1.0,2008000000.0,28000000.0,48958000000.0,,0.0,31957000000.0,,,41424000000.0,,,5640569034.0,42000000.0,0.0,0.0,93000000.0,0.0,186000000.0,-373000000.0,-366000000.0,229000000.0,0.0,58000000.0,58000000.0,58000000.0,0.0,0.0,0.13,312000000.0,134000000.0,6310000000.0,0.0,1.162,65.588,65.467,237000000.0,0.0,19.64,3.274,3.271,6353000000.0,-2022000000.0,446000000.0,446000000.0,0.0,,,,,0.0,182000000.0,1.0,287198016.0,287318000,293609000.0,1.552,44272000000.0,0.0,47000000.0,0.0,154.087,
27,ETFC,MRQ,2013-09-30,2013-09-30,2013-09-30,2020-08-05,-420618000.0,45547479000.0,,,,,16.821,-8000000.0,2534402000.0,2534402000.0,0.0,47000000.0,,8.431,7502425000.0,,,7502425000.0,0.0,96000000.0,25869797000.0,0.0,0.0,109000000.0,205000000.0,0.492,205000000.0,109000000.0,80000000.0,0.17,0.16,0.17,4829574000.0,,4829574000.0,10828947760.0,-9634.0,25.89,611000000.0,2.128,1.0,417000000.0,1.0,2013437000.0,29000000.0,48502065000.0,,0.0,31851625000.0,,,40717905000.0,,,4736579760.0,751000000.0,0.0,0.0,-499000000.0,0.0,-166000000.0,298000000.0,277000000.0,619000000.0,0.0,47000000.0,47000000.0,47000000.0,0.0,0.0,0.113,308000000.0,109000000.0,5830257000.0,0.0,0.981,-29.888,-30.0,246186000.0,0.0,16.5,2.714,2.715,6188708000.0,-2079571000.0,417000000.0,417000000.0,0.0,,,,,5000000.0,165000000.0,1.0,287065440.0,287111000,292630000.0,1.452,43534042000.0,0.0,33000000.0,0.0,151.628,
28,ETFC,MRQ,2013-06-30,2013-06-30,2013-06-30,2020-08-05,-439667000.0,45006525000.0,,,,,16.593,-8000000.0,1900604000.0,1900604000.0,0.0,-54000000.0,,8.454,7992972000.0,,,7992972000.0,0.0,101000000.0,25548527000.0,0.0,0.0,-19000000.0,82000000.0,0.186,82000000.0,-19000000.0,-47000000.0,-0.19,-0.19,-0.19,4760628000.0,,4760628000.0,9295601428.0,-92.0,28.148,-198000000.0,-0.69,1.0,440000000.0,1.0,2019136000.0,28000000.0,49079757000.0,,0.0,32144730000.0,,,40245897000.0,,,3631325428.0,-463000000.0,0.0,0.0,489000000.0,0.0,167000000.0,-440000000.0,-434000000.0,-190000000.0,0.0,-54000000.0,-54000000.0,-54000000.0,0.0,0.0,-0.123,460000000.0,-20000000.0,5082970000.0,0.0,0.763,-15.512,-15.439,261939000.0,0.0,12.66,1.997,1.998,5970042000.0,-2126999000.0,440000000.0,440000000.0,0.0,,,,,6000000.0,165000000.0,1.0,286834552.0,286903000,286903000.0,1.534,42987389000.0,0.0,7000000.0,0.0,149.832,
29,ETFC,MRQ,2013-03-31,2013-03-31,2013-03-31,2020-08-05,-298936000.0,44966314000.0,,,,,17.276,-15000000.0,1826539000.0,1826539000.0,0.0,35000000.0,,8.081,7490815000.0,,,7490815000.0,0.0,114000000.0,25877748000.0,0.0,0.0,86000000.0,200000000.0,0.476,200000000.0,86000000.0,57000000.0,0.12,0.12,0.12,4951827000.0,,4951827000.0,7411931792.0,310.0,16.321,444000000.0,1.549,1.0,420000000.0,1.0,2188787000.0,29000000.0,48441803000.0,,0.0,32280115000.0,,,40014487000.0,,,3069764792.0,-1254000000.0,0.0,0.0,5000000.0,0.0,-2514000000.0,801000000.0,788000000.0,459000000.0,0.0,35000000.0,35000000.0,35000000.0,0.0,0.0,0.083,338000000.0,82000000.0,5084337000.0,0.0,0.62,-21.835,-21.857,278266000.0,0.0,10.71,1.677,1.677,5748626000.0,-2072596000.0,420000000.0,420000000.0,0.0,,,,,9000000.0,186000000.0,1.0,286626031.0,286626000,291696000.0,1.465,42777527000.0,0.0,22000000.0,0.0,149.245,
30,ETFC,MRQ,2012-12-31,2012-12-31,2012-12-31,2020-08-05,-309928000.0,47386739000.0,,,,,17.147,-14177000.0,3138392000.0,3138392000.0,0.0,-186476000.0,,8.662,7480559000.0,,,7480559000.0,0.0,108392000.0,28392552000.0,0.0,0.0,-177124000.0,-68732000.0,-0.147,-68732000.0,-177124000.0,-221231000.0,-0.65,-0.64,-0.65,4904470000.0,,4904470000.0,6741299862.0,138.0,14.719,-531659000.0,-1.859,1.0,468160000.0,1.0,2194854000.0,44107000.0,49534052000.0,,0.0,33250361000.0,,,42482269000.0,,,2560212862.0,-63173000.0,0.0,0.0,-957618000.0,0.0,-1610988000.0,2065297000.0,1996863000.0,-517482000.0,0.0,-186476000.0,-186476000.0,-186476000.0,0.0,0.0,-0.398,360046000.0,108114000.0,4964922000.0,0.0,0.522,-22.657,-22.949,288170000.0,0.0,8.95,1.347,1.346,5804041000.0,-2107720000.0,468160000.0,468160000.0,0.0,,,,,3903000.0,170978000.0,1.0,286057303.0,286018000,271807000.0,1.637,45191885000.0,0.0,-34755000.0,0.0,158.004,
31,ETFC,MRQ,2012-09-30,2012-09-30,2012-09-30,2020-08-05,-303403000.0,50355605000.0,,,,,17.82,-20811000.0,4259342000.0,4259342000.0,0.0,-28625000.0,,8.886,8440429000.0,,,8440429000.0,0.0,107788000.0,29127826000.0,0.0,0.0,9180000.0,116968000.0,0.239,116968000.0,9180000.0,-36303000.0,-0.1,-0.1,-0.1,5093854000.0,,5093854000.0,9334896204.0,34.0,14.088,326958000.0,1.144,1.0,490035000.0,1.0,2201150000.0,45483000.0,52335542000.0,,0.0,35473783000.0,,,45261751000.0,,,2514518204.0,1446558000.0,0.0,0.0,-528539000.0,0.0,627044000.0,471745000.0,463670000.0,347769000.0,0.0,-28625000.0,-28625000.0,-28625000.0,0.0,0.0,-0.058,430052000.0,59983000.0,6013640000.0,0.0,0.494,37.457,38.261,294517000.0,0.0,8.8,1.319,1.319,5608253000.0,-1921661000.0,490035000.0,490035000.0,0.0,,,,,8218000.0,178195000.0,1.0,285740705.0,285850000,285850000.0,1.714,48154455000.0,0.0,-7678000.0,0.0,168.461,
32,ETFC,MRQ,2012-06-30,2012-06-30,2012-06-30,2020-08-05,-340699000.0,49155830000.0,,,,,17.783,-22125000.0,2139939000.0,2139939000.0,0.0,39510000.0,,8.677,8960317000.0,,,8960317000.0,0.0,100082000.0,27911100000.0,0.0,0.0,105825000.0,205907000.0,0.455,205907000.0,105825000.0,60540000.0,0.14,0.14,0.14,5079609000.0,,5079609000.0,8119337533.0,25.0,11.614,177690000.0,0.622,1.0,452408000.0,1.0,2207445000.0,45285000.0,53768763000.0,,0.0,36003837000.0,,,44076221000.0,,,2296924533.0,-639984000.0,0.0,0.0,-304597000.0,0.0,-1975694000.0,1135895000.0,1124190000.0,199815000.0,0.0,39510000.0,39510000.0,39510000.0,0.0,0.0,0.087,348716000.0,103692000.0,5128653000.0,0.0,0.452,13.799,13.862,297344000.0,0.0,8.04,1.194,1.194,5804350000.0,-1893036000.0,452408000.0,452408000.0,0.0,,,,,4006000.0,178652000.0,1.0,285687131.0,285645000,290044000.0,1.584,46948385000.0,0.0,21030000.0,0.0,164.359,
33,ETFC,MRQ,2012-03-31,2012-03-31,2012-03-31,2020-08-05,-341617000.0,51291744000.0,,,,,17.64,-22887000.0,3430116000.0,3430116000.0,0.0,62591000.0,,9.185,9252529000.0,,,9252529000.0,0.0,92738000.0,29581388000.0,0.0,0.0,111119000.0,203857000.0,0.417,203857000.0,111119000.0,65994000.0,0.22,0.22,0.22,5035901000.0,,5035901000.0,8998719307.0,26.0,12.797,-211989000.0,-0.743,1.0,489397000.0,1.0,2213741000.0,45125000.0,54900416000.0,,0.0,37132479000.0,,,46255843000.0,,,3128159307.0,-81401000.0,0.0,0.0,6754000.0,0.0,3115638000.0,-3007937000.0,-3012723000.0,-189102000.0,0.0,62591000.0,62591000.0,62591000.0,0.0,0.0,0.128,378186000.0,111211000.0,5706213000.0,0.0,0.621,17.972,17.661,298425000.0,0.0,10.95,1.572,1.571,5285791000.0,-1932546000.0,489397000.0,489397000.0,0.0,,,,,4873000.0,197175000.0,1.0,285676649.0,285478000,290017000.0,1.714,49078003000.0,0.0,3403000.0,0.0,171.915,
34,ETFC,MRQ,2011-12-31,2011-12-31,2011-12-31,2020-08-05,-386629000.0,47940452000.0,,,,,17.27,-17501000.0,3375426000.0,3375426000.0,0.0,-6346000.0,,8.728,9245986000.0,,,9245986000.0,0.0,90083000.0,26459985000.0,0.0,0.0,45777000.0,135860000.0,0.286,135860000.0,45777000.0,818000.0,-0.03,-0.02,-0.03,4927950000.0,,4927950000.0,8682757422.0,24.0,12.336,501574000.0,1.758,1.0,475010000.0,1.0,2220037000.0,44959000.0,51590975000.0,,0.0,34258367000.0,,,43012502000.0,,,2270765422.0,420942000.0,0.0,0.0,-59247000.0,0.0,1131476000.0,-1229609000.0,-1256216000.0,519075000.0,0.0,-6346000.0,-6346000.0,-6346000.0,0.0,0.0,-0.013,427296000.0,47714000.0,5590858000.0,0.0,0.461,14.491,13.492,299693000.0,0.0,7.96,1.115,1.045,4826256000.0,-1995137000.0,475010000.0,475010000.0,0.0,,,,,4261000.0,185608000.0,1.0,285272038.0,285348000,289978000.0,1.665,45720415000.0,0.0,7164000.0,0.0,160.227,
35,ETFC,MRQ,2011-09-30,2011-09-30,2011-09-30,2020-08-05,-375727000.0,46524658000.0,,,,,17.428,-28353000.0,2884322000.0,2884322000.0,0.0,70696000.0,,8.406,9296314000.0,,,9296314000.0,0.0,85738000.0,25238897000.0,0.0,0.0,67709000.0,153447000.0,0.302,153447000.0,67709000.0,22940000.0,0.25,0.24,0.25,4946215000.0,,4946215000.0,10019003891.0,30.0,14.891,389234000.0,1.371,1.0,507275000.0,1.0,2226574000.0,44769000.0,50710076000.0,,0.0,33135350000.0,,,41578443000.0,,,2598297891.0,309186000.0,0.0,0.0,-139480000.0,0.0,-926400000.0,817999000.0,806018000.0,417587000.0,0.0,70696000.0,70696000.0,70696000.0,0.0,0.0,0.139,440096000.0,67179000.0,5394680000.0,0.0,0.525,18.702,17.519,305825000.0,0.0,9.11,1.249,1.243,5167910000.0,-1988791000.0,507275000.0,507275000.0,0.0,,,,,3173000.0,161433000.0,1.0,285213819.0,283807000,289706000.0,1.787,44298084000.0,0.0,-47756000.0,0.0,156.085,
36,ETFC,MRQ,2011-06-30,2011-06-30,2011-06-30,2020-08-05,-378859000.0,46984312000.0,,,,,17.882,-23799000.0,2037715000.0,2037715000.0,0.0,47118000.0,,8.763,9458421000.0,,,9458421000.0,0.0,82593000.0,25998073000.0,0.0,0.0,127432000.0,210025000.0,0.406,210025000.0,127432000.0,82608000.0,0.18,0.16,0.18,4812345000.0,,4812345000.0,12138821400.0,35.0,17.774,-223517000.0,-0.831,1.0,517619000.0,1.0,2233112000.0,44824000.0,52171906000.0,,0.0,33779414000.0,,,42171967000.0,,,3859873400.0,-494617000.0,0.0,0.0,-680886000.0,0.0,-672701000.0,377802000.0,347686000.0,-199718000.0,0.0,47118000.0,47118000.0,47118000.0,0.0,0.0,0.091,394054000.0,123565000.0,5341714000.0,0.0,0.802,50.364,44.516,301153000.0,0.0,13.8,1.872,1.801,5661002000.0,-2059487000.0,517619000.0,517619000.0,0.0,,,,,2902000.0,173419000.0,1.0,279700971.0,269119000,289643000.0,1.923,44751200000.0,0.0,35490000.0,0.0,166.288,
37,ETFC,MRQ,2011-03-31,2011-03-31,2011-03-31,2020-08-05,-418897000.0,47596543000.0,,,,,19.096,-19757000.0,2183995000.0,2183995000.0,0.0,45233000.0,,9.823,10462943000.0,,,10462943000.0,0.0,82277000.0,25971630000.0,0.0,0.0,122241000.0,204518000.0,0.381,204518000.0,122241000.0,78964000.0,0.2,0.16,0.2,4397792000.0,,4397792000.0,11240091864.0,36.0,17.392,339254000.0,1.473,1.0,536695000.0,1.0,2239650000.0,43277000.0,53635841000.0,,0.0,34094035000.0,,,43198751000.0,,,3458103864.0,-510018000.0,0.0,0.0,-21762000.0,0.0,727337000.0,-1596366000.0,-1634390000.0,359011000.0,0.0,45233000.0,45233000.0,45233000.0,0.0,0.0,0.084,414072000.0,122623000.0,5353540000.0,0.0,0.786,53.533,52.1,300140000.0,0.0,15.63,1.664,1.732,5707702000.0,-2106605000.0,536695000.0,536695000.0,0.0,,,,,4120000.0,184205000.0,1.0,221247848.0,230301000,289677000.0,2.33,45356893000.0,0.0,33731000.0,0.0,196.946,
38,ETFC,MRQ,2010-12-31,2010-12-31,2010-12-31,2020-08-05,-438640000.0,46373001000.0,,,,,18.366,-20293000.0,2983856000.0,2983856000.0,0.0,-24115000.0,,10.443,10765844000.0,,,10765844000.0,0.0,86779000.0,25240297000.0,0.0,0.0,18054000.0,104833000.0,0.202,104833000.0,18054000.0,-25015000.0,-0.11,-0.11,-0.11,4052445000.0,,4052445000.0,10575605392.0,64.0,21.022,-86470000.0,-0.392,1.0,517949000.0,1.0,2265379000.0,43069000.0,51889610000.0,,0.0,32616860000.0,,,42320556000.0,,,3533077392.0,-756055000.0,0.0,0.0,-19413000.0,0.0,1005465000.0,-1695085000.0,-1725463000.0,-66177000.0,-258000.0,-24115000.0,-24115000.0,-24115000.0,0.0,0.0,-0.047,498470000.0,19479000.0,5020086000.0,0.0,0.872,-124.09,-123.077,302658000.0,0.0,16.0,1.7,1.627,5120575000.0,-2151838000.0,517949000.0,517949000.0,0.0,,,,,7342000.0,179248000.0,1.0,220817337.0,220647000,220647000.0,2.347,44107622000.0,0.0,-900000.0,0.0,199.901,
39,ETFC,MRQ,2010-09-30,2010-09-30,2010-09-30,2020-08-05,-346286000.0,45268613000.0,,,,,18.894,-22888000.0,3766792000.0,3766792000.0,0.0,8404000.0,,9.87,10809320000.0,,,10809320000.0,0.0,86226000.0,24167459000.0,0.0,0.0,77357000.0,163583000.0,0.334,163583000.0,77357000.0,35544000.0,0.04,0.03,0.04,4164471000.0,,4164471000.0,11129581748.0,194.0,28.39,694728000.0,3.152,1.0,489422000.0,1.0,2272406000.0,41813000.0,50038735000.0,,0.0,31556371000.0,,,41104142000.0,,,3215928748.0,37314000.0,0.0,0.0,-343518000.0,0.0,64279000.0,-747424000.0,-797442000.0,717616000.0,2843000.0,8404000.0,8404000.0,8404000.0,0.0,0.0,0.017,418877000.0,70545000.0,4629258000.0,0.0,0.772,-44.974,5.13,308147000.0,0.0,14.57,1.544,1.541,4559946000.0,-2127723000.0,489422000.0,489422000.0,0.0,,,,,4131000.0,152856000.0,1.0,220722632.0,220415000,289271000.0,2.22,42996207000.0,0.0,27140000.0,0.0,195.069,
40,ETFC,MRQ,2010-06-30,2010-06-30,2010-06-30,2020-08-05,-352925000.0,44347080000.0,,,,,19.563,-16710000.0,3238629000.0,3238629000.0,0.0,35076000.0,,9.711,11152282000.0,,,11152282000.0,0.0,79880000.0,23768369000.0,0.0,0.0,93464000.0,173344000.0,0.325,173344000.0,93464000.0,52259000.0,0.17,0.12,0.17,4140435000.0,,4140435000.0,8979041876.0,-8.0,-11.682,427924000.0,2.022,1.0,534001000.0,1.0,2270857000.0,41205000.0,49989876000.0,,0.0,30944587000.0,,,40206645000.0,,,2600814876.0,24736000.0,0.0,0.0,-133921000.0,0.0,-1028717000.0,606712000.0,714330000.0,444634000.0,2107000.0,35076000.0,35076000.0,35076000.0,0.0,0.0,0.066,441327000.0,92674000.0,3984364000.0,0.0,0.628,-2.783,-3.0,309134000.0,0.0,11.82,1.199,1.153,4777680000.0,-2136127000.0,534001000.0,534001000.0,0.0,,,,,4720000.0,166235000.0,1.0,220035100.0,211642000,289150000.0,2.523,42076223000.0,0.0,17183000.0,0.0,198.808,
41,ETFC,MRQ,2010-03-31,2010-03-31,2010-03-31,2020-08-05,-387501000.0,46678674000.0,,,,,19.857,-22185000.0,5155920000.0,5155920000.0,0.0,-47837000.0,,11.231,11534147000.0,,,11534147000.0,0.0,86200000.0,24632882000.0,0.0,0.0,-24886000.0,61314000.0,0.114,61314000.0,-24886000.0,-65929000.0,-0.25,-0.25,-0.25,3816399000.0,,3816399000.0,9788483294.0,-7.0,-10.075,-68963000.0,-0.359,1.0,536503000.0,1.0,2301589000.0,41043000.0,50755312000.0,,0.0,31697317000.0,,,42862275000.0,,,3169476294.0,-414887000.0,0.0,0.0,-55941000.0,0.0,-1127157000.0,762943000.0,734585000.0,-46778000.0,-3895000.0,-47837000.0,-47837000.0,-47837000.0,0.0,0.0,-0.089,563315000.0,-26812000.0,6695246000.0,0.0,0.83,-2.848,-2.636,321183000.0,0.0,16.525,1.405,1.408,3986749000.0,-2171203000.0,536503000.0,536503000.0,0.0,,,,,9168000.0,184289000.0,1.0,191798868.0,192195000,192195000.0,2.791,44377085000.0,0.0,-18092000.0,0.0,230.896,
42,ETFC,MRQ,2009-12-31,2009-12-31,2009-12-31,2020-08-05,-404130000.0,47366485000.0,,,,,34.229,-21504000.0,5028518000.0,5028518000.0,0.0,-67149000.0,,11.633,11647525000.0,,,11647525000.0,0.0,82418000.0,25597721000.0,0.0,0.0,-88633000.0,-6215000.0,-0.012,-6215000.0,-88633000.0,-128530000.0,2.88,2.88,2.88,3749555000.0,,3749555000.0,7514759941.0,-5.0,-6.227,220188000.0,2.01,1.0,523440000.0,1.0,2308730000.0,39897000.0,51676762000.0,,0.0,32716811000.0,,,43616930000.0,,,3283277941.0,-1313138000.0,4009000.0,-91000.0,-26330000.0,0.0,-815279000.0,-735250000.0,-755985000.0,241692000.0,-4301000.0,-67149000.0,-67149000.0,-67149000.0,0.0,0.0,-0.128,610807000.0,-87367000.0,5234199000.0,0.0,0.876,-2.53,-1.485,320169000.0,0.0,17.6,1.481,0.87,3827212000.0,-2123366000.0,523440000.0,523440000.0,0.0,,,,,14756000.0,178051000.0,1.0,186549883.0,109544000,109544000.0,4.778,45057755000.0,0.0,-61381000.0,0.0,411.321,
43,ETFC,MRQ,2009-09-30,2009-09-30,2009-09-30,2020-08-05,-458781000.0,48486976000.0,,,,,28.742,-18907000.0,7526449000.0,7526449000.0,0.0,-854691000.0,,12.299,11757931000.0,,,11757931000.0,0.0,85240000.0,26368402000.0,0.0,0.0,-1082314000.0,-997074000.0,-1.733,-997074000.0,-1082314000.0,-1151349000.0,-6.74,-6.74,-6.74,3645872000.0,,3645872000.0,7993561171.0,-4.0,-5.381,-223980000.0,-1.766,1.0,575327000.0,1.0,2316162000.0,69035000.0,50402296000.0,,0.0,31994410000.0,,,44841104000.0,,,1954438171.0,-437779000.0,-4009000.0,146896000.0,-592588000.0,0.0,-592812000.0,340742000.0,320572000.0,-205073000.0,19364000.0,-854691000.0,-854691000.0,-854691000.0,0.0,0.0,-1.486,648936000.0,-73609000.0,6714771000.0,0.0,0.536,-1.298,-0.959,320457000.0,0.0,17.5,0.811,0.921,3435428000.0,-2033212000.0,575327000.0,575327000.0,0.0,,,,,9874000.0,178085000.0,1.0,111682181.0,126849000,126849000.0,4.536,46170814000.0,0.0,-296658000.0,0.0,363.982,
44,ETFC,MRQ,2009-06-30,2009-06-30,2009-06-30,2020-08-05,-501012000.0,47951250000.0,,,,,45.049,-22616000.0,6674118000.0,6674118000.0,0.0,-143237000.0,,15.077,12713241000.0,,,12713241000.0,0.0,95484000.0,26423824000.0,0.0,0.0,-125055000.0,-29571000.0,-0.048,-29571000.0,-125055000.0,-211496000.0,-2.16,-2.16,-2.16,2982553000.0,,2982553000.0,8127455215.0,-9.0,-14.492,638516000.0,9.644,1.0,620906000.0,1.0,2323593000.0,86441000.0,51666780000.0,,0.0,33002379000.0,,,44968697000.0,,,738130215.0,741849000.0,0.0,586313000.0,-1078624000.0,0.0,-1766191000.0,1828341000.0,1811626000.0,661132000.0,18567000.0,-143237000.0,-143237000.0,-143237000.0,0.0,0.0,-0.231,733751000.0,-112845000.0,5831632000.0,0.0,0.247,-1.052,-1.04,322547000.0,0.0,12.9,0.333,0.386,3135287000.0,-1201526000.0,620906000.0,620906000.0,0.0,,,,,10715000.0,177459000.0,1.0,57219397.0,66207000,66207000.0,9.378,45627657000.0,0.0,-68259000.0,0.0,689.167,
45,ETFC,MRQ,2009-03-31,2009-03-31,2009-03-31,2020-08-05,-553761000.0,49446876000.0,,,,,43.29,-23168000.0,6392541000.0,6392541000.0,0.0,-232685000.0,,19.115,13781866000.0,,,13781866000.0,0.0,82827000.0,27641485000.0,0.0,0.0,-256741000.0,-173914000.0,-0.239,-173914000.0,-256741000.0,-344056000.0,-4.1,-4.1,-4.1,2458151000.0,,2458151000.0,10199477745.0,-12.0,-19.416,251038000.0,4.421,1.0,728215000.0,1.0,2331025000.0,87315000.0,54505176000.0,,0.0,35325533000.0,,,46988725000.0,,,709336745.0,638457000.0,0.0,0.0,-822242000.0,0.0,611885000.0,-235610000.0,-243578000.0,274206000.0,-12024000.0,-232685000.0,-232685000.0,-232685000.0,0.0,0.0,-0.32,747947000.0,-19732000.0,5565374000.0,0.0,0.289,-1.086,-1.021,321934000.0,0.0,12.4,0.334,0.331,2436611000.0,-1078452000.0,728215000.0,728215000.0,0.0,,,,,10839000.0,188495000.0,1.0,57204576.0,56783300,56783300.0,12.824,47115851000.0,0.0,-111371000.0,0.0,829.748,
46,ETFC,MRQ,2008-12-31,2008-12-31,2008-12-31,2020-08-05,-632654000.0,48538215000.0,,,,,47.211,-27611000.0,4995447000.0,4995447000.0,0.0,-275563000.0,,17.73,14485588000.0,,,14485588000.0,0.0,71917000.0,26136246000.0,0.0,0.0,-356782000.0,-284865000.0,-0.586,-284865000.0,-356782000.0,-444680000.0,-5.24,-5.24,-5.24,2591496000.0,,2591496000.0,11863058813.0,-19.0,-36.352,1466487000.0,26.716,1.0,486433000.0,1.0,2324455000.0,87898000.0,55703901000.0,,0.0,35514319000.0,,,45946719000.0,,,618412813.0,695109000.0,-7840000.0,-2420000.0,255107000.0,0.0,-277152000.0,-485808000.0,-492575000.0,1494098000.0,-36029000.0,-275563000.0,-275563000.0,-275563000.0,-662000.0,0.0,-0.566,834323000.0,-347890000.0,5324885000.0,0.0,0.239,-1.208,-1.145,319222000.0,0.0,11.5,0.321,0.304,2791168000.0,-845767000.0,486433000.0,486433000.0,0.0,,,,,8193000.0,200298000.0,1.0,53775027.0,54891400,54891400.0,8.862,46213760000.0,0.0,-169117000.0,0.0,841.913,
47,ETFC,MRQ,2008-09-30,2008-09-30,2008-09-30,2020-08-05,-510342000.0,49705024000.0,,,,,47.289,-25524000.0,3275429000.0,3275429000.0,0.0,-50475000.0,,18.591,14520075000.0,,,14520075000.0,0.0,70038000.0,26615589000.0,0.0,0.0,-142505000.0,-72467000.0,-0.192,-72467000.0,-142505000.0,-231277000.0,-0.9,-0.9,-0.9,2537129000.0,,2537129000.0,13151648966.0,-5.0,-5.272,1096704000.0,20.441,1.0,377732000.0,1.0,2332214000.0,88772000.0,58617456000.0,,0.0,35415454000.0,,,47167895000.0,,,1504231966.0,339480000.0,-33182000.0,842000.0,-337035000.0,0.0,-819657000.0,37639000.0,66355000.0,1122228000.0,-730000.0,-50475000.0,-50475000.0,-50475000.0,-270314000.0,0.0,-0.134,813690000.0,-435958000.0,6032231000.0,0.0,0.593,-0.772,-0.619,314059000.0,0.0,28.0,-7.824,-7.813,5619593000.0,-570204000.0,377732000.0,377732000.0,0.0,,,,,13246000.0,174386000.0,1.0,53722570.0,53652100,53652100.0,7.04,47372810000.0,0.0,-180802000.0,0.0,882.963,
48,ETFC,MRQ,2008-06-30,2008-06-30,2008-06-30,2020-08-05,-446785000.0,51810361000.0,,,,,53.527,-31876000.0,3187826000.0,3187826000.0,0.0,-94559000.0,,18.645,14835243000.0,,,14835243000.0,0.0,73224000.0,27039413000.0,0.0,0.0,-67278000.0,5946000.0,0.011,5946000.0,-67278000.0,-157527000.0,-1.9,-1.9,-1.9,2637346000.0,,2637346000.0,13504846076.0,-5.0,-5.609,-97261000.0,-1.974,1.0,532337000.0,1.0,2340144000.0,90249000.0,61117634000.0,,0.0,36093876000.0,,,49173015000.0,,,1485415076.0,-242727000.0,30727000.0,299000.0,-547063000.0,0.0,-978376000.0,799195000.0,794227000.0,-65385000.0,1839000.0,-94559000.0,-94559000.0,-94559000.0,-24884000.0,0.0,-0.178,637664000.0,-105327000.0,7298359000.0,0.0,0.563,-0.759,-0.687,326340000.0,0.0,31.4,-16.902,-17.604,7370072000.0,-519729000.0,532337000.0,532337000.0,0.0,,,,,6998000.0,210766000.0,1.0,47306213.0,49271200,49271200.0,10.804,49470217000.0,0.0,-62968000.0,0.0,1004.039,
49,ETFC,MRQ,2008-03-31,2008-03-31,2008-03-31,2020-08-05,-371397000.0,53196950000.0,,,,,58.919,44024000.0,3489905000.0,3489905000.0,0.0,-91193000.0,,18.591,15509336000.0,,,15509336000.0,0.0,77649000.0,27467227000.0,0.0,0.0,-52600000.0,25049000.0,0.047,25049000.0,-52600000.0,-147841000.0,-2.0,-2.0,-2.0,2715339000.0,,2715339000.0,19072111868.0,-8.0,-9.234,-259632000.0,-5.634,1.0,529094000.0,1.0,2369787000.0,95241000.0,62846594000.0,,0.0,37510575000.0,,,50481611000.0,,,1783291868.0,1283743000.0,-7883000.0,1279000.0,-3868135000.0,0.0,-2340687000.0,3937811000.0,3888542000.0,-303656000.0,-9725000.0,-91193000.0,-91193000.0,-91193000.0,-1734000.0,0.0,-0.172,588204000.0,-59110000.0,7505048000.0,0.0,0.657,-1.048,-0.965,324940000.0,0.0,38.6,36.665,36.575,6655659000.0,-425170000.0,529094000.0,529094000.0,0.0,,,,,13989000.0,249813000.0,1.0,46199271.0,46085700,46085700.0,11.481,50827163000.0,0.0,-56648000.0,0.0,1102.884,
50,ETFC,MRQ,2007-12-31,2007-12-31,2007-12-31,2020-08-05,-391396000.0,56845937000.0,,,,,65.834,-25402000.0,2113075000.0,2113075000.0,0.0,-1711845000.0,,19.094,19401895000.0,,,19401895000.0,0.0,68338000.0,25884755000.0,0.0,0.0,-2521526000.0,-2453188000.0,1.504,-2453188000.0,-2521526000.0,-2580986000.0,-40.4,-40.2,-40.4,2829065000.0,,2829065000.0,21511464850.0,-11.0,-12.509,668318000.0,15.552,1.0,-1631433000.0,1.0,2363375000.0,59460000.0,71771382000.0,,0.0,41863033000.0,,,54016872000.0,,,1504327850.0,368064000.0,6244000.0,339546000.0,-2365525000.0,0.0,-5283306000.0,4951983000.0,4935479000.0,693720000.0,5667000.0,-1711845000.0,-1711845000.0,-1711845000.0,158000.0,0.0,1.049,892079000.0,-2523512000.0,8730222000.0,0.0,0.532,-1.043,-1.044,355433000.0,0.0,35.5,9.302,9.317,7179175000.0,-247368000.0,-1631433000.0,-1631433000.0,0.0,,,,,3546000.0,219382000.0,1.0,42375432.0,42972800,39642800.0,-37.964,54482562000.0,0.0,-869141000.0,0.0,1267.838,
51,ETFC,MRQ,2007-09-30,2007-09-30,2007-09-30,2020-08-05,-483675000.0,64186765000.0,,,,,97.49,-18250000.0,1768027000.0,1768027000.0,0.0,-58448000.0,,14.64,21775164000.0,,,21775164000.0,0.0,73846000.0,29197344000.0,0.0,0.0,-59289000.0,14557000.0,0.03,14557000.0,-59289000.0,-96654000.0,-1.4,-1.4,-1.4,4103983000.0,,4103983000.0,26197142990.0,32.0,23.939,288595000.0,6.856,1.0,482120000.0,1.0,2475851000.0,37365000.0,81718051000.0,,0.0,49211009000.0,,,60082782000.0,,,5528359990.0,370670000.0,-1600000.0,-40745000.0,-324793000.0,0.0,1043074000.0,-1021910000.0,-993782000.0,306845000.0,42661000.0,-58448000.0,-58448000.0,-58448000.0,-384000.0,0.0,-0.121,542015000.0,-59895000.0,9110274000.0,0.0,1.347,12.375,12.429,360366000.0,0.0,130.5,2.33,2.315,7529971000.0,1464477000.0,482120000.0,482120000.0,0.0,,,,,8987000.0,200931000.0,1.0,42362912.0,42096400,42096400.0,11.453,61710914000.0,0.0,-38206000.0,0.0,1465.943,
52,ETFC,MRQ,2007-06-30,2007-06-30,2007-06-30,2020-08-05,-339784000.0,62975066000.0,,,,,102.388,-42216000.0,1392028000.0,1392028000.0,0.0,159129000.0,,13.53,22060811000.0,,,22060811000.0,0.0,70289000.0,27770749000.0,0.0,0.0,277889000.0,348178000.0,0.521,348178000.0,277889000.0,240023000.0,3.8,3.7,3.8,4334162000.0,,4334162000.0,28352858977.0,25.0,20.134,-424803000.0,-10.035,1.0,668856000.0,1.0,2488448000.0,37866000.0,81155401000.0,,0.0,48780898000.0,,,58640904000.0,,,9429448977.0,-155471000.0,-1956000.0,-60007000.0,1533458000.0,0.0,3009362000.0,-2803985000.0,-2744671000.0,-382587000.0,21739000.0,159129000.0,159129000.0,159129000.0,-1441000.0,0.0,0.238,409867000.0,258989000.0,8809344000.0,0.0,2.176,14.321,14.252,363349000.0,0.0,220.9,3.813,3.782,7399916000.0,1522925000.0,668856000.0,668856000.0,0.0,,,,,10882000.0,210584000.0,1.0,42686505.0,42330800,43577500.0,15.801,60486618000.0,0.0,80894000.0,0.0,1428.903,
53,ETFC,MRQ,2007-03-31,2007-03-31,2007-03-31,2020-08-05,-209550000.0,60135082000.0,,,,,102.67,-43427000.0,1605984000.0,1605984000.0,0.0,169410000.0,,12.821,20529394000.0,,,20529394000.0,0.0,70018000.0,26256619000.0,0.0,0.0,300149000.0,370167000.0,0.574,370167000.0,300149000.0,262358000.0,4.0,3.9,4.0,4351026000.0,,4351026000.0,24529131340.0,22.0,17.403,138845000.0,3.276,1.0,644998000.0,1.0,2546668000.0,37791000.0,76511824000.0,,0.0,46474554000.0,,,55784056000.0,,,9064434340.0,-17253000.0,-2688000.0,-12467000.0,3567729000.0,0.0,5717046000.0,-5915869000.0,-5843976000.0,182272000.0,-702000.0,169410000.0,169410000.0,169410000.0,0.0,0.0,0.263,374405000.0,270593000.0,8998043000.0,0.0,2.083,13.822,13.779,341148000.0,0.0,212.2,3.753,3.723,6947535000.0,1363796000.0,644998000.0,644998000.0,0.0,,,,,11567000.0,244094000.0,1.0,42716467.0,42378600,43753500.0,15.22,57588414000.0,0.0,92948000.0,0.0,1358.903,
54,ETFC,MRQ,2006-12-31,2006-12-31,2006-12-31,2020-08-05,-201472000.0,53739303000.0,,,,,98.956,-41252000.0,1493856000.0,1493856000.0,0.0,176655000.0,,11.806,16958553000.0,,,16958553000.0,0.0,71670000.0,24071012000.0,0.0,0.0,289750000.0,361420000.0,0.626,361420000.0,289750000.0,251840000.0,4.1,4.1,4.1,4196370000.0,,4196370000.0,25138055365.0,23.0,18.301,201981000.0,4.763,1.0,577173000.0,1.0,2544853000.0,37910000.0,66659147000.0,,0.0,40756776000.0,,,49542933000.0,,,9572255365.0,12596000.0,14329000.0,-30934000.0,-162115000.0,0.0,1608256000.0,-1839352000.0,-1775265000.0,243233000.0,459000.0,176655000.0,176655000.0,176655000.0,372000.0,0.0,0.306,300566000.0,276607000.0,8513368000.0,0.0,2.281,15.222,15.047,318389000.0,0.0,224.2,4.041,3.986,6828448000.0,1209289000.0,577173000.0,577173000.0,0.0,,,,,4966000.0,143903000.0,1.0,42695162.0,42406400,43455100.0,13.611,51194450000.0,0.0,75185000.0,0.0,1207.234,
55,ETFC,MRQ,2006-09-30,2006-09-30,2006-09-30,2020-08-05,-210097000.0,51523171000.0,,,,,95.112,-25644000.0,1471489000.0,1471489000.0,0.0,153249000.0,,11.784,17037289000.0,,,17037289000.0,0.0,70813000.0,22319364000.0,0.0,0.0,257642000.0,328455000.0,0.565,328455000.0,257642000.0,219678000.0,3.6,3.5,3.6,4030257000.0,,4030257000.0,24577030442.0,24.0,18.413,381515000.0,9.004,1.0,581766000.0,1.0,2562341000.0,37964000.0,64526630000.0,,0.0,38908875000.0,,,47492914000.0,,,10218415442.0,323233000.0,-3489000.0,-19317000.0,1512614000.0,0.0,2593545000.0,-2697535000.0,-2671297000.0,407159000.0,20064000.0,153249000.0,153249000.0,153249000.0,-3021000.0,0.0,0.263,358597000.0,223169000.0,8136261000.0,0.0,2.535,17.571,16.965,299261000.0,0.0,239.2,4.501,4.464,7230960000.0,1032634000.0,581766000.0,581766000.0,0.0,,,,,8388000.0,203086000.0,1.0,42719128.0,42373600,43888300.0,13.729,48960830000.0,0.0,66429000.0,0.0,1155.456,
56,ETFC,MRQ,2006-06-30,2006-06-30,2006-06-30,2020-08-05,-223726000.0,48892799000.0,,,,,91.176,-21345000.0,1145239000.0,1145239000.0,0.0,156484000.0,,11.709,15503854000.0,,,15503854000.0,0.0,71753000.0,21202870000.0,0.0,0.0,277678000.0,349431000.0,0.572,349431000.0,277678000.0,241564000.0,3.7,3.6,3.7,3846985000.0,,3846985000.0,22518878590.0,24.0,17.809,93102000.0,2.207,1.0,611358000.0,1.0,2523176000.0,36114000.0,60728238000.0,,0.0,35880349000.0,,,45045814000.0,,,9731124590.0,53250000.0,0.0,-34207000.0,941914000.0,0.0,2952070000.0,-3013267000.0,-3002348000.0,114447000.0,0.0,156484000.0,156484000.0,156484000.0,208000.0,0.0,0.256,350571000.0,260787000.0,8339090000.0,0.0,2.53,18.162,17.03,302701000.0,0.0,228.2,4.615,4.567,8058148000.0,879385000.0,611358000.0,611358000.0,0.0,,,,,10793000.0,227542000.0,1.0,42642965.0,42192900,43946000.0,14.49,46369623000.0,0.0,85080000.0,0.0,1098.991,
57,ETFC,MRQ,2006-03-31,2006-03-31,2006-03-31,2020-08-05,-164524000.0,47384893000.0,,,,,87.249,-21252000.0,1919551000.0,1919551000.0,0.0,142471000.0,,12.097,14707305000.0,,,14707305000.0,0.0,72605000.0,19241533000.0,0.0,0.0,261674000.0,334279000.0,0.559,334279000.0,261674000.0,221166000.0,3.4,3.3,3.4,3618021000.0,,3618021000.0,27111714262.0,33.0,23.037,75966000.0,1.832,1.0,598349000.0,1.0,2535279000.0,40508000.0,57637368000.0,,0.0,33052218000.0,,,43766872000.0,,,11275241262.0,-21033000.0,-11646000.0,14575000.0,-2573969000.0,0.0,755035000.0,-873286000.0,-847526000.0,97218000.0,0.0,142471000.0,142471000.0,142471000.0,513000.0,0.0,0.238,354597000.0,243752000.0,9818034000.0,0.0,3.116,23.447,21.584,300928000.0,0.0,269.8,5.982,5.936,8686719000.0,722901000.0,598349000.0,598349000.0,0.0,,,,,8437000.0,230436000.0,1.0,41791109.0,41467900,43230200.0,14.429,44849614000.0,0.0,78695000.0,0.0,1081.55,
58,ETFC,MRQ,2005-12-31,2005-12-31,2005-12-31,2020-08-05,-175712000.0,44567686000.0,,,,,87.792,-20712000.0,1454362000.0,1454362000.0,0.0,129360000.0,,12.11,17331239000.0,,,17331239000.0,0.0,97279000.0,15948015000.0,0.0,0.0,225302000.0,322581000.0,0.674,322581000.0,225302000.0,188321000.0,3.4,3.3,3.4,3399560000.0,,3399560000.0,20916736672.0,28.0,19.065,181978000.0,4.7,1.0,478925000.0,1.0,2535564000.0,36981000.0,57908999000.0,,0.0,32422361000.0,,,41168126000.0,,,7799215672.0,-545374000.0,-2156293000.0,1141335000.0,2131090000.0,0.0,4738198000.0,-5479055000.0,-3300648000.0,202690000.0,-7207000.0,129360000.0,129360000.0,129360000.0,-3849000.0,0.0,0.27,274645000.0,204280000.0,7888872000.0,0.0,2.294,18.12,17.983,299256000.0,0.0,208.6,4.577,4.548,7174175000.0,580430000.0,478925000.0,478925000.0,0.0,,,,,7671000.0,202513000.0,1.0,37388378.0,38722700,39921600.0,12.368,42032122000.0,0.0,58961000.0,0.0,1085.465,
59,ETFC,MRQ,2005-09-30,2005-09-30,2005-09-30,2020-08-05,-177939000.0,36202471000.0,,,,,68.446,-20661000.0,1589025000.0,1589025000.0,0.0,107491000.0,,13.399,14706546000.0,,,14706546000.0,0.0,79264000.0,14550696000.0,0.0,0.0,178880000.0,258144000.0,0.615,258144000.0,178880000.0,165097000.0,2.9,2.8,2.9,2514295000.0,,2514295000.0,17995845666.0,28.0,17.686,15297000.0,0.416,1.0,419836000.0,1.0,518423000.0,13783000.0,48801569000.0,,0.0,29504805000.0,,,33688176000.0,,,6528774666.0,294184000.0,-800000.0,20622000.0,674962000.0,0.0,2277104000.0,-2018878000.0,-2002455000.0,35958000.0,0.0,107491000.0,107491000.0,107491000.0,3293000.0,0.0,0.256,267849000.0,151987000.0,4396335000.0,0.0,2.597,16.703,16.449,306601000.0,0.0,176.0,4.061,4.021,3764410000.0,451070000.0,419836000.0,419836000.0,0.0,,,,,8608000.0,175434000.0,1.0,37095311.0,36734200,38203100.0,11.429,35684048000.0,0.0,57606000.0,0.0,971.412,
60,ETFC,MRQ,2005-06-30,2005-06-30,2005-06-30,2020-08-05,-232930000.0,34941311000.0,,,,,63.251,-18471000.0,2557084000.0,2557084000.0,0.0,101567000.0,,14.127,14024155000.0,,,14024155000.0,0.0,93954000.0,13057010000.0,0.0,0.0,167937000.0,261891000.0,0.676,261891000.0,167937000.0,156312000.0,2.8,2.7,2.8,2309788000.0,,2309788000.0,14839794417.0,24.0,14.987,324105000.0,8.875,1.0,387687000.0,1.0,523262000.0,11625000.0,45885120000.0,,0.0,27547528000.0,,,32631523000.0,,,5155184417.0,374382000.0,-3215000.0,-8960000.0,1597794000.0,0.0,2046824000.0,-2015018000.0,-2007620000.0,342576000.0,0.0,101567000.0,101567000.0,101567000.0,7816000.0,0.0,0.262,246358000.0,141329000.0,5419665000.0,0.0,2.232,14.215,14.131,306611000.0,0.0,139.9,3.385,3.354,3459047000.0,343579000.0,387687000.0,387687000.0,0.0,,,,,1473000.0,164547000.0,1.0,36849067.0,36518000,37634500.0,10.616,34418049000.0,0.0,54745000.0,0.0,942.495,
61,ETFC,MRQ,2005-03-31,2005-03-31,2005-03-31,2020-08-05,-151265000.0,33110005000.0,,,,,62.652,-19170000.0,2735185000.0,2735185000.0,0.0,91994000.0,,13.434,12419795000.0,,,12419795000.0,0.0,92468000.0,12519646000.0,0.0,0.0,162072000.0,254540000.0,0.61,254540000.0,162072000.0,150505000.0,2.5,2.4,2.5,2293874000.0,,2293874000.0,15011334560.0,24.0,14.825,263549000.0,7.198,1.0,417397000.0,1.0,528527000.0,11567000.0,42266088000.0,,0.0,25637076000.0,,,30816131000.0,,,4432045560.0,-218910000.0,-1722000.0,-21578000.0,178899000.0,0.0,390048000.0,-891677000.0,-872237000.0,282719000.0,0.0,91994000.0,91994000.0,91994000.0,10212000.0,0.0,0.22,265201000.0,152196000.0,5849115000.0,0.0,1.932,11.542,11.429,308135000.0,0.0,120.0,2.922,2.897,3459480000.0,242012000.0,417397000.0,417397000.0,0.0,,,,,501000.0,173234000.0,1.0,36933713.0,36613000,37873400.0,11.4,32581478000.0,0.0,58511000.0,0.0,889.888,
62,ETFC,MRQ,2004-12-31,2004-12-31,2004-12-31,2020-08-05,-141199000.0,31032583000.0,,,,,60.613,-34954000.0,1663932000.0,1663932000.0,0.0,89828000.0,,12.927,12243540000.0,,,12243540000.0,0.0,101163000.0,12302974000.0,0.0,0.0,141767000.0,242930000.0,0.635,242930000.0,141767000.0,129993000.0,2.5,2.4,2.5,2228202000.0,,2228202000.0,15359254671.0,25.0,15.236,713723000.0,19.415,1.0,382780000.0,1.0,529164000.0,11774000.0,41083027000.0,,0.0,25129970000.0,,,28804381000.0,,,5560031671.0,208875000.0,-17005000.0,-49012000.0,984219000.0,0.0,1218775000.0,-1758577000.0,-1706472000.0,748677000.0,0.0,89828000.0,89828000.0,89828000.0,12168000.0,0.0,0.235,249859000.0,132921000.0,4205659000.0,0.0,2.495,14.613,14.375,302291000.0,0.0,149.5,3.749,3.696,3034548000.0,150018000.0,382780000.0,382780000.0,0.0,,,,,1420000.0,155292000.0,1.0,37190847.0,36761200,38833700.0,10.413,30503419000.0,0.0,40165000.0,0.0,829.772,
63,ETFC,MRQ,2004-09-30,2004-09-30,2004-09-30,2020-08-05,-166638000.0,30336724000.0,,,,,58.272,-24990000.0,1447674000.0,1447674000.0,0.0,79274000.0,,13.105,11246897000.0,,,11246897000.0,0.0,96649000.0,12027025000.0,0.0,0.0,134163000.0,230812000.0,0.689,230812000.0,134163000.0,122290000.0,2.1,2.1,2.1,2150843000.0,,2150843000.0,12477330475.0,19.0,11.718,-40979000.0,-1.11,1.0,335133000.0,1.0,533317000.0,11873000.0,39602630000.0,,0.0,23883880000.0,,,28185881000.0,,,4262772475.0,-512540000.0,-2020000.0,-10427000.0,477405000.0,0.0,608276000.0,-1083062000.0,-1058642000.0,-15989000.0,0.0,79274000.0,79274000.0,79274000.0,7849000.0,0.0,0.237,224166000.0,110967000.0,4841548000.0,0.0,1.982,10.708,10.477,287111000.0,0.0,114.2,3.062,3.028,3684913000.0,60189000.0,335133000.0,335133000.0,0.0,,,,,1303000.0,144129000.0,1.0,37327255.0,36910300,38055700.0,9.08,29803407000.0,0.0,43016000.0,0.0,807.455,
64,ETFC,MRQ,2004-06-30,2004-06-30,2004-06-30,2020-08-05,-128321000.0,30241614000.0,,,,,57.903,-18436000.0,2606326000.0,2606326000.0,0.0,122906000.0,,13.306,10820884000.0,,,10820884000.0,0.0,99990000.0,11837898000.0,0.0,0.0,184294000.0,284284000.0,0.745,284284000.0,184294000.0,171754000.0,3.4,3.1,3.4,2113885000.0,,2113885000.0,9433071045.0,15.0,9.037,199498000.0,5.465,1.0,381468000.0,1.0,507964000.0,12540000.0,37948208000.0,,0.0,22777122000.0,,,28127729000.0,,,4074602045.0,398004000.0,106868000.0,-40801000.0,3382606000.0,0.0,3179562000.0,-3022141000.0,-3110228000.0,217934000.0,0.0,122906000.0,122906000.0,122906000.0,-20086000.0,0.0,0.322,249071000.0,132397000.0,5415337000.0,0.0,1.928,10.716,10.619,284146000.0,0.0,111.5,2.824,2.821,3639541000.0,-19085000.0,381468000.0,381468000.0,0.0,,,,,1039000.0,155568000.0,1.0,36543516.0,36507200,41671300.0,10.449,29733650000.0,0.0,48848000.0,0.0,814.46,
65,ETFC,MRQ,2004-03-31,2004-03-31,2004-03-31,2020-08-05,-99878000.0,26909318000.0,,,,,54.18,-24550000.0,2110668000.0,2110668000.0,0.0,88475000.0,,12.606,7469137000.0,,,7469137000.0,0.0,100495000.0,11975689000.0,0.0,0.0,149621000.0,250116000.0,0.625,250116000.0,149621000.0,138283000.0,2.4,2.3,2.4,1977801000.0,,1977801000.0,9534410991.0,21.0,10.587,619794000.0,16.979,1.0,400475000.0,1.0,538452000.0,11338000.0,31729335000.0,,0.0,19849838000.0,,,24931517000.0,,,4917961991.0,-75797000.0,0.0,-31562000.0,327671000.0,0.0,-329558000.0,-389699000.0,-364663000.0,644344000.0,0.0,88475000.0,88475000.0,88475000.0,1110000.0,0.0,0.221,281244000.0,119231000.0,5341251000.0,0.0,2.487,18.213,17.8,302420000.0,0.0,133.5,3.437,3.406,3717793000.0,-141990000.0,400475000.0,400475000.0,0.0,,,,,892000.0,177317000.0,1.0,36838667.0,36504500,42515500.0,10.971,26370866000.0,0.0,49808000.0,0.0,722.4,
66,ETFC,MRQ,2003-12-31,2003-12-31,2003-12-31,2020-08-05,-89977000.0,26049216000.0,,,,,52.846,-29755000.0,2565969000.0,2565969000.0,0.0,107455000.0,,12.579,7182493000.0,,,7182493000.0,0.0,115523000.0,12514486000.0,0.0,0.0,184097000.0,299620000.0,1.089,299620000.0,184097000.0,172774000.0,3.0,2.9,3.0,1918294000.0,,1918294000.0,7407070168.0,21.0,9.213,-249188000.0,-6.865,1.0,275187000.0,1.0,518877000.0,11323000.0,30146863000.0,,0.0,19979720000.0,,,24130922000.0,,,4630556168.0,-68839000.0,-373000.0,21455000.0,1060250000.0,0.0,2042706000.0,-1894011000.0,-1861125000.0,-219433000.0,0.0,107455000.0,107455000.0,107455000.0,-2770000.0,0.0,0.39,184365000.0,90822000.0,4354640000.0,0.0,2.414,22.808,22.193,287097000.0,0.0,126.5,3.449,3.376,2297778000.0,-230465000.0,275187000.0,275187000.0,0.0,,,,,777000.0,115844000.0,1.0,36605187.0,36299400,37653500.0,7.581,25530339000.0,0.0,65319000.0,0.0,703.327,
67,ETFC,MRQ,2003-09-30,2003-09-30,2003-09-30,2020-08-05,-164411000.0,24734446000.0,,,,,47.429,-15235000.0,3327195000.0,3327195000.0,0.0,61403000.0,,13.509,6103709000.0,,,6103709000.0,0.0,111621000.0,11533656000.0,0.0,0.0,98225000.0,209846000.0,0.544,209846000.0,98225000.0,86830000.0,1.7,1.7,1.7,1704740000.0,,1704740000.0,7959546127.0,32.0,11.615,6704000.0,0.187,1.0,385943000.0,1.0,566549000.0,11395000.0,26944411000.0,,0.0,17712133000.0,,,23029706000.0,,,3354977127.0,107967000.0,-3093000.0,13528000.0,-1606701000.0,0.0,927780000.0,-840820000.0,-824474000.0,21939000.0,0.0,61403000.0,61403000.0,61403000.0,880000.0,0.0,0.159,330372000.0,55571000.0,5272587000.0,0.0,1.968,26.64,25.722,288402000.0,0.0,92.6,2.417,2.398,2477518000.0,-337920000.0,385943000.0,385943000.0,0.0,,,,,831000.0,175903000.0,1.0,36230855.0,35943200,37117300.0,10.738,24167897000.0,0.0,25427000.0,0.0,672.391,
68,ETFC,MRQ,2003-06-30,2003-06-30,2003-06-30,2020-08-05,-125153000.0,23200479000.0,,,,,46.748,-7196000.0,2955819000.0,2955819000.0,0.0,12687000.0,,12.845,7560388000.0,,,7560388000.0,0.0,110774000.0,9094226000.0,0.0,0.0,30218000.0,140992000.0,0.382,140992000.0,30218000.0,18787000.0,0.4,0.3,0.4,1665344000.0,,1665344000.0,7684023243.0,39.0,12.362,255922000.0,7.184,1.0,369166000.0,1.0,571281000.0,11431000.0,27233767000.0,,0.0,16829013000.0,,,21391676000.0,,,3026931243.0,-92722000.0,0.0,12950000.0,338597000.0,0.0,449234000.0,-804107000.0,-793396000.0,263118000.0,0.0,12687000.0,12687000.0,12687000.0,1206000.0,0.0,0.034,360497000.0,8669000.0,4646004000.0,0.0,1.818,35.523,34.0,304314000.0,0.0,85.0,2.273,2.274,2009994000.0,-399323000.0,369166000.0,369166000.0,0.0,,,,,420000.0,175588000.0,1.0,35610956.0,35623700,36369700.0,10.363,22629198000.0,0.0,6100000.0,0.0,635.229,
69,ETFC,MRQ,2003-03-31,2003-03-31,2003-03-31,2020-08-05,-205482000.0,21900512000.0,,,,,43.922,-4089000.0,2564673000.0,2564673000.0,0.0,21482000.0,,12.962,7221765000.0,,,7221765000.0,0.0,105828000.0,8955615000.0,0.0,0.0,48841000.0,154669000.0,0.48,154669000.0,48841000.0,37408000.0,0.6,0.6,0.6,1557312000.0,,1557312000.0,7245722728.0,31.0,11.461,604450000.0,17.048,1.0,322170000.0,1.0,555937000.0,11433000.0,26001667000.0,,0.0,16032346000.0,,,20185239000.0,,,1550898728.0,201353000.0,0.0,3807000.0,-687160000.0,0.0,-153232000.0,-253954000.0,-252248000.0,608539000.0,0.0,21482000.0,21482000.0,21482000.0,0.0,0.0,0.067,269823000.0,52347000.0,3944806000.0,0.0,0.996,14.726,14.033,353391000.0,0.0,42.1,1.213,1.168,1848565000.0,-412010000.0,322170000.0,322170000.0,0.0,,,,,259000.0,164388000.0,1.0,36838450.0,35456300,35844100.0,9.086,21344575000.0,0.0,15926000.0,0.0,601.997,
70,ETFC,MRQ,2002-12-31,2002-12-31,2002-12-31,2020-08-05,-231457000.0,21455925000.0,,,,,42.208,-10821000.0,2222667000.0,2222667000.0,0.0,30364000.0,,13.154,7924252000.0,,,7924252000.0,0.0,111778000.0,8400333000.0,0.0,0.0,68021000.0,179799000.0,0.579,179799000.0,68021000.0,56331000.0,0.9,0.9,0.9,1505789000.0,,1505789000.0,4186046306.0,-80.0,15.289,1264327000.0,35.44,1.0,310661000.0,1.0,543036000.0,11690000.0,26614474000.0,,0.0,16252915000.0,,,19806771000.0,,,1756559306.0,-983583000.0,-1853188000.0,1598000.0,2822558000.0,0.0,2916242000.0,-5174295000.0,-3332393000.0,1275148000.0,0.0,30364000.0,30364000.0,30364000.0,2210000.0,0.0,0.098,237245000.0,73416000.0,3331941000.0,0.0,1.167,-9.423,-9.346,370944000.0,0.0,48.6,1.365,1.341,1421766000.0,-433492000.0,310661000.0,310661000.0,-43075000.0,,,,,1246000.0,299327000.0,1.0,36143196.0,35675500,36148900.0,8.708,20912889000.0,0.0,25967000.0,0.0,586.198,
71,ETFC,MRQ,2002-09-30,2002-09-30,2002-09-30,2020-08-05,-227501000.0,18250956000.0,,,,,40.742,-139000.0,2681464000.0,2681464000.0,0.0,20678000.0,,11.392,5110951000.0,,,5110951000.0,0.0,96097000.0,8245161000.0,0.0,0.0,50048000.0,146145000.0,0.443,146145000.0,50048000.0,38221000.0,0.6,0.6,0.6,1465250000.0,,1465250000.0,5678646940.0,-95.0,17.013,1872000.0,0.052,1.0,329605000.0,1.0,485655000.0,11827000.0,20194788000.0,,0.0,12294229000.0,,,16691847000.0,,,1626230940.0,741235000.0,0.0,-28263000.0,-664732000.0,0.0,-783512000.0,1522736000.0,1529260000.0,2011000.0,0.0,20678000.0,20678000.0,20678000.0,0.0,0.0,0.063,262218000.0,67387000.0,3335735000.0,0.0,1.11,-8.333,-8.091,389256000.0,0.0,44.5,1.23,1.211,1842371000.0,-469600000.0,329605000.0,329605000.0,13528000.0,,,,,2425000.0,92156000.0,1.0,36544516.0,35964000,36338000.0,9.165,17765301000.0,0.0,17543000.0,0.0,493.975,
72,ETFC,MRQ,2002-06-30,2002-06-30,2002-06-30,2020-08-05,-197006000.0,18826917000.0,,,,,42.018,-84889000.0,1746772000.0,1746772000.0,0.0,32790000.0,,11.497,5799188000.0,,,5799188000.0,0.0,81485000.0,8334718000.0,0.0,0.0,70125000.0,151610000.0,0.48,151610000.0,70125000.0,58322000.0,0.9,0.9,0.9,1499044000.0,,1499044000.0,4180730567.0,-12.0,-32.284,265845000.0,7.452,1.0,316062000.0,1.0,493943000.0,11803000.0,22385390000.0,,0.0,13708172000.0,,,17234084000.0,,,1939886567.0,-69142000.0,0.0,-9423000.0,1679744000.0,0.0,1018074000.0,-1437950000.0,-1352149000.0,350734000.0,0.0,32790000.0,32790000.0,32790000.0,0.0,0.0,0.104,241790000.0,74272000.0,3100178000.0,0.0,1.294,-4.221,-4.105,399011000.0,0.0,54.6,1.51,1.516,1888055000.0,-490278000.0,316062000.0,316062000.0,15043000.0,,,,,5041000.0,99846000.0,1.0,35529058.0,35676000,36249800.0,8.859,18332974000.0,0.0,25532000.0,0.0,513.874,
73,ETFC,MRQ,2002-03-31,2002-03-31,2002-03-31,2020-08-05,-211712000.0,18009890000.0,,,,,38.506,-13864000.0,1873661000.0,1873661000.0,0.0,-270237000.0,,12.429,4114505000.0,,,4114505000.0,0.0,36620000.0,8986184000.0,0.0,0.0,-240374000.0,-203754000.0,-0.616,-203754000.0,-240374000.0,-252770000.0,-7.8,-7.8,-7.8,1335957000.0,,1335957000.0,5875677172.0,-13.0,-22.295,577234000.0,16.637,1.0,330877000.0,1.0,392281000.0,12396000.0,19858453000.0,,0.0,12498567000.0,,,16604403000.0,,,3490917172.0,248894000.0,0.0,6353000.0,-770471000.0,0.0,115262000.0,-457466000.0,-515208000.0,591098000.0,0.0,-270237000.0,-270237000.0,-270237000.0,0.0,0.0,-0.817,286010000.0,44867000.0,3503714000.0,0.0,2.613,-6.946,-6.497,410229000.0,0.0,94.2,2.734,2.56,2120687000.0,-523068000.0,330877000.0,330877000.0,14504000.0,,,,,0.0,122993000.0,1.0,37058569.0,34695000,35695800.0,9.537,17617609000.0,0.0,17467000.0,0.0,507.785,
74,ETFC,MRQ,2001-12-31,2001-12-31,2001-12-31,2020-08-05,-197377000.0,18172414000.0,,,,,43.883,-6726000.0,1600930000.0,1600930000.0,0.0,21603000.0,,10.524,4930690000.0,,,4930690000.0,0.0,179126000.0,8082859000.0,0.0,0.0,60664000.0,239790000.0,0.694,239790000.0,60664000.0,47086000.0,0.8,0.8,0.8,1570914000.0,,1570914000.0,6183263292.0,-30.0,-210.108,-1195645000.0,-33.4,1.0,345444000.0,1.0,690239000.0,13578000.0,20811935000.0,,0.0,12911843000.0,,,16531997000.0,,,3798503292.0,-923974000.0,-7770000.0,-165876000.0,632452000.0,0.0,420796000.0,-155851000.0,-278292000.0,-1188919000.0,0.0,21603000.0,21603000.0,21603000.0,0.0,0.0,0.063,322969000.0,22475000.0,3265106000.0,0.0,2.418,-15.727,-14.041,331724000.0,0.0,102.5,2.978,2.671,2139153000.0,-247087000.0,345444000.0,345444000.0,22134000.0,,,,,9142000.0,113012000.0,1.0,37058569.0,35798100,35798100.0,9.65,17482175000.0,0.0,25483000.0,0.0,488.355,
75,ETFC,MRQ,2001-09-30,2001-09-30,2001-09-30,2020-08-05,-160119000.0,18029510000.0,,,,,44.4,-26732000.0,2049408000.0,2049408000.0,0.0,-243737000.0,,11.032,4434168000.0,,,4434168000.0,0.0,-69233000.0,8027993000.0,0.0,0.0,-247911000.0,-317144000.0,-1.086,-317144000.0,-247911000.0,-263208000.0,-7.2,-7.2,-7.2,1493921000.0,,1493921000.0,6470685704.0,-25.0,-28.169,1007775000.0,29.951,1.0,292160000.0,1.0,480334000.0,15297000.0,19933936000.0,,0.0,11683589000.0,,,16480611000.0,,,2051661704.0,896830000.0,0.0,-64038000.0,-286605000.0,0.0,26529000.0,-164206000.0,4545000.0,1034507000.0,0.0,-243737000.0,-243737000.0,-243737000.0,0.0,0.0,-0.834,510976000.0,-218816000.0,4018450000.0,0.0,1.373,-7.837,-7.756,332906000.0,0.0,60.5,1.624,1.611,2723398000.0,-268690000.0,292160000.0,292160000.0,20882000.0,,,,,0.0,105518000.0,1.0,33911764.0,33646900,33646900.0,8.683,17549176000.0,0.0,-19471000.0,0.0,521.569,
76,ETFC,MRQ,2001-06-30,2001-06-30,2001-06-30,2020-08-05,-123758000.0,19300171000.0,,,,,55.979,-33519000.0,358863000.0,358863000.0,0.0,-10195000.0,,9.705,4777887000.0,,,4777887000.0,0.0,27656000.0,7687006000.0,0.0,0.0,-10091000.0,17565000.0,0.057,17565000.0,-10091000.0,-22850000.0,-0.3,-0.3,-0.3,1800004000.0,,1800004000.0,6452389015.0,47.0,19.685,-12079000.0,-0.376,1.0,308179000.0,1.0,492227000.0,12759000.0,23226968000.0,,0.0,12991044000.0,,,17469388000.0,,,2059425015.0,448474000.0,0.0,9691000.0,104056000.0,0.0,925596000.0,-498562000.0,-470208000.0,21440000.0,0.0,-10195000.0,-10195000.0,-10195000.0,0.0,0.0,-0.033,300722000.0,7457000.0,5004495000.0,0.0,1.144,88.021,80.625,414399000.0,0.0,64.5,1.543,1.554,4335405000.0,-24953000.0,308179000.0,308179000.0,23420000.0,,,,,0.0,117305000.0,1.0,31929070.0,32155000,32155000.0,9.584,18807944000.0,0.0,-12655000.0,0.0,584.915,
77,ETFC,MRQ,2001-03-31,2001-03-31,2001-03-31,2020-08-05,-139195000.0,18415535000.0,,,,,54.315,-62715000.0,290462000.0,290462000.0,0.0,-9203000.0,,9.67,4683426000.0,,,4683426000.0,0.0,41577000.0,6862630000.0,0.0,0.0,-11217000.0,30360000.0,0.092,30360000.0,-11217000.0,-22445000.0,-0.3,-0.3,-0.3,1723092000.0,,1723092000.0,7141897403.0,42.0,21.425,-155261000.0,-4.894,1.0,329581000.0,1.0,456813000.0,11228000.0,22351686000.0,,0.0,12037930000.0,,,16661680000.0,,,2197301403.0,-42007000.0,0.0,10806000.0,-617664000.0,0.0,505597000.0,-455058000.0,-393848000.0,-92546000.0,0.0,-9203000.0,-9203000.0,-9203000.0,0.0,0.0,-0.028,326655000.0,2926000.0,5115624000.0,0.0,1.275,58.116,58.167,425587000.0,0.0,69.8,1.61,1.623,4562003000.0,-14758000.0,329581000.0,329581000.0,22281000.0,,,,,0.0,153940000.0,1.0,31479963.0,31724200,31724200.0,10.389,17958722000.0,0.0,-13242000.0,0.0,566.089,
78,ETFC,MRQ,2000-12-31,2000-12-31,2000-12-31,2020-08-05,-57902000.0,17741110000.0,,,,,56.069,-61686000.0,334757000.0,334757000.0,0.0,1353000.0,,9.143,5279353000.0,,,5279353000.0,0.0,25041000.0,5750209000.0,0.0,0.0,14469000.0,39510000.0,0.118,39510000.0,14469000.0,3258000.0,0.0,0.0,0.0,1746048000.0,,1746048000.0,6142300558.0,40.0,22.276,29384000.0,0.944,1.0,333766000.0,1.0,441984000.0,11211000.0,22243722000.0,,0.0,11449318000.0,,,15964315000.0,,,2262605558.0,23501000.0,-1202000.0,3206000.0,1111947000.0,0.0,2032213000.0,-2099782000.0,-2100655000.0,91070000.0,0.0,1353000.0,1353000.0,1353000.0,0.0,0.0,0.004,326857000.0,6909000.0,4934753000.0,,1.296,105.013,123.0,368355000.0,0.0,73.8,1.559,1.583,4639078000.0,-5555000.0,333766000.0,333766000.0,29161000.0,,,,,0.0,155841000.0,1.0,30658612.0,31141300,32143000.0,10.718,17299126000.0,0.0,1905000.0,0.0,555.504,
79,ETFC,MRQ,2000-09-30,2000-09-30,2000-09-30,2020-08-05,66722000.0,17317437000.0,,,,,61.5,-50107000.0,559239000.0,559239000.0,0.0,41442000.0,,8.31,4181000000.0,,,4181000000.0,0.0,97638000.0,4721801000.0,0.0,0.0,142709000.0,240347000.0,0.662,240347000.0,142709000.0,128652000.0,1.4,1.4,1.4,1856833000.0,,1856833000.0,8173182216.0,61.0,35.259,186035000.0,6.162,1.0,362905000.0,1.0,484166000.0,14057000.0,20455032000.0,,0.0,9088591000.0,,,15429957000.0,,,4930490216.0,112211000.0,-720000.0,2196000.0,669622000.0,0.0,1247218000.0,-1371149000.0,-1292062000.0,236142000.0,0.0,41442000.0,41442000.0,41442000.0,0.0,0.0,0.114,360995000.0,1910000.0,6527156000.0,0.0,2.655,257.44,274.0,334262000.0,0.0,164.4,3.603,3.628,6542508000.0,-6908000.0,362905000.0,362905000.0,31881000.0,,,,,0.0,166241000.0,1.0,29990816.0,30192600,31933600.0,12.02,16833271000.0,0.0,87210000.0,0.0,557.53,
80,ETFC,MRQ,2000-06-30,2000-06-30,2000-06-30,2020-08-05,160944000.0,14892597000.0,,,,,61.399,-56119000.0,265308000.0,265308000.0,0.0,4217000.0,,6.992,3508000000.0,,,3508000000.0,0.0,0.0,3987954000.0,0.0,0.0,23133000.0,23133000.0,0.068,23133000.0,23133000.0,12113000.0,0.1,0.1,0.1,1859586000.0,,1859586000.0,7398557733.0,-165.0,-694.049,-200353000.0,-6.615,1.0,338296000.0,1.0,471895000.0,11020000.0,17663394000.0,,0.0,7848231000.0,,,13002380000.0,,,4813249733.0,-189560000.0,-490924000.0,23270000.0,282076000.0,0.0,980806000.0,-1026132000.0,-463420000.0,-144234000.0,0.0,4217000.0,4217000.0,4217000.0,0.0,0.0,0.012,339927000.0,-1631000.0,5506426000.0,0.0,2.588,-81.603,-78.571,263692000.0,0.0,165.0,3.907,4.057,5657869000.0,-30654000.0,338296000.0,338296000.0,33792000.0,,,,,0.0,169512000.0,1.0,29171211.0,30287000,31873100.0,11.17,14420702000.0,0.0,7896000.0,0.0,476.135,
81,ETFC,MRQ,2000-03-31,2000-03-31,2000-03-31,2020-08-05,267636000.0,15709886000.0,,,,,62.481,-47911000.0,638291000.0,638291000.0,0.0,-25466000.0,,7.42,3223599000.0,,,3223599000.0,0.0,0.0,3292931000.0,0.0,0.0,-27256000.0,-27256000.0,-0.065,-27256000.0,-27256000.0,-34384000.0,-0.9,-0.9,-0.9,1862084000.0,,1862084000.0,7939433960.0,-74.0,-108.868,-190141000.0,-6.38,1.0,416700000.0,1.0,382299000.0,7128000.0,17912895000.0,,0.0,7096507000.0,,,13817187000.0,,,8707553960.0,70805000.0,-631803000.0,21238000.0,1364617000.0,0.0,1965717000.0,-1752682000.0,-1059025000.0,-142230000.0,0.0,-25466000.0,-25466000.0,-25466000.0,0.0,0.0,-0.061,441966000.0,-25266000.0,7300657000.0,0.0,4.676,-100.079,-97.161,225094000.0,0.0,301.2,8.062,8.311,7016255000.0,-36344000.0,416700000.0,416700000.0,43335000.0,,,,,0.0,233156000.0,1.0,28909542.0,29802600,29802600.0,13.982,15327587000.0,0.0,-8918000.0,0.0,514.304,
82,ETFC,MRQ,1999-12-31,1999-12-31,1999-12-31,2020-08-05,350451000.0,11738637000.0,,5320154000.0,1374113000.0,,66.949,-35177000.0,1108451000.0,1108451000.0,0.0,-7256000.0,,5.005,1867943000.0,,,1867943000.0,0.0,0.0,2714204000.0,0.0,0.0,-7918000.0,-7918000.0,-0.029,-7918000.0,-7918000.0,-7950000.0,-0.2,-0.2,-0.2,1949637000.0,,1949637000.0,6195381192.0,-87.0,-168.33,-110580000.0,-3.797,1.0,273060000.0,1.0,372987000.0,32000.0,12125142000.0,,0.0,5534388000.0,103921000.0,781013000.0,9758400000.0,,,6384615192.0,168522000.0,-298006000.0,7214000.0,595219000.0,0.0,1154218000.0,-910293000.0,-527540000.0,-75403000.0,0.0,-7256000.0,-7256000.0,-7256000.0,0.0,0.0,-0.027,335736000.0,-62676000.0,5176253000.0,0.0,3.275,-120.389,-137.474,194351000.0,0.0,261.2,7.738,9.219,4243618000.0,-13155000.0,273060000.0,273060000.0,37297000.0,,,,,0.0,175234000.0,1.0,24443397.0,29121400,29121400.0,9.377,11365650000.0,0.0,-694000.0,0.0,390.285,
83,ETFC,MRQ,1999-09-30,1999-09-30,1999-09-30,2020-08-05,157893000.0,8032174000.0,,3332947000.0,594033000.0,,49.209,-71180000.0,280117000.0,280117000.0,0.0,-30659000.0,,4.512,1267474000.0,,,1267474000.0,0.0,34307000.0,2162682000.0,0.0,0.0,-32926000.0,1381000.0,0.007,1381000.0,-32926000.0,-46288000.0,-1.1,-1.1,-1.1,1451795000.0,,1451795000.0,5477394427.0,-62.0,-102.04,-12735000.0,-0.432,1.0,203834000.0,1.0,18554000.0,13362000.0,9000977000.0,,0.0,4409391000.0,189145000.0,424293000.0,6549795000.0,,,5511894427.0,89957000.0,0.0,53455000.0,292898000.0,0.0,734391000.0,-702879000.0,-629906000.0,58445000.0,0.0,-30659000.0,-30479000.0,-30479000.0,0.0,0.0,-0.15,260286000.0,-56452000.0,3119639000.0,0.0,3.797,-97.093,-111.905,181675000.0,-180000.0,235.0,8.209,9.549,2982076000.0,-26060000.0,203834000.0,203834000.0,29454000.0,,,,,0.0,122954000.0,1.0,23454870.0,29502600,29502600.0,6.909,8013620000.0,0.0,-15629000.0,0.0,271.624,
84,ETFC,MRQ,1999-06-30,1999-06-30,1999-06-30,2020-08-05,267080000.0,3832670000.0,,3173140000.0,659530000.0,,36.465,-51276000.0,34500000.0,34500000.0,0.0,-23746000.0,,2.874,0.0,,,0.0,0.0,0.0,0.0,0.0,0.0,-39134000.0,-39134000.0,-0.21,-39134000.0,-39134000.0,-35976000.0,-0.9,-0.9,-0.9,989206000.0,,989206000.0,9260718025.0,-118.0,-132.749,-170338000.0,-6.279,1.0,186422000.0,1.0,0.0,-3158000.0,3798170000.0,,0.0,836189000.0,280047000.0,556142000.0,2843464000.0,,,9315376025.0,72252000.0,0.0,384440000.0,-38837000.0,0.0,634881000.0,-443567000.0,-407762000.0,-119062000.0,0.0,-23746000.0,-23806000.0,-23806000.0,0.0,0.0,-0.128,231471000.0,-45049000.0,2843464000.0,0.0,9.417,-227.166,-199.7,97585000.0,60000.0,399.4,14.287,16.618,2830439000.0,-17905000.0,186422000.0,186422000.0,20659000.0,,,,,0.0,124358000.0,1.0,23323425.0,27127600,27127600.0,6.872,3832670000.0,0.0,-12230000.0,0.0,141.283,
85,ETFC,MRQ,1999-03-31,1999-03-31,1999-03-31,2020-08-05,234275000.0,3312892000.0,,2758934000.0,553958000.0,,42.165,-27174000.0,54658000.0,54658000.0,0.0,8568000.0,,2.416,0.0,,,0.0,0.0,0.0,0.0,0.0,0.0,8866000.0,8866000.0,0.055,8866000.0,8866000.0,13620000.0,0.3,0.3,0.3,969774000.0,,969774000.0,6652813271.0,-219.0,-351.629,-25770000.0,-1.12,1.0,161775000.0,1.0,0.0,-4754000.0,3258234000.0,,0.0,891235000.0,409192000.0,482043000.0,2343118000.0,,,6705492271.0,12566000.0,295000.0,15565000.0,136478000.0,0.0,349978000.0,-338816000.0,-311868000.0,1404000.0,0.0,8568000.0,8508000.0,8508000.0,0.0,0.0,0.053,185246000.0,-23471000.0,2343118000.0,0.0,6.914,-556.011,-364.438,65722000.0,60000.0,291.55,12.603,12.603,2276014000.0,6311000.0,161775000.0,161775000.0,15256000.0,,,,,0.0,102888000.0,1.0,22999459.0,22999459,,7.034,3312892000.0,0.0,5052000.0,0.0,144.042,
86,ETFC,MRQ,1998-12-31,1998-12-31,1998-12-31,2020-08-05,39830000.0,2241518000.0,,2073542000.0,167976000.0,,28.185,-4443000.0,52679000.0,52679000.0,0.0,-10932000.0,,2.084,0.0,,,0.0,0.0,0.0,0.0,0.0,0.0,-24822000.0,-24822000.0,-0.208,-24822000.0,-24822000.0,-19413000.0,-0.4,-0.4,-0.4,726770000.0,,726770000.0,2628599954.0,-82.0,-143.993,78538000.0,3.046,1.0,119417000.0,1.0,0.0,-5409000.0,2188839000.0,,0.0,590831000.0,486653000.0,104178000.0,1514748000.0,,,2655433954.0,15889000.0,-295000.0,1822000.0,189193000.0,0.0,280745000.0,-347837000.0,-343364000.0,82981000.0,0.0,-10932000.0,-10992000.0,-10992000.0,0.0,0.0,-0.092,143638000.0,-24221000.0,1514748000.0,0.0,3.654,-162.114,-146.188,46054000.0,60000.0,116.95,6.227,7.072,1517427000.0,664000.0,119417000.0,119417000.0,14566000.0,,,,,0.0,78075000.0,1.0,22705720.0,25786000,25786000.0,4.631,2241518000.0,0.0,-8481000.0,0.0,86.928,
87,ETFC,MRQ,1998-09-30,1998-09-30,1998-09-30,2020-08-05,14635000.0,4348923000.0,,1944844000.0,121442000.0,,43.468,-11281000.0,78717000.0,78717000.0,0.0,-14717000.0,,4.084,906790000.0,,,906790000.0,0.0,8434000.0,1209470000.0,0.0,0.0,-23105000.0,-14671000.0,-0.08,-14671000.0,-23105000.0,-23126000.0,-1.0,-0.9,-1.0,847845000.0,,847845000.0,741716426.0,494.0,42.689,26442000.0,1.356,1.0,184384000.0,1.0,19672000.0,21000.0,5157324000.0,,0.0,2729110000.0,502534000.0,59276000.0,3462693000.0,,,764138426.0,-66982000.0,10347000.0,478362000.0,393186000.0,0.0,1233842000.0,-1338547000.0,-1334326000.0,37723000.0,0.0,-14717000.0,-14717000.0,-14717000.0,0.0,0.0,-0.08,216652000.0,-32268000.0,1346433000.0,0.0,0.901,-1900.842,-467.25,54805000.0,0.0,46.725,2.117,2.525,1365247000.0,44605000.0,184384000.0,184384000.0,15124000.0,,,,,0.0,125167000.0,1.0,16353952.0,19505100,19505100.0,9.453,4329251000.0,0.0,-8409000.0,0.0,221.955,
88,ETFC,MRQ,1998-06-30,1998-06-30,1998-06-30,2020-08-05,93000.0,1403782000.0,,1342429000.0,61353000.0,,19.197,-14231000.0,26422000.0,26422000.0,0.0,5141000.0,,3.653,4000000.0,,,4000000.0,0.0,3067000.0,0.0,0.0,0.0,8640000.0,11707000.0,0.176,11707000.0,8640000.0,8640000.0,0.3,0.3,0.3,301702000.0,,301702000.0,832706270.0,20.0,16.392,-49927000.0,-3.177,1.0,66484000.0,1.0,0.0,0.0,1381360000.0,,0.0,172417000.0,172417000.0,0.0,1102080000.0,,,901191270.0,-42647000.0,0.0,550000.0,4081000.0,0.0,4631000.0,-11582000.0,2649000.0,-35696000.0,0.0,5141000.0,5141000.0,5141000.0,0.0,0.0,0.077,57844000.0,8640000.0,1034430000.0,0.0,2.987,31.558,31.861,41176000.0,0.0,57.35,2.727,2.727,1131081000.0,31768000.0,66484000.0,66484000.0,7297000.0,,,,,0.0,20761000.0,1.0,15713884.0,15716000,16684800.0,4.23,1403782000.0,0.0,3499000.0,0.0,89.322,
89,ETFC,MRQ,1998-03-31,1998-03-31,1998-03-31,2020-08-05,96000.0,1322394000.0,,1277801000.0,44593000.0,,18.86,-10101000.0,68485000.0,68485000.0,0.0,4188000.0,,3.489,0.0,,,0.0,0.0,2382000.0,0.0,0.0,0.0,7149000.0,9531000.0,0.17,9531000.0,7149000.0,7149000.0,0.3,0.2,0.3,294597000.0,,294597000.0,911290054.0,24.0,20.212,40969000.0,2.623,1.0,56131000.0,1.0,0.0,0.0,1253909000.0,,0.0,180301000.0,180301000.0,0.0,1027797000.0,,,971401054.0,55233000.0,0.0,1331000.0,0.0,0.0,1331000.0,2832000.0,12933000.0,51070000.0,0.0,4188000.0,4188000.0,4188000.0,0.0,0.0,0.075,48982000.0,7149000.0,981464000.0,0.0,3.297,36.679,35.629,26472000.0,0.0,62.35,3.227,3.235,1023288000.0,25208000.0,56131000.0,56131000.0,7355000.0,,,,,0.0,16369000.0,1.0,15579808.0,15620000,16586000.0,3.594,1322394000.0,0.0,2961000.0,0.0,84.66,
90,ETFC,MRQ,1997-12-31,1997-12-31,1997-12-31,2020-08-05,58000.0,1177877000.0,,1142296000.0,35581000.0,,17.835,-3959000.0,65861000.0,65861000.0,0.0,4986000.0,,3.107,5750000.0,,,5750000.0,0.0,1990000.0,0.0,0.0,0.0,8818000.0,10808000.0,0.2,10808000.0,8818000.0,8818000.0,0.3,0.3,0.3,286805000.0,,286805000.0,,,,-9062000.0,-0.564,1.0,54006000.0,1.0,0.0,0.0,1117766000.0,,0.0,193446000.0,193446000.0,0.0,891072000.0,,,895838983.0,-13947000.0,-3500000.0,1105000.0,0.0,0.0,1105000.0,-9949000.0,-2490000.0,-5103000.0,0.0,4986000.0,4986000.0,4986000.0,0.0,0.0,0.092,45188000.0,8818000.0,860377000.0,0.0,3.124,35.339,33.824,20723000.0,0.0,57.5,3.233,3.337,877664000.0,19090000.0,54006000.0,54006000.0,6427000.0,,,,,0.0,15190000.0,1.0,15579808.0,16081200,17345200.0,3.358,1177877000.0,0.0,3832000.0,0.0,73.246,
91,ETFC,MRQ,1997-09-30,1997-09-30,1997-09-30,2020-08-05,0.0,995422000.0,,961528000.0,33894000.0,,19.847,-4771000.0,38235000.0,38235000.0,0.0,15028000.0,,2.513,9400000.0,,,9400000.0,0.0,1192000.0,0.0,0.0,0.0,17563000.0,18755000.0,0.122,18755000.0,17563000.0,21087000.0,0.9,0.8,0.9,283374000.0,,283374000.0,,,,-27702000.0,-1.94,1.0,153892000.0,1.0,0.0,-3524000.0,966587000.0,,0.0,197477000.0,191958000.0,5519000.0,712048000.0,,,,92348000.0,-1736000.0,206760000.0,290572000.0,0.0,609581000.0,-494302000.0,-489358000.0,-22931000.0,0.0,15028000.0,14242000.0,14242000.0,0.0,0.0,0.093,133573000.0,20319000.0,681106000.0,0.0,,,73.438,19995000.0,786000.0,117.5,,6.76,727624000.0,16022000.0,153892000.0,153892000.0,6700000.0,,,,,0.0,75018000.0,1.0,,14277600,16339600.0,10.779,995422000.0,0.0,6059000.0,0.0,69.719,
92,ETFC,MRQ,1997-06-30,1997-06-30,1997-06-30,2020-08-05,,,,,,,,-5987000.0,,,0.0,3068000.0,,,,,,,,870000.0,,0.0,0.0,5122000.0,5992000.0,0.162,5992000.0,5122000.0,5122000.0,0.25,0.225,0.25,,,,,,,-7913000.0,-0.642,1.0,37036000.0,1.0,,0.0,,,,,,,,,,,-6025000.0,0.0,1249000.0,-6000.0,0.0,377000.0,-4476000.0,1511000.0,-1926000.0,0.0,3068000.0,3068000.0,3068000.0,0.0,0.0,0.083,31914000.0,5122000.0,,0.0,,,,,0.0,49.05,,,,,37036000.0,37036000.0,2501000.0,,,,,0.0,7579000.0,1.0,,12325600,13797200.0,3.005,,,2054000.0,,,
93,ETFC,MRQ,1997-03-31,1997-03-31,1997-03-31,2020-08-05,,,,,,,,-4599000.0,,,0.0,3054000.0,,,,,,,,776000.0,,0.0,0.0,5100000.0,5876000.0,0.182,5876000.0,5100000.0,5100000.0,0.25,0.225,0.25,,,,,,,5154000.0,0.43,1.0,32201000.0,1.0,,0.0,,,,,,,,,,,10727000.0,0.0,-1000.0,0.0,0.0,865000.0,109000.0,4708000.0,9753000.0,0.0,3054000.0,3054000.0,3054000.0,0.0,0.0,0.095,27101000.0,5100000.0,,0.0,,,,,0.0,45.0,,,,,32201000.0,32201000.0,2210000.0,,,,,0.0,11693000.0,1.0,,11976400,13378400.0,2.689,,,2046000.0,,,
94,ETFC,MRQ,1996-12-31,1996-12-31,1996-12-31,2020-08-05,,,,,,,,-937000.0,,,0.0,2260000.0,,,,,,,,533000.0,,0.0,0.0,3888000.0,4421000.0,0.177,4421000.0,3888000.0,3888000.0,0.2,0.175,0.2,,,,,,,-1621000.0,-0.137,1.0,25023000.0,1.0,,0.0,,,,,,,,,,,-1227000.0,0.0,1000.0,-10000.0,0.0,-111000.0,-432000.0,3652000.0,-684000.0,0.0,2260000.0,2260000.0,2260000.0,0.0,0.0,0.09,21135000.0,3888000.0,,0.0,,,,,0.0,28.75,,,,,25023000.0,25023000.0,2320000.0,,,,,0.0,6390000.0,1.0,,11800000,13349600.0,2.121,,,1628000.0,,,
0,ETFC,MRT,2020-06-30,2020-06-30,2020-06-30,2020-08-05,-42000000.0,70371000000.0,65337500000.0,,,0.044,30.799,-145000000.0,6006000000.0,6006000000.0,0.0,823000000.0,,9.318,1412000000.0,,,1412000000.0,0.0,243000000.0,43667000000.0,0.011,0.56,1152000000.0,1395000000.0,0.486,1395000000.0,1152000000.0,1152000000.0,3.48,3.46,3.48,6820000000.0,6612750000.0,6820000000.0,5568638417.0,5.0,3.992,6220000000.0,28.089,1.0,2869000000.0,1.0,2914000000.0,0.0,62863000000.0,59487250000.0,0.0,48782000000.0,,,63551000000.0,,,10992638417.0,2078000000.0,-29000000.0,-838000000.0,-300000000.0,-128000000.0,2055000000.0,-6342000000.0,-5404000000.0,6365000000.0,0.0,823000000.0,783000000.0,783000000.0,0.0,0.0,0.273,1712000000.0,1157000000.0,17195000000.0,0.161,1.612,14.039,14.29,356000000.0,40000000.0,49.73,3.832,3.838,10550000000.0,1843000000.0,2869000000.0,2869000000.0,0.0,0.012,0.118,0.019,0.402,46000000.0,1269000000.0,1.0,221046419.0,221438000,221693000.0,12.956,67457000000.0,0.0,329000000.0,0.0,304.632,
1,ETFC,MRT,2020-03-31,2020-03-31,2020-03-31,2020-08-05,-168000000.0,67856000000.0,63142250000.0,,,0.045,29.326,-145000000.0,6835000000.0,6835000000.0,0.0,846000000.0,,9.409,1411000000.0,,,1411000000.0,0.0,228000000.0,42146000000.0,0.016,0.56,1183000000.0,1411000000.0,0.497,1411000000.0,1183000000.0,1183000000.0,3.49,3.48,3.49,6519000000.0,6625250000.0,6519000000.0,6391488863.0,5.0,4.53,7338000000.0,33.01,1.0,2838000000.0,1.0,2928000000.0,0.0,59504000000.0,58528000000.0,0.0,48164000000.0,,,61337000000.0,,,7610488863.0,5635000000.0,-29000000.0,-1060000000.0,-300000000.0,-131000000.0,-5733000000.0,3885000000.0,4400000000.0,7483000000.0,0.0,846000000.0,806000000.0,806000000.0,0.0,0.0,0.284,1657000000.0,1181000000.0,16736000000.0,0.16,1.167,9.442,9.834,339000000.0,40000000.0,34.32,2.682,2.688,8375000000.0,1678000000.0,2838000000.0,2838000000.0,0.0,0.013,0.122,0.02,0.417,48000000.0,1230000000.0,1.0,221750841.0,222295000,222742000.0,12.767,64928000000.0,0.0,337000000.0,0.0,292.08,
2,ETFC,MRT,2019-12-31,2019-12-31,2019-12-31,2020-08-05,-28000000.0,61416000000.0,63057750000.0,,,0.046,27.562,-149000000.0,2629000000.0,2629000000.0,0.0,955000000.0,,8.387,1410000000.0,,,1410000000.0,0.0,225000000.0,38606000000.0,0.012,0.56,1319000000.0,1544000000.0,0.535,1544000000.0,1319000000.0,1319000000.0,3.86,3.85,3.86,6543000000.0,6691000000.0,6543000000.0,9801803022.0,7.0,6.348,2698000000.0,11.365,1.0,2886000000.0,1.0,2943000000.0,0.0,57254000000.0,59918500000.0,0.0,43065000000.0,,,54873000000.0,,,10249803022.0,-715000000.0,-29000000.0,-1085000000.0,0.0,-135000000.0,-7990000000.0,4428000000.0,4903000000.0,2847000000.0,0.0,955000000.0,915000000.0,915000000.0,0.0,0.0,0.317,1567000000.0,1319000000.0,13742000000.0,0.145,1.567,11.202,11.754,339000000.0,40000000.0,45.37,3.552,3.732,11070000000.0,1464000000.0,2886000000.0,2886000000.0,0.0,0.015,0.137,0.022,0.457,53000000.0,1205000000.0,1.0,225915870.0,237396000,237931000.0,12.157,58473000000.0,0.0,364000000.0,0.0,246.31,
3,ETFC,MRT,2019-09-30,2019-09-30,2019-09-30,2020-08-05,-24000000.0,61707000000.0,63954500000.0,,,0.046,27.855,-151000000.0,1858000000.0,1858000000.0,0.0,1053000000.0,,8.394,1410000000.0,,,1410000000.0,0.0,220000000.0,40382000000.0,0.013,0.56,1432000000.0,1652000000.0,0.562,1652000000.0,1432000000.0,1432000000.0,4.14,4.13,4.14,6569000000.0,6695750000.0,6569000000.0,10859472917.0,8.0,6.574,1281000000.0,5.432,1.0,2942000000.0,1.0,2931000000.0,0.0,58328000000.0,60628000000.0,0.0,44309000000.0,,,55138000000.0,,,10477472917.0,406000000.0,-114000000.0,-1409000000.0,-550000000.0,-139000000.0,-4852000000.0,3826000000.0,4272000000.0,1432000000.0,0.0,1053000000.0,1013000000.0,1013000000.0,0.0,0.0,0.344,1530000000.0,1412000000.0,12274000000.0,0.135,1.595,10.343,10.553,338000000.0,40000000.0,43.69,3.561,3.502,10897000000.0,1324000000.0,2942000000.0,2942000000.0,0.0,0.016,0.151,0.024,0.487,49000000.0,1173000000.0,1.0,239813983.0,235829000,236313000.0,12.475,58776000000.0,0.0,379000000.0,0.0,249.231,
4,ETFC,MRT,2019-06-30,2019-06-30,2019-06-30,2020-08-05,-58000000.0,61590000000.0,64704250000.0,,,0.045,28.271,-144000000.0,1328000000.0,1328000000.0,0.0,1064000000.0,,7.965,1710000000.0,,,1710000000.0,0.0,227000000.0,40289000000.0,0.009,0.42,1426000000.0,1653000000.0,0.571,1653000000.0,1426000000.0,1426000000.0,4.07,4.05,4.07,6870000000.0,6745000000.0,6870000000.0,11421312685.0,8.0,6.909,1292000000.0,5.317,1.0,2895000000.0,1.0,2946000000.0,0.0,59026000000.0,61630000000.0,0.0,44961000000.0,,,54720000000.0,,,10912312685.0,176000000.0,-114000000.0,-1152000000.0,-550000000.0,-105000000.0,-4666000000.0,3406000000.0,3563000000.0,1436000000.0,0.0,1064000000.0,1020000000.0,1020000000.0,0.0,0.0,0.352,1485000000.0,1410000000.0,11775000000.0,0.103,1.588,10.698,10.958,325000000.0,44000000.0,44.6,3.769,3.744,10832000000.0,1104000000.0,2895000000.0,2895000000.0,0.0,0.016,0.151,0.023,0.493,50000000.0,1162000000.0,1.0,244670688.0,243007000,243465000.0,11.913,58644000000.0,0.0,362000000.0,0.0,241.326,
5,ETFC,MRT,2019-03-31,2019-03-31,2019-03-31,2020-08-05,-170000000.0,67518000000.0,65395000000.0,,,0.045,27.541,-129000000.0,1200000000.0,1200000000.0,0.0,1095000000.0,,8.955,1709000000.0,,,1709000000.0,0.0,233000000.0,46328000000.0,0.006,0.28,1476000000.0,1709000000.0,0.585,1709000000.0,1476000000.0,1476000000.0,4.12,4.1,4.12,6782000000.0,6753250000.0,6782000000.0,9501269224.0,6.0,5.56,1196000000.0,4.857,1.0,2920000000.0,1.0,2961000000.0,0.0,65066000000.0,62618500000.0,0.0,50863000000.0,,,60736000000.0,,,11436269224.0,230000000.0,-150000000.0,-1119000000.0,220000000.0,-71000000.0,1179000000.0,-2274000000.0,-2157000000.0,1325000000.0,0.0,1095000000.0,1051000000.0,1051000000.0,0.0,0.0,0.36,1452000000.0,1468000000.0,11762000000.0,0.068,1.686,10.881,11.269,308000000.0,44000000.0,46.43,3.917,3.916,10864000000.0,919000000.0,2920000000.0,2920000000.0,0.0,0.016,0.156,0.024,0.505,49000000.0,1149000000.0,1.0,246312066.0,246252000,246934000.0,11.858,64557000000.0,0.0,381000000.0,0.0,262.158,
6,ETFC,MRT,2018-12-31,2018-12-31,2018-12-31,2020-08-05,-275000000.0,65003000000.0,64562250000.0,,,0.044,25.18,-112000000.0,3344000000.0,3344000000.0,0.0,1052000000.0,,8.906,1409000000.0,,,1409000000.0,0.0,244000000.0,45313000000.0,0.003,0.14,1418000000.0,1662000000.0,0.578,1662000000.0,1418000000.0,1418000000.0,3.9,3.88,3.9,6562000000.0,6780000000.0,6562000000.0,11662009997.0,8.0,7.017,1574000000.0,6.04,1.0,2873000000.0,1.0,2976000000.0,0.0,60092000000.0,61970500000.0,0.0,47140000000.0,,,58441000000.0,,,11156009997.0,1541000000.0,-150000000.0,-1139000000.0,-80000000.0,-36000000.0,45000000.0,-190000000.0,-148000000.0,1686000000.0,0.0,1052000000.0,1016000000.0,1016000000.0,0.0,0.0,0.354,1451000000.0,1422000000.0,11065000000.0,0.036,1.7,10.98,11.251,281000000.0,36000000.0,43.88,3.883,3.98,10320000000.0,684000000.0,2873000000.0,2873000000.0,0.0,0.016,0.15,0.023,0.494,46000000.0,1157000000.0,1.0,254239061.0,260600000,261669000.0,11.025,62027000000.0,0.0,366000000.0,0.0,238.016,
7,ETFC,MRT,2018-09-30,2018-09-30,2018-09-30,2020-08-05,-329000000.0,64706000000.0,64152750000.0,,,0.043,26.073,-103000000.0,1452000000.0,1452000000.0,0.0,911000000.0,,8.563,1958000000.0,,,1958000000.0,0.0,262000000.0,43074000000.0,0.0,0.0,1352000000.0,1614000000.0,0.582,1614000000.0,1352000000.0,1352000000.0,3.33,3.31,3.33,6766000000.0,6872250000.0,6766000000.0,15119374298.0,11.0,9.368,1759000000.0,6.778,1.0,2775000000.0,1.0,2876000000.0,0.0,62336000000.0,62149750000.0,0.0,47141000000.0,,,57940000000.0,,,13604374298.0,-140000000.0,-36000000.0,-813000000.0,770000000.0,0.0,511000000.0,-2513000000.0,-2557000000.0,1862000000.0,0.0,911000000.0,875000000.0,875000000.0,0.0,0.0,0.315,1419000000.0,1356000000.0,12379000000.0,0.0,2.011,15.548,15.733,261000000.0,36000000.0,52.39,4.902,4.899,11970000000.0,450000000.0,2775000000.0,2775000000.0,0.0,0.014,0.127,0.022,0.487,44000000.0,1141000000.0,1.0,259675020.0,259498000,260661000.0,10.694,61830000000.0,0.0,441000000.0,0.0,238.268,
8,ETFC,MRT,2018-06-30,2018-06-30,2018-06-30,2020-08-05,-235000000.0,64353000000.0,63070000000.0,,,0.042,26.167,-101000000.0,1152000000.0,1152000000.0,0.0,773000000.0,,8.322,2667000000.0,,,2667000000.0,0.0,267000000.0,42664000000.0,0.0,0.0,1201000000.0,1468000000.0,0.553,1468000000.0,1201000000.0,1201000000.0,2.81,2.8,2.81,6903000000.0,6842750000.0,6903000000.0,17072721900.0,14.0,11.63,1356000000.0,5.14,1.0,2654000000.0,1.0,2888000000.0,0.0,62980000000.0,60995500000.0,0.0,47384000000.0,,,57450000000.0,,,16140721900.0,-828000000.0,-36000000.0,-691000000.0,620000000.0,0.0,1963000000.0,-4248000000.0,-4121000000.0,1457000000.0,0.0,773000000.0,749000000.0,749000000.0,0.0,0.0,0.282,1395000000.0,1259000000.0,11625000000.0,0.0,2.338,21.55,21.765,259000000.0,24000000.0,61.16,6.082,6.079,11581000000.0,189000000.0,2654000000.0,2654000000.0,0.0,0.012,0.109,0.02,0.453,42000000.0,1116000000.0,1.0,263909776.0,263809000,264929000.0,10.06,61465000000.0,0.0,428000000.0,0.0,232.991,
9,ETFC,MRT,2018-03-31,2018-03-31,2018-03-31,2020-08-05,-176000000.0,64187000000.0,61670000000.0,,,0.041,25.844,-100000000.0,970000000.0,970000000.0,0.0,716000000.0,,8.317,1902000000.0,,,1902000000.0,0.0,266000000.0,42902000000.0,0.0,0.0,1173000000.0,1439000000.0,0.571,1439000000.0,1173000000.0,1173000000.0,2.56,2.55,2.56,6889000000.0,6787750000.0,6889000000.0,14855585779.0,13.0,10.324,247000000.0,0.927,1.0,2521000000.0,1.0,2645000000.0,0.0,62474000000.0,59275750000.0,0.0,47998000000.0,,,57298000000.0,,,14757585779.0,-1904000000.0,0.0,-502000000.0,450000000.0,0.0,5705000000.0,-7956000000.0,-7871000000.0,347000000.0,0.0,716000000.0,692000000.0,692000000.0,0.0,0.0,0.274,1290000000.0,1231000000.0,11839000000.0,0.0,2.142,21.326,21.645,251000000.0,24000000.0,55.41,5.854,5.859,11250000000.0,-61000000.0,2521000000.0,2521000000.0,0.0,0.011,0.102,0.02,0.465,41000000.0,1090000000.0,1.0,266334340.0,266558000,267699000.0,9.458,61542000000.0,0.0,457000000.0,0.0,230.877,
10,ETFC,MRT,2017-12-31,2017-12-31,2017-12-31,2020-08-05,-26000000.0,63365000000.0,59593000000.0,,,0.04,25.371,-102000000.0,1803000000.0,1803000000.0,0.0,614000000.0,,8.142,1901000000.0,,,1901000000.0,0.0,262000000.0,42742000000.0,0.0,0.0,1064000000.0,1326000000.0,0.56,1326000000.0,1064000000.0,1064000000.0,2.16,2.15,2.16,6931000000.0,6676500000.0,6931000000.0,13375034601.0,13.0,10.087,480000000.0,1.757,1.0,2366000000.0,1.0,2654000000.0,0.0,60809000000.0,56588000000.0,0.0,47172000000.0,,,56434000000.0,,,13367034601.0,-1607000000.0,0.0,-362000000.0,450000000.0,0.0,11387000000.0,-13576000000.0,-13526000000.0,582000000.0,0.0,614000000.0,589000000.0,589000000.0,0.0,0.0,0.249,1244000000.0,1122000000.0,10991000000.0,0.0,1.929,22.694,22.949,253000000.0,25000000.0,49.57,5.65,5.724,10249000000.0,-317000000.0,2366000000.0,2366000000.0,0.0,0.01,0.088,0.019,0.45,41000000.0,1048000000.0,1.0,269659766.0,273190000,274352000.0,8.661,60711000000.0,0.0,450000000.0,0.0,222.23,
11,ETFC,MRT,2017-09-30,2017-09-30,2017-09-30,2020-08-05,-50000000.0,60375000000.0,56001500000.0,,,0.04,24.312,-101000000.0,1592000000.0,1592000000.0,0.0,612000000.0,,8.082,1600000000.0,,,1600000000.0,0.0,257000000.0,41543000000.0,0.0,0.0,970000000.0,1227000000.0,0.548,1227000000.0,970000000.0,970000000.0,2.13,2.13,2.13,6648000000.0,6511750000.0,6648000000.0,12001097867.0,12.0,9.781,1141000000.0,4.173,1.0,2238000000.0,1.0,2664000000.0,0.0,57719000000.0,52461250000.0,0.0,44931000000.0,,,53727000000.0,,,11980097867.0,-932000000.0,0.0,-187000000.0,150000000.0,0.0,9750000000.0,-11924000000.0,-11883000000.0,1242000000.0,0.0,612000000.0,587000000.0,587000000.0,0.0,0.0,0.262,1144000000.0,1094000000.0,10108000000.0,0.0,1.802,20.409,20.474,250000000.0,25000000.0,43.61,5.353,5.328,9643000000.0,-446000000.0,2238000000.0,2238000000.0,0.0,0.01,0.09,0.018,0.433,41000000.0,956000000.0,1.0,274709880.0,273441000,274594000.0,8.185,57711000000.0,416000000.0,358000000.0,0.0,211.055,
12,ETFC,MRT,2017-06-30,2017-06-30,2017-06-30,2020-08-05,-62000000.0,58753000000.0,53207500000.0,,,0.04,24.266,-87000000.0,1980000000.0,1980000000.0,0.0,604000000.0,,7.791,2001000000.0,,,2001000000.0,0.0,251000000.0,40072000000.0,0.0,0.0,972000000.0,1223000000.0,0.576,1223000000.0,972000000.0,972000000.0,2.15,2.15,2.15,6683000000.0,6428750000.0,6683000000.0,8984658975.0,9.0,7.346,1218000000.0,4.422,1.0,2125000000.0,1.0,2673000000.0,0.0,56101000000.0,49101000000.0,0.0,43447000000.0,,,52070000000.0,,,10458658975.0,-1470000000.0,-723000000.0,0.0,600000000.0,0.0,8064000000.0,-10839000000.0,-10042000000.0,1305000000.0,0.0,604000000.0,591000000.0,591000000.0,0.0,0.0,0.278,1087000000.0,1038000000.0,9465000000.0,0.0,1.565,17.697,17.688,245000000.0,13000000.0,38.03,4.922,4.929,9010000000.0,-581000000.0,2125000000.0,2125000000.0,0.0,0.011,0.092,0.02,0.457,37000000.0,919000000.0,1.0,275010754.0,275410000,276272000.0,7.716,56080000000.0,519000000.0,368000000.0,0.0,203.624,
13,ETFC,MRT,2017-03-31,2017-03-31,2017-03-31,2020-08-05,-98000000.0,55879000000.0,50819750000.0,,,0.04,23.443,-78000000.0,2874000000.0,2874000000.0,0.0,544000000.0,,7.671,1400000000.0,,,1400000000.0,0.0,247000000.0,37384000000.0,0.0,0.0,869000000.0,1116000000.0,0.552,1116000000.0,869000000.0,869000000.0,1.93,1.93,1.93,6444000000.0,6204250000.0,6444000000.0,7576521665.0,9.0,6.789,2639000000.0,9.601,1.0,2022000000.0,1.0,2682000000.0,0.0,51723000000.0,46184250000.0,0.0,40248000000.0,,,49435000000.0,,,9583521665.0,190000000.0,-723000000.0,-151000000.0,0.0,0.0,5758000000.0,-8285000000.0,-7464000000.0,2717000000.0,0.0,544000000.0,531000000.0,531000000.0,0.0,0.0,0.263,1087000000.0,935000000.0,10214000000.0,0.0,1.487,18.048,18.078,239000000.0,13000000.0,34.89,4.74,4.743,8316000000.0,-774000000.0,2022000000.0,2022000000.0,0.0,0.01,0.086,0.019,0.43,32000000.0,876000000.0,1.0,274678179.0,274876000,276277000.0,7.356,53197000000.0,653000000.0,325000000.0,0.0,193.531,
14,ETFC,MRT,2016-12-31,2016-12-31,2016-12-31,2020-08-05,-137000000.0,48999000000.0,48835750000.0,,,0.04,22.578,-75000000.0,3410000000.0,3410000000.0,0.0,552000000.0,,6.812,1403000000.0,,,1403000000.0,0.0,239000000.0,31682000000.0,0.0,0.0,838000000.0,1077000000.0,0.555,1077000000.0,838000000.0,838000000.0,1.99,1.98,1.99,6272000000.0,6027500000.0,6272000000.0,7264595502.0,9.0,6.745,1969000000.0,7.088,1.0,1941000000.0,1.0,2690000000.0,0.0,44302000000.0,44153250000.0,0.0,33194000000.0,,,42727000000.0,,,9487595502.0,120000000.0,-723000000.0,-452000000.0,-82000000.0,0.0,2075000000.0,-3999000000.0,-3116000000.0,2044000000.0,0.0,552000000.0,552000000.0,552000000.0,0.0,0.0,0.284,1103000000.0,838000000.0,9142000000.0,0.0,1.513,17.188,17.412,239000000.0,0.0,34.65,4.888,4.959,7787000000.0,-909000000.0,1941000000.0,1941000000.0,0.0,0.011,0.092,0.019,0.432,30000000.0,914000000.0,1.0,273812280.0,277789000,279048000.0,6.987,46309000000.0,756000000.0,286000000.0,0.0,166.706,
15,ETFC,MRT,2016-09-30,2016-09-30,2016-09-30,2020-08-05,39000000.0,49199000000.0,47942750000.0,,,0.039,23.021,-69000000.0,3626000000.0,3626000000.0,0.0,514000000.0,,6.79,1403000000.0,,,1403000000.0,0.0,228000000.0,31697000000.0,0.0,0.0,790000000.0,1018000000.0,0.544,1018000000.0,790000000.0,790000000.0,1.83,1.82,1.83,6316000000.0,5909250000.0,6316000000.0,5157713781.0,7.0,5.067,851000000.0,3.102,1.0,1871000000.0,1.0,2698000000.0,0.0,44278000000.0,43492500000.0,0.0,33514000000.0,,,42883000000.0,,,7969713781.0,14000000.0,-723000000.0,-502000000.0,-5000000.0,0.0,5945000000.0,-6851000000.0,-5969000000.0,920000000.0,0.0,514000000.0,514000000.0,514000000.0,0.0,0.0,0.275,1081000000.0,790000000.0,9054000000.0,0.0,1.262,15.505,15.913,231000000.0,0.0,29.12,4.26,4.27,7670000000.0,-1036000000.0,1871000000.0,1871000000.0,0.0,0.011,0.087,0.018,0.422,32000000.0,905000000.0,1.0,273685226.0,274362000,275472000.0,6.819,46501000000.0,725000000.0,276000000.0,0.0,169.488,
16,ETFC,MRT,2016-06-30,2016-06-30,2016-06-30,2020-08-05,46000000.0,49202000000.0,45944250000.0,,,0.031,20.883,-76000000.0,4214000000.0,4214000000.0,0.0,222000000.0,,7.505,1402000000.0,,,1402000000.0,0.0,251000000.0,32964000000.0,0.0,0.0,319000000.0,570000000.0,0.394,570000000.0,319000000.0,319000000.0,0.79,0.78,0.79,5785000000.0,5783250000.0,5785000000.0,4164337398.0,13.0,7.306,718000000.0,2.592,1.0,1446000000.0,1.0,1956000000.0,0.0,44434000000.0,42191750000.0,0.0,33700000000.0,,,43417000000.0,,,6547337398.0,521000000.0,0.0,-502000000.0,-4552000000.0,0.0,1655000000.0,-1928000000.0,-1894000000.0,794000000.0,0.0,222000000.0,222000000.0,222000000.0,0.0,0.0,0.154,1088000000.0,358000000.0,8456000000.0,0.0,1.132,29.493,29.734,231000000.0,0.0,23.49,4.528,4.5,7516000000.0,-1175000000.0,1446000000.0,1446000000.0,0.0,0.005,0.038,0.008,0.221,31000000.0,898000000.0,1.0,278728710.0,277013000,277978000.0,5.22,47246000000.0,830000000.0,97000000.0,0.0,170.555,
17,ETFC,MRT,2016-03-31,2016-03-31,2016-03-31,2020-08-05,-14000000.0,47943000000.0,45422500000.0,,,0.031,20.11,-74000000.0,3785000000.0,3785000000.0,0.0,381000000.0,,7.357,1402000000.0,,,1402000000.0,0.0,289000000.0,31829000000.0,0.0,0.0,222000000.0,511000000.0,0.365,511000000.0,222000000.0,222000000.0,1.32,1.29,1.32,5737000000.0,5765500000.0,5737000000.0,5121535451.0,23.0,10.023,1407000000.0,4.932,1.0,1401000000.0,1.0,1961000000.0,0.0,43599000000.0,43195500000.0,0.0,33333000000.0,,,42206000000.0,,,6923535451.0,602000000.0,0.0,-351000000.0,-4603000000.0,0.0,562000000.0,-1441000000.0,-1444000000.0,1481000000.0,0.0,381000000.0,381000000.0,381000000.0,0.0,0.0,0.272,1140000000.0,261000000.0,8230000000.0,0.0,1.207,18.172,18.553,232000000.0,0.0,24.49,4.942,4.987,6947000000.0,-1308000000.0,1401000000.0,1401000000.0,0.0,0.008,0.066,0.005,0.158,35000000.0,894000000.0,1.0,282708675.0,285274000,286680000.0,4.911,45982000000.0,940000000.0,-159000000.0,0.0,161.185,
18,ETFC,MRT,2015-12-31,2015-12-31,2015-12-31,2020-08-05,-99000000.0,45427000000.0,45143000000.0,,,0.03,19.944,-70000000.0,3290000000.0,3290000000.0,0.0,268000000.0,,6.834,1488000000.0,,,1488000000.0,0.0,325000000.0,29445000000.0,0.0,0.0,91000000.0,416000000.0,0.304,416000000.0,91000000.0,91000000.0,0.92,0.91,0.92,5799000000.0,5694500000.0,5799000000.0,8524571075.0,94.0,20.492,773000000.0,2.659,1.0,1370000000.0,1.0,1966000000.0,0.0,41659000000.0,44537500000.0,0.0,30215000000.0,,,39628000000.0,,,8683571075.0,450000000.0,0.0,-50000000.0,-4865000000.0,0.0,-395000000.0,2000000.0,-27000000.0,843000000.0,0.0,268000000.0,268000000.0,268000000.0,0.0,0.0,0.196,1167000000.0,203000000.0,8120000000.0,0.0,1.497,32.401,32.217,236000000.0,0.0,29.64,6.338,6.291,7918000000.0,-1461000000.0,1370000000.0,1370000000.0,0.0,0.006,0.047,0.002,0.066,34000000.0,871000000.0,1.0,292967985.0,290762000,295011000.0,4.712,43461000000.0,1033000000.0,-177000000.0,0.0,149.473,
19,ETFC,MRT,2015-09-30,2015-09-30,2015-09-30,2020-08-05,-9000000.0,41205000000.0,45168750000.0,,,0.028,20.008,-77000000.0,1596000000.0,1596000000.0,0.0,220000000.0,,6.09,1437000000.0,,,1437000000.0,0.0,357000000.0,25610000000.0,0.0,0.0,-81000000.0,276000000.0,0.215,276000000.0,-81000000.0,5000000.0,0.77,0.74,0.77,5812000000.0,5588500000.0,5812000000.0,10953771462.0,-135.0,39.688,924000000.0,3.181,1.0,1282000000.0,1.0,1971000000.0,-86000000.0,39075000000.0,46008500000.0,0.0,27187000000.0,,,35393000000.0,,,7643771462.0,-356000000.0,0.0,0.0,-5587000000.0,0.0,-4894000000.0,3537000000.0,3573000000.0,1001000000.0,0.0,220000000.0,220000000.0,220000000.0,0.0,0.0,0.172,1189000000.0,93000000.0,6040000000.0,0.0,1.315,34.744,34.195,236000000.0,0.0,26.33,5.962,5.966,7933000000.0,-1550000000.0,1282000000.0,1282000000.0,0.0,0.005,0.039,-0.002,-0.063,29000000.0,856000000.0,1.0,290306550.0,290480000,290480000.0,4.413,39234000000.0,0.0,-215000000.0,0.0,135.066,
20,ETFC,MRT,2015-06-30,2015-06-30,2015-06-30,2020-08-05,-253000000.0,47115000000.0,46322250000.0,,,0.036,19.698,-89000000.0,2639000000.0,2639000000.0,0.0,459000000.0,,7.246,5949000000.0,,,5949000000.0,0.0,358000000.0,26214000000.0,0.0,0.0,319000000.0,677000000.0,0.408,677000000.0,319000000.0,376000000.0,1.6,1.56,1.6,5714000000.0,5454000000.0,5714000000.0,12805979348.0,40.0,18.916,701000000.0,2.417,1.0,1661000000.0,1.0,1976000000.0,-57000000.0,48449000000.0,48338000000.0,0.0,31498000000.0,,,41401000000.0,,,8682979348.0,65000000.0,0.0,0.0,-865000000.0,0.0,184000000.0,-909000000.0,-755000000.0,790000000.0,0.0,459000000.0,459000000.0,459000000.0,0.0,0.0,0.276,1208000000.0,453000000.0,6702000000.0,0.0,1.52,18.917,18.719,238000000.0,0.0,29.95,5.228,5.231,8139000000.0,-1397000000.0,1661000000.0,1661000000.0,0.0,0.01,0.084,0.007,0.192,28000000.0,836000000.0,1.0,289915838.0,290086000,294936000.0,5.726,45139000000.0,0.0,-83000000.0,0.0,155.606,
21,ETFC,MRT,2015-03-31,2015-03-31,2015-03-31,2020-08-05,-211000000.0,46825000000.0,45980500000.0,,,0.036,18.82,-96000000.0,1874000000.0,1874000000.0,0.0,236000000.0,,7.587,5997000000.0,,,5997000000.0,0.0,341000000.0,26272000000.0,0.0,0.0,343000000.0,684000000.0,0.41,684000000.0,343000000.0,371000000.0,0.83,0.81,0.83,5453000000.0,5322500000.0,5453000000.0,12274928261.0,36.0,17.946,218000000.0,0.752,1.0,1670000000.0,1.0,1981000000.0,-28000000.0,48967000000.0,48108750000.0,0.0,32108000000.0,,,41372000000.0,,,8275928261.0,-560000000.0,0.0,0.0,-1417000000.0,0.0,-989000000.0,115000000.0,264000000.0,314000000.0,0.0,236000000.0,236000000.0,236000000.0,0.0,0.0,0.141,1192000000.0,478000000.0,6293000000.0,0.0,1.518,35.067,34.404,241000000.0,0.0,28.555,4.956,4.954,8220000000.0,-1689000000.0,1670000000.0,1670000000.0,0.0,0.005,0.044,0.007,0.205,23000000.0,816000000.0,1.0,289824138.0,289741000,294722000.0,5.764,44844000000.0,0.0,135000000.0,0.0,154.773,
22,ETFC,MRT,2014-12-31,2014-12-31,2014-12-31,2020-08-05,-249000000.0,45530000000.0,45883750000.0,,,0.037,18.618,-87000000.0,2338000000.0,2338000000.0,0.0,293000000.0,,7.471,6337000000.0,,,6337000000.0,0.0,331000000.0,24890000000.0,0.0,0.0,452000000.0,783000000.0,0.46,783000000.0,452000000.0,452000000.0,1.02,1.0,1.02,5375000000.0,5217250000.0,5375000000.0,11578604591.0,26.0,14.787,614000000.0,2.127,1.0,1704000000.0,1.0,1986000000.0,0.0,47543000000.0,48184750000.0,0.0,30615000000.0,,,40155000000.0,,,7013604591.0,-55000000.0,67000000.0,0.0,-1271000000.0,0.0,-2469000000.0,1713000000.0,1780000000.0,701000000.0,0.0,293000000.0,293000000.0,293000000.0,0.0,0.0,0.172,1181000000.0,523000000.0,8154000000.0,0.0,1.305,23.937,23.779,245000000.0,0.0,24.255,4.116,4.109,8559000000.0,-1729000000.0,1704000000.0,1704000000.0,0.0,0.006,0.056,0.009,0.265,24000000.0,794000000.0,1.0,289161187.0,288705000,294103000.0,5.902,43544000000.0,951000000.0,159000000.0,0.0,150.825,
23,ETFC,MRT,2014-09-30,2014-09-30,2014-09-30,2020-08-05,-299000000.0,45819000000.0,46071250000.0,,,0.039,18.259,-78000000.0,2417000000.0,2417000000.0,0.0,310000000.0,,7.688,6982000000.0,,,6982000000.0,0.0,329000000.0,24927000000.0,0.0,0.0,600000000.0,929000000.0,0.516,929000000.0,600000000.0,486000000.0,1.08,1.05,1.08,5274000000.0,5087500000.0,5274000000.0,10303149289.0,17.0,11.091,519000000.0,1.797,1.0,1799000000.0,1.0,1991000000.0,114000000.0,48393000000.0,48538500000.0,0.0,30742000000.0,,,40545000000.0,,,6522149289.0,13000000.0,67000000.0,0.0,-533000000.0,0.0,-1635000000.0,1051000000.0,1041000000.0,597000000.0,0.0,310000000.0,310000000.0,310000000.0,0.0,0.0,0.172,1189000000.0,610000000.0,6526000000.0,0.0,1.237,21.039,20.917,240000000.0,0.0,22.59,3.625,3.627,8117000000.0,-1770000000.0,1799000000.0,1799000000.0,0.0,0.007,0.061,0.012,0.334,18000000.0,766000000.0,1.0,288718428.0,288843000,294119000.0,6.228,43828000000.0,0.0,176000000.0,0.0,151.736,
24,ETFC,MRT,2014-06-30,2014-06-30,2014-06-30,2020-08-05,-295000000.0,45748000000.0,46003369750.0,,,0.039,17.97,-54000000.0,3022000000.0,3022000000.0,0.0,271000000.0,,7.818,6803000000.0,,,6803000000.0,0.0,339000000.0,25084000000.0,0.0,0.0,555000000.0,894000000.0,0.503,894000000.0,555000000.0,441000000.0,0.95,0.92,0.95,5188000000.0,4976393500.0,5188000000.0,10969208115.0,20.0,12.27,1094000000.0,3.789,1.0,1776000000.0,1.0,1997000000.0,114000000.0,47532000000.0,48565766250.0,0.0,30905000000.0,,,40560000000.0,,,6134208115.0,762000000.0,67000000.0,0.0,-1207000000.0,0.0,-1711000000.0,1325000000.0,1249000000.0,1148000000.0,0.0,271000000.0,271000000.0,271000000.0,0.0,0.0,0.153,1210000000.0,566000000.0,6626000000.0,0.0,1.182,22.635,22.379,227000000.0,0.0,21.26,3.454,3.456,7340000000.0,-1856000000.0,1776000000.0,1776000000.0,0.0,0.006,0.054,0.011,0.313,18000000.0,736000000.0,1.0,288532837.0,288705000,293826000.0,6.152,43751000000.0,0.0,170000000.0,0.0,151.542,
25,ETFC,MRT,2014-03-31,2014-03-31,2014-03-31,2020-08-05,-379000000.0,46438000000.0,45818001000.0,,,0.039,17.469,-39000000.0,2566000000.0,2566000000.0,0.0,148000000.0,,8.229,7401000000.0,,,7401000000.0,0.0,360000000.0,25749000000.0,0.0,0.0,395000000.0,755000000.0,0.425,755000000.0,395000000.0,282000000.0,0.52,0.49,0.52,5032000000.0,4869550500.0,5032000000.0,11322457707.0,29.0,14.997,476000000.0,1.652,1.0,1778000000.0,1.0,2002000000.0,113000000.0,49271000000.0,48952705500.0,0.0,31847000000.0,,,41406000000.0,,,6636006707.0,77000000.0,67000000.0,0.0,-115000000.0,0.0,-260000000.0,-178000000.0,-261000000.0,515000000.0,0.0,148000000.0,148000000.0,148000000.0,0.0,0.0,0.083,1374000000.0,404000000.0,6260000000.0,0.0,1.319,44.838,44.269,224000000.0,0.0,23.02,3.732,3.729,7346000000.0,-1925000000.0,1778000000.0,1778000000.0,0.0,0.003,0.03,0.008,0.222,19000000.0,704000000.0,1.0,288271360.0,288051000,293819000.0,6.173,44436000000.0,0.0,134000000.0,0.0,154.264,
26,ETFC,MRT,2013-12-31,2013-12-31,2013-12-31,2020-08-05,-453000000.0,46280000000.0,45450079500.0,,,0.038,16.92,-47000000.0,2904000000.0,2904000000.0,0.0,86000000.0,,8.53,7590000000.0,,,7590000000.0,0.0,395000000.0,25971000000.0,0.0,0.0,309000000.0,704000000.0,0.409,704000000.0,309000000.0,195000000.0,0.3,0.29,0.3,4856000000.0,4849507250.0,4856000000.0,10608592034.0,34.0,15.069,1070000000.0,3.728,1.0,1723000000.0,1.0,2008000000.0,114000000.0,48958000000.0,48745406250.0,0.0,31957000000.0,,,41424000000.0,,,5640569034.0,-924000000.0,0.0,0.0,88000000.0,0.0,-2327000000.0,286000000.0,265000000.0,1117000000.0,0.0,86000000.0,86000000.0,86000000.0,0.0,0.0,0.05,1418000000.0,305000000.0,6310000000.0,0.0,1.162,65.588,65.467,237000000.0,0.0,19.64,3.274,3.271,6353000000.0,-2022000000.0,1723000000.0,1723000000.0,0.0,0.002,0.018,0.006,0.179,20000000.0,698000000.0,1.0,287198016.0,286991000,292589000.0,6.004,44272000000.0,0.0,109000000.0,0.0,154.263,
27,ETFC,MRT,2013-09-30,2013-09-30,2013-09-30,2020-08-05,-420618000.0,45547479000.0,45726764250.0,,,0.038,16.821,-45177000.0,2534402000.0,2534402000.0,0.0,-158476000.0,,8.431,7502425000.0,,,7502425000.0,0.0,419392000.0,25869797000.0,0.0,0.0,-1124000.0,418268000.0,0.24,418268000.0,-1124000.0,-131231000.0,-0.55,-0.55,-0.55,4829574000.0,4861624750.0,4829574000.0,10828947760.0,-9634.0,25.89,325341000.0,1.133,1.0,1745160000.0,1.0,2013437000.0,130107000.0,48502065000.0,48889419250.0,0.0,31851625000.0,,,40717905000.0,,,4736579760.0,-1029173000.0,0.0,0.0,-962618000.0,0.0,-4123988000.0,2724297000.0,2627863000.0,370518000.0,0.0,-158476000.0,-158476000.0,-158476000.0,0.0,0.0,-0.091,1466046000.0,279114000.0,5830257000.0,0.0,0.981,-29.888,-30.0,246186000.0,0.0,16.5,2.714,2.715,6188708000.0,-2079571000.0,1745160000.0,1745160000.0,0.0,-0.003,-0.033,0.0,-0.001,23903000.0,686978000.0,1.0,287065440.0,287111000,292630000.0,6.078,43534042000.0,0.0,27245000.0,0.0,151.628,
28,ETFC,MRT,2013-06-30,2013-06-30,2013-06-30,2020-08-05,-439667000.0,45006525000.0,46928795750.0,,,0.039,16.593,-57988000.0,1900604000.0,1900604000.0,0.0,-234101000.0,,8.454,7992972000.0,,,7992972000.0,0.0,431180000.0,25548527000.0,0.0,0.0,-100944000.0,330236000.0,0.182,330236000.0,-100944000.0,-247534000.0,-0.82,-0.81,-0.82,4760628000.0,4927694750.0,4760628000.0,9295601428.0,-92.0,28.148,41299000.0,0.144,1.0,1818195000.0,1.0,2019136000.0,146590000.0,49079757000.0,49847788500.0,0.0,32144730000.0,,,40245897000.0,,,3631325428.0,-333615000.0,0.0,0.0,-992157000.0,0.0,-3330944000.0,2898042000.0,2814533000.0,99287000.0,0.0,-234101000.0,-234101000.0,-234101000.0,0.0,0.0,-0.129,1588098000.0,230097000.0,5082970000.0,0.0,0.763,-15.512,-15.439,261939000.0,0.0,12.66,1.997,1.998,5970042000.0,-2126999000.0,1818195000.0,1818195000.0,0.0,-0.005,-0.048,-0.002,-0.056,27121000.0,700173000.0,1.0,286834552.0,286903000,286903000.0,6.337,42987389000.0,0.0,-13433000.0,0.0,149.832,
29,ETFC,MRT,2013-03-31,2013-03-31,2013-03-31,2020-08-05,-298936000.0,44966314000.0,47966122000.0,,,0.038,17.276,-72113000.0,1826539000.0,1826539000.0,0.0,-140591000.0,,8.081,7490815000.0,,,7490815000.0,0.0,430262000.0,25877748000.0,0.0,0.0,23881000.0,454143000.0,0.248,454143000.0,23881000.0,-139994000.0,-0.49,-0.48,-0.49,4951827000.0,5007440000.0,4951827000.0,7411931792.0,310.0,16.321,416989000.0,1.455,1.0,1830603000.0,1.0,2188787000.0,163875000.0,48441803000.0,51020040000.0,0.0,32280115000.0,,,40014487000.0,,,3069764792.0,-510599000.0,0.0,0.0,-1785754000.0,0.0,-5473638000.0,4473937000.0,4372723000.0,489102000.0,0.0,-140591000.0,-140591000.0,-140591000.0,0.0,0.0,-0.077,1476814000.0,353789000.0,5084337000.0,0.0,0.62,-21.835,-21.857,278266000.0,0.0,10.71,1.677,1.677,5748626000.0,-2072596000.0,1830603000.0,1830603000.0,0.0,-0.003,-0.028,0.0,0.013,25127000.0,713825000.0,1.0,286626031.0,286626000,291696000.0,6.387,42777527000.0,0.0,597000.0,0.0,149.245,
30,ETFC,MRT,2012-12-31,2012-12-31,2012-12-31,2020-08-05,-309928000.0,47386739000.0,49547479500.0,,,0.038,17.164,-80000000.0,3138392000.0,3138392000.0,0.0,-113000000.0,,8.662,7480559000.0,,,7480559000.0,0.0,409000000.0,28392552000.0,0.0,0.0,49000000.0,458000000.0,0.241,458000000.0,49000000.0,-131000000.0,-0.39,-0.39,-0.39,4904470000.0,5028458500.0,4904470000.0,6741299862.0,138.0,14.719,-239000000.0,-0.836,1.0,1900000000.0,1.0,2194854000.0,180000000.0,49534052000.0,52634693250.0,0.0,33250361000.0,,,42482269000.0,,,2560212862.0,662000000.0,0.0,0.0,-1784000000.0,0.0,156000000.0,665000000.0,572000000.0,-159000000.0,0.0,-113000000.0,-113000000.0,-113000000.0,0.0,0.0,-0.059,1517000000.0,383000000.0,4964922000.0,0.0,0.522,-22.657,-22.949,288170000.0,0.0,8.95,1.347,1.346,5804041000.0,-2107720000.0,1900000000.0,1900000000.0,0.0,-0.002,-0.022,0.001,0.026,21000000.0,725000000.0,1.0,286057303.0,285748000,285748000.0,6.649,45191885000.0,0.0,-18000000.0,0.0,158.153,
31,ETFC,MRT,2012-09-30,2012-09-30,2012-09-30,2020-08-05,-303403000.0,50355605000.0,49685907750.0,,,0.038,17.82,-83324000.0,4259342000.0,4259342000.0,0.0,67130000.0,,8.886,8440429000.0,,,8440429000.0,0.0,390691000.0,29127826000.0,0.0,0.0,271901000.0,662592000.0,0.347,662592000.0,271901000.0,91049000.0,0.23,0.24,0.23,5093854000.0,5034328500.0,5093854000.0,9334896204.0,34.0,14.088,794233000.0,2.778,1.0,1906850000.0,1.0,2201150000.0,180852000.0,52335542000.0,53148924000.0,0.0,35473783000.0,,,45261751000.0,,,2514518204.0,1146115000.0,0.0,0.0,-885629000.0,0.0,2898464000.0,-2629906000.0,-2681079000.0,877557000.0,0.0,67130000.0,67130000.0,67130000.0,0.0,0.0,0.035,1584250000.0,322600000.0,6013640000.0,0.0,0.494,37.457,38.261,294517000.0,0.0,8.8,1.319,1.319,5608253000.0,-1921661000.0,1906850000.0,1906850000.0,0.0,0.001,0.013,0.005,0.143,21358000.0,739630000.0,1.0,285740705.0,285850000,285850000.0,6.671,48154455000.0,0.0,23919000.0,0.0,168.461,
32,ETFC,MRT,2012-06-30,2012-06-30,2012-06-30,2020-08-05,-340699000.0,49155830000.0,48728171000.0,,,0.039,17.783,-90866000.0,2139939000.0,2139939000.0,0.0,166451000.0,,8.677,8960317000.0,,,8960317000.0,0.0,368641000.0,27911100000.0,0.0,0.0,330430000.0,699071000.0,0.363,699071000.0,330430000.0,150292000.0,0.58,0.58,0.58,5079609000.0,4997418750.0,5079609000.0,8119337533.0,25.0,11.614,856509000.0,2.999,1.0,1924090000.0,1.0,2207445000.0,180138000.0,53768763000.0,52742557500.0,0.0,36003837000.0,,,44076221000.0,,,2296924533.0,8743000.0,0.0,0.0,-496570000.0,0.0,1345020000.0,-2283652000.0,-2338731000.0,947375000.0,0.0,166451000.0,166451000.0,166451000.0,0.0,0.0,0.087,1594294000.0,329796000.0,5128653000.0,0.0,0.452,13.799,13.862,297344000.0,0.0,8.04,1.194,1.194,5804350000.0,-1893036000.0,1924090000.0,1924090000.0,0.0,0.003,0.033,0.006,0.172,16313000.0,722868000.0,1.0,285687131.0,285645000,290044000.0,6.736,46948385000.0,0.0,-16159000.0,0.0,164.359,
33,ETFC,MRT,2012-03-31,2012-03-31,2012-03-31,2020-08-05,-341617000.0,51291744000.0,48185291500.0,,,0.041,17.64,-92540000.0,3430116000.0,3430116000.0,0.0,174059000.0,,9.185,9252529000.0,,,9252529000.0,0.0,351152000.0,29581388000.0,0.0,0.0,352037000.0,703189000.0,0.353,703189000.0,352037000.0,172360000.0,0.62,0.6,0.62,5035901000.0,4930602750.0,5035901000.0,8998719307.0,26.0,12.797,455302000.0,1.595,1.0,1989301000.0,1.0,2213741000.0,179677000.0,54900416000.0,52343343250.0,0.0,37132479000.0,,,46255843000.0,,,3128159307.0,154110000.0,0.0,0.0,-872859000.0,0.0,2648013000.0,-3041745000.0,-3115235000.0,547842000.0,0.0,174059000.0,174059000.0,174059000.0,0.0,0.0,0.087,1639632000.0,349669000.0,5706213000.0,0.0,0.621,17.972,17.661,298425000.0,0.0,10.95,1.572,1.571,5285791000.0,-1932546000.0,1989301000.0,1989301000.0,0.0,0.004,0.035,0.007,0.177,15209000.0,717635000.0,1.0,285676649.0,285478000,290017000.0,6.968,49078003000.0,0.0,-1699000.0,0.0,171.915,
34,ETFC,MRT,2011-12-31,2011-12-31,2011-12-31,2020-08-05,-386629000.0,47940452000.0,47261491250.0,,,0.043,18.437,-89410000.0,3375426000.0,3375426000.0,0.0,156701000.0,,8.728,9245986000.0,,,9245986000.0,0.0,340691000.0,26459985000.0,0.0,0.0,363159000.0,703850000.0,0.346,703850000.0,363159000.0,185330000.0,0.59,0.54,0.59,4927950000.0,4771075500.0,4927950000.0,8682757422.0,24.0,12.336,1006545000.0,3.766,1.0,2036599000.0,1.0,2220037000.0,177829000.0,51590975000.0,52027199500.0,0.0,34258367000.0,,,43012502000.0,,,2270765422.0,-274507000.0,0.0,0.0,-901375000.0,0.0,259712000.0,-1630174000.0,-1736902000.0,1095955000.0,0.0,156701000.0,156701000.0,156701000.0,0.0,0.0,0.077,1675518000.0,361081000.0,5590858000.0,0.0,0.461,14.491,13.492,299693000.0,0.0,7.96,1.115,1.045,4826256000.0,-1995137000.0,2036599000.0,2036599000.0,0.0,0.003,0.033,0.007,0.178,14456000.0,704665000.0,1.0,285272038.0,267291000,289822000.0,7.619,45720415000.0,0.0,28629000.0,0.0,171.051,
35,ETFC,MRT,2011-09-30,2011-09-30,2011-09-30,2020-08-05,-375727000.0,46524658000.0,46869628500.0,,,0.044,17.428,-92202000.0,2884322000.0,2884322000.0,0.0,138932000.0,,8.406,9296314000.0,,,9296314000.0,0.0,337387000.0,25238897000.0,0.0,0.0,335436000.0,672823000.0,0.324,672823000.0,335436000.0,159497000.0,0.52,0.45,0.52,4946215000.0,4552199250.0,4946215000.0,10019003891.0,30.0,14.891,418501000.0,1.475,1.0,2079538000.0,1.0,2226574000.0,175939000.0,50710076000.0,52101858250.0,0.0,33135350000.0,,,41578443000.0,,,2598297891.0,-1451504000.0,0.0,0.0,-861541000.0,0.0,133701000.0,-2095650000.0,-2206149000.0,510703000.0,-258000.0,138932000.0,138932000.0,138932000.0,0.0,0.0,0.067,1746692000.0,332846000.0,5394680000.0,0.0,0.525,18.702,17.519,305825000.0,0.0,9.11,1.249,1.243,5167910000.0,-1988791000.0,2079538000.0,2079538000.0,0.0,0.003,0.031,0.006,0.161,17537000.0,698305000.0,1.0,285213819.0,283807000,289706000.0,7.327,44298084000.0,0.0,20565000.0,0.0,156.085,
36,ETFC,MRT,2011-06-30,2011-06-30,2011-06-30,2020-08-05,-378859000.0,46984312000.0,46555617250.0,,,0.044,17.882,-86737000.0,2037715000.0,2037715000.0,0.0,76640000.0,,8.763,9458421000.0,,,9458421000.0,0.0,337875000.0,25998073000.0,0.0,0.0,345084000.0,682959000.0,0.331,682959000.0,345084000.0,172101000.0,0.31,0.24,0.31,4812345000.0,4356763250.0,4812345000.0,12138821400.0,35.0,17.774,723995000.0,2.69,1.0,2061685000.0,1.0,2233112000.0,172983000.0,52171906000.0,51934023000.0,0.0,33779414000.0,,,42171967000.0,,,3859873400.0,-1723376000.0,0.0,0.0,-1065579000.0,0.0,1124380000.0,-3661073000.0,-3809609000.0,810732000.0,2585000.0,76640000.0,76640000.0,76640000.0,0.0,0.0,0.037,1725473000.0,336212000.0,5341714000.0,0.0,0.802,50.364,44.516,301153000.0,0.0,13.8,1.872,1.801,5661002000.0,-2059487000.0,2061685000.0,2061685000.0,0.0,0.002,0.018,0.007,0.167,18495000.0,689728000.0,1.0,279700971.0,269119000,289643000.0,7.661,44751200000.0,0.0,95461000.0,0.0,166.288,
37,ETFC,MRT,2011-03-31,2011-03-31,2011-03-31,2020-08-05,-418897000.0,47596543000.0,45896309250.0,,,0.045,19.096,-79648000.0,2183995000.0,2183995000.0,0.0,64598000.0,,9.823,10462943000.0,,,10462943000.0,0.0,335162000.0,25971630000.0,0.0,0.0,311116000.0,646278000.0,0.311,646278000.0,311116000.0,141752000.0,0.3,0.2,0.3,4397792000.0,4188785750.0,4397792000.0,11240091864.0,36.0,17.392,1375436000.0,5.972,1.0,2078067000.0,1.0,2239650000.0,169364000.0,53635841000.0,51388515500.0,0.0,34094035000.0,,,43198751000.0,,,3458103864.0,-1204023000.0,0.0,0.0,-518614000.0,0.0,768364000.0,-3432163000.0,-3442965000.0,1455084000.0,4692000.0,64598000.0,64598000.0,64598000.0,0.0,0.0,0.031,1772746000.0,305321000.0,5353540000.0,0.0,0.786,53.533,52.1,300140000.0,0.0,15.63,1.664,1.732,5707702000.0,-2106605000.0,2078067000.0,2078067000.0,0.0,0.001,0.015,0.006,0.15,20313000.0,682544000.0,1.0,221247848.0,230301000,289677000.0,9.023,45356893000.0,0.0,77154000.0,0.0,196.946,
38,ETFC,MRT,2010-12-31,2010-12-31,2010-12-31,2020-08-05,-438640000.0,46373001000.0,45666842000.0,,,0.046,19.178,-82076000.0,2983856000.0,2983856000.0,0.0,-28472000.0,,10.443,10765844000.0,,,10765844000.0,0.0,339085000.0,25240297000.0,0.0,0.0,163989000.0,503074000.0,0.242,503074000.0,163989000.0,-3141000.0,-0.13,-0.13,-0.13,4052445000.0,4043437500.0,4052445000.0,10575605392.0,64.0,21.022,967219000.0,4.577,1.0,2077875000.0,1.0,2265379000.0,167130000.0,51889610000.0,50668383250.0,0.0,32616860000.0,,,42320556000.0,,,3533077392.0,-1108892000.0,0.0,0.0,-552793000.0,0.0,-1086130000.0,-1072854000.0,-1073990000.0,1049295000.0,797000.0,-28472000.0,-28472000.0,-28472000.0,0.0,0.0,-0.014,1921989000.0,155886000.0,5020086000.0,0.0,0.872,-124.09,-123.077,302658000.0,0.0,16.0,1.7,1.627,5120575000.0,-2151838000.0,2077875000.0,2077875000.0,0.0,-0.001,-0.007,0.003,0.079,25361000.0,682628000.0,1.0,220817337.0,211302000,211302000.0,9.834,44107622000.0,0.0,25331000.0,0.0,208.742,
39,ETFC,MRT,2010-09-30,2010-09-30,2010-09-30,2020-08-05,-346286000.0,45268613000.0,45915213000.0,,,0.045,18.894,-83287000.0,3766792000.0,3766792000.0,0.0,-71506000.0,,9.87,10809320000.0,,,10809320000.0,0.0,334724000.0,24167459000.0,0.0,0.0,57302000.0,392026000.0,0.188,392026000.0,57302000.0,-106656000.0,2.84,2.78,2.84,4164471000.0,3967715000.0,4164471000.0,11129581748.0,194.0,28.39,1273877000.0,5.779,1.0,2083366000.0,1.0,2272406000.0,163958000.0,50038735000.0,50615171250.0,0.0,31556371000.0,,,41104142000.0,,,3215928748.0,-1665975000.0,4009000.0,-91000.0,-559710000.0,0.0,-2906874000.0,-113019000.0,-104512000.0,1357164000.0,-3246000.0,-71506000.0,-71506000.0,-71506000.0,0.0,0.0,-0.034,2034326000.0,49040000.0,4629258000.0,0.0,0.772,-44.974,5.13,308147000.0,0.0,14.57,1.544,1.541,4559946000.0,-2127723000.0,2083366000.0,2083366000.0,0.0,-0.002,-0.018,0.001,0.028,32775000.0,681431000.0,1.0,220722632.0,220415000,289271000.0,9.452,42996207000.0,0.0,-35150000.0,0.0,195.069,
40,ETFC,MRT,2010-06-30,2010-06-30,2010-06-30,2020-08-05,-352925000.0,44347080000.0,46719803750.0,,,0.046,19.563,-79306000.0,3238629000.0,3238629000.0,0.0,-934601000.0,,9.711,11152282000.0,,,11152282000.0,0.0,333738000.0,23768369000.0,0.0,0.0,-1102369000.0,-768631000.0,-0.354,-768631000.0,-1102369000.0,-1293549000.0,-3.94,-3.99,-3.94,4140435000.0,3838065250.0,4140435000.0,8979041876.0,-8.0,-11.682,355169000.0,1.678,1.0,2169271000.0,1.0,2270857000.0,191180000.0,49989876000.0,50706061500.0,0.0,30944587000.0,,,40206645000.0,,,2600814876.0,-2141068000.0,0.0,146805000.0,-808780000.0,0.0,-3563965000.0,975147000.0,1013502000.0,434475000.0,13275000.0,-934601000.0,-934601000.0,-934601000.0,0.0,0.0,-0.431,2264385000.0,-95114000.0,3984364000.0,0.0,0.628,-2.783,-3.0,309134000.0,0.0,11.82,1.199,1.153,4777680000.0,-2136127000.0,2169271000.0,2169271000.0,0.0,-0.02,-0.244,-0.022,-0.508,38518000.0,706660000.0,1.0,220035100.0,211642000,289150000.0,10.25,42076223000.0,0.0,-358948000.0,0.0,198.808,
41,ETFC,MRT,2010-03-31,2010-03-31,2010-03-31,2020-08-05,-387501000.0,46678674000.0,47620846250.0,,,0.047,19.857,-85212000.0,5155920000.0,5155920000.0,0.0,-1112914000.0,,11.231,11534147000.0,,,11534147000.0,0.0,349342000.0,24632882000.0,0.0,0.0,-1320888000.0,-971546000.0,-0.431,-971546000.0,-1320888000.0,-1557304000.0,-6.27,-6.27,-6.27,3816399000.0,3548594750.0,3816399000.0,9788483294.0,-7.0,-10.075,565761000.0,2.944,1.0,2256176000.0,1.0,2301589000.0,236416000.0,50755312000.0,51125287500.0,0.0,31697317000.0,,,42862275000.0,,,3169476294.0,-1423955000.0,0.0,733118000.0,-1753483000.0,0.0,-4301439000.0,2196776000.0,2110798000.0,650973000.0,29735000.0,-1112914000.0,-1112914000.0,-1112914000.0,0.0,0.0,-0.493,2556809000.0,-300633000.0,6695246000.0,0.0,0.83,-2.848,-2.636,321183000.0,0.0,16.525,1.405,1.408,3986749000.0,-2171203000.0,2256176000.0,2256176000.0,0.0,-0.023,-0.314,-0.026,-0.585,44513000.0,717884000.0,1.0,191798868.0,192195000,192195000.0,11.739,44377085000.0,0.0,-444390000.0,0.0,230.896,
42,ETFC,MRT,2009-12-31,2009-12-31,2009-12-31,2020-08-05,-404130000.0,47366485000.0,48312896750.0,,,0.046,34.229,-86195000.0,5028518000.0,5028518000.0,0.0,-1297762000.0,,11.633,11647525000.0,,,11647525000.0,0.0,345969000.0,25597721000.0,0.0,0.0,-1552743000.0,-1206774000.0,-0.544,-1206774000.0,-1552743000.0,-1835431000.0,-11.85,-11.85,-11.85,3749555000.0,3209032750.0,3749555000.0,7514759941.0,-5.0,-6.227,885762000.0,8.086,1.0,2217016000.0,1.0,2308730000.0,282688000.0,51676762000.0,52062753500.0,0.0,32716811000.0,,,43616930000.0,,,3283277941.0,-370611000.0,0.0,733118000.0,-2519784000.0,0.0,-2562397000.0,1198223000.0,1132635000.0,971957000.0,21606000.0,-1297762000.0,-1297762000.0,-1297762000.0,0.0,0.0,-0.585,2741441000.0,-524425000.0,5234199000.0,0.0,0.876,-2.53,-1.485,320169000.0,0.0,17.6,1.481,0.87,3827212000.0,-2123366000.0,2217016000.0,2217016000.0,0.0,-0.027,-0.404,-0.03,-0.7,46184000.0,722090000.0,1.0,186549883.0,109544000,109544000.0,20.239,45057755000.0,0.0,-537669000.0,0.0,411.321,
43,ETFC,MRT,2009-09-30,2009-09-30,2009-09-30,2020-08-05,-458781000.0,48486976000.0,48605829250.0,,,0.05,28.742,-92302000.0,7526449000.0,7526449000.0,0.0,-1506176000.0,,12.299,11757931000.0,,,11757931000.0,0.0,335468000.0,26368402000.0,0.0,0.0,-1820892000.0,-1485424000.0,-0.616,-1485424000.0,-1820892000.0,-2151581000.0,-18.24,-18.24,-18.24,3645872000.0,2919518000.0,3645872000.0,7993561171.0,-4.0,-5.381,2132061000.0,16.808,1.0,2410881000.0,1.0,2316162000.0,330689000.0,50402296000.0,53069538250.0,0.0,31994410000.0,,,44841104000.0,,,1954438171.0,1637636000.0,-11849000.0,730789000.0,-2238347000.0,0.0,-2024270000.0,1447665000.0,1396045000.0,2224363000.0,-10122000.0,-1506176000.0,-1506176000.0,-1506176000.0,-662000.0,0.0,-0.625,2964957000.0,-554076000.0,6714771000.0,0.0,0.536,-1.298,-0.959,320457000.0,0.0,17.5,0.811,0.921,3435428000.0,-2033212000.0,2410881000.0,2410881000.0,0.0,-0.031,-0.516,-0.034,-0.755,39621000.0,744337000.0,1.0,111682181.0,126849000,126849000.0,19.006,46170814000.0,0.0,-645405000.0,0.0,363.982,
44,ETFC,MRT,2009-06-30,2009-06-30,2009-06-30,2020-08-05,-501012000.0,47951250000.0,48910341250.0,,,0.045,45.049,-98919000.0,6674118000.0,6674118000.0,0.0,-701960000.0,,15.077,12713241000.0,,,12713241000.0,0.0,320266000.0,26423824000.0,0.0,0.0,-881083000.0,-560817000.0,-0.253,-560817000.0,-881083000.0,-1231509000.0,-12.4,-12.4,-12.4,2982553000.0,2642332250.0,2982553000.0,8127455215.0,-9.0,-14.492,3452745000.0,52.151,1.0,2213286000.0,1.0,2323593000.0,350426000.0,51666780000.0,55123328250.0,0.0,33002379000.0,,,44968697000.0,,,738130215.0,2414895000.0,-41022000.0,584735000.0,-1982794000.0,0.0,-2251115000.0,1144562000.0,1141828000.0,3551664000.0,-30216000.0,-701960000.0,-701960000.0,-701960000.0,-270976000.0,0.0,-0.317,3129711000.0,-916425000.0,5831632000.0,0.0,0.247,-1.052,-1.04,322547000.0,0.0,12.9,0.333,0.386,3135287000.0,-1201526000.0,2213286000.0,2213286000.0,0.0,-0.014,-0.266,-0.016,-0.398,42993000.0,740638000.0,1.0,57219397.0,66207000,66207000.0,33.43,45627657000.0,0.0,-529549000.0,0.0,689.167,
45,ETFC,MRT,2009-03-31,2009-03-31,2009-03-31,2020-08-05,-553761000.0,49446876000.0,49875119000.0,,,0.043,43.29,-108179000.0,6392541000.0,6392541000.0,0.0,-653282000.0,,19.115,13781866000.0,,,13781866000.0,0.0,298006000.0,27641485000.0,0.0,0.0,-823306000.0,-525300000.0,-0.247,-525300000.0,-823306000.0,-1177540000.0,-12.14,-12.14,-12.14,2458151000.0,2556030500.0,2458151000.0,10199477745.0,-12.0,-19.416,2716968000.0,47.848,1.0,2124717000.0,1.0,2331025000.0,354234000.0,54505176000.0,57486041750.0,0.0,35325533000.0,,,46988725000.0,,,709336745.0,1430319000.0,-10295000.0,-1279000.0,-1451233000.0,0.0,-1463300000.0,115416000.0,124429000.0,2825147000.0,-46944000.0,-653282000.0,-653282000.0,-653282000.0,-295860000.0,0.0,-0.307,3033624000.0,-908907000.0,5565374000.0,0.0,0.289,-1.086,-1.021,321934000.0,0.0,12.4,0.334,0.331,2436611000.0,-1078452000.0,2124717000.0,2124717000.0,0.0,-0.013,-0.256,-0.014,-0.387,39276000.0,773945000.0,1.0,57204576.0,56783300,56783300.0,37.418,47115851000.0,0.0,-524258000.0,0.0,829.748,
46,ETFC,MRT,2008-12-31,2008-12-31,2008-12-31,2020-08-05,-632654000.0,48538215000.0,50812637500.0,,,0.038,50.828,-40987000.0,4995447000.0,4995447000.0,0.0,-511790000.0,,17.73,14485588000.0,,,14485588000.0,0.0,292828000.0,26136246000.0,0.0,0.0,-619165000.0,-326337000.0,-0.169,-326337000.0,-619165000.0,-981325000.0,-10.04,-10.04,-10.04,2591496000.0,2620327500.0,2591496000.0,11863058813.0,-19.0,-36.352,2206298000.0,43.273,1.0,1925596000.0,1.0,2324455000.0,362160000.0,55703901000.0,59571396250.0,0.0,35514319000.0,,,45946719000.0,,,618412813.0,2075605000.0,-18178000.0,0.0,-4497126000.0,0.0,-4415872000.0,4288837000.0,4256549000.0,2247285000.0,-44645000.0,-511790000.0,-511790000.0,-511790000.0,-297594000.0,0.0,-0.266,2873881000.0,-948285000.0,5324885000.0,0.0,0.239,-1.208,-1.145,319222000.0,0.0,11.5,0.321,0.304,2791168000.0,-845767000.0,1925596000.0,1925596000.0,0.0,-0.01,-0.195,-0.01,-0.322,42426000.0,835263000.0,1.0,53775027.0,50986000,50986000.0,37.767,46213760000.0,0.0,-469535000.0,0.0,906.401,
47,ETFC,MRT,2008-09-30,2008-09-30,2008-09-30,2020-08-05,-510342000.0,49705024000.0,52889568000.0,,,-0.004,47.289,-38778000.0,3275429000.0,3275429000.0,0.0,-1948072000.0,,18.591,14520075000.0,,,14520075000.0,0.0,289249000.0,26615589000.0,0.0,0.0,-2783909000.0,-2494660000.0,12.975,-2494660000.0,-2783909000.0,-3117631000.0,-45.2,-45.0,-45.2,2537129000.0,2679719750.0,2537129000.0,13151648966.0,-5.0,-5.272,1408129000.0,26.246,1.0,-192270000.0,1.0,2332214000.0,333722000.0,58617456000.0,63588266500.0,0.0,35415454000.0,,,47167895000.0,,,1504231966.0,1748560000.0,-4094000.0,341966000.0,-7117758000.0,0.0,-9422026000.0,9726628000.0,9684603000.0,1446907000.0,-2949000.0,-1948072000.0,-1948072000.0,-1948072000.0,-296774000.0,0.0,10.132,2931637000.0,-3123907000.0,6032231000.0,0.0,0.593,-0.772,-0.619,314059000.0,0.0,28.0,-7.824,-7.813,5619593000.0,-570204000.0,-192270000.0,-192270000.0,0.0,-0.037,-0.727,-0.044,14.479,37779000.0,854347000.0,1.0,53722570.0,53652100,53652100.0,-3.584,47372810000.0,0.0,-1169559000.0,0.0,882.963,
48,ETFC,MRT,2008-06-30,2008-06-30,2008-06-30,2020-08-05,-446785000.0,51810361000.0,56510003250.0,,,-0.002,53.527,-31504000.0,3187826000.0,3187826000.0,0.0,-1956045000.0,,18.645,14835243000.0,,,14835243000.0,0.0,293057000.0,27039413000.0,0.0,0.0,-2700693000.0,-2407636000.0,27.396,-2407636000.0,-2700693000.0,-2983008000.0,-45.7,-45.5,-45.7,2637346000.0,3071433250.0,2637346000.0,13504846076.0,-5.0,-5.609,600020000.0,12.178,1.0,-87882000.0,1.0,2340144000.0,282315000.0,61117634000.0,69363415250.0,0.0,36093876000.0,,,49173015000.0,,,1485415076.0,1779750000.0,27488000.0,300379000.0,-7105516000.0,0.0,-7559295000.0,8667079000.0,8624466000.0,631524000.0,40442000.0,-1956045000.0,-1956045000.0,-1956045000.0,-26844000.0,0.0,22.258,2659962000.0,-2747844000.0,7298359000.0,0.0,0.563,-0.759,-0.687,326340000.0,0.0,31.4,-16.902,-17.604,7370072000.0,-519729000.0,-87882000.0,-87882000.0,0.0,-0.035,-0.637,-0.039,30.731,33520000.0,880892000.0,1.0,47306213.0,49271200,49271200.0,-1.784,49470217000.0,0.0,-1026963000.0,0.0,1004.039,
49,ETFC,MRT,2008-03-31,2008-03-31,2008-03-31,2020-08-05,-371397000.0,53196950000.0,59301179500.0,,,0.001,58.919,-41844000.0,3489905000.0,3489905000.0,0.0,-1702357000.0,,18.591,15509336000.0,,,15509336000.0,0.0,290122000.0,27467227000.0,0.0,0.0,-2355526000.0,-2065404000.0,-42.466,-2065404000.0,-2355526000.0,-2585458000.0,-40.0,-39.9,-40.0,2715339000.0,3495637250.0,2715339000.0,19072111868.0,-8.0,-9.234,272478000.0,5.912,1.0,48637000.0,1.0,2369787000.0,229932000.0,62846594000.0,74372857000.0,0.0,37510575000.0,,,50481611000.0,,,1783291868.0,1867006000.0,-5195000.0,240073000.0,-5024995000.0,0.0,-3571557000.0,5063899000.0,5085568000.0,314322000.0,60342000.0,-1702357000.0,-1702357000.0,-1702357000.0,-3401000.0,0.0,-35.001,2432165000.0,-2383528000.0,7505048000.0,0.0,0.657,-1.048,-0.965,324940000.0,0.0,38.6,36.665,36.575,6655659000.0,-425170000.0,48637000.0,48637000.0,0.0,-0.029,-0.487,-0.032,-48.431,37404000.0,880710000.0,1.0,46199271.0,46085700,46085700.0,1.055,50827163000.0,0.0,-883101000.0,0.0,1102.884,
50,ETFC,MRT,2007-12-31,2007-12-31,2007-12-31,2020-08-05,-391396000.0,56845937000.0,61035712500.0,,,0.003,66.654,-129295000.0,2113075000.0,2113075000.0,0.0,-1441754000.0,,19.094,19401895000.0,,,19401895000.0,0.0,282491000.0,25884755000.0,0.0,0.0,-2002221000.0,-1719730000.0,-10.634,-1719730000.0,-2002221000.0,-2174703000.0,-34.0,-34.0,-34.0,2829065000.0,3904559000.0,2829065000.0,21511464850.0,-11.0,-12.509,670955000.0,15.808,1.0,161726000.0,1.0,2363375000.0,172482000.0,71771382000.0,77789164500.0,0.0,41863033000.0,,,54016872000.0,,,1504327850.0,566010000.0,0.0,226327000.0,2410869000.0,0.0,4486176000.0,-4789781000.0,-4646950000.0,800250000.0,69365000.0,-1441754000.0,-1441754000.0,-1441754000.0,-583000.0,0.0,-8.915,2213911000.0,-2052185000.0,8730222000.0,0.0,0.532,-1.043,-1.044,355433000.0,0.0,35.5,9.302,9.317,7179175000.0,-247368000.0,161726000.0,161726000.0,0.0,-0.024,-0.369,-0.026,-12.38,34982000.0,856189000.0,1.0,42375432.0,42443900,42443900.0,3.81,54482562000.0,0.0,-732949000.0,0.0,1283.637,
51,ETFC,MRT,2007-09-30,2007-09-30,2007-09-30,2020-08-05,-483675000.0,64186765000.0,60259054000.0,,,0.039,97.49,-145145000.0,1768027000.0,1768027000.0,0.0,446746000.0,,14.64,21775164000.0,,,21775164000.0,0.0,285823000.0,29197344000.0,0.0,0.0,808499000.0,1094322000.0,0.461,1094322000.0,808499000.0,657567000.0,10.5,10.3,10.5,4103983000.0,4246385250.0,4103983000.0,26197142990.0,32.0,23.939,204618000.0,4.861,1.0,2373147000.0,1.0,2475851000.0,150932000.0,81718051000.0,76511105750.0,0.0,49211009000.0,,,60082782000.0,,,5528359990.0,210542000.0,8085000.0,-144153000.0,4614279000.0,0.0,11377738000.0,-11581116000.0,-11357694000.0,349763000.0,64157000.0,446746000.0,446746000.0,446746000.0,-1453000.0,0.0,0.188,1626853000.0,746294000.0,9110274000.0,0.0,1.347,12.375,12.429,360366000.0,0.0,130.5,2.33,2.315,7529971000.0,1464477000.0,2373147000.0,2373147000.0,0.0,0.007,0.105,0.011,0.341,36402000.0,799512000.0,1.0,42362912.0,42096400,42096400.0,56.374,61710914000.0,0.0,210821000.0,0.0,1465.943,
52,ETFC,MRT,2007-06-30,2007-06-30,2007-06-30,2020-08-05,-339784000.0,62975066000.0,57093155500.0,,,0.043,102.388,-152539000.0,1392028000.0,1392028000.0,0.0,658443000.0,,13.53,22060811000.0,,,22060811000.0,0.0,282790000.0,27770749000.0,0.0,0.0,1125430000.0,1408220000.0,0.569,1408220000.0,1125430000.0,973899000.0,15.5,15.2,15.5,4334162000.0,4227953750.0,4334162000.0,28352858977.0,25.0,20.134,297538000.0,7.029,1.0,2472793000.0,1.0,2488448000.0,151531000.0,81155401000.0,72213250500.0,0.0,48780898000.0,,,58640904000.0,,,9429448977.0,163105000.0,6196000.0,-122725000.0,6451686000.0,0.0,12928209000.0,-13256741000.0,-13035209000.0,450077000.0,41560000.0,658443000.0,658443000.0,658443000.0,-4090000.0,0.0,0.266,1443435000.0,1029358000.0,8809344000.0,0.0,2.176,14.321,14.252,363349000.0,0.0,220.9,3.813,3.782,7399916000.0,1522925000.0,2472793000.0,2472793000.0,0.0,0.012,0.156,0.016,0.455,35803000.0,801667000.0,1.0,42686505.0,42330800,43577500.0,58.416,60486618000.0,0.0,315456000.0,0.0,1428.903,
53,ETFC,MRT,2007-03-31,2007-03-31,2007-03-31,2020-08-05,-209550000.0,60135082000.0,53572588750.0,,,0.045,102.67,-131668000.0,1605984000.0,1605984000.0,0.0,655798000.0,,12.821,20529394000.0,,,20529394000.0,0.0,284254000.0,26256619000.0,0.0,0.0,1125219000.0,1409473000.0,0.584,1409473000.0,1125219000.0,975440000.0,15.4,15.1,15.4,4351026000.0,4106159500.0,4351026000.0,24529131340.0,22.0,17.403,815443000.0,19.242,1.0,2415295000.0,1.0,2546668000.0,149779000.0,76511824000.0,67106459750.0,0.0,46474554000.0,,,55784056000.0,,,9064434340.0,371826000.0,8152000.0,-96925000.0,5860142000.0,0.0,12870917000.0,-13466023000.0,-13292886000.0,947111000.0,19821000.0,655798000.0,655798000.0,655798000.0,-2441000.0,0.0,0.272,1384139000.0,1031156000.0,8998043000.0,0.0,2.083,13.822,13.779,341148000.0,0.0,212.2,3.753,3.723,6947535000.0,1363796000.0,2415295000.0,2415295000.0,0.0,0.012,0.16,0.017,0.466,35714000.0,818625000.0,1.0,42716467.0,42378600,43753500.0,56.993,57588414000.0,0.0,319642000.0,0.0,1358.903,
54,ETFC,MRT,2006-12-31,2006-12-31,2006-12-31,2020-08-05,-201472000.0,53739303000.0,50385041500.0,,,0.047,99.646,-109493000.0,1493856000.0,1493856000.0,0.0,628859000.0,,11.806,16958553000.0,,,16958553000.0,0.0,286841000.0,24071012000.0,0.0,0.0,1086744000.0,1373585000.0,0.58,1373585000.0,1086744000.0,934248000.0,14.9,14.4,14.9,4196370000.0,3922908250.0,4196370000.0,25138055365.0,23.0,18.301,752564000.0,17.87,1.0,2368646000.0,1.0,2544853000.0,152496000.0,66659147000.0,62387845750.0,0.0,40756776000.0,,,49542933000.0,,,9572255365.0,368046000.0,-806000.0,-69883000.0,-281556000.0,0.0,7908906000.0,-8423440000.0,-8296436000.0,862057000.0,20523000.0,628859000.0,628859000.0,628859000.0,-1928000.0,0.0,0.265,1364331000.0,1004315000.0,8513368000.0,0.0,2.281,15.222,15.047,318389000.0,0.0,224.2,4.041,3.986,6828448000.0,1209289000.0,2368646000.0,2368646000.0,0.0,0.012,0.16,0.017,0.459,32584000.0,804967000.0,1.0,42695162.0,42112700,43635700.0,56.245,51194450000.0,0.0,305389000.0,0.0,1215.653,
55,ETFC,MRT,2006-09-30,2006-09-30,2006-09-30,2020-08-05,-210097000.0,51523171000.0,48092137250.0,,,0.047,95.112,-88953000.0,1471489000.0,1471489000.0,0.0,581564000.0,,11.784,17037289000.0,,,17037289000.0,0.0,312450000.0,22319364000.0,0.0,0.0,1022296000.0,1334746000.0,0.588,1334746000.0,1022296000.0,870729000.0,14.1,13.7,14.1,4030257000.0,3723705750.0,4030257000.0,24577030442.0,24.0,18.413,732561000.0,17.288,1.0,2270398000.0,1.0,2562341000.0,151567000.0,64526630000.0,60200308750.0,0.0,38908875000.0,,,47492914000.0,,,10218415442.0,-189924000.0,-2171428000.0,1102386000.0,2011649000.0,0.0,11038848000.0,-12063143000.0,-9821819000.0,821514000.0,12857000.0,581564000.0,581564000.0,581564000.0,-6149000.0,0.0,0.256,1338410000.0,931988000.0,8136261000.0,0.0,2.535,17.571,16.965,299261000.0,0.0,239.2,4.501,4.464,7230960000.0,1032634000.0,2270398000.0,2270398000.0,0.0,0.012,0.156,0.017,0.45,35289000.0,863577000.0,1.0,42719128.0,42373600,43888300.0,53.58,48960830000.0,0.0,289165000.0,0.0,1155.456,
56,ETFC,MRT,2006-06-30,2006-06-30,2006-06-30,2020-08-05,-223726000.0,48892799000.0,44261962250.0,,,0.048,91.176,-83970000.0,1145239000.0,1145239000.0,0.0,535806000.0,,11.709,15503854000.0,,,15503854000.0,0.0,320901000.0,21202870000.0,0.0,0.0,943534000.0,1264435000.0,0.6,1264435000.0,943534000.0,816148000.0,13.4,13.0,13.4,3846985000.0,3344715250.0,3846985000.0,22518878590.0,24.0,17.809,366343000.0,8.683,1.0,2108468000.0,1.0,2523176000.0,127386000.0,60728238000.0,56269043500.0,0.0,35880349000.0,,,45045814000.0,,,9731124590.0,-218973000.0,-2168739000.0,1142325000.0,1173997000.0,0.0,10722407000.0,-11384486000.0,-9152977000.0,450313000.0,-7207000.0,535806000.0,535806000.0,535806000.0,165000.0,0.0,0.254,1247662000.0,860806000.0,8339090000.0,0.0,2.53,18.162,17.03,302701000.0,0.0,228.2,4.615,4.567,8058148000.0,879385000.0,2108468000.0,2108468000.0,0.0,0.012,0.16,0.017,0.447,35509000.0,835925000.0,1.0,42642965.0,42192900,43946000.0,49.972,46369623000.0,0.0,280342000.0,0.0,1098.991,
57,ETFC,MRT,2006-03-31,2006-03-31,2006-03-31,2020-08-05,-164524000.0,47384893000.0,40774090250.0,,,0.046,87.249,-81096000.0,1919551000.0,1919551000.0,0.0,480889000.0,,12.097,14707305000.0,,,14707305000.0,0.0,343102000.0,19241533000.0,0.0,0.0,833793000.0,1176895000.0,0.624,1176895000.0,833793000.0,730896000.0,12.5,12.1,12.5,3618021000.0,2960416000.0,3618021000.0,27111714262.0,33.0,23.037,597346000.0,14.405,1.0,1884797000.0,1.0,2535279000.0,102897000.0,57637368000.0,52558264000.0,0.0,33052218000.0,,,43766872000.0,,,11275241262.0,102159000.0,-2171954000.0,1167572000.0,1829877000.0,0.0,9817161000.0,-10386237000.0,-8158249000.0,678442000.0,-7207000.0,480889000.0,480889000.0,480889000.0,7773000.0,0.0,0.255,1143449000.0,741348000.0,9818034000.0,0.0,3.116,23.447,21.584,300928000.0,0.0,269.8,5.982,5.936,8686719000.0,722901000.0,1884797000.0,1884797000.0,0.0,0.012,0.162,0.016,0.442,26189000.0,772930000.0,1.0,41791109.0,41467900,43230200.0,45.452,44849614000.0,0.0,250007000.0,0.0,1081.55,
58,ETFC,MRT,2005-12-31,2005-12-31,2005-12-31,2020-08-05,-175712000.0,44567686000.0,37205368250.0,,,0.046,91.517,-79014000.0,1454362000.0,1454362000.0,0.0,430412000.0,,12.11,17331239000.0,,,17331239000.0,0.0,362965000.0,15948015000.0,0.0,0.0,734191000.0,1097156000.0,0.644,1097156000.0,734191000.0,660235000.0,11.6,11.2,11.6,3399560000.0,2629379250.0,3399560000.0,20916736672.0,28.0,19.065,784929000.0,21.13,1.0,1703845000.0,1.0,2535564000.0,73956000.0,57908999000.0,48715444000.0,0.0,32422361000.0,,,41168126000.0,,,7799215672.0,-95718000.0,-2162030000.0,1131419000.0,4582745000.0,0.0,9452174000.0,-10404628000.0,-8182960000.0,863943000.0,-7207000.0,430412000.0,430412000.0,430412000.0,17472000.0,0.0,0.253,1054053000.0,649792000.0,7888872000.0,0.0,2.294,18.12,17.983,299256000.0,0.0,208.6,4.577,4.548,7174175000.0,580430000.0,1703845000.0,1703845000.0,0.0,0.012,0.164,0.015,0.431,18253000.0,715728000.0,1.0,37388378.0,37146800,38463000.0,45.868,42032122000.0,0.0,229823000.0,0.0,1131.514,
59,ETFC,MRT,2005-09-30,2005-09-30,2005-09-30,2020-08-05,-177939000.0,36202471000.0,33821592500.0,,,0.048,68.446,-93256000.0,1589025000.0,1589025000.0,0.0,390880000.0,,13.399,14706546000.0,,,14706546000.0,0.0,366849000.0,14550696000.0,0.0,0.0,650656000.0,1017505000.0,0.633,1017505000.0,650656000.0,601907000.0,10.7,10.3,10.7,2514295000.0,2336539750.0,2514295000.0,17995845666.0,28.0,17.686,1316674000.0,35.843,1.0,1607700000.0,1.0,518423000.0,48749000.0,48801569000.0,44508951000.0,0.0,29504805000.0,,,33688176000.0,,,6528774666.0,658531000.0,-22742000.0,-58928000.0,3435874000.0,0.0,5932751000.0,-6684150000.0,-6588784000.0,1409930000.0,0.0,390880000.0,390880000.0,390880000.0,33489000.0,0.0,0.243,1029267000.0,578433000.0,4396335000.0,0.0,2.597,16.703,16.449,306601000.0,0.0,176.0,4.061,4.021,3764410000.0,451070000.0,1607700000.0,1607700000.0,0.0,0.012,0.167,0.015,0.405,12002000.0,668507000.0,1.0,37095311.0,36734200,38203100.0,43.766,35684048000.0,0.0,211027000.0,0.0,971.412,
60,ETFC,MRT,2005-06-30,2005-06-30,2005-06-30,2020-08-05,-232930000.0,34941311000.0,32355155750.0,,,0.047,63.251,-97585000.0,2557084000.0,2557084000.0,0.0,362663000.0,,14.127,14024155000.0,,,14024155000.0,0.0,384234000.0,13057010000.0,0.0,0.0,605939000.0,990173000.0,0.65,990173000.0,605939000.0,559100000.0,9.9,9.6,9.9,2309788000.0,2245676750.0,2309788000.0,14839794417.0,24.0,14.987,1260398000.0,34.514,1.0,1522997000.0,1.0,523262000.0,46839000.0,45885120000.0,42209216250.0,0.0,27547528000.0,,,32631523000.0,,,5155184417.0,-148193000.0,-23962000.0,-89977000.0,3238317000.0,0.0,4263923000.0,-5748334000.0,-5644971000.0,1357983000.0,0.0,362663000.0,362663000.0,362663000.0,38045000.0,0.0,0.238,985584000.0,537413000.0,5419665000.0,0.0,2.232,14.215,14.131,306611000.0,0.0,139.9,3.385,3.354,3459047000.0,343579000.0,1522997000.0,1522997000.0,0.0,0.011,0.161,0.014,0.398,4697000.0,637202000.0,1.0,36849067.0,36518000,37634500.0,41.705,34418049000.0,0.0,196437000.0,0.0,942.495,
61,ETFC,MRT,2005-03-31,2005-03-31,2005-03-31,2020-08-05,-151265000.0,33110005000.0,31180231500.0,,,0.049,62.652,-97550000.0,2735185000.0,2735185000.0,0.0,384002000.0,,13.434,12419795000.0,,,12419795000.0,0.0,390270000.0,12519646000.0,0.0,0.0,622296000.0,1012566000.0,0.668,1012566000.0,622296000.0,574542000.0,10.5,10.0,10.5,2293874000.0,2196701000.0,2293874000.0,15011334560.0,24.0,14.825,1135791000.0,31.022,1.0,1516778000.0,1.0,528527000.0,47754000.0,42266088000.0,40224988250.0,0.0,25637076000.0,,,30816131000.0,,,4432045560.0,-124571000.0,86121000.0,-121818000.0,5023129000.0,0.0,5396661000.0,-6755457000.0,-6747579000.0,1233341000.0,0.0,384002000.0,384002000.0,384002000.0,10143000.0,0.0,0.253,988297000.0,528481000.0,5849115000.0,0.0,1.932,11.542,11.429,308135000.0,0.0,120.0,2.922,2.897,3459480000.0,242012000.0,1516778000.0,1516778000.0,0.0,0.012,0.175,0.015,0.41,4263000.0,628223000.0,1.0,36933713.0,36613000,37873400.0,41.427,32581478000.0,0.0,190540000.0,0.0,889.888,
62,ETFC,MRT,2004-12-31,2004-12-31,2004-12-31,2020-08-05,-141199000.0,31032583000.0,29630059750.0,,,0.05,60.783,-102930000.0,1663932000.0,1663932000.0,0.0,380483000.0,,12.927,12243540000.0,,,12243540000.0,0.0,398297000.0,12302974000.0,0.0,0.0,609772000.0,1008069000.0,0.68,1008069000.0,609772000.0,562247000.0,10.4,9.9,10.4,2228202000.0,2117682750.0,2228202000.0,15359254671.0,25.0,15.236,1492036000.0,40.701,1.0,1482922000.0,1.0,529164000.0,47525000.0,41083027000.0,37590800000.0,0.0,25129970000.0,,,28804381000.0,,,5560031671.0,18542000.0,87843000.0,-131802000.0,5171901000.0,0.0,4677055000.0,-6253479000.0,-6240005000.0,1594966000.0,0.0,380483000.0,380483000.0,380483000.0,1347000.0,0.0,0.257,987123000.0,495799000.0,4205659000.0,0.0,2.495,14.613,14.375,302291000.0,0.0,149.5,3.749,3.696,3034548000.0,150018000.0,1482922000.0,1482922000.0,0.0,0.013,0.18,0.016,0.411,4654000.0,620855000.0,1.0,37190847.0,36658600,40538900.0,40.452,30503419000.0,0.0,181764000.0,0.0,832.094,
63,ETFC,MRT,2004-09-30,2004-09-30,2004-09-30,2020-08-05,-166638000.0,30336724000.0,28384218000.0,,,0.049,58.272,-97731000.0,1447674000.0,1447674000.0,0.0,398110000.0,,13.105,11246897000.0,,,11246897000.0,0.0,412657000.0,12027025000.0,0.0,0.0,652175000.0,1064832000.0,0.765,1064832000.0,652175000.0,605101000.0,10.9,10.4,10.9,2150843000.0,2040205750.0,2150843000.0,12477330475.0,19.0,11.718,529125000.0,14.335,1.0,1392263000.0,1.0,533317000.0,47074000.0,39602630000.0,34856759000.0,0.0,23883880000.0,,,28185881000.0,,,4262772475.0,-259172000.0,104475000.0,-61335000.0,5247932000.0,0.0,5500986000.0,-6388913000.0,-6394658000.0,626856000.0,0.0,398110000.0,398110000.0,398110000.0,-13897000.0,0.0,0.286,938846000.0,453417000.0,4841548000.0,0.0,1.982,10.708,10.477,287111000.0,0.0,114.2,3.062,3.028,3684913000.0,60189000.0,1392263000.0,1392263000.0,0.0,0.014,0.195,0.019,0.468,4011000.0,592858000.0,1.0,37327255.0,36910300,38055700.0,37.72,29803407000.0,0.0,206991000.0,0.0,807.455,
64,ETFC,MRT,2004-06-30,2004-06-30,2004-06-30,2020-08-05,-128321000.0,30241614000.0,26983648500.0,,,0.053,57.903,-87976000.0,2606326000.0,2606326000.0,0.0,380239000.0,,13.306,10820884000.0,,,10820884000.0,0.0,427629000.0,11837898000.0,0.0,0.0,616237000.0,1043866000.0,0.723,1043866000.0,616237000.0,569641000.0,10.5,10.0,10.5,2113885000.0,1928680000.0,2113885000.0,9433071045.0,15.0,9.037,576808000.0,15.8,1.0,1443073000.0,1.0,507964000.0,46596000.0,37948208000.0,31692204250.0,0.0,22777122000.0,,,28127729000.0,,,4074602045.0,361335000.0,103402000.0,-37380000.0,3163826000.0,0.0,5820490000.0,-6146671000.0,-6160490000.0,664784000.0,0.0,380239000.0,380239000.0,380239000.0,-20866000.0,0.0,0.263,1045052000.0,398021000.0,5415337000.0,0.0,1.928,10.716,10.619,284146000.0,0.0,111.5,2.824,2.821,3639541000.0,-19085000.0,1443073000.0,1443073000.0,0.0,0.014,0.197,0.019,0.427,3539000.0,624632000.0,1.0,36543516.0,36507200,41671300.0,39.528,29733650000.0,0.0,189402000.0,0.0,814.46,
65,ETFC,MRT,2004-03-31,2004-03-31,2004-03-31,2020-08-05,-99878000.0,26909318000.0,25223364750.0,,,0.057,54.18,-76736000.0,2110668000.0,2110668000.0,0.0,270020000.0,,12.606,7469137000.0,,,7469137000.0,0.0,438413000.0,11975689000.0,0.0,0.0,462161000.0,900574000.0,0.629,900574000.0,462161000.0,416674000.0,7.5,7.2,7.5,1977801000.0,1816544750.0,1977801000.0,9534410991.0,21.0,10.587,633232000.0,17.347,1.0,1430771000.0,1.0,538452000.0,45487000.0,31729335000.0,29013594000.0,0.0,19849838000.0,,,24931517000.0,,,4917961991.0,-129391000.0,-3466000.0,16371000.0,119817000.0,0.0,3090162000.0,-3928637000.0,-3843658000.0,709968000.0,0.0,270020000.0,270020000.0,270020000.0,426000.0,0.0,0.189,1156478000.0,274293000.0,5341251000.0,0.0,2.487,18.213,17.8,302420000.0,0.0,133.5,3.437,3.406,3717793000.0,-141990000.0,1430771000.0,1430771000.0,0.0,0.011,0.149,0.016,0.323,2920000.0,644652000.0,1.0,36838667.0,36504500,42515500.0,39.194,26370866000.0,0.0,146654000.0,0.0,722.4,
66,ETFC,MRT,2003-12-31,2003-12-31,2003-12-31,2020-08-05,-89977000.0,26049216000.0,23971163250.0,,,0.056,53.536,-56275000.0,2565969000.0,2565969000.0,0.0,203027000.0,,12.579,7182493000.0,,,7182493000.0,0.0,443746000.0,12514486000.0,0.0,0.0,360224000.0,803970000.0,0.599,803970000.0,360224000.0,314628000.0,5.7,5.5,5.7,1918294000.0,1711422500.0,1918294000.0,7407070168.0,21.0,9.213,617888000.0,17.244,1.0,1342716000.0,1.0,518877000.0,45596000.0,30146863000.0,27581677000.0,0.0,19979720000.0,,,24130922000.0,,,4630556168.0,147759000.0,-3466000.0,51740000.0,-895014000.0,0.0,3266488000.0,-3792892000.0,-3731243000.0,674163000.0,0.0,203027000.0,203027000.0,203027000.0,-2506000.0,0.0,0.151,1138277000.0,204439000.0,4354640000.0,0.0,2.414,22.808,22.193,287097000.0,0.0,126.5,3.449,3.376,2297778000.0,-230465000.0,1342716000.0,1342716000.0,0.0,0.008,0.119,0.013,0.268,2287000.0,630232000.0,1.0,36605187.0,35832000,36736100.0,37.473,25530339000.0,0.0,111601000.0,0.0,712.501,
67,ETFC,MRT,2003-09-30,2003-09-30,2003-09-30,2020-08-05,-164411000.0,24734446000.0,22822840500.0,,,0.061,47.429,-37341000.0,3327195000.0,3327195000.0,0.0,125936000.0,,13.509,6103709000.0,,,6103709000.0,0.0,440001000.0,11533656000.0,0.0,0.0,245305000.0,685306000.0,0.494,685306000.0,245305000.0,199356000.0,3.6,3.5,3.6,1704740000.0,1608296250.0,1704740000.0,7959546127.0,32.0,11.615,2131403000.0,59.299,1.0,1387940000.0,1.0,566549000.0,45949000.0,26944411000.0,26698579750.0,0.0,17712133000.0,,,23029706000.0,,,3354977127.0,-766985000.0,-1856281000.0,31883000.0,867294000.0,0.0,4140024000.0,-7073176000.0,-5202511000.0,2168744000.0,0.0,125936000.0,125936000.0,125936000.0,4296000.0,0.0,0.091,1197937000.0,190003000.0,5272587000.0,0.0,1.968,26.64,25.722,288402000.0,0.0,92.6,2.417,2.398,2477518000.0,-337920000.0,1387940000.0,1387940000.0,-43075000.0,0.006,0.078,0.009,0.177,2756000.0,815206000.0,1.0,36230855.0,35943200,37117300.0,38.615,24167897000.0,0.0,73420000.0,0.0,672.391,
68,ETFC,MRT,2003-06-30,2003-06-30,2003-06-30,2020-08-05,-125153000.0,23200479000.0,21201968000.0,,,0.063,46.748,-22245000.0,2955819000.0,2955819000.0,0.0,85211000.0,,12.845,7560388000.0,,,7560388000.0,0.0,424477000.0,9094226000.0,0.0,0.0,197128000.0,621605000.0,0.467,621605000.0,197128000.0,150747000.0,2.5,2.4,2.5,1665344000.0,1548423750.0,1665344000.0,7684023243.0,39.0,12.362,2126571000.0,59.695,1.0,1331602000.0,1.0,571281000.0,46381000.0,27233767000.0,25011174000.0,0.0,16829013000.0,,,21391676000.0,,,3026931243.0,-133717000.0,-1853188000.0,-9908000.0,1809263000.0,0.0,2428732000.0,-4709620000.0,-2848777000.0,2148816000.0,0.0,85211000.0,85211000.0,85211000.0,3416000.0,0.0,0.064,1129783000.0,201819000.0,4646004000.0,0.0,1.818,35.523,34.0,304314000.0,0.0,85.0,2.273,2.274,2009994000.0,-399323000.0,1331602000.0,1331602000.0,-29547000.0,0.004,0.055,0.008,0.148,4350000.0,731459000.0,1.0,35610956.0,35623700,36369700.0,37.38,22629198000.0,0.0,65536000.0,0.0,635.229,
69,ETFC,MRT,2003-03-31,2003-03-31,2003-03-31,2020-08-05,-205482000.0,21900512000.0,20108577500.0,,,0.064,43.922,-99938000.0,2564673000.0,2564673000.0,0.0,105314000.0,,12.962,7221765000.0,,,7221765000.0,0.0,395188000.0,8955615000.0,0.0,0.0,237035000.0,632223000.0,0.495,632223000.0,237035000.0,190282000.0,3.0,3.0,3.0,1557312000.0,1506848750.0,1557312000.0,7245722728.0,31.0,11.461,2136494000.0,60.257,1.0,1278498000.0,1.0,555937000.0,46753000.0,26001667000.0,23799079750.0,0.0,16032346000.0,,,20185239000.0,,,1550898728.0,-110137000.0,-1853188000.0,-32281000.0,3150410000.0,0.0,2997572000.0,-5343463000.0,-3407530000.0,2236432000.0,0.0,105314000.0,105314000.0,105314000.0,2210000.0,0.0,0.082,1011076000.0,267422000.0,3944806000.0,0.0,0.996,14.726,14.033,353391000.0,0.0,42.1,1.213,1.168,1848565000.0,-412010000.0,1278498000.0,1278498000.0,-14504000.0,0.005,0.07,0.01,0.185,8971000.0,655717000.0,1.0,36838450.0,35456300,35844100.0,36.058,21344575000.0,0.0,84968000.0,0.0,601.997,
70,ETFC,MRT,2002-12-31,2002-12-31,2002-12-31,2020-08-05,-231457000.0,21455925000.0,19135922000.0,,,0.067,42.406,-109713000.0,2222667000.0,2222667000.0,0.0,-186405000.0,,13.154,7924252000.0,,,7924252000.0,0.0,325980000.0,8400333000.0,0.0,0.0,-52180000.0,273800000.0,0.213,273800000.0,-52180000.0,-99896000.0,-5.2,-5.2,-5.2,1505789000.0,1451510000.0,1505789000.0,4186046306.0,-80.0,15.289,2109278000.0,59.401,1.0,1287205000.0,1.0,543036000.0,47716000.0,26614474000.0,22263276250.0,0.0,16252915000.0,,,19806771000.0,,,1756559306.0,-62596000.0,-1853188000.0,-29735000.0,3067099000.0,0.0,3266066000.0,-5546975000.0,-3670490000.0,2218991000.0,0.0,-186405000.0,-186405000.0,-186405000.0,2210000.0,0.0,-0.145,1027263000.0,259942000.0,3331941000.0,0.0,1.167,-9.423,-9.346,370944000.0,0.0,48.6,1.365,1.341,1421766000.0,-433492000.0,1287205000.0,1287205000.0,0.0,-0.01,-0.128,-0.002,-0.041,8712000.0,614322000.0,1.0,36143196.0,35509000,36105100.0,36.25,20912889000.0,0.0,86509000.0,0.0,588.946,
71,ETFC,MRT,2002-09-30,2002-09-30,2002-09-30,2020-08-05,-227501000.0,18250956000.0,18315044250.0,,,0.072,40.742,-105618000.0,2681464000.0,2681464000.0,0.0,-195166000.0,,11.392,5110951000.0,,,5110951000.0,0.0,393328000.0,8245161000.0,0.0,0.0,-59537000.0,333791000.0,0.252,333791000.0,-59537000.0,-109141000.0,-5.5,-5.5,-5.5,1465250000.0,1467791250.0,1465250000.0,5678646940.0,-95.0,17.013,-350694000.0,-9.751,1.0,1321988000.0,1.0,485655000.0,49604000.0,20194788000.0,20812641500.0,0.0,12294229000.0,,,16691847000.0,,,1626230940.0,-2987000.0,-7770000.0,-197209000.0,876993000.0,0.0,770620000.0,-528531000.0,-616389000.0,-245076000.0,0.0,-195166000.0,-195166000.0,-195166000.0,0.0,0.0,-0.148,1112987000.0,209001000.0,3335735000.0,0.0,1.11,-8.333,-8.091,389256000.0,0.0,44.5,1.23,1.211,1842371000.0,-469600000.0,1321988000.0,1321988000.0,65209000.0,-0.011,-0.133,-0.003,-0.045,16608000.0,428007000.0,1.0,36544516.0,35964000,36338000.0,36.759,17765301000.0,0.0,86025000.0,0.0,493.975,
72,ETFC,MRT,2002-06-30,2002-06-30,2002-06-30,2020-08-05,-197006000.0,18826917000.0,18259682750.0,,,0.07,42.018,-132211000.0,1746772000.0,1746772000.0,0.0,-459581000.0,,11.497,5799188000.0,,,5799188000.0,0.0,227998000.0,8334718000.0,0.0,0.0,-357496000.0,-129498000.0,-0.101,-129498000.0,-357496000.0,-410570000.0,-13.3,-13.3,-13.3,1499044000.0,1474959000.0,1499044000.0,4180730567.0,-12.0,-32.284,655209000.0,18.366,1.0,1284543000.0,1.0,493943000.0,53074000.0,22385390000.0,20747428500.0,0.0,13708172000.0,,,17234084000.0,,,1939886567.0,152608000.0,-7770000.0,-232984000.0,1255120000.0,0.0,1580661000.0,-2215473000.0,-2141104000.0,787420000.0,0.0,-459581000.0,-459581000.0,-459581000.0,0.0,0.0,-0.358,1361745000.0,-77202000.0,3100178000.0,0.0,1.294,-4.221,-4.105,399011000.0,0.0,54.6,1.51,1.516,1888055000.0,-490278000.0,1284543000.0,1284543000.0,72563000.0,-0.025,-0.312,-0.017,-0.278,14183000.0,441369000.0,1.0,35529058.0,35676000,36249800.0,36.006,18332974000.0,0.0,49011000.0,0.0,513.874,
73,ETFC,MRT,2002-03-31,2002-03-31,2002-03-31,2020-08-05,-211712000.0,18009890000.0,18377996250.0,,,0.069,38.506,-80841000.0,1873661000.0,1873661000.0,0.0,-502566000.0,,12.429,4114505000.0,,,4114505000.0,0.0,174169000.0,8986184000.0,0.0,0.0,-437712000.0,-263543000.0,-0.206,-263543000.0,-437712000.0,-491742000.0,-14.5,-14.5,-14.5,1335957000.0,1550199000.0,1335957000.0,5875677172.0,-13.0,-22.295,377285000.0,10.874,1.0,1276660000.0,1.0,392281000.0,54030000.0,19858453000.0,20957823000.0,0.0,12498567000.0,,,16604403000.0,,,3490917172.0,670224000.0,-7770000.0,-213870000.0,-320568000.0,0.0,1488183000.0,-1276085000.0,-1259163000.0,458126000.0,0.0,-502566000.0,-502566000.0,-502566000.0,0.0,0.0,-0.394,1420677000.0,-144017000.0,3503714000.0,0.0,2.613,-6.946,-6.497,410229000.0,0.0,94.2,2.734,2.56,2120687000.0,-523068000.0,1276660000.0,1276660000.0,80940000.0,-0.027,-0.324,-0.021,-0.343,9142000.0,458828000.0,1.0,37058569.0,34695000,35695800.0,36.797,17617609000.0,0.0,10824000.0,0.0,507.785,
74,ETFC,MRT,2001-12-31,2001-12-31,2001-12-31,2020-08-05,-197377000.0,18172414000.0,18479407500.0,,,0.069,47.264,-129692000.0,1600930000.0,1600930000.0,0.0,-241532000.0,,10.524,4930690000.0,,,4930690000.0,0.0,179126000.0,8082859000.0,0.0,0.0,-208555000.0,-29429000.0,-0.023,-29429000.0,-208555000.0,-261417000.0,-7.3,-7.3,-7.3,1570914000.0,1646982750.0,1570914000.0,6183263292.0,-30.0,-210.108,-355210000.0,-10.687,1.0,1275364000.0,1.0,690239000.0,52862000.0,20811935000.0,21581131250.0,0.0,12911843000.0,,,16531997000.0,,,3798503292.0,379323000.0,-7770000.0,-209417000.0,-167761000.0,0.0,1878518000.0,-1273677000.0,-1137803000.0,-225518000.0,0.0,-241532000.0,-241532000.0,-241532000.0,0.0,0.0,-0.189,1461322000.0,-185958000.0,3265106000.0,0.0,2.418,-15.727,-14.041,331724000.0,0.0,102.5,2.978,2.671,2139153000.0,-247087000.0,1275364000.0,1275364000.0,88717000.0,-0.013,-0.147,-0.01,-0.164,9142000.0,489775000.0,1.0,37058569.0,33237000,33237000.0,38.372,17482175000.0,0.0,-19885000.0,0.0,525.985,
75,ETFC,MRT,2001-09-30,2001-09-30,2001-09-30,2020-08-05,-160119000.0,18029510000.0,18371581500.0,,,0.069,44.4,-184652000.0,2049408000.0,2049408000.0,0.0,-261782000.0,,11.032,4434168000.0,,,4434168000.0,0.0,25041000.0,8027993000.0,0.0,0.0,-254750000.0,-229709000.0,-0.182,-229709000.0,-254750000.0,-305245000.0,-7.8,-7.8,-7.8,1493921000.0,1690766250.0,1493921000.0,6470685704.0,-25.0,-28.169,869819000.0,25.851,1.0,1263686000.0,1.0,480334000.0,50495000.0,19933936000.0,21939078000.0,0.0,11683589000.0,,,16480611000.0,,,2051661704.0,1326798000.0,-1202000.0,-40335000.0,311734000.0,0.0,3489935000.0,-3217608000.0,-2960166000.0,1054471000.0,0.0,-261782000.0,-261782000.0,-261782000.0,0.0,0.0,-0.207,1465210000.0,-201524000.0,4018450000.0,0.0,1.373,-7.837,-7.756,332906000.0,0.0,60.5,1.624,1.611,2723398000.0,-268690000.0,1263686000.0,1263686000.0,95744000.0,-0.014,-0.155,-0.012,-0.202,0.0,532604000.0,1.0,33911764.0,33646900,33646900.0,37.557,17549176000.0,0.0,-43463000.0,0.0,521.569,
76,ETFC,MRT,2001-06-30,2001-06-30,2001-06-30,2020-08-05,-123758000.0,19300171000.0,18193563250.0,,,0.073,55.979,-208027000.0,358863000.0,358863000.0,0.0,23397000.0,,9.705,4777887000.0,,,4777887000.0,0.0,191912000.0,7687006000.0,0.0,0.0,135870000.0,327782000.0,0.246,327782000.0,135870000.0,86615000.0,0.8,0.8,0.8,1800004000.0,1781494250.0,1800004000.0,6452389015.0,47.0,19.685,48079000.0,1.495,1.0,1334431000.0,1.0,492227000.0,49255000.0,23226968000.0,22069352000.0,0.0,12991044000.0,,,17469388000.0,,,2059425015.0,542179000.0,-1922000.0,25899000.0,1267961000.0,0.0,4710624000.0,-4424551000.0,-4256773000.0,256106000.0,0.0,23397000.0,23397000.0,23397000.0,0.0,0.0,0.018,1315229000.0,19202000.0,5004495000.0,0.0,1.144,88.021,80.625,414399000.0,0.0,64.5,1.543,1.554,4335405000.0,-24953000.0,1334431000.0,1334431000.0,106743000.0,0.001,0.013,0.006,0.102,0.0,593327000.0,1.0,31929070.0,32155000,32155000.0,41.5,18807944000.0,0.0,63218000.0,0.0,584.915,
77,ETFC,MRT,2001-03-31,2001-03-31,2001-03-31,2020-08-05,-139195000.0,18415535000.0,17091669750.0,,,0.08,54.315,-230627000.0,290462000.0,290462000.0,0.0,37809000.0,,9.67,4683426000.0,,,4683426000.0,0.0,164256000.0,6862630000.0,0.0,0.0,169094000.0,333350000.0,0.244,333350000.0,169094000.0,121578000.0,1.2,1.2,1.2,1723092000.0,1796389750.0,1723092000.0,7141897403.0,42.0,21.425,-140195000.0,-4.419,1.0,1364548000.0,1.0,456813000.0,47516000.0,22351686000.0,20678458500.0,0.0,12037930000.0,,,16661680000.0,,,2197301403.0,-95855000.0,-492846000.0,39478000.0,1445981000.0,0.0,4765834000.0,-4952121000.0,-4249985000.0,90432000.0,0.0,37809000.0,37809000.0,37809000.0,0.0,0.0,0.028,1354434000.0,10114000.0,5115624000.0,0.0,1.275,58.116,58.167,425587000.0,0.0,69.8,1.61,1.623,4562003000.0,-14758000.0,1364548000.0,1364548000.0,117115000.0,0.002,0.021,0.008,0.124,0.0,645534000.0,1.0,31479963.0,31724200,31724200.0,43.013,17958722000.0,0.0,83769000.0,0.0,566.089,
78,ETFC,MRT,2000-12-31,2000-12-31,2000-12-31,2020-08-05,-57902000.0,17741110000.0,16415257500.0,,,0.088,56.069,-215823000.0,334757000.0,334757000.0,0.0,21546000.0,,9.143,5279353000.0,,,5279353000.0,0.0,122679000.0,5750209000.0,0.0,0.0,153055000.0,275734000.0,0.19,275734000.0,153055000.0,109639000.0,0.6,0.6,0.6,1746048000.0,1831137750.0,1746048000.0,6142300558.0,40.0,22.276,-175075000.0,-5.622,1.0,1451667000.0,1.0,441984000.0,43416000.0,22243722000.0,19568760750.0,0.0,11449318000.0,,,15964315000.0,,,2262605558.0,16957000.0,-1124649000.0,49910000.0,3428262000.0,0.0,6225954000.0,-6249745000.0,-4915162000.0,40748000.0,0.0,21546000.0,21546000.0,21546000.0,0.0,0.0,0.015,1469745000.0,-18078000.0,4934753000.0,0.0,1.296,105.013,123.0,368355000.0,0.0,73.8,1.559,1.583,4639078000.0,-5555000.0,1451667000.0,1451667000.0,138169000.0,0.001,0.012,0.008,0.105,0.0,724750000.0,1.0,30658612.0,31141300,32143000.0,46.615,17299126000.0,0.0,88093000.0,0.0,555.504,
79,ETFC,MRT,2000-09-30,2000-09-30,2000-09-30,2020-08-05,66722000.0,17317437000.0,14914639250.0,,,0.092,61.5,-184449000.0,559239000.0,559239000.0,0.0,19152000.0,,8.31,4181000000.0,,,4181000000.0,0.0,97638000.0,4721801000.0,0.0,0.0,134165000.0,231803000.0,0.169,231803000.0,134165000.0,104630000.0,0.6,0.6,0.6,1856833000.0,1882035000.0,1856833000.0,8173182216.0,61.0,35.259,-323141000.0,-10.703,1.0,1368318000.0,1.0,484166000.0,29535000.0,20455032000.0,17039115750.0,0.0,9088591000.0,,,15429957000.0,,,4930490216.0,166304000.0,-32490000.0,20117000.0,2917072000.0,0.0,5342028000.0,-5037032000.0,-4736102000.0,-138692000.0,0.0,19152000.0,19152000.0,19152000.0,0.0,0.0,0.014,1448644000.0,-80326000.0,6527156000.0,0.0,2.655,257.44,274.0,334262000.0,0.0,164.4,3.603,3.628,6542508000.0,-6908000.0,1368318000.0,1368318000.0,142914000.0,0.001,0.01,0.008,0.098,0.0,730968000.0,1.0,29990816.0,30192600,31933600.0,45.32,16833271000.0,0.0,85478000.0,0.0,557.53,
80,ETFC,MRT,2000-06-30,2000-06-30,2000-06-30,2020-08-05,160944000.0,14892597000.0,12593323500.0,,,0.098,61.399,-210387000.0,265308000.0,265308000.0,0.0,-59164000.0,,6.992,3508000000.0,,,3508000000.0,0.0,34307000.0,3987954000.0,0.0,0.0,-44967000.0,-10660000.0,-0.009,-10660000.0,-44967000.0,-76509000.0,-2.1,-2.1,-2.1,1859586000.0,1780775500.0,1859586000.0,7398557733.0,-165.0,-694.049,-513809000.0,-16.965,1.0,1231890000.0,1.0,471895000.0,31542000.0,17663394000.0,14175602000.0,0.0,7848231000.0,,,13002380000.0,,,4813249733.0,139724000.0,-1420733000.0,105177000.0,2534810000.0,0.0,4835132000.0,-4391986000.0,-2679891000.0,-303422000.0,0.0,-59164000.0,-58984000.0,-58984000.0,0.0,0.0,-0.048,1377915000.0,-146025000.0,5506426000.0,0.0,2.588,-81.603,-78.571,263692000.0,-180000.0,165.0,3.907,4.057,5657869000.0,-30654000.0,1231890000.0,1231890000.0,143878000.0,-0.005,-0.033,-0.003,-0.037,0.0,700856000.0,1.0,29171211.0,30287000,31873100.0,40.674,14420702000.0,0.0,-17345000.0,0.0,476.135,
81,ETFC,MRT,2000-03-31,2000-03-31,2000-03-31,2020-08-05,267636000.0,15709886000.0,9828341750.0,,,0.11,62.481,-205544000.0,638291000.0,638291000.0,0.0,-87127000.0,,7.42,3223599000.0,,,3223599000.0,0.0,34307000.0,3292931000.0,0.0,0.0,-107234000.0,-72927000.0,-0.068,-72927000.0,-107234000.0,-124598000.0,-3.1,-3.1,-3.1,1862084000.0,1563180500.0,1862084000.0,7939433960.0,-74.0,-108.868,-483794000.0,-16.233,1.0,1080016000.0,1.0,382299000.0,17364000.0,17912895000.0,10709296000.0,0.0,7096507000.0,,,13817187000.0,,,8707553960.0,401536000.0,-929809000.0,466347000.0,2213897000.0,0.0,4489207000.0,-3809421000.0,-2624233000.0,-278250000.0,0.0,-87127000.0,-87007000.0,-87007000.0,0.0,0.0,-0.081,1269459000.0,-189443000.0,7300657000.0,0.0,4.676,-100.079,-97.161,225094000.0,-120000.0,301.2,8.062,8.311,7016255000.0,-36344000.0,1080016000.0,1080016000.0,130745000.0,-0.009,-0.056,-0.01,-0.099,0.0,655702000.0,1.0,28909542.0,29802600,29802600.0,36.239,15327587000.0,0.0,-37471000.0,0.0,514.304,
82,ETFC,MRT,1999-12-31,1999-12-31,1999-12-31,2020-08-05,350451000.0,11738637000.0,6729093250.0,5320154000.0,1374113000.0,0.123,66.949,-184807000.0,1108451000.0,1108451000.0,0.0,-53093000.0,,5.005,1867943000.0,,,1867943000.0,0.0,34307000.0,2714204000.0,0.0,0.0,-71112000.0,-36805000.0,-0.045,-36805000.0,-71112000.0,-76594000.0,-1.9,-1.9,-1.9,1949637000.0,1340103000.0,1949637000.0,6195381192.0,-87.0,-168.33,-319423000.0,-10.969,1.0,825091000.0,1.0,372987000.0,5482000.0,12125142000.0,7045630750.0,0.0,5534388000.0,103921000.0,781013000.0,9758400000.0,,,6384615192.0,343297000.0,-297711000.0,460674000.0,985758000.0,0.0,2873468000.0,-2395555000.0,-1877076000.0,-134616000.0,0.0,-53093000.0,-53033000.0,-53033000.0,0.0,0.0,-0.064,1012739000.0,-187648000.0,5176253000.0,0.0,3.275,-120.389,-137.474,194351000.0,-60000.0,261.2,7.738,9.219,4243618000.0,-13155000.0,825091000.0,825091000.0,102666000.0,-0.008,-0.04,-0.01,-0.086,0.0,525434000.0,1.0,24443397.0,29121400,,28.333,11365650000.0,0.0,-23501000.0,0.0,390.285,
83,ETFC,MRT,1999-09-30,1999-09-30,1999-09-30,2020-08-05,157893000.0,8032174000.0,4354813500.0,3332947000.0,594033000.0,0.154,53.212,-154073000.0,280117000.0,280117000.0,0.0,-56769000.0,,4.512,1267474000.0,,,1267474000.0,0.0,34307000.0,2162682000.0,0.0,0.0,-87986000.0,-53679000.0,-0.08,-53679000.0,-87986000.0,-88057000.0,-2.1,-2.1,-2.1,1451795000.0,1034386250.0,1451795000.0,5477394427.0,-62.0,-102.04,-130305000.0,-4.776,1.0,671448000.0,1.0,18554000.0,71000.0,9000977000.0,4561555000.0,0.0,4409391000.0,189145000.0,424293000.0,6549795000.0,,,5511894427.0,190664000.0,0.0,455282000.0,579732000.0,0.0,1999995000.0,-1833099000.0,-1692900000.0,23768000.0,0.0,-56769000.0,-56769000.0,-56769000.0,0.0,0.0,-0.085,820641000.0,-149193000.0,3119639000.0,0.0,3.797,-97.093,-111.905,181675000.0,0.0,235.0,8.209,9.549,2982076000.0,-26060000.0,671448000.0,671448000.0,79935000.0,-0.013,-0.055,-0.019,-0.131,0.0,428275000.0,1.0,23454870.0,27283200,27283200.0,24.61,8013620000.0,0.0,-31288000.0,0.0,293.72,
84,ETFC,MRT,1999-06-30,1999-06-30,1999-06-30,2020-08-05,267080000.0,3832670000.0,3434000750.0,3173140000.0,659530000.0,0.19,36.465,-94174000.0,34500000.0,34500000.0,0.0,-40827000.0,,2.874,0.0,,,0.0,0.0,8434000.0,0.0,0.0,0.0,-78195000.0,-69761000.0,-0.107,-69761000.0,-78195000.0,-64895000.0,-2.0,-1.9,-2.0,989206000.0,883398750.0,989206000.0,9260718025.0,-118.0,-132.749,-91128000.0,-3.359,1.0,651998000.0,1.0,0.0,-13300000.0,3798170000.0,3600641750.0,0.0,836189000.0,280047000.0,556142000.0,2843464000.0,,,9315376025.0,33725000.0,10347000.0,880189000.0,680020000.0,0.0,2499446000.0,-2468767000.0,-2397320000.0,3046000.0,0.0,-40827000.0,-41007000.0,-41007000.0,0.0,0.0,-0.063,777007000.0,-125009000.0,2843464000.0,0.0,9.417,-227.166,-199.7,97585000.0,180000.0,399.4,14.287,16.618,2830439000.0,-17905000.0,651998000.0,651998000.0,65605000.0,-0.012,-0.046,-0.022,-0.12,0.0,430488000.0,1.0,23323425.0,27127600,,24.034,3832670000.0,0.0,-24068000.0,0.0,141.283,
85,ETFC,MRT,1999-03-31,1999-03-31,1999-03-31,2020-08-05,234275000.0,3312892000.0,2826778750.0,2758934000.0,553958000.0,0.188,42.165,-57129000.0,54658000.0,54658000.0,0.0,-11940000.0,,2.416,0.0,,,0.0,0.0,11501000.0,0.0,0.0,0.0,-30421000.0,-18920000.0,-0.036,-18920000.0,-30421000.0,-20279000.0,-0.8,-0.7,-0.8,969774000.0,711522750.0,969774000.0,6652813271.0,-219.0,-351.629,29283000.0,1.273,1.0,532060000.0,1.0,0.0,-10142000.0,3258234000.0,2996439250.0,0.0,891235000.0,409192000.0,482043000.0,2343118000.0,,,6705492271.0,-81174000.0,10347000.0,496299000.0,722938000.0,0.0,1869196000.0,-2036782000.0,-1986909000.0,86412000.0,0.0,-11940000.0,-12060000.0,-12060000.0,0.0,0.0,-0.023,603380000.0,-71320000.0,2343118000.0,0.0,6.914,-556.011,-364.438,65722000.0,120000.0,291.55,12.603,12.603,2276014000.0,6311000.0,532060000.0,532060000.0,52243000.0,-0.004,-0.017,-0.01,-0.057,0.0,326891000.0,1.0,22999459.0,22999459,,23.134,3312892000.0,0.0,-8339000.0,0.0,144.042,
86,ETFC,MRT,1998-12-31,1998-12-31,1998-12-31,2020-08-05,39830000.0,2241518000.0,2329154250.0,2073542000.0,167976000.0,0.183,28.185,-40056000.0,52679000.0,52679000.0,0.0,-16320000.0,,2.084,0.0,,,0.0,0.0,13883000.0,0.0,0.0,0.0,-32138000.0,-18255000.0,-0.043,-18255000.0,-32138000.0,-26750000.0,-0.8,-0.8,-0.8,726770000.0,542728500.0,726770000.0,2628599954.0,-82.0,-143.993,96022000.0,3.724,1.0,426416000.0,1.0,0.0,-5388000.0,2188839000.0,2495358000.0,0.0,590831000.0,486653000.0,104178000.0,1514748000.0,,,2655433954.0,-38507000.0,10052000.0,482065000.0,586460000.0,0.0,1520549000.0,-1695134000.0,-1662108000.0,136078000.0,0.0,-16320000.0,-16380000.0,-16380000.0,0.0,0.0,-0.038,467116000.0,-40700000.0,1514748000.0,0.0,3.654,-162.114,-146.188,46054000.0,60000.0,116.95,6.227,7.072,1517427000.0,664000.0,426416000.0,426416000.0,44342000.0,-0.007,-0.03,-0.013,-0.075,0.0,240372000.0,1.0,22705720.0,25786000,25786000.0,16.537,2241518000.0,0.0,-10430000.0,0.0,86.928,
87,ETFC,MRT,1998-09-30,1998-09-30,1998-09-30,2020-08-05,14635000.0,4348923000.0,2063244000.0,1944844000.0,121442000.0,0.175,43.468,-39572000.0,78717000.0,78717000.0,0.0,-402000.0,,4.084,906790000.0,,,906790000.0,0.0,15873000.0,1209470000.0,0.0,0.0,1502000.0,17375000.0,0.048,17375000.0,1502000.0,1481000.0,-0.1,-0.1,-0.1,847845000.0,432737250.0,847845000.0,741716426.0,494.0,42.689,8422000.0,0.432,1.0,361005000.0,1.0,19672000.0,21000.0,5157324000.0,2227589750.0,0.0,2729110000.0,502534000.0,59276000.0,3462693000.0,,,764138426.0,-68343000.0,6847000.0,481348000.0,397267000.0,0.0,1240909000.0,-1357246000.0,-1321234000.0,47994000.0,0.0,-402000.0,-402000.0,-402000.0,0.0,0.0,-0.001,368666000.0,-7661000.0,1346433000.0,0.0,0.901,-1900.842,-467.25,54805000.0,0.0,46.725,2.117,2.525,1365247000.0,44605000.0,361005000.0,361005000.0,36203000.0,0.0,-0.001,0.001,0.004,0.0,177487000.0,1.0,16353952.0,19505100,19505100.0,18.508,4329251000.0,0.0,1883000.0,0.0,221.955,
88,ETFC,MRT,1998-06-30,1998-06-30,1998-06-30,2020-08-05,93000.0,1403782000.0,1224868750.0,1342429000.0,61353000.0,0.27,19.197,-33062000.0,26422000.0,26422000.0,0.0,29343000.0,,3.653,4000000.0,,,4000000.0,0.0,8631000.0,0.0,0.0,0.0,42170000.0,50801000.0,0.154,50801000.0,42170000.0,45694000.0,1.8,1.6,1.8,301702000.0,291619500.0,301702000.0,832706270.0,20.0,16.392,-45722000.0,-2.909,1.0,330513000.0,1.0,0.0,-3524000.0,1381360000.0,1179905500.0,0.0,172417000.0,172417000.0,0.0,1102080000.0,,,901191270.0,90987000.0,-5236000.0,209746000.0,294653000.0,0.0,616648000.0,-513001000.0,-476266000.0,-12660000.0,0.0,29343000.0,28557000.0,28557000.0,0.0,0.0,0.086,285587000.0,44926000.0,1034430000.0,0.0,2.987,31.558,31.861,41176000.0,786000.0,57.35,2.727,2.727,1131081000.0,31768000.0,330513000.0,330513000.0,27779000.0,0.023,0.098,0.036,0.128,0.0,127338000.0,1.0,15713884.0,15716000,16684800.0,21.03,1403782000.0,0.0,16351000.0,0.0,89.322,
89,ETFC,MRT,1998-03-31,1998-03-31,1998-03-31,2020-08-05,96000.0,1322394000.0,,1277801000.0,44593000.0,,18.86,-24818000.0,68485000.0,68485000.0,0.0,27270000.0,,3.489,0.0,,,0.0,0.0,6434000.0,0.0,0.0,0.0,38652000.0,45086000.0,0.15,45086000.0,38652000.0,42176000.0,1.75,1.525,1.75,294597000.0,,294597000.0,911290054.0,24.0,20.212,-3708000.0,-0.237,1.0,301065000.0,1.0,0.0,-3524000.0,1253909000.0,,0.0,180301000.0,180301000.0,0.0,1027797000.0,,,971401054.0,127609000.0,-5236000.0,210445000.0,290566000.0,0.0,612394000.0,-505895000.0,-477404000.0,21110000.0,0.0,27270000.0,26484000.0,26484000.0,0.0,0.0,0.088,259657000.0,41408000.0,981464000.0,0.0,3.297,36.679,35.629,26472000.0,786000.0,62.35,3.227,3.235,1023288000.0,25208000.0,301065000.0,301065000.0,22983000.0,,,,0.128,0.0,114156000.0,1.0,15579808.0,15620000,16586000.0,19.274,1322394000.0,0.0,14906000.0,0.0,84.66,
90,ETFC,MRT,1997-12-31,1997-12-31,1997-12-31,2020-08-05,58000.0,1177877000.0,,1142296000.0,35581000.0,,17.835,-19316000.0,65861000.0,65861000.0,0.0,26136000.0,,3.107,5750000.0,,,5750000.0,0.0,4828000.0,0.0,0.0,0.0,36603000.0,41431000.0,0.149,41431000.0,36603000.0,40127000.0,1.7,1.55,1.7,286805000.0,,286805000.0,,,,-39523000.0,-2.458,1.0,277135000.0,1.0,0.0,-3524000.0,1117766000.0,,0.0,193446000.0,193446000.0,0.0,891072000.0,,,895838983.0,83103000.0,-5236000.0,209113000.0,290566000.0,0.0,611928000.0,-508618000.0,-485629000.0,-20207000.0,0.0,26136000.0,25350000.0,25350000.0,0.0,0.0,0.091,237776000.0,39359000.0,860377000.0,0.0,3.124,35.339,33.824,20723000.0,786000.0,57.5,3.233,3.337,877664000.0,19090000.0,277135000.0,277135000.0,17838000.0,,,,0.132,0.0,109480000.0,1.0,15579808.0,16081200,17345200.0,17.233,1177877000.0,0.0,13991000.0,0.0,73.246,
91,ETFC,MRT,1997-09-30,1997-09-30,1997-09-30,2020-08-05,0.0,995422000.0,,961528000.0,33894000.0,,19.847,-16294000.0,38235000.0,38235000.0,0.0,23410000.0,,2.513,9400000.0,,,9400000.0,0.0,3371000.0,0.0,0.0,0.0,31673000.0,35044000.0,0.141,35044000.0,31673000.0,35197000.0,1.6,1.4,1.6,283374000.0,,283374000.0,,,,-32082000.0,-2.247,1.0,248152000.0,1.0,0.0,-3524000.0,966587000.0,,0.0,197477000.0,191958000.0,5519000.0,712048000.0,,,,95823000.0,-1736000.0,208009000.0,290556000.0,0.0,610712000.0,-499101000.0,-479487000.0,-15788000.0,0.0,23410000.0,22624000.0,22624000.0,0.0,0.0,0.091,213723000.0,34429000.0,681106000.0,0.0,,,73.438,19995000.0,786000.0,117.5,,6.76,727624000.0,16022000.0,248152000.0,248152000.0,13731000.0,,,,0.128,0.0,100680000.0,1.0,,14277600,16339600.0,17.381,995422000.0,0.0,11787000.0,0.0,69.719,
92,ETFC,MRT,1997-06-30,1997-06-30,1997-06-30,2020-08-05,,,,,,,,,,,,,,,,,,,,,,0.0,0.0,,,,,,,,,,,,,,,,,,1.0,,,,,,,,,,,,,,,,,,,,,,,,,,,,,,,,,,,,,,,,49.05,,,,,,,,,,,,,,1.0,,12325600,,,,,,,,
93,ETFC,MRT,1997-03-31,1997-03-31,1997-03-31,2020-08-05,,,,,,,,,,,,,,,,,,,,,,0.0,0.0,,,,,,,,,,,,,,,,,,1.0,,,,,,,,,,,,,,,,,,,,,,,,,,,,,,,,,,,,,,,,45.0,,,,,,,,,,,,,,1.0,,11976400,,,,,,,,
94,ETFC,MRT,1996-12-31,1996-12-31,1996-12-31,2020-08-05,,,,,,,,,,,,,,,,,,,,,,0.0,0.0,,,,,,,,,,,,,,,,,,1.0,,,,,,,,,,,,,,,,,,,,,,,,,,,,,,,,,,,,,,,,28.75,,,,,,,,,,,,,,1.0,,11800000,,,,,,,,
95,ETFC,MRT,1996-09-30,1996-09-30,1996-09-30,2020-08-05,,,,,,,,-9474000.0,,,0.0,1167000.0,,,,,,,,901000.0,,0.0,0.0,612000.0,1513000.0,0.024,1513000.0,612000.0,612000.0,0.1,0.1,0.1,,,,,,,-16236000.0,-2.067,1.0,62520000.0,1.0,,0.0,,,,,,,,,,,4871000.0,0.0,46825000.0,0.0,-518000.0,58066000.0,-46433000.0,-36959000.0,-6762000.0,0.0,1167000.0,1167000.0,1167000.0,0.0,0.0,0.019,61908000.0,612000.0,,0.0,,,329.75,,0.0,32.975,,4.144,,,62520000.0,62520000.0,4699000.0,,,,0.01,0.0,19182000.0,1.0,,7856400,11972800.0,7.958,,,-555000.0,,,
