None,ticker,dimension,calendardate,datekey,reportperiod,lastupdated,accoci,assets,assetsavg,assetsc,assetsnc,assetturnover,bvps,capex,cashneq,cashnequsd,cor,consolinc,currentratio,de,debt,debtc,debtnc,debtusd,deferredrev,depamor,deposits,divyield,dps,ebit,ebitda,ebitdamargin,ebitdausd,ebitusd,ebt,eps,epsdil,epsusd,equity,equityavg,equityusd,ev,evebit,evebitda,fcf,fcfps,fxusd,gp,grossmargin,intangibles,intexp,invcap,invcapavg,inventory,investments,investmentsc,investmentsnc,liabilities,liabilitiesc,liabilitiesnc,marketcap,ncf,ncfbus,ncfcommon,ncfdebt,ncfdiv,ncff,ncfi,ncfinv,ncfo,ncfx,netinc,netinccmn,netinccmnusd,netincdis,netincnci,netmargin,opex,opinc,payables,payoutratio,pb,pe,pe1,ppnenet,prefdivis,price,ps,ps1,receivables,retearn,revenue,revenueusd,rnd,roa,roe,roic,ros,sbcomp,sgna,sharefactor,sharesbas,shareswa,shareswadil,sps,tangibles,taxassets,taxexp,taxliabilities,tbvps,workingcapital
0,SRE,MRY,2020-12-31,2020-12-31,2020-12-31,2021-08-05,-500000000.0,66623000000.0,67630750000.0,4511000000.0,62112000000.0,0.168,80.298,-4676000000.0,985000000.0,985000000.0,6328000000.0,4105000000.0,0.66,1.784,24206000000.0,2425000000.0,21781000000.0,24206000000.0,0.0,1666000000.0,0.0,0.033,4.18,5263000000.0,6929000000.0,0.609,6929000000.0,5263000000.0,4182000000.0,12.93,12.88,12.93,23373000000.0,22581000000.0,23373000000.0,58639993788.0,11.0,8.463,-2085000000.0,-7.163,1.0,5042000000.0,0.443,1804000000.0,1081000000.0,81201000000.0,79732250000.0,308000000.0,14847000000.0,0.0,14847000000.0,41689000000.0,6839000000.0,34850000000.0,36753993788.0,768000000.0,-737000000.0,-555000000.0,-1572000000.0,-1174000000.0,-2373000000.0,553000000.0,761000000.0,2591000000.0,-3000000.0,3933000000.0,3764000000.0,3764000000.0,-1850000000.0,172000000.0,0.331,2520000000.0,2522000000.0,2343000000.0,0.323,1.572,9.765,9.854,40546000000.0,169000000.0,127.41,3.233,3.262,2781000000.0,13673000000.0,11370000000.0,11370000000.0,0.0,0.056,0.167,0.066,0.463,71000000.0,0.0,1.0,288470244.0,291077000.0,292252000.0,39.062,64819000000.0,249000000.0,249000000.0,2871000000.0,222.687,-2328000000.0
1,SRE,MRY,2019-12-31,2019-12-31,2019-12-31,2021-08-05,-939000000.0,65665000000.0,63648750000.0,3339000000.0,62326000000.0,0.17,71.712,-3708000000.0,142000000.0,142000000.0,6137000000.0,2362000000.0,0.365,2.201,25816000000.0,5031000000.0,20785000000.0,25816000000.0,0.0,1569000000.0,0.0,0.026,3.87,3590000000.0,5159000000.0,0.476,5159000000.0,3590000000.0,2513000000.0,7.4,7.29,7.4,19929000000.0,18333750000.0,19929000000.0,68770596385.0,19.0,13.33,-620000000.0,-2.231,1.0,4692000000.0,0.433,1815000000.0,1077000000.0,80374000000.0,78351750000.0,277000000.0,14704000000.0,0.0,14704000000.0,43860000000.0,9150000000.0,34710000000.0,42701596385.0,-29000000.0,-1810000000.0,1804000000.0,1285000000.0,-993000000.0,1475000000.0,-4593000000.0,9000000.0,3088000000.0,1000000.0,2198000000.0,2055000000.0,2055000000.0,-363000000.0,164000000.0,0.19,2045000000.0,2647000000.0,2128000000.0,0.523,2.143,20.779,20.47,37043000000.0,143000000.0,151.48,3.943,3.887,2490000000.0,11130000000.0,10829000000.0,10829000000.0,0.0,0.032,0.112,0.046,0.332,75000000.0,0.0,1.0,281895936.0,277904000.0,282033000.0,38.967,63850000000.0,267000000.0,315000000.0,2577000000.0,229.756,-5811000000.0
2,SRE,MRY,2018-12-31,2018-12-31,2018-12-31,2021-08-05,-764000000.0,60638000000.0,60408750000.0,3645000000.0,56993000000.0,0.167,63.931,-3544000000.0,158000000.0,158000000.0,6073000000.0,1126000000.0,0.485,2.415,24571000000.0,3668000000.0,20903000000.0,24571000000.0,0.0,1491000000.0,0.0,0.033,3.58,1887000000.0,3378000000.0,0.334,3378000000.0,1887000000.0,1001000000.0,3.45,3.42,3.45,17138000000.0,16356250000.0,17138000000.0,55015299418.0,29.0,16.286,-28000000.0,-0.104,1.0,4029000000.0,0.399,1826000000.0,886000000.0,75702000000.0,74894500000.0,258000000.0,12946000000.0,0.0,12946000000.0,41390000000.0,7523000000.0,33867000000.0,29607299418.0,-118000000.0,-10260000000.0,2251000000.0,5501000000.0,-877000000.0,8850000000.0,-12470000000.0,10000000.0,3516000000.0,-14000000.0,1050000000.0,924000000.0,924000000.0,-188000000.0,76000000.0,0.091,2572000000.0,1457000000.0,1825000000.0,1.038,1.728,32.043,31.359,34439000000.0,126000000.0,108.19,2.931,2.871,2216000000.0,10104000000.0,10102000000.0,10102000000.0,0.0,0.015,0.056,0.025,0.187,83000000.0,0.0,1.0,273660222.0,268072000.0,269852000.0,37.684,58812000000.0,201000000.0,-49000000.0,2345000000.0,219.389,-3878000000.0
3,SRE,MRY,2017-12-31,2017-12-31,2017-12-31,2021-08-05,-626000000.0,50454000000.0,49560750000.0,3341000000.0,47113000000.0,0.195,50.369,-3705000000.0,364000000.0,364000000.0,5721000000.0,351000000.0,0.504,2.787,19412000000.0,2967000000.0,16445000000.0,19412000000.0,0.0,1436000000.0,0.0,0.031,3.288,1817000000.0,3253000000.0,0.337,3253000000.0,1817000000.0,1195000000.0,1.02,1.01,1.02,12670000000.0,13132750000.0,12670000000.0,45329578860.0,25.0,13.935,-80000000.0,-0.318,1.0,3919000000.0,0.407,2993000000.0,622000000.0,59874000000.0,58255250000.0,307000000.0,3560000000.0,0.0,3560000000.0,35314000000.0,6635000000.0,28679000000.0,26866578860.0,-61000000.0,-765000000.0,32000000.0,1634000000.0,-755000000.0,1192000000.0,-4885000000.0,0.0,3625000000.0,7000000.0,257000000.0,256000000.0,256000000.0,31000000.0,94000000.0,0.027,1942000000.0,1977000000.0,1907000000.0,3.224,2.12,104.948,104.824,36503000000.0,1000000.0,106.92,2.787,2.79,2219000000.0,10147000000.0,9640000000.0,9640000000.0,0.0,0.005,0.019,0.031,0.188,82000000.0,0.0,1.0,251277393.0,251545000.0,252300000.0,38.323,47461000000.0,280000000.0,938000000.0,2795000000.0,188.678,-3294000000.0
4,SRE,MRY,2016-12-31,2016-12-31,2016-12-31,2021-08-05,-748000000.0,47786000000.0,44505500000.0,3110000000.0,44676000000.0,0.229,51.759,-4214000000.0,425000000.0,425000000.0,6830000000.0,1519000000.0,0.525,2.513,17121000000.0,2692000000.0,14429000000.0,17121000000.0,0.0,1312000000.0,158000000.0,0.034,3.395,2313000000.0,3625000000.0,0.356,3625000000.0,2313000000.0,1760000000.0,5.48,5.46,5.48,12951000000.0,12256000000.0,12951000000.0,41917136323.0,18.0,11.563,-1903000000.0,-7.605,1.0,3353000000.0,0.329,2912000000.0,553000000.0,55643000000.0,52512750000.0,258000000.0,3123000000.0,0.0,3123000000.0,32545000000.0,5927000000.0,26618000000.0,25166136323.0,-25000000.0,-755000000.0,-5000000.0,1586000000.0,-686000000.0,2502000000.0,-4835000000.0,25000000.0,2311000000.0,-3000000.0,1371000000.0,1370000000.0,1370000000.0,0.0,148000000.0,0.135,1757000000.0,1596000000.0,1806000000.0,0.62,1.943,18.369,18.365,32931000000.0,1000000.0,100.64,2.471,2.473,1781000000.0,10717000000.0,10183000000.0,10183000000.0,0.0,0.031,0.112,0.044,0.227,52000000.0,0.0,1.0,250060973.0,250217000.0,251155000.0,40.697,44874000000.0,277000000.0,389000000.0,3773000000.0,179.34,-2817000000.0
5,SRE,MRY,2015-12-31,2015-12-31,2015-12-31,2021-08-05,-806000000.0,41150000000.0,40318250000.0,2891000000.0,38259000000.0,0.254,47.569,-3156000000.0,450000000.0,450000000.0,6639000000.0,1448000000.0,0.627,2.419,14663000000.0,1529000000.0,13134000000.0,14663000000.0,0.0,1250000000.0,153000000.0,0.03,2.8,2252000000.0,3502000000.0,0.342,3502000000.0,2252000000.0,1691000000.0,5.43,5.37,5.43,11809000000.0,11655250000.0,11809000000.0,37376264310.0,17.0,10.673,-258000000.0,-1.039,1.0,3592000000.0,0.351,1223000000.0,561000000.0,49528000000.0,48598000000.0,298000000.0,3968000000.0,0.0,3968000000.0,28571000000.0,4612000000.0,23959000000.0,23334264310.0,-160000000.0,218000000.0,-22000000.0,516000000.0,-628000000.0,-176000000.0,-2868000000.0,61000000.0,2898000000.0,-14000000.0,1350000000.0,1349000000.0,1349000000.0,0.0,98000000.0,0.132,1586000000.0,2006000000.0,1592000000.0,0.516,1.976,17.297,17.313,28039000000.0,1000000.0,94.01,2.281,2.281,1665000000.0,9994000000.0,10231000000.0,10231000000.0,0.0,0.033,0.116,0.046,0.22,0.0,0.0,1.0,248210449.0,248249000.0,250923000.0,41.213,39927000000.0,150000000.0,341000000.0,3189000000.0,160.834,-1721000000.0
6,SRE,MRY,2014-12-31,2014-12-31,2014-12-31,2021-08-05,-497000000.0,39651000000.0,38606000000.0,4184000000.0,35467000000.0,0.286,46.061,-3123000000.0,610000000.0,610000000.0,7689000000.0,1262000000.0,0.825,2.433,14288000000.0,2202000000.0,12086000000.0,14288000000.0,0.0,1156000000.0,153000000.0,0.024,2.64,2016000000.0,3172000000.0,0.287,3172000000.0,2016000000.0,1462000000.0,4.72,4.63,4.72,11326000000.0,11223250000.0,11326000000.0,40653864320.0,20.0,12.816,-962000000.0,-3.912,1.0,3346000000.0,0.303,1346000000.0,554000000.0,46914000000.0,45890750000.0,396000000.0,3979000000.0,0.0,3979000000.0,27551000000.0,5069000000.0,22482000000.0,27418864320.0,-334000000.0,-258000000.0,18000000.0,1650000000.0,-598000000.0,854000000.0,-3342000000.0,1000000.0,2161000000.0,-7000000.0,1162000000.0,1161000000.0,1161000000.0,0.0,100000000.0,0.105,1508000000.0,1838000000.0,1637000000.0,0.559,2.421,23.617,23.593,25902000000.0,1000000.0,111.36,2.485,2.481,1620000000.0,9339000000.0,11035000000.0,11035000000.0,0.0,0.03,0.103,0.044,0.183,0.0,0.0,1.0,246218250.0,245891000.0,250655000.0,44.878,38305000000.0,350000000.0,300000000.0,3040000000.0,155.78,-885000000.0
7,SRE,MRY,2013-12-31,2013-12-31,2013-12-31,2021-08-05,-228000000.0,37244000000.0,37109500000.0,3997000000.0,33247000000.0,0.284,45.14,-2572000000.0,953000000.0,953000000.0,7186000000.0,1088000000.0,0.915,2.307,12945000000.0,1692000000.0,11253000000.0,12945000000.0,0.0,1113000000.0,154000000.0,0.028,2.52,1934000000.0,3047000000.0,0.289,3047000000.0,1934000000.0,1375000000.0,4.1,4.01,4.1,11008000000.0,10761000000.0,11008000000.0,33268336281.0,17.0,10.918,-788000000.0,-3.231,1.0,3371000000.0,0.319,1450000000.0,559000000.0,43417000000.0,42449000000.0,287000000.0,2609000000.0,0.0,2609000000.0,25394000000.0,4369000000.0,21025000000.0,21937336281.0,429000000.0,534000000.0,17000000.0,549000000.0,-606000000.0,338000000.0,-1689000000.0,388000000.0,1784000000.0,-4000000.0,1009000000.0,1001000000.0,1001000000.0,0.0,79000000.0,0.095,1687000000.0,1684000000.0,1486000000.0,0.615,1.993,21.915,21.893,25460000000.0,8000000.0,89.76,2.078,2.073,1540000000.0,8827000000.0,10557000000.0,10557000000.0,0.0,0.027,0.093,0.046,0.183,0.0,0.0,1.0,244399914.0,243863000.0,249332000.0,43.291,35794000000.0,386000000.0,366000000.0,2846000000.0,146.779,-372000000.0
8,SRE,MRY,2012-12-31,2012-12-31,2012-12-31,2021-08-05,-376000000.0,36499000000.0,35034000000.0,3695000000.0,32804000000.0,0.275,42.603,-2956000000.0,543000000.0,543000000.0,6646000000.0,920000000.0,0.868,2.511,12892000000.0,1271000000.0,11621000000.0,12892000000.0,0.0,1090000000.0,143000000.0,0.034,2.4,1417000000.0,2507000000.0,0.26,2507000000.0,1417000000.0,924000000.0,3.56,3.48,3.56,10282000000.0,10048750000.0,10282000000.0,29050958605.0,21.0,11.588,-938000000.0,-3.887,1.0,3001000000.0,0.311,1547000000.0,493000000.0,43043000000.0,40768250000.0,408000000.0,2424000000.0,0.0,2424000000.0,25816000000.0,4258000000.0,21558000000.0,17156958605.0,223000000.0,-371000000.0,62000000.0,1938000000.0,-550000000.0,1355000000.0,-3158000000.0,202000000.0,2018000000.0,8000000.0,865000000.0,859000000.0,859000000.0,0.0,55000000.0,0.089,1449000000.0,1552000000.0,1376000000.0,0.674,1.669,19.973,19.927,25191000000.0,6000000.0,70.94,1.778,1.775,1299000000.0,8441000000.0,9647000000.0,9647000000.0,0.0,0.025,0.085,0.035,0.147,0.0,0.0,1.0,241851686.0,241347000.0,246693000.0,39.971,34952000000.0,204000000.0,59000000.0,2146000000.0,144.821,-563000000.0
9,SRE,MRY,2011-12-31,2011-12-31,2011-12-31,2021-08-05,-489000000.0,33249000000.0,32099250000.0,2332000000.0,30917000000.0,0.313,40.777,-2844000000.0,298000000.0,298000000.0,6971000000.0,1381000000.0,0.562,2.36,10863000000.0,785000000.0,10078000000.0,10863000000.0,0.0,976000000.0,142000000.0,0.035,1.92,2198000000.0,3174000000.0,0.316,3174000000.0,2198000000.0,1733000000.0,5.55,5.51,5.55,9775000000.0,9542500000.0,9775000000.0,23209024100.0,11.0,7.312,-977000000.0,-4.076,1.0,3065000000.0,0.305,1484000000.0,465000000.0,38178000000.0,36642250000.0,346000000.0,2475000000.0,0.0,2475000000.0,23071000000.0,4152000000.0,18919000000.0,13190024100.0,-660000000.0,-941000000.0,10000000.0,1118000000.0,-440000000.0,534000000.0,-3070000000.0,64000000.0,1867000000.0,9000000.0,1339000000.0,1331000000.0,1331000000.0,0.0,42000000.0,0.133,1319000000.0,1746000000.0,1326000000.0,0.346,1.349,9.91,9.91,23465000000.0,8000000.0,55.0,1.314,1.314,1345000000.0,8162000000.0,10036000000.0,10036000000.0,0.0,0.041,0.139,0.06,0.219,0.0,0.0,1.0,239818620.0,239720000.0,241523000.0,41.866,31765000000.0,0.0,394000000.0,1747000000.0,132.509,-1820000000.0
10,SRE,MRY,2010-12-31,2010-12-31,2010-12-31,2021-08-05,-330000000.0,30283000000.0,29272500000.0,3353000000.0,26930000000.0,0.308,36.885,-2062000000.0,1070000000.0,1070000000.0,6282000000.0,703000000.0,0.886,2.331,9487000000.0,507000000.0,8980000000.0,9487000000.0,0.0,866000000.0,129000000.0,0.03,1.56,1288000000.0,2154000000.0,0.239,2154000000.0,1288000000.0,852000000.0,2.9,2.86,2.9,9027000000.0,9019750000.0,9027000000.0,20939084406.0,16.0,9.721,92000000.0,0.376,1.0,2721000000.0,0.302,540000000.0,436000000.0,34374000000.0,33149500000.0,258000000.0,3720000000.0,0.0,3720000000.0,21045000000.0,3786000000.0,17259000000.0,12598084406.0,802000000.0,-611000000.0,-462000000.0,788000000.0,-364000000.0,-69000000.0,-1283000000.0,675000000.0,2154000000.0,0.0,719000000.0,709000000.0,709000000.0,0.0,-16000000.0,0.079,1362000000.0,1359000000.0,1088000000.0,0.538,1.396,17.769,18.097,19876000000.0,10000000.0,52.48,1.399,1.427,1066000000.0,7329000000.0,9003000000.0,9003000000.0,0.0,0.024,0.079,0.039,0.143,0.0,0.0,1.0,240054962.0,244736000.0,247942000.0,36.787,29743000000.0,323000000.0,133000000.0,1611000000.0,121.531,-433000000.0
11,SRE,MRY,2009-12-31,2009-12-31,2009-12-31,2021-08-05,-369000000.0,28512000000.0,28040750000.0,2295000000.0,26217000000.0,0.289,37.014,-1912000000.0,145000000.0,145000000.0,5725000000.0,1122000000.0,0.59,2.138,8651000000.0,1191000000.0,7460000000.0,8651000000.0,0.0,775000000.0,145000000.0,0.028,1.56,1918000000.0,2693000000.0,0.332,2693000000.0,1918000000.0,1551000000.0,4.6,4.52,4.6,9007000000.0,8619000000.0,9007000000.0,21330871079.0,11.0,7.921,-37000000.0,-0.152,1.0,2381000000.0,0.294,524000000.0,367000000.0,32606000000.0,30519750000.0,197000000.0,5001000000.0,0.0,5001000000.0,19261000000.0,3888000000.0,15373000000.0,13795871079.0,-221000000.0,-889000000.0,51000000.0,957000000.0,-341000000.0,576000000.0,-2672000000.0,-14000000.0,1875000000.0,0.0,1129000000.0,1119000000.0,1119000000.0,0.0,-7000000.0,0.138,1207000000.0,1174000000.0,914000000.0,0.339,1.532,12.329,12.17,18281000000.0,10000000.0,55.98,1.702,1.68,1171000000.0,6971000000.0,8106000000.0,8106000000.0,0.0,0.04,0.13,0.063,0.237,0.0,0.0,1.0,246442856.0,243339000.0,247384000.0,33.312,27988000000.0,231000000.0,422000000.0,1372000000.0,115.016,-1593000000.0
12,SRE,MRY,2008-12-31,2008-12-31,2008-12-31,2021-08-05,-513000000.0,26400000000.0,25964500000.0,2476000000.0,23924000000.0,0.414,32.213,-2061000000.0,358000000.0,358000000.0,8416000000.0,1068000000.0,0.685,2.27,7457000000.0,913000000.0,6544000000.0,7457000000.0,0.0,687000000.0,170000000.0,0.032,1.37,1814000000.0,2501000000.0,0.232,2501000000.0,1814000000.0,1561000000.0,4.5,4.43,4.5,7969000000.0,8031750000.0,7969000000.0,16672975974.0,9.0,6.667,-870000000.0,-3.517,1.0,2342000000.0,0.218,539000000.0,253000000.0,29348000000.0,26726000000.0,320000000.0,4001000000.0,176000000.0,3825000000.0,18091000000.0,3612000000.0,14479000000.0,10385975974.0,-337000000.0,-320000000.0,-1000000000.0,2191000000.0,-339000000.0,858000000.0,-2386000000.0,18000000.0,1191000000.0,0.0,1123000000.0,1113000000.0,1113000000.0,0.0,-55000000.0,0.103,1002000000.0,1340000000.0,1152000000.0,0.304,1.303,9.332,9.473,16865000000.0,10000000.0,42.63,0.965,0.98,985000000.0,6235000000.0,10758000000.0,10758000000.0,0.0,0.043,0.139,0.068,0.169,0.0,0.0,1.0,243630682.0,247387000.0,251159000.0,43.487,25861000000.0,226000000.0,438000000.0,1003000000.0,104.537,-1136000000.0
13,SRE,MRY,2007-12-31,2007-12-31,2007-12-31,2021-08-05,-301000000.0,28717000000.0,28630000000.0,9964000000.0,18753000000.0,0.4,32.164,-2011000000.0,669000000.0,669000000.0,8784000000.0,1092000000.0,1.105,2.444,5624000000.0,1071000000.0,4553000000.0,5624000000.0,0.0,686000000.0,143000000.0,0.02,1.24,1905000000.0,2591000000.0,0.227,2591000000.0,1905000000.0,1633000000.0,4.24,4.16,4.24,8339000000.0,8029250000.0,8339000000.0,20818116207.0,11.0,8.035,87000000.0,0.336,1.0,2654000000.0,0.232,179000000.0,272000000.0,24473000000.0,23467750000.0,224000000.0,1982000000.0,0.0,1982000000.0,20378000000.0,9020000000.0,11358000000.0,16176116207.0,-281000000.0,-18000000.0,-145000000.0,144000000.0,-316000000.0,-306000000.0,-2073000000.0,-15000000.0,2098000000.0,0.0,1109000000.0,1099000000.0,1099000000.0,26000000.0,-17000000.0,0.096,975000000.0,1679000000.0,4135000000.0,0.292,1.94,14.719,14.594,14884000000.0,10000000.0,61.88,1.414,1.403,3793000000.0,5464000000.0,11438000000.0,11438000000.0,0.0,0.038,0.137,0.081,0.167,0.0,0.0,1.0,261411057.0,259269000.0,264004000.0,44.116,28538000000.0,346000000.0,524000000.0,592000000.0,110.071,944000000.0
14,SRE,MRY,2006-12-31,2006-12-31,2006-12-31,2021-08-05,-390000000.0,28949000000.0,28333000000.0,12016000000.0,16933000000.0,0.415,29.285,-1907000000.0,924000000.0,924000000.0,9045000000.0,1406000000.0,1.161,2.854,5458000000.0,0.0,5458000000.0,5458000000.0,0.0,657000000.0,0.0,0.021,1.2,2398000000.0,3055000000.0,0.26,3055000000.0,2398000000.0,2047000000.0,5.48,5.38,5.48,7511000000.0,7074250000.0,7511000000.0,18695202604.0,8.0,6.12,-278000000.0,-1.084,1.0,2716000000.0,0.231,0.0,351000000.0,23134000000.0,22454500000.0,215000000.0,1788000000.0,0.0,1788000000.0,21438000000.0,10349000000.0,11089000000.0,14692202604.0,151000000.0,-217000000.0,60000000.0,-502000000.0,-283000000.0,-612000000.0,-866000000.0,492000000.0,1629000000.0,0.0,1406000000.0,1406000000.0,1406000000.0,-315000000.0,0.0,0.12,931000000.0,1785000000.0,5105000000.0,0.219,1.956,10.45,10.226,13175000000.0,0.0,56.04,1.249,1.222,4082000000.0,4681000000.0,11761000000.0,11761000000.0,0.0,0.05,0.199,0.107,0.204,0.0,0.0,1.0,262173494.0,256477000.0,261368000.0,45.856,28949000000.0,270000000.0,641000000.0,488000000.0,112.872,1667000000.0
15,SRE,MRY,2005-12-31,2005-12-31,2005-12-31,2021-08-05,-358000000.0,29246000000.0,26547500000.0,13827000000.0,15419000000.0,0.434,25.05,-1377000000.0,781000000.0,781000000.0,9027000000.0,920000000.0,1.128,3.748,5956000000.0,0.0,5956000000.0,5956000000.0,0.0,626000000.0,0.0,0.026,1.16,1264000000.0,1890000000.0,0.164,1890000000.0,1264000000.0,954000000.0,3.74,3.65,3.74,6160000000.0,5703750000.0,6160000000.0,16076884391.0,13.0,8.506,-853000000.0,-3.469,1.0,2485000000.0,0.216,0.0,310000000.0,22168000000.0,20320750000.0,205000000.0,1729000000.0,0.0,1729000000.0,23086000000.0,12253000000.0,10833000000.0,11527884391.0,354000000.0,-86000000.0,599000000.0,892000000.0,-268000000.0,1017000000.0,-1187000000.0,36000000.0,524000000.0,0.0,920000000.0,920000000.0,920000000.0,-7000000.0,0.0,0.08,1396000000.0,1089000000.0,5823000000.0,0.31,1.871,12.53,11.989,11756000000.0,0.0,44.84,1.001,0.958,4536000000.0,3588000000.0,11512000000.0,11512000000.0,0.0,0.035,0.161,0.062,0.11,0.0,0.0,1.0,257089304.0,245906000.0,252088000.0,46.815,29246000000.0,134000000.0,34000000.0,373000000.0,118.932,1574000000.0
16,SRE,MRY,2004-12-31,2004-12-31,2004-12-31,2021-08-05,-365000000.0,23775000000.0,22426250000.0,8776000000.0,14999000000.0,0.412,21.312,-1065000000.0,419000000.0,419000000.0,6985000000.0,895000000.0,0.966,3.887,4995000000.0,0.0,4995000000.0,4995000000.0,0.0,603000000.0,0.0,0.027,1.0,1405000000.0,2008000000.0,0.217,2008000000.0,1405000000.0,1085000000.0,3.92,3.83,3.92,4865000000.0,4375000000.0,4865000000.0,13241713105.0,9.0,6.594,-56000000.0,-0.245,1.0,2249000000.0,0.244,0.0,320000000.0,19269000000.0,18687250000.0,172000000.0,1791000000.0,0.0,1791000000.0,18910000000.0,9082000000.0,9828000000.0,8560713105.0,10000000.0,-74000000.0,105000000.0,-285000000.0,-195000000.0,-389000000.0,-610000000.0,2000000.0,1009000000.0,0.0,895000000.0,895000000.0,895000000.0,20000000.0,0.0,0.097,977000000.0,1272000000.0,4798000000.0,0.255,1.76,9.565,9.357,11086000000.0,0.0,36.68,0.927,0.907,3684000000.0,2961000000.0,9234000000.0,9234000000.0,0.0,0.04,0.205,0.075,0.152,0.0,0.0,1.0,233389125.0,228271000.0,233852000.0,40.452,23775000000.0,15000000.0,190000000.0,685000000.0,104.153,-306000000.0
17,SRE,MRY,2003-12-31,2003-12-31,2003-12-31,2021-08-05,-401000000.0,21988000000.0,19350250000.0,7866000000.0,14122000000.0,0.408,18.372,-1049000000.0,409000000.0,409000000.0,5924000000.0,649000000.0,0.918,4.652,5302000000.0,0.0,5302000000.0,5302000000.0,0.0,615000000.0,0.0,0.033,1.0,1004000000.0,1619000000.0,0.205,1619000000.0,1004000000.0,696000000.0,3.07,3.03,3.07,3890000000.0,3255750000.0,3890000000.0,11290655843.0,11.0,6.974,136000000.0,0.642,1.0,1967000000.0,0.249,0.0,308000000.0,18312000000.0,16081500000.0,147000000.0,2068000000.0,0.0,2068000000.0,18098000000.0,8569000000.0,9529000000.0,6800655843.0,-18000000.0,-301000000.0,498000000.0,-219000000.0,-182000000.0,89000000.0,-1292000000.0,25000000.0,1185000000.0,0.0,649000000.0,649000000.0,649000000.0,0.0,0.0,0.082,1024000000.0,943000000.0,3542000000.0,0.326,1.748,10.479,9.792,10476000000.0,0.0,30.06,0.862,0.807,3279000000.0,2298000000.0,7891000000.0,7891000000.0,0.0,0.034,0.199,0.062,0.127,0.0,0.0,1.0,226236056.0,211740000.0,214482000.0,37.267,21988000000.0,0.0,47000000.0,819000000.0,103.844,-703000000.0
18,SRE,MRY,2002-12-31,2002-12-31,2002-12-31,2021-08-05,-439000000.0,20242000000.0,17951250000.0,7010000000.0,13232000000.0,0.337,13.78,-1214000000.0,455000000.0,455000000.0,4288000000.0,591000000.0,0.967,6.165,4934000000.0,851000000.0,4083000000.0,4934000000.0,0.0,596000000.0,0.0,0.042,1.0,1031000000.0,1627000000.0,0.269,1627000000.0,1031000000.0,737000000.0,2.88,2.87,2.88,2825000000.0,2735750000.0,2825000000.0,9169007798.0,9.0,5.636,227000000.0,1.107,1.0,1760000000.0,0.291,0.0,294000000.0,17474000000.0,15112750000.0,134000000.0,6871000000.0,5064000000.0,1807000000.0,17417000000.0,7247000000.0,10170000000.0,4845007798.0,-145000000.0,-511000000.0,-8000000.0,364000000.0,-201000000.0,137000000.0,-1723000000.0,11000000.0,1441000000.0,0.0,591000000.0,591000000.0,591000000.0,0.0,0.0,0.098,773000000.0,987000000.0,1039000000.0,0.347,1.715,8.198,8.212,9318000000.0,0.0,23.65,0.801,0.802,1023000000.0,1861000000.0,6048000000.0,6048000000.0,0.0,0.033,0.216,0.068,0.17,0.0,0.0,1.0,204862909.0,205003000.0,206062000.0,29.502,20242000000.0,20000000.0,146000000.0,912000000.0,98.74,-237000000.0
19,SRE,MRY,2001-12-31,2001-12-31,2001-12-31,2021-08-05,-242000000.0,15080000000.0,16393750000.0,4790000000.0,10290000000.0,0.472,13.222,-940000000.0,605000000.0,605000000.0,5964000000.0,518000000.0,0.875,4.602,4553000000.0,1117000000.0,3436000000.0,4553000000.0,0.0,579000000.0,0.0,0.041,1.0,1054000000.0,1633000000.0,0.211,1633000000.0,1054000000.0,731000000.0,2.54,2.52,2.54,2692000000.0,2697250000.0,2692000000.0,8715661014.0,8.0,5.337,-208000000.0,-1.022,1.0,1766000000.0,0.228,0.0,323000000.0,13556000000.0,13274250000.0,124000000.0,4435000000.0,2740000000.0,1695000000.0,12388000000.0,5472000000.0,6916000000.0,5086661014.0,-32000000.0,-168000000.0,40000000.0,304000000.0,-203000000.0,275000000.0,-1039000000.0,80000000.0,732000000.0,0.0,518000000.0,518000000.0,518000000.0,0.0,0.0,0.067,769000000.0,997000000.0,1107000000.0,0.394,1.89,9.82,9.665,6216000000.0,0.0,24.55,0.658,0.647,852000000.0,1475000000.0,7730000000.0,7730000000.0,0.0,0.032,0.192,0.079,0.136,0.0,0.0,1.0,207195968.0,203593000.0,205338000.0,37.968,15080000000.0,98000000.0,213000000.0,1012000000.0,74.069,-682000000.0
20,SRE,MRY,2000-12-31,2000-12-31,2000-12-31,2021-08-05,-49000000.0,15540000000.0,13580000000.0,6525000000.0,9015000000.0,0.498,11.981,-735000000.0,637000000.0,637000000.0,5133000000.0,429000000.0,0.871,5.231,4204000000.0,936000000.0,3268000000.0,4204000000.0,0.0,563000000.0,0.0,0.043,1.0,985000000.0,1548000000.0,0.229,1548000000.0,985000000.0,699000000.0,2.06,2.06,2.06,2494000000.0,2448000000.0,2494000000.0,8097843364.0,8.0,5.231,147000000.0,0.706,1.0,1627000000.0,0.241,0.0,286000000.0,11617000000.0,11168750000.0,342000000.0,1831000000.0,0.0,1831000000.0,13046000000.0,7490000000.0,5556000000.0,4754843364.0,150000000.0,-243000000.0,-713000000.0,1161000000.0,-244000000.0,192000000.0,-924000000.0,30000000.0,882000000.0,0.0,429000000.0,429000000.0,429000000.0,0.0,0.0,0.063,743000000.0,884000000.0,1403000000.0,0.485,1.907,11.084,11.286,5726000000.0,0.0,23.25,0.703,0.716,1207000000.0,1162000000.0,6760000000.0,6760000000.0,0.0,0.032,0.175,0.088,0.146,0.0,0.0,1.0,204509392.0,208155000.0,208345000.0,32.476,15540000000.0,24000000.0,270000000.0,963000000.0,74.656,-965000000.0
21,SRE,MRY,1999-12-31,1999-12-31,1999-12-31,2021-08-05,-39000000.0,11124000000.0,10875250000.0,3015000000.0,8109000000.0,0.493,12.586,-589000000.0,487000000.0,487000000.0,3537000000.0,394000000.0,0.932,2.725,3239000000.0,337000000.0,2902000000.0,3239000000.0,0.0,879000000.0,0.0,0.09,1.56,802000000.0,1681000000.0,0.314,1681000000.0,802000000.0,573000000.0,1.66,1.66,1.66,2986000000.0,2927750000.0,2986000000.0,6951301875.0,9.0,4.135,599000000.0,2.525,1.0,1823000000.0,0.34,0.0,229000000.0,10640000000.0,10597000000.0,147000000.0,1715000000.0,0.0,1715000000.0,8138000000.0,3236000000.0,4902000000.0,4177301875.0,63000000.0,-173000000.0,3000000.0,29000000.0,-368000000.0,-336000000.0,-789000000.0,0.0,1188000000.0,0.0,394000000.0,394000000.0,394000000.0,0.0,0.0,0.074,1060000000.0,763000000.0,700000000.0,0.94,1.399,10.602,10.47,5394000000.0,0.0,17.38,0.779,0.769,552000000.0,1101000000.0,5360000000.0,5360000000.0,0.0,0.036,0.135,0.076,0.15,0.0,0.0,1.0,240351086.0,237245000.0,237553000.0,22.593,11124000000.0,144000000.0,179000000.0,788000000.0,46.888,-221000000.0
22,SRE,MRY,1998-12-31,1998-12-31,1998-12-31,2021-08-05,0.0,10456000000.0,10606000000.0,2458000000.0,7998000000.0,0.471,12.321,-438000000.0,424000000.0,424000000.0,3244000000.0,294000000.0,0.997,2.589,3168000000.0,373000000.0,2795000000.0,3168000000.0,0.0,929000000.0,0.0,0.031,0.78,629000000.0,1558000000.0,0.312,1558000000.0,629000000.0,432000000.0,1.24,1.24,1.24,2913000000.0,2936000000.0,2913000000.0,8783557934.0,14.0,5.638,885000000.0,3.743,1.0,1752000000.0,0.351,0.0,197000000.0,10734000000.0,11132000000.0,151000000.0,1042000000.0,0.0,1042000000.0,7543000000.0,2466000000.0,5077000000.0,6091557934.0,-390000000.0,-191000000.0,34000000.0,-667000000.0,-325000000.0,-1034000000.0,-679000000.0,0.0,1323000000.0,0.0,294000000.0,294000000.0,294000000.0,0.0,0.0,0.059,1111000000.0,641000000.0,870000000.0,0.629,2.091,20.72,20.468,5441000000.0,0.0,25.38,1.219,1.201,745000000.0,1075000000.0,4996000000.0,4996000000.0,0.0,0.028,0.1,0.057,0.126,0.0,0.0,1.0,240014103.0,236423000.0,237124000.0,21.132,10456000000.0,93000000.0,138000000.0,808000000.0,44.226,-8000000.0
23,SRE,MRY,1997-12-31,1997-12-31,1997-12-31,2021-08-05,0.0,10756000000.0,,2761000000.0,7995000000.0,,,-397000000.0,814000000.0,814000000.0,3388000000.0,432000000.0,1.249,2.635,3799000000.0,624000000.0,3175000000.0,3799000000.0,0.0,604000000.0,0.0,,0.0,927000000.0,1531000000.0,0.299,1531000000.0,927000000.0,733000000.0,1.83,1.82,1.83,2959000000.0,,2959000000.0,,,,521000000.0,,1.0,1727000000.0,0.338,0.0,194000000.0,11530000000.0,,111000000.0,828000000.0,0.0,828000000.0,7797000000.0,2211000000.0,5586000000.0,,384000000.0,-206000000.0,-105000000.0,474000000.0,-301000000.0,68000000.0,-602000000.0,0.0,918000000.0,0.0,432000000.0,432000000.0,432000000.0,0.0,0.0,0.084,782000000.0,945000000.0,746000000.0,0.0,,,,5542000000.0,0.0,,,,835000000.0,1157000000.0,5115000000.0,5115000000.0,0.0,,,,0.181,0.0,0.0,1.0,,,,,10756000000.0,15000000.0,301000000.0,901000000.0,,550000000.0
24,SRE,MRY,1996-12-31,1996-12-31,1996-12-31,2021-08-05,,,,,,,,-413000000.0,,,2808000000.0,427000000.0,,,,,,,,587000000.0,,,0.0,927000000.0,1514000000.0,0.335,1514000000.0,927000000.0,727000000.0,1.77,1.77,1.77,,,,,,,751000000.0,,1.0,1716000000.0,0.379,,200000000.0,,,,,,,,,,,-17000000.0,-50000000.0,-16000000.0,-126000000.0,-300000000.0,-667000000.0,-514000000.0,0.0,1164000000.0,0.0,427000000.0,427000000.0,427000000.0,0.0,0.0,0.094,767000000.0,949000000.0,,0.0,,,,,0.0,,,,,,4524000000.0,4524000000.0,0.0,,,,0.205,0.0,0.0,1.0,,,,,,,300000000.0,,,
0,SRE,MRQ,2021-06-30,2021-06-30,2021-06-30,2021-08-05,-444000000.0,68608000000.0,,3760000000.0,64848000000.0,,82.687,-1243000000.0,371000000.0,371000000.0,1688000000.0,455000000.0,0.514,1.686,24863000000.0,2773000000.0,22090000000.0,24863000000.0,0.0,463000000.0,0.0,0.024,0.0,842000000.0,1305000000.0,0.476,1305000000.0,842000000.0,584000000.0,1.38,1.37,1.38,25451000000.0,,25451000000.0,63676738198.0,17.0,11.42,-490000000.0,-1.592,1.0,1053000000.0,0.384,1984000000.0,258000000.0,83804000000.0,,339000000.0,15072000000.0,0.0,15072000000.0,42916000000.0,7312000000.0,35604000000.0,40109738198.0,-407000000.0,-50000000.0,4000000.0,496000000.0,-333000000.0,125000000.0,-1287000000.0,0.0,753000000.0,2000000.0,445000000.0,424000000.0,424000000.0,0.0,10000000.0,0.155,601000000.0,452000000.0,2351000000.0,0.0,1.576,19.442,19.062,42429000000.0,21000000.0,132.48,3.395,3.451,2567000000.0,14291000000.0,2741000000.0,2741000000.0,0.0,,,,,17000000.0,0.0,1.0,302760705.0,307800000.0,308607000.0,8.905,66624000000.0,241000000.0,139000000.0,3325000000.0,216.452,-3552000000.0
1,SRE,MRQ,2021-03-31,2021-03-31,2021-03-31,2021-08-05,-399000000.0,67821000000.0,,4200000000.0,63621000000.0,,79.756,-1181000000.0,778000000.0,778000000.0,1691000000.0,928000000.0,0.611,1.759,24345000000.0,2322000000.0,22023000000.0,24345000000.0,0.0,442000000.0,0.0,0.032,1.1,1312000000.0,1754000000.0,0.538,1754000000.0,1312000000.0,1053000000.0,2.91,2.87,2.91,23999000000.0,,23999000000.0,63338564365.0,11.0,8.557,321000000.0,1.067,1.0,1568000000.0,0.481,1999000000.0,259000000.0,82514000000.0,,274000000.0,15072000000.0,0.0,15072000000.0,42213000000.0,6875000000.0,35338000000.0,40117564365.0,-207000000.0,-123000000.0,-37000000.0,-59000000.0,-301000000.0,-407000000.0,-1301000000.0,0.0,1502000000.0,-1000000.0,895000000.0,874000000.0,874000000.0,0.0,33000000.0,0.268,595000000.0,973000000.0,2390000000.0,0.378,1.672,10.345,10.036,41509000000.0,21000000.0,132.58,3.458,3.439,2688000000.0,14214000000.0,3259000000.0,3259000000.0,0.0,,,,,17000000.0,0.0,1.0,302591374.0,300905000.0,308458000.0,10.831,65822000000.0,210000000.0,158000000.0,3114000000.0,218.747,-2675000000.0
2,SRE,MRQ,2020-12-31,2020-12-31,2020-12-31,2021-08-05,-500000000.0,66623000000.0,,4511000000.0,62112000000.0,,80.877,-1363000000.0,985000000.0,985000000.0,1735000000.0,432000000.0,0.66,1.784,24206000000.0,2425000000.0,21781000000.0,24206000000.0,0.0,424000000.0,0.0,0.033,1.045,913000000.0,1337000000.0,0.422,1337000000.0,913000000.0,650000000.0,1.45,1.45,1.45,23373000000.0,,23373000000.0,58639993788.0,11.0,8.463,-401000000.0,-1.388,1.0,1436000000.0,0.453,1804000000.0,263000000.0,81201000000.0,,308000000.0,14847000000.0,0.0,14847000000.0,41689000000.0,6839000000.0,34850000000.0,36753993788.0,-2561000000.0,-483000000.0,0.0,-1248000000.0,-302000000.0,-1663000000.0,-1862000000.0,0.0,962000000.0,2000000.0,461000000.0,414000000.0,414000000.0,0.0,-29000000.0,0.131,880000000.0,556000000.0,2343000000.0,0.721,1.572,9.765,9.854,40546000000.0,47000000.0,127.41,3.233,3.262,2781000000.0,13673000000.0,3171000000.0,3171000000.0,0.0,,,,,14000000.0,0.0,1.0,288470244.0,288995000.0,290203000.0,10.973,64819000000.0,249000000.0,189000000.0,2871000000.0,224.291,-2328000000.0
3,SRE,MRQ,2020-09-30,2020-09-30,2020-09-30,2021-08-05,-513000000.0,67222000000.0,,6394000000.0,60828000000.0,,80.238,-1115000000.0,3546000000.0,3546000000.0,1677000000.0,421000000.0,0.837,1.824,25432000000.0,3662000000.0,21770000000.0,25432000000.0,0.0,418000000.0,0.0,0.035,1.045,762000000.0,1180000000.0,0.446,1180000000.0,762000000.0,498000000.0,1.21,1.21,1.21,23228000000.0,,23228000000.0,55269775015.0,10.0,7.994,-513000000.0,-1.772,1.0,967000000.0,0.366,1807000000.0,264000000.0,79666000000.0,,309000000.0,14474000000.0,0.0,14474000000.0,42366000000.0,7635000000.0,34731000000.0,34236775015.0,-1384000000.0,-89000000.0,-504000000.0,-542000000.0,-305000000.0,-1552000000.0,-439000000.0,761000000.0,602000000.0,5000000.0,399000000.0,351000000.0,351000000.0,7000000.0,22000000.0,0.133,558000000.0,409000000.0,2132000000.0,0.864,1.474,9.017,9.091,39347000000.0,48000000.0,118.36,3.073,3.075,2148000000.0,13560000000.0,2644000000.0,2644000000.0,0.0,,,,,21000000.0,0.0,1.0,289259674.0,289490000.0,290582000.0,9.133,65415000000.0,351000000.0,99000000.0,2718000000.0,225.966,-1241000000.0
4,SRE,MRQ,2020-06-30,2020-06-30,2020-06-30,2021-08-05,-542000000.0,68385000000.0,,7640000000.0,60745000000.0,,80.55,-1188000000.0,4930000000.0,4930000000.0,1340000000.0,2305000000.0,0.796,1.822,25963000000.0,5428000000.0,20535000000.0,25963000000.0,0.0,412000000.0,0.0,0.043,1.045,2719000000.0,3131000000.0,1.24,3131000000.0,2719000000.0,2445000000.0,7.64,7.61,7.64,23606000000.0,,23606000000.0,60039692006.0,11.0,8.197,-1479000000.0,-5.047,1.0,1186000000.0,0.47,1810000000.0,274000000.0,78013000000.0,,267000000.0,15017000000.0,0.0,15017000000.0,42999000000.0,9595000000.0,33404000000.0,34293692006.0,2476000000.0,-49000000.0,-5000000.0,-2095000000.0,-298000000.0,-1272000000.0,4035000000.0,0.0,-291000000.0,4000000.0,2277000000.0,2239000000.0,2239000000.0,-1777000000.0,28000000.0,0.886,533000000.0,653000000.0,2262000000.0,0.137,1.453,8.052,7.953,38523000000.0,38000000.0,117.23,3.047,3.052,2122000000.0,13511000000.0,2526000000.0,2526000000.0,0.0,,,,,14000000.0,0.0,1.0,292533413.0,293060000.0,294155000.0,8.619,66575000000.0,345000000.0,168000000.0,2594000000.0,227.172,-1955000000.0
5,SRE,MRQ,2020-03-31,2020-03-31,2020-03-31,2021-08-05,-1190000000.0,68293000000.0,,5424000000.0,62869000000.0,,68.708,-1010000000.0,2273000000.0,2273000000.0,1476000000.0,947000000.0,0.445,2.295,28019000000.0,7821000000.0,20198000000.0,28019000000.0,0.0,412000000.0,0.0,0.035,1.045,869000000.0,1281000000.0,0.423,1281000000.0,869000000.0,589000000.0,2.6,2.53,2.6,20117000000.0,,20117000000.0,58698266031.0,16.0,11.121,308000000.0,1.052,1.0,1553000000.0,0.513,1813000000.0,280000000.0,80049000000.0,,217000000.0,14821000000.0,0.0,14821000000.0,46178000000.0,12177000000.0,34001000000.0,33024266031.0,2237000000.0,-116000000.0,-46000000.0,2313000000.0,-269000000.0,2114000000.0,-1181000000.0,0.0,1318000000.0,-14000000.0,796000000.0,760000000.0,760000000.0,-80000000.0,151000000.0,0.251,649000000.0,904000000.0,2020000000.0,0.402,1.642,13.911,13.467,37659000000.0,36000000.0,112.99,3.013,3.018,2247000000.0,11577000000.0,3029000000.0,3029000000.0,0.0,,,,,22000000.0,0.0,1.0,292276007.0,292790000.0,313925000.0,10.345,66480000000.0,385000000.0,-207000000.0,2487000000.0,227.057,-6753000000.0
6,SRE,MRQ,2019-12-31,2019-12-31,2019-12-31,2021-08-05,-939000000.0,65665000000.0,,3339000000.0,62326000000.0,,70.033,-1118000000.0,142000000.0,142000000.0,1639000000.0,500000000.0,0.365,2.201,25816000000.0,5031000000.0,20785000000.0,25816000000.0,0.0,395000000.0,0.0,0.026,0.967,927000000.0,1322000000.0,0.449,1322000000.0,927000000.0,647000000.0,1.57,1.55,1.57,19929000000.0,,19929000000.0,68770596385.0,19.0,13.33,-148000000.0,-0.52,1.0,1304000000.0,0.443,1815000000.0,280000000.0,80374000000.0,,277000000.0,14704000000.0,0.0,14704000000.0,43860000000.0,9150000000.0,34710000000.0,42701596385.0,-280000000.0,-357000000.0,1070000000.0,-372000000.0,-259000000.0,-100000000.0,-1154000000.0,0.0,970000000.0,4000000.0,482000000.0,447000000.0,447000000.0,-71000000.0,18000000.0,0.152,522000000.0,782000000.0,2128000000.0,0.616,2.143,20.779,20.47,37043000000.0,35000000.0,151.48,3.943,3.887,2490000000.0,11130000000.0,2943000000.0,2943000000.0,0.0,,,,,19000000.0,0.0,1.0,281895936.0,284564000.0,288705000.0,10.342,63850000000.0,267000000.0,165000000.0,2577000000.0,224.378,-5811000000.0
7,SRE,MRQ,2019-09-30,2019-09-30,2019-09-30,2021-08-05,-978000000.0,64585000000.0,,3666000000.0,60919000000.0,,67.133,-939000000.0,137000000.0,137000000.0,1471000000.0,909000000.0,0.386,2.365,26206000000.0,5211000000.0,20995000000.0,26206000000.0,0.0,402000000.0,0.0,0.026,1.935,1189000000.0,1591000000.0,0.577,1591000000.0,1189000000.0,910000000.0,2.93,2.84,2.93,18620000000.0,,18620000000.0,66037408309.0,17.0,11.974,-525000000.0,-1.893,1.0,1287000000.0,0.467,1818000000.0,279000000.0,79338000000.0,,270000000.0,14270000000.0,0.0,14270000000.0,44034000000.0,9498000000.0,34536000000.0,40526408309.0,203000000.0,-55000000.0,732000000.0,342000000.0,-251000000.0,964000000.0,-1172000000.0,9000000.0,414000000.0,-3000000.0,849000000.0,813000000.0,813000000.0,-256000000.0,60000000.0,0.295,575000000.0,712000000.0,1697000000.0,0.66,2.176,16.394,16.329,36115000000.0,36000000.0,147.61,3.783,3.822,2183000000.0,10966000000.0,2758000000.0,2758000000.0,0.0,,,,,17000000.0,0.0,1.0,274550561.0,277360000.0,295789000.0,9.944,62767000000.0,255000000.0,61000000.0,2382000000.0,226.302,-5832000000.0
8,SRE,MRQ,2019-06-30,2019-06-30,2019-06-30,2021-08-05,-848000000.0,62727000000.0,,2783000000.0,59944000000.0,,63.421,-868000000.0,239000000.0,239000000.0,1300000000.0,435000000.0,0.34,2.482,25750000000.0,4551000000.0,21199000000.0,25750000000.0,0.0,389000000.0,0.0,0.02,0.0,695000000.0,1084000000.0,0.486,1084000000.0,695000000.0,437000000.0,1.29,1.26,1.29,17440000000.0,,17440000000.0,61984920393.0,18.0,12.494,-115000000.0,-0.418,1.0,930000000.0,0.417,1821000000.0,258000000.0,78240000000.0,,214000000.0,14056000000.0,0.0,14056000000.0,43293000000.0,8177000000.0,35116000000.0,37711920393.0,87000000.0,-1307000000.0,5000000.0,1351000000.0,-251000000.0,992000000.0,-1657000000.0,0.0,753000000.0,-1000000.0,390000000.0,354000000.0,354000000.0,-78000000.0,45000000.0,0.159,435000000.0,495000000.0,1737000000.0,0.0,2.162,19.51,19.331,35882000000.0,36000000.0,137.44,3.585,3.593,1975000000.0,10425000000.0,2230000000.0,2230000000.0,0.0,,,,,18000000.0,0.0,1.0,274388245.0,274987000.0,279619000.0,8.109,60906000000.0,256000000.0,47000000.0,2649000000.0,221.487,-5394000000.0
9,SRE,MRQ,2019-03-31,2019-03-31,2019-03-31,2021-08-05,-817000000.0,61618000000.0,,3262000000.0,58356000000.0,,63.151,-783000000.0,140000000.0,140000000.0,1727000000.0,518000000.0,0.379,2.43,24413000000.0,4675000000.0,19738000000.0,24413000000.0,0.0,383000000.0,0.0,0.029,0.968,779000000.0,1162000000.0,0.401,1162000000.0,779000000.0,519000000.0,1.6,1.59,1.6,17346000000.0,,17346000000.0,59607585795.0,32.0,17.82,168000000.0,0.612,1.0,1171000000.0,0.404,1824000000.0,260000000.0,75455000000.0,,189000000.0,13075000000.0,0.0,13075000000.0,42148000000.0,8612000000.0,33536000000.0,34490585795.0,-39000000.0,-91000000.0,-3000000.0,-36000000.0,-232000000.0,-381000000.0,-610000000.0,0.0,951000000.0,1000000.0,477000000.0,441000000.0,441000000.0,42000000.0,41000000.0,0.152,513000000.0,658000000.0,1699000000.0,0.605,1.988,33.881,33.925,35310000000.0,36000000.0,125.86,3.296,3.304,2260000000.0,10337000000.0,2898000000.0,2898000000.0,0.0,,,,,21000000.0,0.0,1.0,274039296.0,274674000.0,277228000.0,10.551,59794000000.0,260000000.0,42000000.0,2645000000.0,217.691,-5350000000.0
10,SRE,MRQ,2018-12-31,2018-12-31,2018-12-31,2021-08-05,-764000000.0,60638000000.0,,3645000000.0,56993000000.0,,62.456,-890000000.0,158000000.0,158000000.0,1721000000.0,964000000.0,0.485,2.415,24571000000.0,3668000000.0,20903000000.0,24571000000.0,0.0,376000000.0,0.0,0.033,0.895,1302000000.0,1678000000.0,0.594,1678000000.0,1302000000.0,1072000000.0,3.22,3.19,3.22,17138000000.0,,17138000000.0,55015299418.0,29.0,16.286,-33000000.0,-0.12,1.0,1105000000.0,0.391,1826000000.0,230000000.0,75702000000.0,,258000000.0,12946000000.0,0.0,12946000000.0,41390000000.0,7523000000.0,33867000000.0,29607299418.0,-42000000.0,-262000000.0,10000000.0,-836000000.0,-232000000.0,-1215000000.0,322000000.0,10000000.0,857000000.0,-6000000.0,900000000.0,864000000.0,864000000.0,-51000000.0,64000000.0,0.306,-199000000.0,1304000000.0,1825000000.0,0.278,1.728,32.043,31.359,34439000000.0,36000000.0,108.19,2.931,2.871,2216000000.0,10104000000.0,2826000000.0,2826000000.0,0.0,,,,,33000000.0,0.0,1.0,273660222.0,274399000.0,281519000.0,10.299,58812000000.0,201000000.0,172000000.0,2345000000.0,214.33,-3878000000.0
11,SRE,MRQ,2018-09-30,2018-09-30,2018-09-30,2021-08-05,-612000000.0,60605000000.0,,5045000000.0,55560000000.0,,60.658,-820000000.0,288000000.0,288000000.0,1612000000.0,334000000.0,0.594,2.497,25696000000.0,4361000000.0,21335000000.0,25696000000.0,0.0,366000000.0,172000000.0,0.031,0.895,671000000.0,1037000000.0,0.404,1037000000.0,671000000.0,449000000.0,1.0,0.99,1.0,16617000000.0,,16617000000.0,56872898346.0,74.0,25.642,166000000.0,0.606,1.0,953000000.0,0.372,2592000000.0,222000000.0,74930000000.0,,345000000.0,13156000000.0,0.0,13156000000.0,41494000000.0,8491000000.0,33003000000.0,31105898346.0,-39000000.0,-95000000.0,171000000.0,-457000000.0,-229000000.0,-45000000.0,-975000000.0,0.0,986000000.0,-5000000.0,310000000.0,274000000.0,274000000.0,-54000000.0,24000000.0,0.107,501000000.0,452000000.0,1913000000.0,0.895,1.872,-70.535,-64.631,35498000000.0,36000000.0,113.75,3.587,3.593,2388000000.0,9485000000.0,2565000000.0,2565000000.0,0.0,,,,,17000000.0,0.0,1.0,273458447.0,273944000.0,275907000.0,9.363,58013000000.0,215000000.0,139000000.0,2256000000.0,211.77,-3446000000.0
12,SRE,MRQ,2018-06-30,2018-06-30,2018-06-30,2021-08-05,-601000000.0,59907000000.0,,4947000000.0,54960000000.0,,59.533,-855000000.0,327000000.0,327000000.0,1311000000.0,-530000000.0,0.575,2.625,26094000000.0,4816000000.0,21278000000.0,26094000000.0,0.0,377000000.0,175000000.0,0.037,0.895,-909000000.0,-532000000.0,-0.245,-532000000.0,-909000000.0,-1137000000.0,-2.11,-2.11,-2.11,15826000000.0,,15826000000.0,56761044254.0,237.0,33.448,-148000000.0,-0.557,1.0,864000000.0,0.397,2592000000.0,228000000.0,74480000000.0,,288000000.0,13005000000.0,0.0,13005000000.0,41543000000.0,8602000000.0,32941000000.0,30669044254.0,20000000.0,-206000000.0,811000000.0,-150000000.0,-222000000.0,432000000.0,-1115000000.0,0.0,707000000.0,-4000000.0,-535000000.0,-561000000.0,-561000000.0,-55000000.0,5000000.0,-0.258,1781000000.0,-917000000.0,1752000000.0,-0.424,1.938,-46.609,-45.893,34916000000.0,26000000.0,116.11,3.49,3.513,2115000000.0,9455000000.0,2175000000.0,2175000000.0,0.0,,,,,18000000.0,0.0,1.0,264137837.0,265837000.0,265837000.0,8.182,57315000000.0,235000000.0,-602000000.0,2104000000.0,215.602,-3655000000.0
13,SRE,MRQ,2018-03-31,2018-03-31,2018-03-31,2021-08-05,-545000000.0,60485000000.0,,3394000000.0,57091000000.0,,61.427,-979000000.0,307000000.0,307000000.0,1429000000.0,358000000.0,0.373,2.662,26399000000.0,5536000000.0,20863000000.0,26399000000.0,0.0,372000000.0,164000000.0,0.03,0.895,823000000.0,1195000000.0,0.471,1195000000.0,823000000.0,617000000.0,1.34,1.33,1.34,15844000000.0,,15844000000.0,47445158859.0,27.0,14.906,-13000000.0,-0.05,1.0,1107000000.0,0.437,3002000000.0,206000000.0,74466000000.0,,285000000.0,12783000000.0,0.0,12783000000.0,42180000000.0,9109000000.0,33071000000.0,28397158859.0,-57000000.0,-9697000000.0,1259000000.0,6944000000.0,-194000000.0,9678000000.0,-10702000000.0,0.0,966000000.0,1000000.0,375000000.0,347000000.0,347000000.0,-28000000.0,-17000000.0,0.137,489000000.0,618000000.0,1740000000.0,0.668,1.792,175.291,182.328,37025000000.0,28000000.0,111.22,3.105,3.137,2410000000.0,10260000000.0,2536000000.0,2536000000.0,0.0,,,,,15000000.0,0.0,1.0,255324212.0,257932000.0,259490000.0,9.832,57483000000.0,235000000.0,242000000.0,2680000000.0,222.861,-5715000000.0
14,SRE,MRQ,2017-12-31,2017-12-31,2017-12-31,2021-08-05,-626000000.0,50454000000.0,,3341000000.0,47113000000.0,,50.297,-825000000.0,364000000.0,364000000.0,631000000.0,-451000000.0,0.504,2.787,19412000000.0,2967000000.0,16445000000.0,19412000000.0,0.0,330000000.0,0.0,0.031,0.822,188000000.0,518000000.0,0.371,518000000.0,188000000.0,59000000.0,-1.99,-1.98,-1.99,12670000000.0,,12670000000.0,45329578860.0,25.0,13.935,96000000.0,0.381,1.0,766000000.0,0.548,2993000000.0,129000000.0,59874000000.0,,307000000.0,3560000000.0,0.0,3560000000.0,35314000000.0,6635000000.0,28679000000.0,26866578860.0,103000000.0,-342000000.0,10000000.0,593000000.0,-194000000.0,811000000.0,-1625000000.0,-25000000.0,921000000.0,-4000000.0,-501000000.0,-501000000.0,-501000000.0,31000000.0,50000000.0,-0.359,439000000.0,327000000.0,1907000000.0,-0.413,2.12,104.948,104.824,36503000000.0,0.0,106.92,2.787,2.79,2219000000.0,10147000000.0,1397000000.0,1397000000.0,0.0,,,,,82000000.0,0.0,1.0,251277393.0,251905000.0,250239000.0,5.546,47461000000.0,280000000.0,560000000.0,2795000000.0,188.408,-3294000000.0
15,SRE,MRQ,2017-09-30,2017-09-30,2017-09-30,2021-08-05,-678000000.0,50129000000.0,,2878000000.0,47251000000.0,,52.703,-1078000000.0,261000000.0,261000000.0,1717000000.0,102000000.0,0.4,2.61,18724000000.0,3921000000.0,14803000000.0,18724000000.0,0.0,378000000.0,149000000.0,0.032,1.644,138000000.0,516000000.0,0.193,516000000.0,138000000.0,-27000000.0,0.23,0.22,0.23,13265000000.0,,13265000000.0,46458489455.0,21.0,12.58,-263000000.0,-1.045,1.0,962000000.0,0.359,2930000000.0,165000000.0,58468000000.0,,296000000.0,3169000000.0,0.0,3169000000.0,34627000000.0,7194000000.0,27433000000.0,28655489455.0,-49000000.0,-145000000.0,8000000.0,608000000.0,-193000000.0,337000000.0,-1202000000.0,7000000.0,815000000.0,1000000.0,57000000.0,57000000.0,57000000.0,0.0,45000000.0,0.021,493000000.0,469000000.0,1729000000.0,7.148,2.16,25.225,25.139,35384000000.0,0.0,114.13,2.579,2.585,1924000000.0,10855000000.0,2679000000.0,2679000000.0,0.0,,,,,0.0,0.0,1.0,251077626.0,251692000.0,253364000.0,10.644,47199000000.0,250000000.0,-84000000.0,4118000000.0,187.527,-4316000000.0
16,SRE,MRQ,2017-06-30,2017-06-30,2017-06-30,2021-08-05,-718000000.0,49376000000.0,,2767000000.0,46609000000.0,,53.021,-810000000.0,310000000.0,310000000.0,1553000000.0,248000000.0,0.456,2.533,18113000000.0,3113000000.0,15000000000.0,18113000000.0,0.0,368000000.0,158000000.0,0.024,0.0,586000000.0,954000000.0,0.377,954000000.0,586000000.0,427000000.0,1.03,1.03,1.03,13332000000.0,,13332000000.0,45216241478.0,14.0,9.949,75000000.0,0.298,1.0,980000000.0,0.387,2920000000.0,159000000.0,58196000000.0,,239000000.0,3163000000.0,0.0,3163000000.0,33771000000.0,6063000000.0,27708000000.0,28281241478.0,-57000000.0,-216000000.0,11000000.0,301000000.0,-192000000.0,90000000.0,-1032000000.0,1000000.0,885000000.0,0.0,260000000.0,259000000.0,259000000.0,0.0,-12000000.0,0.102,540000000.0,440000000.0,1517000000.0,0.0,2.121,16.626,16.605,34561000000.0,1000000.0,112.75,2.578,2.585,1703000000.0,11004000000.0,2533000000.0,2533000000.0,0.0,,,,,0.0,0.0,1.0,250831410.0,251447000.0,252822000.0,10.074,46456000000.0,276000000.0,167000000.0,4218000000.0,184.755,-3296000000.0
17,SRE,MRQ,2017-03-31,2017-03-31,2017-03-31,2021-08-05,-696000000.0,48284000000.0,,2953000000.0,45331000000.0,,52.817,-992000000.0,367000000.0,367000000.0,1820000000.0,452000000.0,0.508,2.466,17302000000.0,2893000000.0,14409000000.0,17302000000.0,0.0,360000000.0,160000000.0,0.031,0.822,905000000.0,1265000000.0,0.417,1265000000.0,905000000.0,736000000.0,1.76,1.75,1.76,13264000000.0,,13264000000.0,44381077524.0,17.0,11.213,12000000.0,0.048,1.0,1211000000.0,0.4,2924000000.0,169000000.0,56483000000.0,,210000000.0,3182000000.0,0.0,3182000000.0,32715000000.0,5812000000.0,26903000000.0,27685077524.0,-58000000.0,-62000000.0,3000000.0,132000000.0,-176000000.0,-46000000.0,-1026000000.0,17000000.0,1004000000.0,10000000.0,441000000.0,441000000.0,441000000.0,0.0,11000000.0,0.145,470000000.0,741000000.0,1487000000.0,0.467,2.087,18.988,18.986,33492000000.0,0.0,110.5,2.614,2.62,1679000000.0,10952000000.0,3031000000.0,3031000000.0,0.0,,,,,0.0,0.0,1.0,250543688.0,251131000.0,252246000.0,12.069,45360000000.0,253000000.0,295000000.0,4051000000.0,180.623,-2859000000.0
18,SRE,MRQ,2016-12-31,2016-12-31,2016-12-31,2021-08-05,-748000000.0,47786000000.0,,3110000000.0,44676000000.0,,51.67,-1127000000.0,425000000.0,425000000.0,1833000000.0,409000000.0,0.525,2.513,17121000000.0,2692000000.0,14429000000.0,17121000000.0,0.0,342000000.0,158000000.0,0.034,1.13,616000000.0,958000000.0,0.334,958000000.0,616000000.0,484000000.0,1.52,1.53,1.52,12951000000.0,,12951000000.0,41917136323.0,18.0,11.563,-507000000.0,-2.023,1.0,1037000000.0,0.361,2912000000.0,132000000.0,55643000000.0,,258000000.0,3123000000.0,0.0,3123000000.0,32545000000.0,5927000000.0,26618000000.0,25166136323.0,-140000000.0,-303000000.0,10000000.0,-765000000.0,-176000000.0,654000000.0,-1403000000.0,-66000000.0,620000000.0,-11000000.0,379000000.0,379000000.0,379000000.0,0.0,30000000.0,0.132,603000000.0,434000000.0,1806000000.0,0.743,1.943,18.369,18.365,32931000000.0,0.0,100.64,2.471,2.473,1781000000.0,10717000000.0,2870000000.0,2870000000.0,0.0,,,,,52000000.0,0.0,1.0,250060973.0,250649000.0,248692000.0,11.45,44874000000.0,277000000.0,105000000.0,3773000000.0,179.031,-2817000000.0
19,SRE,MRQ,2016-09-30,2016-09-30,2016-09-30,2021-08-05,-865000000.0,45526000000.0,,2924000000.0,42602000000.0,,49.308,-1081000000.0,544000000.0,544000000.0,1642000000.0,719000000.0,0.43,2.619,17295000000.0,3773000000.0,13522000000.0,17295000000.0,0.0,328000000.0,153000000.0,0.028,0.755,1040000000.0,1368000000.0,0.54,1368000000.0,1040000000.0,904000000.0,2.48,2.46,2.48,12346000000.0,,12346000000.0,41987215496.0,18.0,11.758,-306000000.0,-1.222,1.0,893000000.0,0.352,2547000000.0,136000000.0,52936000000.0,,302000000.0,2908000000.0,0.0,2908000000.0,32335000000.0,6794000000.0,25541000000.0,26776215496.0,-98000000.0,-452000000.0,10000000.0,1088000000.0,-175000000.0,966000000.0,-1839000000.0,127000000.0,775000000.0,0.0,622000000.0,622000000.0,622000000.0,0.0,97000000.0,0.245,305000000.0,588000000.0,1664000000.0,0.304,2.169,19.688,19.74,31487000000.0,0.0,107.19,2.674,2.68,1436000000.0,10527000000.0,2535000000.0,2535000000.0,0.0,,,,,0.0,0.0,1.0,249801432.0,250386000.0,252405000.0,10.124,42979000000.0,239000000.0,282000000.0,3360000000.0,171.651,-3870000000.0
20,SRE,MRQ,2016-06-30,2016-06-30,2016-06-30,2021-08-05,-852000000.0,42875000000.0,,3341000000.0,39534000000.0,,47.106,-1035000000.0,651000000.0,651000000.0,1738000000.0,27000000.0,0.588,2.573,15862000000.0,2684000000.0,13178000000.0,15862000000.0,0.0,314000000.0,150000000.0,0.026,0.755,53000000.0,367000000.0,0.17,367000000.0,53000000.0,-89000000.0,0.06,0.06,0.06,11781000000.0,,11781000000.0,43246618067.0,26.0,14.79,-745000000.0,-2.979,1.0,418000000.0,0.194,1185000000.0,142000000.0,51221000000.0,,270000000.0,3370000000.0,0.0,3370000000.0,30312000000.0,5680000000.0,24632000000.0,28447618067.0,240000000.0,-3000000.0,14000000.0,731000000.0,-174000000.0,552000000.0,-604000000.0,-14000000.0,290000000.0,2000000.0,17000000.0,16000000.0,16000000.0,0.0,10000000.0,0.007,431000000.0,-13000000.0,1563000000.0,12.583,2.415,28.852,28.866,29495000000.0,1000000.0,114.02,2.856,2.863,1332000000.0,9952000000.0,2156000000.0,2156000000.0,0.0,,,,,0.0,0.0,1.0,249496738.0,250096000.0,252036000.0,8.621,41690000000.0,36000000.0,-106000000.0,3103000000.0,166.696,-2339000000.0
21,SRE,MRQ,2016-03-31,2016-03-31,2016-03-31,2021-08-05,-821000000.0,41835000000.0,,2883000000.0,38952000000.0,,47.835,-971000000.0,419000000.0,419000000.0,1618000000.0,364000000.0,0.562,2.437,15218000000.0,2243000000.0,12975000000.0,15218000000.0,0.0,328000000.0,147000000.0,0.027,0.755,604000000.0,932000000.0,0.355,932000000.0,604000000.0,461000000.0,1.41,1.4,1.41,11946000000.0,,11946000000.0,40143900140.0,19.0,11.817,-345000000.0,-1.381,1.0,1004000000.0,0.383,1251000000.0,143000000.0,50251000000.0,,231000000.0,3809000000.0,0.0,3809000000.0,29111000000.0,5132000000.0,23979000000.0,25930900140.0,-27000000.0,3000000.0,-39000000.0,532000000.0,-161000000.0,330000000.0,-989000000.0,-22000000.0,626000000.0,6000000.0,353000000.0,353000000.0,353000000.0,0.0,11000000.0,0.135,439000000.0,565000000.0,1530000000.0,0.535,2.171,20.499,20.482,28433000000.0,0.0,104.05,2.549,2.555,1470000000.0,10125000000.0,2622000000.0,2622000000.0,0.0,,,,,0.0,0.0,1.0,249215763.0,249734000.0,251487000.0,10.499,40584000000.0,49000000.0,108000000.0,3254000000.0,162.509,-2249000000.0
22,SRE,MRQ,2015-12-31,2015-12-31,2015-12-31,2021-08-05,-806000000.0,41150000000.0,,2891000000.0,38259000000.0,,47.478,-929000000.0,450000000.0,450000000.0,1763000000.0,388000000.0,0.627,2.419,14663000000.0,1529000000.0,13134000000.0,14663000000.0,0.0,325000000.0,153000000.0,0.03,0.7,579000000.0,904000000.0,0.335,904000000.0,579000000.0,434000000.0,1.48,1.46,1.48,11809000000.0,,11809000000.0,37376264310.0,17.0,10.673,-120000000.0,-0.482,1.0,938000000.0,0.347,1223000000.0,145000000.0,49528000000.0,,298000000.0,3968000000.0,0.0,3968000000.0,28571000000.0,4612000000.0,23959000000.0,23334264310.0,-287000000.0,4000000.0,11000000.0,-25000000.0,-160000000.0,-205000000.0,-889000000.0,23000000.0,809000000.0,-2000000.0,369000000.0,369000000.0,369000000.0,0.0,19000000.0,0.137,430000000.0,508000000.0,1592000000.0,0.473,1.976,17.297,17.313,28039000000.0,0.0,94.01,2.281,2.281,1665000000.0,9994000000.0,2701000000.0,2701000000.0,0.0,,,,,0.0,0.0,1.0,248210449.0,248726000.0,251697000.0,10.859,39927000000.0,150000000.0,65000000.0,3189000000.0,160.526,-1721000000.0
23,SRE,MRQ,2015-09-30,2015-09-30,2015-09-30,2021-08-05,-761000000.0,40566000000.0,,3606000000.0,36960000000.0,,46.793,-761000000.0,750000000.0,750000000.0,1693000000.0,282000000.0,0.705,2.423,14792000000.0,2265000000.0,12527000000.0,14792000000.0,0.0,315000000.0,152000000.0,0.029,0.7,406000000.0,721000000.0,0.291,721000000.0,406000000.0,263000000.0,1.0,0.99,1.0,11625000000.0,,11625000000.0,37954406117.0,18.0,11.398,109000000.0,0.439,1.0,788000000.0,0.318,1254000000.0,143000000.0,48236000000.0,,416000000.0,3905000000.0,0.0,3905000000.0,28170000000.0,5118000000.0,23052000000.0,23978406117.0,61000000.0,321000000.0,2000000.0,179000000.0,-160000000.0,-21000000.0,-778000000.0,37000000.0,870000000.0,-10000000.0,248000000.0,248000000.0,248000000.0,0.0,34000000.0,0.1,426000000.0,362000000.0,1577000000.0,0.7,2.063,18.777,18.781,27314000000.0,0.0,96.72,2.333,2.338,1378000000.0,9799000000.0,2481000000.0,2481000000.0,0.0,,,,,0.0,0.0,1.0,247915696.0,248432000.0,251024000.0,9.987,39312000000.0,220000000.0,15000000.0,3091000000.0,158.24,-1512000000.0
24,SRE,MRQ,2015-06-30,2015-06-30,2015-06-30,2021-08-05,-596000000.0,40006000000.0,,3506000000.0,36500000000.0,,47.088,-686000000.0,661000000.0,661000000.0,1565000000.0,320000000.0,0.797,2.357,14637000000.0,2011000000.0,12626000000.0,14637000000.0,0.0,307000000.0,150000000.0,0.027,0.7,533000000.0,840000000.0,0.355,840000000.0,533000000.0,394000000.0,1.19,1.17,1.19,11683000000.0,,11683000000.0,38369574302.0,17.0,11.077,-278000000.0,-1.12,1.0,802000000.0,0.339,1295000000.0,139000000.0,48288000000.0,,266000000.0,4074000000.0,0.0,4074000000.0,27531000000.0,4399000000.0,23132000000.0,24495574302.0,259000000.0,-101000000.0,13000000.0,441000000.0,-159000000.0,281000000.0,-431000000.0,1000000.0,408000000.0,1000000.0,296000000.0,295000000.0,295000000.0,0.0,24000000.0,0.125,341000000.0,461000000.0,1314000000.0,0.588,2.097,17.789,17.795,26693000000.0,1000000.0,98.94,2.309,2.313,1327000000.0,9724000000.0,2367000000.0,2367000000.0,0.0,,,,,0.0,0.0,1.0,247580092.0,248108000.0,251491000.0,9.54,38711000000.0,199000000.0,98000000.0,3051000000.0,156.025,-893000000.0
25,SRE,MRQ,2015-03-31,2015-03-31,2015-03-31,2021-08-05,-613000000.0,39551000000.0,,3656000000.0,35895000000.0,,46.439,-780000000.0,410000000.0,410000000.0,1618000000.0,458000000.0,0.97,2.37,14284000000.0,1272000000.0,13012000000.0,14284000000.0,0.0,303000000.0,155000000.0,0.025,0.7,734000000.0,1037000000.0,0.387,1037000000.0,734000000.0,600000000.0,1.76,1.74,1.76,11504000000.0,,11504000000.0,40720040979.0,18.0,11.931,31000000.0,0.125,1.0,1064000000.0,0.397,1315000000.0,134000000.0,48340000000.0,,255000000.0,3922000000.0,0.0,3922000000.0,27270000000.0,3770000000.0,23500000000.0,26961040979.0,-193000000.0,-6000000.0,-48000000.0,-79000000.0,-149000000.0,-231000000.0,-770000000.0,0.0,811000000.0,-3000000.0,437000000.0,437000000.0,437000000.0,0.0,21000000.0,0.163,389000000.0,675000000.0,1388000000.0,0.398,2.344,19.956,19.931,26236000000.0,0.0,109.02,2.469,2.473,1456000000.0,9603000000.0,2682000000.0,2682000000.0,0.0,,,,,0.0,0.0,1.0,247303623.0,247722000.0,251206000.0,10.827,38236000000.0,297000000.0,163000000.0,3054000000.0,154.35,-114000000.0
26,SRE,MRQ,2014-12-31,2014-12-31,2014-12-31,2021-08-05,-497000000.0,39651000000.0,,4184000000.0,35467000000.0,,45.956,-803000000.0,610000000.0,610000000.0,1940000000.0,321000000.0,0.825,2.433,14288000000.0,2202000000.0,12086000000.0,14288000000.0,0.0,290000000.0,153000000.0,0.024,0.66,442000000.0,732000000.0,0.266,732000000.0,442000000.0,306000000.0,1.2,1.18,1.2,11326000000.0,,11326000000.0,40653864320.0,20.0,12.816,-303000000.0,-1.229,1.0,807000000.0,0.294,1346000000.0,136000000.0,46914000000.0,,396000000.0,3979000000.0,0.0,3979000000.0,27551000000.0,5069000000.0,22482000000.0,27418864320.0,-97000000.0,-77000000.0,13000000.0,543000000.0,-148000000.0,282000000.0,-876000000.0,-7000000.0,500000000.0,-3000000.0,297000000.0,297000000.0,297000000.0,0.0,24000000.0,0.108,354000000.0,453000000.0,1637000000.0,0.55,2.421,23.617,23.593,25902000000.0,0.0,111.36,2.485,2.481,1620000000.0,9339000000.0,2747000000.0,2747000000.0,0.0,,,,,0.0,0.0,1.0,246218250.0,246455000.0,251786000.0,11.146,38305000000.0,350000000.0,9000000.0,3040000000.0,155.424,-885000000.0
27,SRE,MRQ,2014-09-30,2014-09-30,2014-09-30,2021-08-05,-371000000.0,38982000000.0,,4414000000.0,34568000000.0,,46.043,-807000000.0,699000000.0,699000000.0,1904000000.0,383000000.0,1.028,2.367,13934000000.0,1497000000.0,12437000000.0,13934000000.0,0.0,292000000.0,149000000.0,0.025,0.66,563000000.0,855000000.0,0.304,855000000.0,563000000.0,419000000.0,1.41,1.39,1.41,11333000000.0,,11333000000.0,38830279581.0,19.0,12.165,-180000000.0,-0.731,1.0,911000000.0,0.324,1369000000.0,144000000.0,46556000000.0,,472000000.0,2884000000.0,0.0,2884000000.0,26825000000.0,4292000000.0,22533000000.0,25912279581.0,-122000000.0,-63000000.0,14000000.0,291000000.0,-149000000.0,100000000.0,-845000000.0,8000000.0,627000000.0,-4000000.0,348000000.0,348000000.0,348000000.0,0.0,35000000.0,0.124,396000000.0,515000000.0,1609000000.0,0.468,2.286,22.611,22.565,26409000000.0,0.0,105.38,2.357,2.359,1400000000.0,9205000000.0,2815000000.0,2815000000.0,0.0,,,,,0.0,0.0,1.0,245893714.0,246137000.0,250771000.0,11.437,37613000000.0,543000000.0,71000000.0,3151000000.0,152.813,122000000.0
28,SRE,MRQ,2014-06-30,2014-06-30,2014-06-30,2021-08-05,-273000000.0,38307000000.0,,4195000000.0,34112000000.0,,45.562,-712000000.0,838000000.0,838000000.0,1863000000.0,292000000.0,1.081,2.346,13756000000.0,1433000000.0,12323000000.0,13756000000.0,0.0,288000000.0,149000000.0,0.025,0.66,501000000.0,789000000.0,0.295,789000000.0,501000000.0,363000000.0,1.1,1.08,1.1,11194000000.0,,11194000000.0,37682623579.0,19.0,11.857,-582000000.0,-2.369,1.0,815000000.0,0.304,1421000000.0,138000000.0,45922000000.0,,267000000.0,2865000000.0,0.0,2865000000.0,26256000000.0,3882000000.0,22374000000.0,25698623579.0,-55000000.0,-155000000.0,17000000.0,835000000.0,-147000000.0,665000000.0,-851000000.0,0.0,130000000.0,1000000.0,270000000.0,269000000.0,269000000.0,0.0,22000000.0,0.1,380000000.0,435000000.0,1431000000.0,0.6,2.296,23.491,23.425,26012000000.0,1000000.0,104.71,2.395,2.398,1281000000.0,9019000000.0,2678000000.0,2678000000.0,0.0,,,,,0.0,0.0,1.0,245426641.0,245688000.0,250061000.0,10.9,36886000000.0,512000000.0,93000000.0,3050000000.0,150.134,313000000.0
29,SRE,MRQ,2014-03-31,2014-03-31,2014-03-31,2021-08-05,-273000000.0,37484000000.0,,4224000000.0,33260000000.0,,45.01,-801000000.0,897000000.0,897000000.0,1982000000.0,266000000.0,1.09,2.318,12881000000.0,1181000000.0,11700000000.0,12881000000.0,0.0,286000000.0,155000000.0,0.026,0.66,510000000.0,796000000.0,0.285,796000000.0,510000000.0,374000000.0,1.01,0.99,1.01,11040000000.0,,11040000000.0,35706891177.0,18.0,11.7,103000000.0,0.42,1.0,813000000.0,0.291,1422000000.0,136000000.0,44171000000.0,,197000000.0,2689000000.0,0.0,2689000000.0,25595000000.0,3875000000.0,21720000000.0,23714891177.0,-60000000.0,37000000.0,-26000000.0,-19000000.0,-154000000.0,-193000000.0,-770000000.0,0.0,904000000.0,-1000000.0,247000000.0,247000000.0,247000000.0,0.0,19000000.0,0.088,378000000.0,435000000.0,1522000000.0,0.653,2.148,22.163,22.142,25452000000.0,0.0,96.76,2.216,2.218,1438000000.0,8912000000.0,2795000000.0,2795000000.0,0.0,,,,,0.0,0.0,1.0,245089822.0,245277000.0,249669000.0,11.395,36062000000.0,463000000.0,127000000.0,2999000000.0,147.026,349000000.0
30,SRE,MRQ,2013-12-31,2013-12-31,2013-12-31,2021-08-05,-228000000.0,37244000000.0,,3997000000.0,33247000000.0,,45.04,-787000000.0,953000000.0,953000000.0,1912000000.0,320000000.0,0.915,2.307,12945000000.0,1692000000.0,11253000000.0,12945000000.0,0.0,285000000.0,154000000.0,0.028,0.63,467000000.0,752000000.0,0.278,752000000.0,467000000.0,321000000.0,1.15,1.12,1.15,11008000000.0,,11008000000.0,33268336281.0,17.0,10.918,-333000000.0,-1.362,1.0,793000000.0,0.293,1450000000.0,146000000.0,43417000000.0,,287000000.0,2609000000.0,0.0,2609000000.0,25394000000.0,4369000000.0,21025000000.0,21937336281.0,-157000000.0,-11000000.0,5000000.0,508000000.0,-154000000.0,181000000.0,-788000000.0,13000000.0,454000000.0,-4000000.0,282000000.0,282000000.0,282000000.0,0.0,38000000.0,0.104,376000000.0,417000000.0,1486000000.0,0.548,1.993,21.915,21.893,25460000000.0,0.0,89.76,2.078,2.073,1540000000.0,8827000000.0,2705000000.0,2705000000.0,0.0,,,,,0.0,0.0,1.0,244399914.0,244406000.0,251159000.0,11.068,35794000000.0,386000000.0,39000000.0,2846000000.0,146.453,-372000000.0
31,SRE,MRQ,2013-09-30,2013-09-30,2013-09-30,2021-08-05,-215000000.0,36901000000.0,,3712000000.0,33189000000.0,,44.683,-655000000.0,1110000000.0,1110000000.0,1663000000.0,323000000.0,0.819,2.305,12441000000.0,1963000000.0,10478000000.0,12441000000.0,0.0,286000000.0,155000000.0,0.029,0.63,555000000.0,841000000.0,0.33,841000000.0,555000000.0,418000000.0,1.21,1.19,1.21,10909000000.0,,10909000000.0,32422648745.0,17.0,10.708,-430000000.0,-1.761,1.0,888000000.0,0.348,1473000000.0,137000000.0,42229000000.0,,463000000.0,2545000000.0,0.0,2545000000.0,25147000000.0,4530000000.0,20617000000.0,20907648745.0,107000000.0,161000000.0,35000000.0,291000000.0,-153000000.0,153000000.0,-274000000.0,215000000.0,225000000.0,3000000.0,301000000.0,296000000.0,296000000.0,0.0,22000000.0,0.116,382000000.0,506000000.0,1304000000.0,0.521,1.917,20.66,20.627,24763000000.0,5000000.0,85.6,1.987,1.987,1176000000.0,8700000000.0,2551000000.0,2551000000.0,0.0,,,,,0.0,0.0,1.0,244248233.0,244140000.0,249259000.0,10.449,35428000000.0,251000000.0,117000000.0,2586000000.0,145.113,-818000000.0
32,SRE,MRQ,2013-06-30,2013-06-30,2013-06-30,2021-08-05,-219000000.0,37020000000.0,,3661000000.0,33359000000.0,,43.94,-599000000.0,1065000000.0,1065000000.0,1725000000.0,267000000.0,0.775,2.38,12580000000.0,2050000000.0,10530000000.0,12580000000.0,0.0,247000000.0,142000000.0,0.03,0.63,416000000.0,663000000.0,0.25,663000000.0,416000000.0,278000000.0,1.0,0.98,1.0,10704000000.0,,10704000000.0,31190878249.0,17.0,10.711,-329000000.0,-1.351,1.0,926000000.0,0.349,1473000000.0,138000000.0,42337000000.0,,357000000.0,2404000000.0,0.0,2404000000.0,25472000000.0,4725000000.0,20747000000.0,19914878249.0,-517000000.0,13000000.0,7000000.0,-170000000.0,-154000000.0,-316000000.0,-465000000.0,152000000.0,270000000.0,-6000000.0,246000000.0,245000000.0,245000000.0,0.0,21000000.0,0.092,528000000.0,398000000.0,1344000000.0,0.63,1.861,20.239,20.188,25171000000.0,1000000.0,81.76,1.901,1.901,1161000000.0,8557000000.0,2651000000.0,2651000000.0,0.0,,,,,0.0,0.0,1.0,243577278.0,243603000.0,248515000.0,10.882,35547000000.0,205000000.0,32000000.0,2433000000.0,145.922,-1064000000.0
33,SRE,MRQ,2013-03-31,2013-03-31,2013-03-31,2021-08-05,-377000000.0,37273000000.0,,4123000000.0,33150000000.0,,42.841,-531000000.0,1547000000.0,1547000000.0,1886000000.0,178000000.0,0.795,2.496,12823000000.0,2143000000.0,10680000000.0,12823000000.0,0.0,295000000.0,142000000.0,0.03,0.63,496000000.0,791000000.0,0.298,791000000.0,496000000.0,358000000.0,0.73,0.72,0.73,10423000000.0,,10423000000.0,31797666952.0,22.0,12.358,304000000.0,1.25,1.0,764000000.0,0.288,1547000000.0,138000000.0,41813000000.0,,270000000.0,2471000000.0,0.0,2471000000.0,26012000000.0,5189000000.0,20823000000.0,19448666952.0,996000000.0,371000000.0,-30000000.0,-80000000.0,-145000000.0,320000000.0,-162000000.0,8000000.0,835000000.0,3000000.0,180000000.0,178000000.0,178000000.0,0.0,-2000000.0,0.067,401000000.0,363000000.0,1313000000.0,0.863,1.866,24.28,24.151,25458000000.0,2000000.0,79.94,1.962,1.962,1329000000.0,8466000000.0,2650000000.0,2650000000.0,0.0,,,,,0.0,0.0,1.0,243290805.0,243294000.0,247534000.0,10.892,35726000000.0,101000000.0,178000000.0,2294000000.0,146.843,-1066000000.0
34,SRE,MRQ,2012-12-31,2012-12-31,2012-12-31,2021-08-05,-376000000.0,36499000000.0,,3695000000.0,32804000000.0,,42.49,-715000000.0,543000000.0,543000000.0,1937000000.0,305000000.0,0.868,2.511,12892000000.0,1271000000.0,11621000000.0,12892000000.0,0.0,287000000.0,143000000.0,0.034,0.6,446000000.0,733000000.0,0.275,733000000.0,446000000.0,305000000.0,1.21,1.17,1.21,10282000000.0,,10282000000.0,29050958605.0,21.0,11.588,-385000000.0,-1.591,1.0,731000000.0,0.274,1547000000.0,141000000.0,43043000000.0,,408000000.0,2424000000.0,0.0,2424000000.0,25816000000.0,4258000000.0,21558000000.0,17156958605.0,-55000000.0,-12000000.0,28000000.0,349000000.0,-145000000.0,198000000.0,-582000000.0,150000000.0,330000000.0,-1000000.0,294000000.0,293000000.0,293000000.0,0.0,11000000.0,0.11,389000000.0,342000000.0,1376000000.0,0.496,1.669,19.973,19.927,25191000000.0,1000000.0,70.94,1.778,1.775,1299000000.0,8441000000.0,2668000000.0,2668000000.0,0.0,,,,,0.0,0.0,1.0,241851686.0,241989000.0,251733000.0,11.025,34952000000.0,204000000.0,11000000.0,2146000000.0,144.436,-563000000.0
35,SRE,MRQ,2012-09-30,2012-09-30,2012-09-30,2021-08-05,-389000000.0,35390000000.0,,3078000000.0,32312000000.0,,41.715,-724000000.0,592000000.0,592000000.0,1638000000.0,290000000.0,0.708,2.469,12486000000.0,1293000000.0,11193000000.0,12486000000.0,0.0,280000000.0,150000000.0,0.035,0.6,445000000.0,725000000.0,0.289,725000000.0,445000000.0,319000000.0,1.11,1.09,1.11,10082000000.0,,10082000000.0,27053201916.0,18.0,10.676,-188000000.0,-0.778,1.0,869000000.0,0.347,1550000000.0,126000000.0,41385000000.0,,398000000.0,2477000000.0,0.0,2477000000.0,24894000000.0,4349000000.0,20545000000.0,15587201916.0,309000000.0,-56000000.0,5000000.0,740000000.0,-145000000.0,563000000.0,-795000000.0,10000000.0,536000000.0,5000000.0,270000000.0,268000000.0,268000000.0,0.0,20000000.0,0.107,369000000.0,500000000.0,1405000000.0,0.541,1.546,18.316,18.218,24990000000.0,2000000.0,64.49,1.627,1.626,1074000000.0,8293000000.0,2507000000.0,2507000000.0,0.0,,,,,0.0,0.0,1.0,241699518.0,241689000.0,245802000.0,10.373,33840000000.0,18000000.0,49000000.0,1811000000.0,140.015,-1271000000.0
36,SRE,MRQ,2012-06-30,2012-06-30,2012-06-30,2021-08-05,-456000000.0,34202000000.0,,2040000000.0,32162000000.0,,40.968,-706000000.0,260000000.0,260000000.0,1419000000.0,74000000.0,0.46,2.42,11726000000.0,1411000000.0,10315000000.0,11726000000.0,0.0,266000000.0,145000000.0,0.031,0.6,58000000.0,324000000.0,0.155,324000000.0,58000000.0,-55000000.0,0.26,0.25,0.26,9879000000.0,,9879000000.0,27467466141.0,18.0,10.801,-253000000.0,-1.049,1.0,670000000.0,0.321,1508000000.0,113000000.0,39726000000.0,,249000000.0,2486000000.0,0.0,2486000000.0,23909000000.0,4434000000.0,19475000000.0,16599466141.0,-183000000.0,-303000000.0,32000000.0,412000000.0,-145000000.0,284000000.0,-922000000.0,84000000.0,453000000.0,2000000.0,63000000.0,62000000.0,62000000.0,0.0,11000000.0,0.03,338000000.0,332000000.0,1268000000.0,2.308,1.68,19.036,18.923,24597000000.0,1000000.0,68.88,1.72,1.721,985000000.0,8171000000.0,2089000000.0,2089000000.0,0.0,,,,,0.0,0.0,1.0,240991088.0,241141000.0,246260000.0,8.663,32694000000.0,37000000.0,-118000000.0,1755000000.0,135.58,-2394000000.0
37,SRE,MRQ,2012-03-31,2012-03-31,2012-03-31,2021-08-05,-418000000.0,34045000000.0,,2298000000.0,31747000000.0,,41.369,-811000000.0,451000000.0,451000000.0,1652000000.0,251000000.0,0.513,2.379,11319000000.0,1139000000.0,10180000000.0,11319000000.0,0.0,257000000.0,148000000.0,0.034,0.6,468000000.0,725000000.0,0.304,725000000.0,468000000.0,355000000.0,0.98,0.97,0.98,9952000000.0,,9952000000.0,24990816693.0,11.0,7.832,-112000000.0,-0.466,1.0,731000000.0,0.307,1514000000.0,113000000.0,38919000000.0,,222000000.0,2587000000.0,0.0,2587000000.0,23675000000.0,4480000000.0,19195000000.0,14425816693.0,152000000.0,0.0,-3000000.0,437000000.0,-115000000.0,310000000.0,-859000000.0,-42000000.0,699000000.0,2000000.0,238000000.0,236000000.0,236000000.0,0.0,13000000.0,0.099,353000000.0,378000000.0,1310000000.0,0.612,1.45,10.987,10.942,24076000000.0,2000000.0,59.96,1.445,1.445,1239000000.0,8254000000.0,2383000000.0,2383000000.0,0.0,,,,,0.0,0.0,1.0,240590672.0,240566000.0,243761000.0,9.906,32531000000.0,0.0,117000000.0,1874000000.0,135.227,-2182000000.0
38,SRE,MRQ,2011-12-31,2011-12-31,2011-12-31,2021-08-05,-489000000.0,33249000000.0,,2332000000.0,30917000000.0,,40.763,-813000000.0,298000000.0,298000000.0,1808000000.0,308000000.0,0.562,2.36,10863000000.0,785000000.0,10078000000.0,10863000000.0,0.0,247000000.0,142000000.0,0.035,0.48,513000000.0,760000000.0,0.292,760000000.0,513000000.0,392000000.0,1.19,1.19,1.19,9775000000.0,,9775000000.0,23209024100.0,11.0,7.312,-589000000.0,-2.456,1.0,796000000.0,0.306,1484000000.0,121000000.0,38178000000.0,,346000000.0,2475000000.0,0.0,2475000000.0,23071000000.0,4152000000.0,18919000000.0,13190024100.0,-405000000.0,-245000000.0,6000000.0,259000000.0,-115000000.0,130000000.0,-766000000.0,18000000.0,224000000.0,7000000.0,287000000.0,285000000.0,285000000.0,0.0,21000000.0,0.109,331000000.0,465000000.0,1326000000.0,0.403,1.349,9.91,9.91,23465000000.0,2000000.0,55.0,1.314,1.314,1345000000.0,8162000000.0,2604000000.0,2604000000.0,0.0,,,,,0.0,0.0,1.0,239818620.0,239801000.0,240227000.0,10.859,31765000000.0,0.0,105000000.0,1747000000.0,132.464,-1820000000.0
39,SRE,MRQ,2011-09-30,2011-09-30,2011-09-30,2021-08-05,-503000000.0,32616000000.0,,2938000000.0,29678000000.0,,40.201,-806000000.0,792000000.0,792000000.0,1741000000.0,319000000.0,0.735,2.35,10811000000.0,778000000.0,10033000000.0,10811000000.0,0.0,251000000.0,137000000.0,0.036,0.48,483000000.0,734000000.0,0.285,734000000.0,483000000.0,365000000.0,1.21,1.2,1.21,9630000000.0,,9630000000.0,21999942780.0,10.0,7.211,-302000000.0,-1.261,1.0,835000000.0,0.324,1461000000.0,118000000.0,37179000000.0,,369000000.0,2567000000.0,0.0,2567000000.0,22632000000.0,3995000000.0,18637000000.0,12336942780.0,265000000.0,-14000000.0,2000000.0,578000000.0,-115000000.0,406000000.0,-651000000.0,20000000.0,504000000.0,6000000.0,290000000.0,289000000.0,289000000.0,0.0,29000000.0,0.112,335000000.0,500000000.0,1269000000.0,0.397,1.281,9.519,9.519,22703000000.0,1000000.0,51.5,1.262,1.262,1097000000.0,8048000000.0,2576000000.0,2576000000.0,0.0,,,,,0.0,0.0,1.0,239552287.0,239545000.0,241880000.0,10.754,31155000000.0,301000000.0,75000000.0,1993000000.0,130.059,-1057000000.0
40,SRE,MRQ,2011-06-30,2011-06-30,2011-06-30,2021-08-05,-358000000.0,31836000000.0,,2551000000.0,29285000000.0,,40.01,-618000000.0,582000000.0,582000000.0,1717000000.0,494000000.0,0.714,2.282,10245000000.0,597000000.0,9648000000.0,10245000000.0,0.0,248000000.0,135000000.0,0.033,0.48,724000000.0,972000000.0,0.401,972000000.0,724000000.0,606000000.0,2.1,2.09,2.1,9579000000.0,,9579000000.0,20953872065.0,11.0,7.628,-284000000.0,-1.186,1.0,705000000.0,0.291,1509000000.0,118000000.0,36415000000.0,,211000000.0,2760000000.0,0.0,2760000000.0,21864000000.0,3575000000.0,18289000000.0,12661872065.0,-827000000.0,-682000000.0,5000000.0,-70000000.0,-116000000.0,-260000000.0,-897000000.0,8000000.0,334000000.0,-4000000.0,506000000.0,503000000.0,503000000.0,0.0,-12000000.0,0.208,328000000.0,377000000.0,1132000000.0,0.229,1.322,11.126,11.18,22156000000.0,3000000.0,52.88,1.359,1.359,1176000000.0,7868000000.0,2422000000.0,2422000000.0,0.0,,,,,0.0,0.0,1.0,239445387.0,239415000.0,240761000.0,10.116,30327000000.0,243000000.0,100000000.0,1905000000.0,126.671,-1024000000.0
41,SRE,MRQ,2011-03-31,2011-03-31,2011-03-31,2021-08-05,-332000000.0,30696000000.0,,3426000000.0,27270000000.0,,38.255,-607000000.0,1537000000.0,1537000000.0,1705000000.0,260000000.0,0.938,2.318,9829000000.0,655000000.0,9174000000.0,9829000000.0,0.0,230000000.0,131000000.0,0.031,0.48,478000000.0,708000000.0,0.291,708000000.0,478000000.0,370000000.0,1.06,1.05,1.06,9186000000.0,,9186000000.0,21284036492.0,14.0,8.954,198000000.0,0.825,1.0,729000000.0,0.3,537000000.0,108000000.0,34797000000.0,,176000000.0,3738000000.0,0.0,3738000000.0,21293000000.0,3654000000.0,17639000000.0,12867036492.0,307000000.0,0.0,-3000000.0,351000000.0,-94000000.0,258000000.0,-756000000.0,18000000.0,805000000.0,0.0,256000000.0,254000000.0,254000000.0,0.0,4000000.0,0.104,325000000.0,404000000.0,997000000.0,0.453,1.401,15.014,15.156,20200000000.0,2000000.0,53.5,1.445,1.443,1075000000.0,7472000000.0,2434000000.0,2434000000.0,0.0,,,,,0.0,0.0,1.0,240505355.0,240128000.0,241903000.0,10.136,30159000000.0,297000000.0,114000000.0,1682000000.0,125.596,-228000000.0
42,SRE,MRQ,2010-12-31,2010-12-31,2010-12-31,2021-08-05,-330000000.0,30283000000.0,,3353000000.0,26930000000.0,,37.706,-708000000.0,1070000000.0,1070000000.0,1663000000.0,271000000.0,0.886,2.331,9487000000.0,507000000.0,8980000000.0,9487000000.0,0.0,223000000.0,129000000.0,0.03,0.39,414000000.0,637000000.0,0.272,637000000.0,414000000.0,301000000.0,1.04,1.02,1.04,9027000000.0,,9027000000.0,20939084406.0,16.0,9.721,-156000000.0,-0.652,1.0,682000000.0,0.291,540000000.0,113000000.0,34374000000.0,,258000000.0,3720000000.0,0.0,3720000000.0,21045000000.0,3786000000.0,17259000000.0,12598084406.0,365000000.0,-226000000.0,11000000.0,560000000.0,-95000000.0,463000000.0,-650000000.0,416000000.0,552000000.0,0.0,253000000.0,250000000.0,250000000.0,0.0,18000000.0,0.107,292000000.0,390000000.0,1088000000.0,0.375,1.396,17.769,18.097,19876000000.0,3000000.0,52.48,1.399,1.427,1066000000.0,7329000000.0,2345000000.0,2345000000.0,0.0,,,,,0.0,0.0,1.0,240054962.0,239405000.0,242449000.0,9.795,29743000000.0,323000000.0,48000000.0,1611000000.0,124.237,-433000000.0
43,SRE,MRQ,2010-09-30,2010-09-30,2010-09-30,2021-08-05,-344000000.0,28949000000.0,,2495000000.0,26454000000.0,,35.684,-515000000.0,578000000.0,578000000.0,1393000000.0,127000000.0,0.661,2.266,8919000000.0,887000000.0,8032000000.0,8919000000.0,0.0,218000000.0,133000000.0,0.029,0.39,212000000.0,430000000.0,0.203,430000000.0,212000000.0,101000000.0,0.53,0.53,0.53,8802000000.0,,8802000000.0,21908623425.0,16.0,9.869,-220000000.0,-0.892,1.0,723000000.0,0.342,542000000.0,111000000.0,32971000000.0,,296000000.0,3879000000.0,0.0,3879000000.0,19942000000.0,3777000000.0,16165000000.0,13334623425.0,359000000.0,-15000000.0,-493000000.0,134000000.0,-97000000.0,-470000000.0,534000000.0,223000000.0,295000000.0,0.0,133000000.0,131000000.0,131000000.0,0.0,-6000000.0,0.062,311000000.0,412000000.0,946000000.0,0.736,1.515,17.851,17.697,19221000000.0,2000000.0,53.8,1.463,1.456,806000000.0,7143000000.0,2116000000.0,2116000000.0,0.0,,,,,0.0,0.0,1.0,247855454.0,246668000.0,249811000.0,8.578,28407000000.0,312000000.0,-32000000.0,1584000000.0,115.163,-1282000000.0
44,SRE,MRQ,2010-06-30,2010-06-30,2010-06-30,2021-08-05,-399000000.0,29086000000.0,,1873000000.0,27213000000.0,,37.239,-393000000.0,218000000.0,218000000.0,1381000000.0,205000000.0,0.462,2.141,8792000000.0,1230000000.0,7562000000.0,8792000000.0,0.0,215000000.0,138000000.0,0.033,0.39,387000000.0,602000000.0,0.3,602000000.0,387000000.0,284000000.0,0.9,0.89,0.9,9190000000.0,,9190000000.0,19753350184.0,12.0,7.811,26000000.0,0.105,1.0,627000000.0,0.312,538000000.0,103000000.0,33071000000.0,,151000000.0,5082000000.0,0.0,5082000000.0,19676000000.0,4051000000.0,15625000000.0,11582350184.0,-34000000.0,-370000000.0,8000000.0,295000000.0,-86000000.0,218000000.0,-671000000.0,84000000.0,419000000.0,0.0,225000000.0,222000000.0,222000000.0,0.0,-20000000.0,0.111,291000000.0,336000000.0,842000000.0,0.433,1.26,12.414,12.281,18924000000.0,3000000.0,46.79,1.309,1.305,850000000.0,7106000000.0,2008000000.0,2008000000.0,0.0,,,,,0.0,0.0,1.0,247539008.0,246784000.0,249727000.0,8.137,28548000000.0,196000000.0,59000000.0,1521000000.0,115.68,-2178000000.0
45,SRE,MRQ,2010-03-31,2010-03-31,2010-03-31,2021-08-05,-372000000.0,28772000000.0,,2107000000.0,26665000000.0,,36.817,-446000000.0,266000000.0,266000000.0,1845000000.0,100000000.0,0.497,2.15,8437000000.0,1239000000.0,7198000000.0,8437000000.0,0.0,210000000.0,144000000.0,0.031,0.39,275000000.0,485000000.0,0.191,485000000.0,275000000.0,166000000.0,0.43,0.42,0.43,9060000000.0,,9060000000.0,20831471806.0,12.0,8.38,442000000.0,1.796,1.0,689000000.0,0.272,523000000.0,109000000.0,32182000000.0,,160000000.0,5086000000.0,0.0,5086000000.0,19477000000.0,4238000000.0,15239000000.0,12325471806.0,112000000.0,0.0,12000000.0,-201000000.0,-86000000.0,-280000000.0,-496000000.0,-48000000.0,888000000.0,0.0,108000000.0,106000000.0,106000000.0,0.0,-8000000.0,0.042,468000000.0,221000000.0,898000000.0,0.907,1.36,13.559,13.378,18490000000.0,2000000.0,49.9,1.445,1.439,1007000000.0,6981000000.0,2534000000.0,2534000000.0,0.0,,,,,0.0,0.0,1.0,247003443.0,246083000.0,250373000.0,10.297,28249000000.0,161000000.0,58000000.0,1472000000.0,114.795,-2131000000.0
46,SRE,MRQ,2009-12-31,2009-12-31,2009-12-31,2021-08-05,-369000000.0,28512000000.0,,2295000000.0,26217000000.0,,36.773,-541000000.0,145000000.0,145000000.0,1820000000.0,306000000.0,0.59,2.138,8651000000.0,1191000000.0,7460000000.0,8651000000.0,0.0,207000000.0,145000000.0,0.028,0.39,496000000.0,703000000.0,0.286,703000000.0,496000000.0,386000000.0,1.18,1.15,1.18,9007000000.0,,9007000000.0,21330871079.0,11.0,7.921,-550000000.0,-2.245,1.0,636000000.0,0.259,524000000.0,110000000.0,32606000000.0,,197000000.0,5001000000.0,0.0,5001000000.0,19261000000.0,3888000000.0,15373000000.0,13795871079.0,-646000000.0,-127000000.0,-1000000.0,153000000.0,-86000000.0,65000000.0,-702000000.0,-18000000.0,-9000000.0,0.0,291000000.0,288000000.0,288000000.0,0.0,15000000.0,0.117,279000000.0,357000000.0,914000000.0,0.331,1.532,12.329,12.17,18281000000.0,3000000.0,55.98,1.702,1.68,1171000000.0,6971000000.0,2456000000.0,2456000000.0,0.0,,,,,0.0,0.0,1.0,246442856.0,244938000.0,248911000.0,10.027,27988000000.0,231000000.0,95000000.0,1372000000.0,114.266,-1593000000.0
47,SRE,MRQ,2009-09-30,2009-09-30,2009-09-30,2021-08-05,-401000000.0,28395000000.0,,2696000000.0,25699000000.0,,35.851,-433000000.0,783000000.0,783000000.0,1223000000.0,302000000.0,0.626,2.22,8318000000.0,1473000000.0,6845000000.0,8318000000.0,0.0,196000000.0,145000000.0,0.031,0.39,543000000.0,739000000.0,0.399,739000000.0,543000000.0,447000000.0,1.3,1.27,1.3,8745000000.0,,8745000000.0,19013275569.0,10.0,7.33,-74000000.0,-0.303,1.0,630000000.0,0.34,527000000.0,96000000.0,31093000000.0,,296000000.0,4777000000.0,0.0,4777000000.0,19412000000.0,4310000000.0,15102000000.0,12220275569.0,-62000000.0,-545000000.0,24000000.0,619000000.0,-85000000.0,562000000.0,-983000000.0,1000000.0,359000000.0,0.0,319000000.0,317000000.0,317000000.0,0.0,-17000000.0,0.171,276000000.0,354000000.0,908000000.0,0.3,1.397,10.626,10.486,17772000000.0,2000000.0,49.81,1.538,1.53,763000000.0,6779000000.0,1853000000.0,1853000000.0,0.0,,,,,0.0,0.0,1.0,245337795.0,243925000.0,248461000.0,7.597,27868000000.0,256000000.0,128000000.0,1332000000.0,114.248,-1614000000.0
48,SRE,MRQ,2009-06-30,2009-06-30,2009-06-30,2021-08-05,-395000000.0,27922000000.0,,3324000000.0,24598000000.0,,34.925,-446000000.0,845000000.0,845000000.0,1163000000.0,189000000.0,0.764,2.264,7638000000.0,915000000.0,6723000000.0,7638000000.0,0.0,189000000.0,149000000.0,0.03,0.39,370000000.0,559000000.0,0.331,559000000.0,370000000.0,291000000.0,0.82,0.8,0.82,8477000000.0,,8477000000.0,18768195781.0,11.0,7.543,-60000000.0,-0.247,1.0,526000000.0,0.311,529000000.0,79000000.0,29833000000.0,,169000000.0,4069000000.0,0.0,4069000000.0,19190000000.0,4353000000.0,14837000000.0,12124195781.0,98000000.0,-217000000.0,18000000.0,246000000.0,-84000000.0,177000000.0,-465000000.0,26000000.0,386000000.0,0.0,201000000.0,198000000.0,198000000.0,0.0,-12000000.0,0.117,394000000.0,132000000.0,932000000.0,0.476,1.43,10.626,10.537,17413000000.0,3000000.0,49.63,1.381,1.372,736000000.0,6559000000.0,1689000000.0,1689000000.0,0.0,,,,,0.0,0.0,1.0,244291674.0,242718000.0,247090000.0,6.959,27393000000.0,210000000.0,90000000.0,1206000000.0,112.859,-1029000000.0
49,SRE,MRQ,2009-03-31,2009-03-31,2009-03-31,2021-08-05,-474000000.0,27334000000.0,,3327000000.0,24007000000.0,,34.111,-492000000.0,747000000.0,747000000.0,1519000000.0,325000000.0,0.679,2.282,7391000000.0,1347000000.0,6044000000.0,7391000000.0,0.0,183000000.0,159000000.0,0.031,0.39,509000000.0,692000000.0,0.328,692000000.0,509000000.0,427000000.0,1.31,1.29,1.31,8247000000.0,,8247000000.0,18354996045.0,10.0,7.095,647000000.0,2.676,1.0,589000000.0,0.279,531000000.0,82000000.0,28547000000.0,,150000000.0,3899000000.0,176000000.0,3723000000.0,18821000000.0,4900000000.0,13921000000.0,11255996045.0,389000000.0,0.0,10000000.0,-61000000.0,-86000000.0,-228000000.0,-522000000.0,-23000000.0,1139000000.0,0.0,318000000.0,316000000.0,316000000.0,0.0,7000000.0,0.15,258000000.0,331000000.0,942000000.0,0.298,1.365,9.483,9.475,17208000000.0,2000000.0,46.24,1.173,1.165,882000000.0,6456000000.0,2108000000.0,2108000000.0,0.0,,,,,0.0,0.0,1.0,243425520.0,241766000.0,245017000.0,8.719,26803000000.0,50000000.0,109000000.0,999000000.0,110.863,-1573000000.0
50,SRE,MRQ,2008-12-31,2008-12-31,2008-12-31,2021-08-05,-513000000.0,26400000000.0,,2476000000.0,23924000000.0,,32.982,-520000000.0,358000000.0,358000000.0,1677000000.0,260000000.0,0.685,2.27,7457000000.0,913000000.0,6544000000.0,7457000000.0,0.0,179000000.0,170000000.0,0.032,0.35,425000000.0,604000000.0,0.263,604000000.0,425000000.0,337000000.0,1.32,1.3,1.32,7969000000.0,,7969000000.0,16672975974.0,9.0,6.667,-134000000.0,-0.555,1.0,616000000.0,0.269,539000000.0,88000000.0,29348000000.0,,320000000.0,4001000000.0,176000000.0,3825000000.0,18091000000.0,3612000000.0,14479000000.0,10385975974.0,133000000.0,-2451000000.0,-15000000.0,631000000.0,-87000000.0,537000000.0,-790000000.0,2186000000.0,386000000.0,0.0,322000000.0,319000000.0,319000000.0,0.0,-62000000.0,0.139,378000000.0,238000000.0,1152000000.0,0.265,1.303,9.332,9.473,16865000000.0,3000000.0,42.63,0.965,0.98,985000000.0,6235000000.0,2293000000.0,2293000000.0,0.0,,,,,0.0,0.0,1.0,243630682.0,241615000.0,244415000.0,9.49,25861000000.0,226000000.0,15000000.0,1003000000.0,107.034,-1136000000.0
51,SRE,MRQ,2008-09-30,2008-09-30,2008-09-30,2021-08-05,-349000000.0,23849000000.0,,2570000000.0,21279000000.0,,32.396,-427000000.0,198000000.0,198000000.0,2010000000.0,302000000.0,0.82,2.02,6485000000.0,621000000.0,5864000000.0,6485000000.0,0.0,162000000.0,158000000.0,0.026,0.35,471000000.0,633000000.0,0.235,633000000.0,471000000.0,404000000.0,1.26,1.24,1.26,7898000000.0,,7898000000.0,18144716283.0,9.0,6.928,-487000000.0,-1.998,1.0,682000000.0,0.253,0.0,67000000.0,27001000000.0,,461000000.0,4208000000.0,413000000.0,3795000000.0,15951000000.0,3135000000.0,12816000000.0,12434716283.0,-32000000.0,0.0,6000000.0,544000000.0,-86000000.0,466000000.0,-438000000.0,-8000000.0,-60000000.0,0.0,310000000.0,308000000.0,308000000.0,0.0,-8000000.0,0.114,238000000.0,444000000.0,1046000000.0,0.278,1.574,11.482,11.71,15814000000.0,2000000.0,50.47,1.074,1.063,796000000.0,6001000000.0,2692000000.0,2692000000.0,0.0,,,,,0.0,0.0,1.0,246378369.0,243793000.0,247904000.0,11.042,23849000000.0,339000000.0,94000000.0,857000000.0,97.825,-565000000.0
52,SRE,MRQ,2008-06-30,2008-06-30,2008-06-30,2021-08-05,-317000000.0,23755000000.0,,2510000000.0,21245000000.0,,31.286,-570000000.0,230000000.0,230000000.0,2083000000.0,262000000.0,0.587,2.092,5940000000.0,1131000000.0,4809000000.0,5940000000.0,0.0,171000000.0,0.0,0.023,0.35,487000000.0,658000000.0,0.263,658000000.0,487000000.0,449000000.0,0.99,0.98,0.99,7683000000.0,,7683000000.0,19567787159.0,10.0,7.334,-436000000.0,-1.775,1.0,420000000.0,0.168,0.0,38000000.0,25189000000.0,,125000000.0,4344000000.0,413000000.0,3931000000.0,16072000000.0,4276000000.0,11796000000.0,14131787159.0,-576000000.0,2131000000.0,-993000000.0,408000000.0,-84000000.0,-661000000.0,-49000000.0,-1586000000.0,134000000.0,0.0,247000000.0,244000000.0,244000000.0,0.0,15000000.0,0.097,133000000.0,287000000.0,1180000000.0,0.354,1.839,13.085,13.377,15571000000.0,3000000.0,56.45,1.224,1.201,997000000.0,5780000000.0,2503000000.0,2503000000.0,0.0,,,,,0.0,0.0,1.0,250341668.0,245576000.0,249677000.0,10.192,23755000000.0,327000000.0,202000000.0,727000000.0,96.732,-1766000000.0
53,SRE,MRQ,2008-03-31,2008-03-31,2008-03-31,2021-08-05,-243000000.0,29854000000.0,,10470000000.0,19384000000.0,,33.164,-544000000.0,806000000.0,806000000.0,2641000000.0,244000000.0,1.055,2.481,6242000000.0,1653000000.0,4589000000.0,6242000000.0,0.0,175000000.0,0.0,0.023,0.32,431000000.0,606000000.0,0.185,606000000.0,431000000.0,371000000.0,0.94,0.92,0.94,8577000000.0,,8577000000.0,18877387942.0,10.0,7.078,187000000.0,0.723,1.0,629000000.0,0.192,0.0,60000000.0,25366000000.0,,103000000.0,2608000000.0,413000000.0,2195000000.0,21277000000.0,9924000000.0,11353000000.0,13922387942.0,138000000.0,0.0,2000000.0,608000000.0,-82000000.0,516000000.0,-1109000000.0,-574000000.0,731000000.0,0.0,244000000.0,242000000.0,242000000.0,0.0,0.0,0.074,258000000.0,371000000.0,3535000000.0,0.34,1.623,12.509,12.391,15288000000.0,2000000.0,53.28,1.19,1.177,3978000000.0,5622000000.0,3270000000.0,3270000000.0,0.0,,,,,0.0,0.0,1.0,261306080.0,258624000.0,262671000.0,12.644,29854000000.0,301000000.0,127000000.0,648000000.0,115.434,546000000.0
54,SRE,MRQ,2007-12-31,2007-12-31,2007-12-31,2021-08-05,-301000000.0,28717000000.0,,9964000000.0,18753000000.0,,32.341,-654000000.0,669000000.0,669000000.0,2365000000.0,282000000.0,1.105,2.444,5624000000.0,1071000000.0,4553000000.0,5624000000.0,0.0,172000000.0,143000000.0,0.02,0.31,550000000.0,722000000.0,0.232,722000000.0,550000000.0,482000000.0,1.12,1.1,1.12,8339000000.0,,8339000000.0,20818116207.0,11.0,8.035,-127000000.0,-0.493,1.0,745000000.0,0.24,179000000.0,68000000.0,24473000000.0,,224000000.0,1982000000.0,0.0,1982000000.0,20378000000.0,9020000000.0,11358000000.0,16176116207.0,-404000000.0,-124000000.0,-20000000.0,-100000000.0,-82000000.0,-201000000.0,-730000000.0,29000000.0,527000000.0,0.0,299000000.0,289000000.0,289000000.0,-1000000.0,-17000000.0,0.093,246000000.0,499000000.0,4135000000.0,0.277,1.94,14.719,14.594,14884000000.0,10000000.0,61.88,1.414,1.403,3793000000.0,5464000000.0,3110000000.0,3110000000.0,0.0,,,,,12000000.0,0.0,1.0,261411057.0,257850000.0,262768000.0,12.061,28538000000.0,346000000.0,183000000.0,592000000.0,110.677,944000000.0
55,SRE,MRQ,2007-09-30,2007-09-30,2007-09-30,2021-08-05,-344000000.0,29302000000.0,,11130000000.0,18172000000.0,,31.129,-468000000.0,1073000000.0,1073000000.0,1918000000.0,305000000.0,1.132,2.626,5715000000.0,0.0,5715000000.0,5715000000.0,0.0,174000000.0,0.0,0.021,0.31,508000000.0,682000000.0,0.256,682000000.0,508000000.0,440000000.0,1.17,1.15,1.17,8080000000.0,,8080000000.0,19178081971.0,11.0,7.931,-572000000.0,-2.204,1.0,745000000.0,0.28,0.0,68000000.0,24113000000.0,,325000000.0,1866000000.0,0.0,1866000000.0,21222000000.0,9831000000.0,11391000000.0,15345081971.0,-280000000.0,16000000.0,-153000000.0,520000000.0,-82000000.0,288000000.0,-464000000.0,-2000000.0,-104000000.0,0.0,305000000.0,305000000.0,305000000.0,25000000.0,0.0,0.115,246000000.0,499000000.0,4262000000.0,0.265,1.899,16.412,16.189,14329000000.0,0.0,58.12,1.326,1.304,3393000000.0,5256000000.0,2663000000.0,2663000000.0,0.0,,,,,-12000000.0,0.0,1.0,264024122.0,259563000.0,264279000.0,10.26,29302000000.0,371000000.0,135000000.0,582000000.0,112.89,1299000000.0
56,SRE,MRQ,2007-06-30,2007-06-30,2007-06-30,2021-08-05,-345000000.0,28477000000.0,,10588000000.0,17889000000.0,,30.704,-466000000.0,1353000000.0,1353000000.0,2012000000.0,277000000.0,1.118,2.565,5186000000.0,0.0,5186000000.0,5186000000.0,0.0,171000000.0,0.0,0.021,0.31,486000000.0,657000000.0,0.247,657000000.0,486000000.0,420000000.0,1.07,1.05,1.07,7989000000.0,,7989000000.0,19243445214.0,9.0,6.638,-174000000.0,-0.669,1.0,649000000.0,0.244,0.0,66000000.0,22843000000.0,,167000000.0,1850000000.0,0.0,1850000000.0,20488000000.0,9467000000.0,11021000000.0,15625445214.0,-335000000.0,90000000.0,12000000.0,-92000000.0,-73000000.0,-148000000.0,-479000000.0,-39000000.0,292000000.0,0.0,277000000.0,277000000.0,277000000.0,3000000.0,0.0,0.104,235000000.0,414000000.0,4154000000.0,0.29,1.956,12.179,11.942,14050000000.0,0.0,59.23,1.347,1.328,3118000000.0,5032000000.0,2661000000.0,2661000000.0,0.0,,,,,0.0,0.0,1.0,263809644.0,260198000.0,264963000.0,10.227,28477000000.0,349000000.0,143000000.0,529000000.0,109.444,1121000000.0
57,SRE,MRQ,2007-03-31,2007-03-31,2007-03-31,2021-08-05,-391000000.0,28024000000.0,,10731000000.0,17293000000.0,,29.712,-423000000.0,1659000000.0,1659000000.0,2487000000.0,228000000.0,1.166,2.635,5277000000.0,0.0,5277000000.0,5277000000.0,0.0,169000000.0,0.0,0.02,0.31,361000000.0,530000000.0,0.176,530000000.0,361000000.0,291000000.0,0.88,0.86,0.88,7709000000.0,,7709000000.0,20574666104.0,9.0,6.93,960000000.0,3.7,1.0,517000000.0,0.172,0.0,70000000.0,22442000000.0,,111000000.0,1848000000.0,0.0,1848000000.0,20315000000.0,9200000000.0,11115000000.0,16040666104.0,738000000.0,0.0,16000000.0,-184000000.0,-79000000.0,-245000000.0,-400000000.0,-3000000.0,1383000000.0,0.0,228000000.0,228000000.0,228000000.0,-1000000.0,0.0,0.076,250000000.0,267000000.0,4097000000.0,0.352,2.081,11.632,11.404,13486000000.0,0.0,61.01,1.404,1.385,3369000000.0,4837000000.0,3004000000.0,3004000000.0,0.0,,,,,0.0,0.0,1.0,262918638.0,259459000.0,263996000.0,11.578,28024000000.0,376000000.0,63000000.0,558000000.0,108.009,1531000000.0
58,SRE,MRQ,2006-12-31,2006-12-31,2006-12-31,2021-08-05,-390000000.0,28949000000.0,,12016000000.0,16933000000.0,,29.067,-566000000.0,924000000.0,924000000.0,2486000000.0,125000000.0,1.161,2.854,5458000000.0,0.0,5458000000.0,5458000000.0,0.0,166000000.0,0.0,0.021,0.3,383000000.0,549000000.0,0.169,549000000.0,383000000.0,305000000.0,0.47,0.46,0.47,7511000000.0,,7511000000.0,18695202604.0,8.0,6.12,-328000000.0,-1.269,1.0,759000000.0,0.234,0.0,78000000.0,23134000000.0,,215000000.0,1788000000.0,0.0,1788000000.0,21438000000.0,10349000000.0,11089000000.0,14692202604.0,-581000000.0,-217000000.0,-17000000.0,-211000000.0,-80000000.0,-296000000.0,-523000000.0,128000000.0,238000000.0,0.0,125000000.0,125000000.0,125000000.0,4000000.0,0.0,0.039,189000000.0,570000000.0,5105000000.0,0.638,1.956,10.45,10.226,13175000000.0,0.0,56.04,1.249,1.222,4082000000.0,4681000000.0,3245000000.0,3245000000.0,0.0,,,,,18000000.0,0.0,1.0,262173494.0,258406000.0,263711000.0,12.558,28949000000.0,270000000.0,180000000.0,488000000.0,112.029,1667000000.0
59,SRE,MRQ,2006-09-30,2006-09-30,2006-09-30,2021-08-05,-375000000.0,29046000000.0,,12735000000.0,16311000000.0,,29.034,-448000000.0,1666000000.0,1666000000.0,1986000000.0,653000000.0,1.18,2.885,5669000000.0,0.0,5669000000.0,5669000000.0,0.0,163000000.0,0.0,0.024,0.3,1000000000.0,1163000000.0,0.432,1163000000.0,1000000000.0,910000000.0,2.54,2.49,2.54,7476000000.0,,7476000000.0,17874984908.0,7.0,5.644,151000000.0,0.586,1.0,708000000.0,0.263,0.0,90000000.0,22253000000.0,,300000000.0,1731000000.0,0.0,1731000000.0,21570000000.0,10796000000.0,10774000000.0,13125984908.0,780000000.0,0.0,43000000.0,188000000.0,-69000000.0,170000000.0,11000000.0,404000000.0,599000000.0,0.0,653000000.0,653000000.0,653000000.0,-110000000.0,0.0,0.242,242000000.0,466000000.0,4763000000.0,0.118,1.756,8.023,7.827,12680000000.0,0.0,50.25,1.054,1.039,3477000000.0,4635000000.0,2694000000.0,2694000000.0,0.0,,,,,-18000000.0,0.0,1.0,261213630.0,257487000.0,262102000.0,10.463,29046000000.0,336000000.0,257000000.0,555000000.0,112.806,1939000000.0
60,SRE,MRQ,2006-06-30,2006-06-30,2006-06-30,2021-08-05,-364000000.0,27287000000.0,,11232000000.0,16055000000.0,,26.696,-478000000.0,721000000.0,721000000.0,1914000000.0,373000000.0,1.143,2.997,5470000000.0,0.0,5470000000.0,5470000000.0,0.0,171000000.0,0.0,0.026,0.3,556000000.0,727000000.0,0.292,727000000.0,556000000.0,469000000.0,1.46,1.43,1.46,6827000000.0,,6827000000.0,16673146505.0,10.0,6.982,-541000000.0,-2.116,1.0,572000000.0,0.23,0.0,87000000.0,22207000000.0,,136000000.0,1745000000.0,0.0,1745000000.0,20460000000.0,9829000000.0,10631000000.0,11783146505.0,71000000.0,0.0,29000000.0,-66000000.0,-69000000.0,-17000000.0,151000000.0,69000000.0,-63000000.0,0.0,373000000.0,373000000.0,373000000.0,-188000000.0,0.0,0.15,235000000.0,337000000.0,4177000000.0,0.205,1.726,9.787,9.575,12385000000.0,0.0,45.48,0.945,0.933,3396000000.0,4060000000.0,2486000000.0,2486000000.0,0.0,,,,,0.0,0.0,1.0,259084136.0,255728000.0,260320000.0,9.721,27287000000.0,347000000.0,96000000.0,406000000.0,106.703,1403000000.0
61,SRE,MRQ,2006-03-31,2006-03-31,2006-03-31,2021-08-05,-348000000.0,28050000000.0,,12088000000.0,15962000000.0,,25.498,-415000000.0,650000000.0,650000000.0,2690000000.0,255000000.0,1.128,3.327,5540000000.0,0.0,5540000000.0,5540000000.0,0.0,157000000.0,0.0,0.025,0.3,459000000.0,616000000.0,0.185,616000000.0,459000000.0,363000000.0,1.0,0.98,1.0,6483000000.0,,6483000000.0,17219950261.0,12.0,8.441,440000000.0,1.731,1.0,646000000.0,0.194,0.0,96000000.0,22224000000.0,,98000000.0,1859000000.0,0.0,1859000000.0,21567000000.0,10716000000.0,10851000000.0,12005950261.0,-119000000.0,0.0,5000000.0,-413000000.0,-65000000.0,-469000000.0,-505000000.0,-109000000.0,855000000.0,0.0,255000000.0,255000000.0,255000000.0,-21000000.0,0.0,0.076,234000000.0,412000000.0,4599000000.0,0.3,1.852,12.611,12.259,12169000000.0,0.0,46.46,0.984,0.968,3929000000.0,3765000000.0,3336000000.0,3336000000.0,0.0,,,,,0.0,0.0,1.0,258414771.0,254257000.0,259251000.0,13.121,28050000000.0,173000000.0,108000000.0,489000000.0,110.321,1372000000.0
62,SRE,MRQ,2005-12-31,2005-12-31,2005-12-31,2021-08-05,-358000000.0,29246000000.0,,13827000000.0,15419000000.0,,24.29,-437000000.0,781000000.0,781000000.0,2976000000.0,355000000.0,1.128,3.748,5956000000.0,0.0,5956000000.0,5956000000.0,0.0,160000000.0,0.0,0.026,0.29,501000000.0,661000000.0,0.168,661000000.0,501000000.0,411000000.0,1.42,1.39,1.42,6160000000.0,,6160000000.0,16076884391.0,13.0,8.506,-608000000.0,-2.397,1.0,956000000.0,0.243,0.0,90000000.0,22168000000.0,,205000000.0,1729000000.0,0.0,1729000000.0,23086000000.0,12253000000.0,10833000000.0,11527884391.0,269000000.0,-86000000.0,2000000.0,941000000.0,-75000000.0,872000000.0,-432000000.0,99000000.0,-171000000.0,0.0,355000000.0,355000000.0,355000000.0,2000000.0,0.0,0.09,512000000.0,444000000.0,5823000000.0,0.204,1.871,12.53,11.989,11756000000.0,0.0,44.84,1.001,0.958,4536000000.0,3588000000.0,3932000000.0,3932000000.0,0.0,,,,,0.0,0.0,1.0,257089304.0,253598000.0,258730000.0,15.505,29246000000.0,134000000.0,56000000.0,373000000.0,115.324,1574000000.0
63,SRE,MRQ,2005-09-30,2005-09-30,2005-09-30,2021-08-05,-354000000.0,28979000000.0,,13468000000.0,15511000000.0,,23.232,-366000000.0,503000000.0,503000000.0,2107000000.0,221000000.0,1.027,3.931,5052000000.0,0.0,5052000000.0,5052000000.0,0.0,152000000.0,0.0,0.024,0.29,232000000.0,384000000.0,0.142,384000000.0,232000000.0,158000000.0,0.87,0.86,0.87,5877000000.0,,5877000000.0,16349111886.0,14.0,9.284,-261000000.0,-1.032,1.0,603000000.0,0.223,0.0,74000000.0,20408000000.0,,240000000.0,1747000000.0,0.0,1747000000.0,23102000000.0,13120000000.0,9982000000.0,12054111886.0,-224000000.0,0.0,26000000.0,-76000000.0,-74000000.0,-132000000.0,-197000000.0,-71000000.0,105000000.0,0.0,221000000.0,221000000.0,221000000.0,-5000000.0,0.0,0.082,437000000.0,166000000.0,5888000000.0,0.333,2.051,13.232,12.255,11780000000.0,0.0,47.06,1.17,1.156,4112000000.0,3308000000.0,2710000000.0,2710000000.0,0.0,,,,,0.0,0.0,1.0,256143474.0,252974000.0,257370000.0,10.713,28979000000.0,36000000.0,-63000000.0,376000000.0,114.553,348000000.0
64,SRE,MRQ,2005-06-30,2005-06-30,2005-06-30,2021-08-05,-399000000.0,24205000000.0,,9149000000.0,15056000000.0,,23.153,-305000000.0,726000000.0,726000000.0,1808000000.0,121000000.0,1.044,3.286,5021000000.0,0.0,5021000000.0,5021000000.0,0.0,153000000.0,0.0,0.026,0.29,226000000.0,379000000.0,0.17,379000000.0,226000000.0,154000000.0,0.5,0.48,0.5,5647000000.0,,5647000000.0,14141069000.0,10.0,7.23,-427000000.0,-1.751,1.0,415000000.0,0.187,0.0,72000000.0,19735000000.0,,101000000.0,1738000000.0,0.0,1738000000.0,18558000000.0,8765000000.0,9793000000.0,9884069000.0,119000000.0,1000000.0,487000000.0,141000000.0,-69000000.0,560000000.0,-319000000.0,2000000.0,-122000000.0,0.0,121000000.0,121000000.0,121000000.0,-2000000.0,0.0,0.054,213000000.0,202000000.0,4040000000.0,0.58,1.75,10.732,10.379,11434000000.0,0.0,41.31,1.013,1.033,3126000000.0,3161000000.0,2223000000.0,2223000000.0,0.0,,,,,0.0,0.0,1.0,239265771.0,243898000.0,250073000.0,9.114,24205000000.0,62000000.0,33000000.0,534000000.0,99.242,384000000.0
65,SRE,MRQ,2005-03-31,2005-03-31,2005-03-31,2021-08-05,-374000000.0,23760000000.0,,8836000000.0,14924000000.0,,22.027,-269000000.0,609000000.0,609000000.0,2146000000.0,223000000.0,0.977,3.631,4866000000.0,0.0,4866000000.0,4866000000.0,0.0,161000000.0,0.0,0.026,0.29,304000000.0,465000000.0,0.175,465000000.0,304000000.0,230000000.0,0.96,0.92,0.96,5131000000.0,,5131000000.0,13962726344.0,10.0,7.073,443000000.0,1.902,1.0,509000000.0,0.192,0.0,74000000.0,18972000000.0,,70000000.0,1772000000.0,0.0,1772000000.0,18629000000.0,9045000000.0,9584000000.0,9386726344.0,190000000.0,-1000000.0,84000000.0,-114000000.0,-50000000.0,-283000000.0,-239000000.0,6000000.0,712000000.0,0.0,223000000.0,223000000.0,223000000.0,-2000000.0,0.0,0.084,235000000.0,274000000.0,3781000000.0,0.302,1.829,10.192,9.96,11245000000.0,0.0,39.84,0.985,0.974,3348000000.0,3114000000.0,2655000000.0,2655000000.0,0.0,,,,,0.0,0.0,1.0,235610601.0,232939000.0,241105000.0,11.398,23760000000.0,47000000.0,7000000.0,718000000.0,102.001,-209000000.0
66,SRE,MRQ,2004-12-31,2004-12-31,2004-12-31,2021-08-05,-365000000.0,23775000000.0,,8776000000.0,14999000000.0,,21.312,-283000000.0,419000000.0,419000000.0,2033000000.0,346000000.0,0.966,3.887,4995000000.0,0.0,4995000000.0,4995000000.0,0.0,102000000.0,0.0,0.027,0.25,431000000.0,533000000.0,0.196,533000000.0,431000000.0,345000000.0,1.51,1.47,1.51,4865000000.0,,4865000000.0,13241713105.0,9.0,6.594,216000000.0,0.946,1.0,680000000.0,0.251,0.0,86000000.0,19269000000.0,,172000000.0,1791000000.0,0.0,1791000000.0,18910000000.0,9082000000.0,9828000000.0,8560713105.0,167000000.0,-191000000.0,20000000.0,32000000.0,-50000000.0,-8000000.0,-324000000.0,2000000.0,499000000.0,0.0,346000000.0,346000000.0,346000000.0,-12000000.0,0.0,0.128,305000000.0,375000000.0,4798000000.0,0.166,1.76,9.565,9.357,11086000000.0,-7000000.0,36.68,0.927,0.907,3684000000.0,2961000000.0,2713000000.0,2713000000.0,0.0,,,,,0.0,0.0,1.0,233389125.0,228271000.0,233852000.0,11.885,23775000000.0,15000000.0,-1000000.0,685000000.0,104.153,-306000000.0
67,SRE,MRQ,2004-09-30,2004-09-30,2004-09-30,2021-08-05,-426000000.0,22464000000.0,,8109000000.0,14355000000.0,,19.1,-284000000.0,267000000.0,267000000.0,1595000000.0,231000000.0,1.029,4.128,4948000000.0,0.0,4948000000.0,4948000000.0,0.0,171000000.0,0.0,0.028,0.25,408000000.0,579000000.0,0.267,579000000.0,408000000.0,334000000.0,1.01,0.98,1.01,4381000000.0,,4381000000.0,12588669157.0,10.0,6.654,-442000000.0,-1.927,1.0,570000000.0,0.263,0.0,74000000.0,19261000000.0,,225000000.0,7863000000.0,0.0,7863000000.0,18083000000.0,7884000000.0,10199000000.0,8388669157.0,-883000000.0,-29000000.0,30000000.0,-399000000.0,-49000000.0,-419000000.0,-306000000.0,0.0,-158000000.0,0.0,231000000.0,231000000.0,231000000.0,0.0,0.0,0.107,225000000.0,345000000.0,1330000000.0,0.248,1.915,10.713,10.901,10847000000.0,0.0,36.19,0.976,0.966,822000000.0,2674000000.0,2165000000.0,2165000000.0,0.0,,,,,0.0,0.0,1.0,231795224.0,229376000.0,235936000.0,9.439,22464000000.0,58000000.0,103000000.0,552000000.0,97.935,225000000.0
68,SRE,MRQ,2004-06-30,2004-06-30,2004-06-30,2021-08-05,-424000000.0,22058000000.0,,7867000000.0,14191000000.0,,18.079,-279000000.0,1150000000.0,1150000000.0,1558000000.0,121000000.0,1.026,4.295,5350000000.0,931000000.0,4419000000.0,5350000000.0,0.0,165000000.0,0.0,0.029,0.25,232000000.0,397000000.0,0.199,397000000.0,232000000.0,152000000.0,0.52,0.52,0.52,4166000000.0,,4166000000.0,11828554306.0,10.0,6.506,-402000000.0,-1.745,1.0,438000000.0,0.219,0.0,80000000.0,18593000000.0,,107000000.0,6709000000.0,0.0,6709000000.0,17892000000.0,7665000000.0,10227000000.0,7910554306.0,497000000.0,143000000.0,22000000.0,784000000.0,-48000000.0,757000000.0,-137000000.0,0.0,-123000000.0,0.0,121000000.0,121000000.0,121000000.0,8000000.0,0.0,0.061,218000000.0,220000000.0,1337000000.0,0.481,1.899,10.368,10.37,10693000000.0,0.0,34.43,0.932,0.935,867000000.0,2501000000.0,1996000000.0,1996000000.0,0.0,,,,,0.0,0.0,1.0,229757604.0,230432000.0,234312000.0,8.662,22058000000.0,84000000.0,31000000.0,587000000.0,95.725,202000000.0
69,SRE,MRQ,2004-03-31,2004-03-31,2004-03-31,2021-08-05,-402000000.0,21408000000.0,,7272000000.0,14136000000.0,,17.926,-219000000.0,653000000.0,653000000.0,1799000000.0,197000000.0,0.944,4.237,4571000000.0,0.0,4571000000.0,4571000000.0,0.0,165000000.0,0.0,0.031,0.25,334000000.0,499000000.0,0.211,499000000.0,334000000.0,254000000.0,0.86,0.85,0.86,4088000000.0,,4088000000.0,12095958870.0,10.0,6.78,572000000.0,2.508,1.0,561000000.0,0.238,0.0,80000000.0,17626000000.0,,67000000.0,6690000000.0,4997000000.0,1693000000.0,17320000000.0,7700000000.0,9620000000.0,7225958870.0,229000000.0,3000000.0,33000000.0,-702000000.0,-48000000.0,-719000000.0,157000000.0,0.0,791000000.0,0.0,197000000.0,197000000.0,197000000.0,24000000.0,0.0,0.083,229000000.0,332000000.0,1196000000.0,0.291,1.768,9.533,9.464,10550000000.0,0.0,31.8,0.868,0.871,903000000.0,2438000000.0,2360000000.0,2360000000.0,0.0,,,,,0.0,0.0,1.0,227231411.0,228055000.0,231136000.0,10.348,21408000000.0,0.0,57000000.0,495000000.0,93.872,-428000000.0
70,SRE,MRQ,2003-12-31,2003-12-31,2003-12-31,2021-08-05,-401000000.0,21988000000.0,,7866000000.0,14122000000.0,,17.358,-385000000.0,409000000.0,409000000.0,1450000000.0,234000000.0,0.918,4.652,5302000000.0,0.0,5302000000.0,5302000000.0,0.0,160000000.0,0.0,0.033,0.25,257000000.0,417000000.0,0.201,417000000.0,257000000.0,172000000.0,0.93,0.91,0.93,3890000000.0,,3890000000.0,11290655843.0,11.0,6.974,-123000000.0,-0.549,1.0,620000000.0,0.3,0.0,85000000.0,18312000000.0,,147000000.0,2068000000.0,0.0,2068000000.0,18098000000.0,8569000000.0,9529000000.0,6800655843.0,26000000.0,-86000000.0,423000000.0,-227000000.0,-27000000.0,169000000.0,-405000000.0,25000000.0,262000000.0,0.0,234000000.0,234000000.0,234000000.0,0.0,0.0,0.113,402000000.0,218000000.0,3542000000.0,0.269,1.748,10.479,9.792,10476000000.0,-8000000.0,30.06,0.862,0.807,3279000000.0,2298000000.0,2070000000.0,2070000000.0,0.0,,,,,0.0,0.0,1.0,226236056.0,224100000.0,227448000.0,9.237,21988000000.0,0.0,-62000000.0,819000000.0,98.117,-703000000.0
71,SRE,MRQ,2003-09-30,2003-09-30,2003-09-30,2021-08-05,-414000000.0,18054000000.0,,6653000000.0,11401000000.0,,15.372,-223000000.0,411000000.0,411000000.0,1539000000.0,211000000.0,0.899,4.624,4901000000.0,1365000000.0,3536000000.0,4901000000.0,0.0,158000000.0,0.0,0.034,0.25,347000000.0,505000000.0,0.245,505000000.0,347000000.0,269000000.0,1.01,1.0,1.01,3210000000.0,,3210000000.0,10531855136.0,11.0,6.683,-58000000.0,-0.278,1.0,519000000.0,0.252,0.0,78000000.0,15144000000.0,,240000000.0,6660000000.0,4650000000.0,2010000000.0,14844000000.0,7400000000.0,7444000000.0,6127855136.0,86000000.0,-17000000.0,31000000.0,187000000.0,-51000000.0,167000000.0,-246000000.0,0.0,165000000.0,0.0,211000000.0,211000000.0,211000000.0,0.0,0.0,0.103,212000000.0,307000000.0,1027000000.0,0.248,1.909,10.884,10.794,7453000000.0,0.0,29.36,0.815,0.815,941000000.0,2121000000.0,2058000000.0,2058000000.0,0.0,,,,,0.0,0.0,1.0,208714412.0,208816000.0,212273000.0,9.856,18054000000.0,71000000.0,58000000.0,918000000.0,86.459,-747000000.0
72,SRE,MRQ,2003-06-30,2003-06-30,2003-06-30,2021-08-05,-401000000.0,18223000000.0,,6723000000.0,11500000000.0,,14.598,-248000000.0,325000000.0,325000000.0,1431000000.0,116000000.0,0.961,5.012,4729000000.0,515000000.0,4214000000.0,4729000000.0,0.0,149000000.0,0.0,0.035,0.25,214000000.0,363000000.0,0.197,363000000.0,214000000.0,143000000.0,0.56,0.56,0.56,3031000000.0,,3031000000.0,10056441313.0,11.0,6.66,-181000000.0,-0.872,1.0,409000000.0,0.222,0.0,71000000.0,15632000000.0,,129000000.0,6833000000.0,4853000000.0,1980000000.0,15192000000.0,6995000000.0,8197000000.0,5918441313.0,-478000000.0,-72000000.0,28000000.0,-197000000.0,-52000000.0,-223000000.0,-322000000.0,0.0,67000000.0,0.0,116000000.0,116000000.0,116000000.0,-3000000.0,0.0,0.063,206000000.0,203000000.0,1047000000.0,0.446,1.953,11.79,11.693,7477000000.0,0.0,28.53,0.864,0.865,1020000000.0,1962000000.0,1840000000.0,1840000000.0,0.0,,,,,0.0,0.0,1.0,207446243.0,207633000.0,209941000.0,8.862,18223000000.0,77000000.0,27000000.0,882000000.0,87.765,-272000000.0
73,SRE,MRQ,2003-03-31,2003-03-31,2003-03-31,2021-08-05,-431000000.0,19136000000.0,,7964000000.0,11172000000.0,,14.012,-193000000.0,803000000.0,803000000.0,1504000000.0,88000000.0,0.991,5.617,4941000000.0,617000000.0,4324000000.0,4941000000.0,0.0,148000000.0,0.0,0.04,0.25,186000000.0,334000000.0,0.174,334000000.0,186000000.0,112000000.0,0.43,0.42,0.43,2892000000.0,,2892000000.0,9622479869.0,10.0,6.252,498000000.0,2.413,1.0,419000000.0,0.218,0.0,74000000.0,15238000000.0,,71000000.0,7506000000.0,5649000000.0,1857000000.0,16244000000.0,8036000000.0,8208000000.0,5143479869.0,348000000.0,-126000000.0,16000000.0,18000000.0,-52000000.0,-24000000.0,-319000000.0,0.0,691000000.0,0.0,88000000.0,88000000.0,88000000.0,3000000.0,0.0,0.046,204000000.0,215000000.0,1088000000.0,0.581,1.779,9.65,9.6,7261000000.0,0.0,24.96,0.791,0.792,1109000000.0,1898000000.0,1923000000.0,1923000000.0,0.0,,,,,0.0,0.0,1.0,206068905.0,206393000.0,207823000.0,9.317,19136000000.0,59000000.0,24000000.0,921000000.0,92.716,-72000000.0
74,SRE,MRQ,2002-12-31,2002-12-31,2002-12-31,2021-08-05,-439000000.0,20242000000.0,,7010000000.0,13232000000.0,,13.789,-412000000.0,455000000.0,455000000.0,1305000000.0,148000000.0,0.967,6.165,4934000000.0,851000000.0,4083000000.0,4934000000.0,0.0,149000000.0,0.0,0.042,0.25,225000000.0,374000000.0,0.22,374000000.0,225000000.0,151000000.0,0.72,0.72,0.72,2825000000.0,,2825000000.0,9169007798.0,9.0,5.636,14000000.0,0.068,1.0,395000000.0,0.232,0.0,74000000.0,17474000000.0,,134000000.0,6871000000.0,5064000000.0,1807000000.0,17417000000.0,7247000000.0,10170000000.0,4845007798.0,40000000.0,-126000000.0,-4000000.0,195000000.0,-47000000.0,144000000.0,-530000000.0,0.0,426000000.0,0.0,148000000.0,148000000.0,148000000.0,0.0,0.0,0.087,197000000.0,198000000.0,1039000000.0,0.347,1.715,8.198,8.212,9318000000.0,0.0,23.65,0.801,0.802,1023000000.0,1861000000.0,1700000000.0,1700000000.0,0.0,,,,,0.0,0.0,1.0,204862909.0,204871000.0,205459000.0,8.298,20242000000.0,20000000.0,3000000.0,912000000.0,98.804,-237000000.0
75,SRE,MRQ,2002-09-30,2002-09-30,2002-09-30,2021-08-05,-438000000.0,17173000000.0,,6464000000.0,10709000000.0,,13.307,-243000000.0,420000000.0,420000000.0,886000000.0,150000000.0,0.942,5.297,4744000000.0,868000000.0,3876000000.0,4744000000.0,0.0,147000000.0,0.0,0.051,0.25,292000000.0,439000000.0,0.317,439000000.0,292000000.0,219000000.0,0.73,0.73,0.73,2727000000.0,,2727000000.0,8111881499.0,9.0,5.285,18000000.0,0.088,1.0,499000000.0,0.36,0.0,73000000.0,14632000000.0,,126000000.0,6588000000.0,4863000000.0,1725000000.0,14446000000.0,6865000000.0,7581000000.0,4024881499.0,-102000000.0,-186000000.0,-11000000.0,134000000.0,-52000000.0,71000000.0,-434000000.0,2000000.0,261000000.0,0.0,150000000.0,150000000.0,150000000.0,0.0,0.0,0.108,189000000.0,310000000.0,886000000.0,0.342,1.476,7.305,7.332,6586000000.0,0.0,19.65,0.713,0.713,709000000.0,1764000000.0,1385000000.0,1385000000.0,0.0,,,,,0.0,0.0,1.0,204828575.0,204931000.0,205331000.0,6.758,17173000000.0,27000000.0,69000000.0,1007000000.0,83.799,-401000000.0
76,SRE,MRQ,2002-06-30,2002-06-30,2002-06-30,2021-08-05,-384000000.0,17112000000.0,,6332000000.0,10780000000.0,,13.114,-316000000.0,522000000.0,522000000.0,1070000000.0,147000000.0,0.935,5.354,4609000000.0,707000000.0,3902000000.0,4609000000.0,0.0,152000000.0,0.0,0.045,0.25,240000000.0,392000000.0,0.263,392000000.0,240000000.0,162000000.0,0.72,0.71,0.72,2693000000.0,,2693000000.0,8651957105.0,10.0,5.866,261000000.0,1.271,1.0,423000000.0,0.283,0.0,78000000.0,14424000000.0,,74000000.0,6403000000.0,4681000000.0,1722000000.0,14419000000.0,6775000000.0,7644000000.0,4543957105.0,-218000000.0,-153000000.0,6000000.0,-260000000.0,-51000000.0,-323000000.0,-472000000.0,1000000.0,577000000.0,0.0,147000000.0,147000000.0,147000000.0,0.0,0.0,0.098,195000000.0,228000000.0,976000000.0,0.347,1.687,9.161,9.145,6511000000.0,0.0,22.13,0.8,0.8,679000000.0,1665000000.0,1493000000.0,1493000000.0,0.0,,,,,0.0,0.0,1.0,205330190.0,205357000.0,207042000.0,7.27,17112000000.0,0.0,15000000.0,953000000.0,83.328,-443000000.0
77,SRE,MRQ,2002-03-31,2002-03-31,2002-03-31,2021-08-05,-337000000.0,17278000000.0,,6903000000.0,10375000000.0,,13.17,-243000000.0,740000000.0,740000000.0,1027000000.0,146000000.0,0.925,5.404,4848000000.0,1352000000.0,3496000000.0,4848000000.0,0.0,148000000.0,0.0,0.04,0.25,274000000.0,422000000.0,0.287,422000000.0,274000000.0,205000000.0,0.71,0.71,0.71,2698000000.0,,2698000000.0,9105196175.0,10.0,6.018,-66000000.0,-0.322,1.0,443000000.0,0.301,0.0,69000000.0,13921000000.0,,66000000.0,6509000000.0,4912000000.0,1597000000.0,14580000000.0,7465000000.0,7115000000.0,5157196175.0,135000000.0,-46000000.0,1000000.0,295000000.0,-51000000.0,245000000.0,-287000000.0,8000000.0,177000000.0,0.0,146000000.0,146000000.0,146000000.0,0.0,0.0,0.099,192000000.0,251000000.0,997000000.0,0.352,1.911,10.612,10.612,6365000000.0,0.0,25.15,0.866,0.865,778000000.0,1570000000.0,1470000000.0,1470000000.0,0.0,,,,,0.0,0.0,1.0,205057502.0,204853000.0,206416000.0,7.176,17278000000.0,61000000.0,59000000.0,1009000000.0,84.343,-562000000.0
78,SRE,MRQ,2001-12-31,2001-12-31,2001-12-31,2021-08-05,-242000000.0,15080000000.0,,4790000000.0,10290000000.0,,13.165,-267000000.0,605000000.0,605000000.0,972000000.0,108000000.0,0.875,4.602,4553000000.0,1117000000.0,3436000000.0,4553000000.0,0.0,151000000.0,0.0,0.041,0.25,131000000.0,282000000.0,0.217,282000000.0,131000000.0,68000000.0,0.52,0.52,0.52,2692000000.0,,2692000000.0,8715661014.0,8.0,5.337,-73000000.0,-0.357,1.0,327000000.0,0.252,0.0,63000000.0,13556000000.0,,124000000.0,4435000000.0,2740000000.0,1695000000.0,12388000000.0,5472000000.0,6916000000.0,5086661014.0,-340000000.0,-220000000.0,40000000.0,-45000000.0,-51000000.0,-92000000.0,-442000000.0,80000000.0,194000000.0,0.0,108000000.0,108000000.0,108000000.0,0.0,0.0,0.083,192000000.0,135000000.0,1107000000.0,0.481,1.89,9.82,9.665,6216000000.0,0.0,24.55,0.658,0.647,852000000.0,1475000000.0,1299000000.0,1299000000.0,0.0,,,,,0.0,0.0,1.0,207195968.0,204484000.0,205983000.0,6.353,15080000000.0,98000000.0,-40000000.0,1012000000.0,73.747,-682000000.0
79,SRE,MRQ,2001-09-30,2001-09-30,2001-09-30,2021-08-05,-84000000.0,15177000000.0,,5170000000.0,10007000000.0,,13.492,-295000000.0,945000000.0,945000000.0,1011000000.0,95000000.0,0.97,4.509,4574000000.0,991000000.0,3583000000.0,4574000000.0,0.0,147000000.0,0.0,0.04,0.25,232000000.0,379000000.0,0.267,379000000.0,232000000.0,152000000.0,0.47,0.46,0.47,2755000000.0,,2755000000.0,8664202212.0,7.0,4.917,12000000.0,0.059,1.0,406000000.0,0.287,0.0,80000000.0,13474000000.0,,191000000.0,1814000000.0,0.0,1814000000.0,12422000000.0,5332000000.0,7090000000.0,5119202212.0,-643000000.0,1000000.0,0.0,-582000000.0,-51000000.0,-624000000.0,-326000000.0,0.0,307000000.0,0.0,95000000.0,95000000.0,95000000.0,0.0,0.0,0.067,188000000.0,218000000.0,1047000000.0,0.532,1.858,10.137,9.94,5941000000.0,0.0,24.75,0.612,0.604,578000000.0,1419000000.0,1417000000.0,1417000000.0,0.0,,,,,0.0,0.0,1.0,206836453.0,204196000.0,206459000.0,6.939,15177000000.0,0.0,57000000.0,1159000000.0,74.326,-162000000.0
80,SRE,MRQ,2001-06-30,2001-06-30,2001-06-30,2021-08-05,-71000000.0,15836000000.0,,6326000000.0,9510000000.0,,13.338,-218000000.0,1588000000.0,1588000000.0,1311000000.0,137000000.0,0.972,4.837,5133000000.0,1457000000.0,3676000000.0,5133000000.0,0.0,139000000.0,0.0,0.037,0.25,291000000.0,430000000.0,0.243,430000000.0,291000000.0,201000000.0,0.67,0.66,0.67,2713000000.0,,2713000000.0,9284891829.0,8.0,5.297,-49000000.0,-0.241,1.0,461000000.0,0.26,0.0,90000000.0,12870000000.0,,150000000.0,1739000000.0,0.0,1739000000.0,13123000000.0,6511000000.0,6612000000.0,5630891829.0,150000000.0,2000000.0,0.0,43000000.0,-51000000.0,168000000.0,-187000000.0,0.0,169000000.0,0.0,137000000.0,137000000.0,137000000.0,0.0,0.0,0.077,189000000.0,272000000.0,1318000000.0,0.373,2.076,10.808,10.638,5797000000.0,0.0,27.34,0.642,0.634,880000000.0,1375000000.0,1772000000.0,1772000000.0,0.0,,,,,0.0,0.0,1.0,205958004.0,203407000.0,205877000.0,8.712,15836000000.0,0.0,64000000.0,1124000000.0,77.854,-185000000.0
81,SRE,MRQ,2001-03-31,2001-03-31,2001-03-31,2021-08-05,-49000000.0,19482000000.0,,8815000000.0,10667000000.0,,12.997,-160000000.0,1438000000.0,1438000000.0,2670000000.0,178000000.0,0.887,6.41,5092000000.0,1812000000.0,3280000000.0,5092000000.0,0.0,142000000.0,0.0,0.043,0.25,400000000.0,542000000.0,0.167,542000000.0,400000000.0,310000000.0,0.88,0.88,0.88,2629000000.0,,2629000000.0,8338884814.0,7.0,4.899,-98000000.0,-0.484,1.0,572000000.0,0.176,0.0,90000000.0,13197000000.0,,67000000.0,1793000000.0,0.0,1793000000.0,16853000000.0,9939000000.0,6914000000.0,4771884814.0,801000000.0,49000000.0,0.0,888000000.0,-50000000.0,823000000.0,-84000000.0,0.0,62000000.0,0.0,178000000.0,178000000.0,178000000.0,0.0,0.0,0.055,200000000.0,372000000.0,1253000000.0,0.284,1.815,9.66,9.502,5740000000.0,0.0,23.28,0.559,0.551,1184000000.0,1291000000.0,3242000000.0,3242000000.0,0.0,,,,,0.0,0.0,1.0,204977870.0,202285000.0,203033000.0,16.027,19482000000.0,0.0,132000000.0,1171000000.0,96.31,-1124000000.0
82,SRE,MRQ,2000-12-31,2000-12-31,2000-12-31,2021-08-05,-49000000.0,15540000000.0,,6525000000.0,9015000000.0,,12.364,-243000000.0,637000000.0,637000000.0,1606000000.0,95000000.0,0.871,5.231,4204000000.0,936000000.0,3268000000.0,4204000000.0,0.0,143000000.0,0.0,0.043,0.25,268000000.0,411000000.0,0.212,411000000.0,268000000.0,198000000.0,0.47,0.47,0.47,2494000000.0,,2494000000.0,8097843364.0,8.0,5.231,-36000000.0,-0.178,1.0,332000000.0,0.171,0.0,70000000.0,11617000000.0,,342000000.0,1831000000.0,0.0,1831000000.0,13046000000.0,7490000000.0,5556000000.0,4754843364.0,259000000.0,-243000000.0,12000000.0,486000000.0,-49000000.0,446000000.0,-394000000.0,30000000.0,207000000.0,0.0,95000000.0,95000000.0,95000000.0,0.0,0.0,0.049,185000000.0,147000000.0,1403000000.0,0.532,1.907,11.084,11.286,5726000000.0,0.0,23.25,0.703,0.716,1207000000.0,1162000000.0,1938000000.0,1938000000.0,0.0,,,,,0.0,0.0,1.0,204509392.0,201711000.0,202165000.0,9.608,15540000000.0,24000000.0,103000000.0,963000000.0,77.041,-965000000.0
83,SRE,MRQ,2000-09-30,2000-09-30,2000-09-30,2021-08-05,-14000000.0,13802000000.0,,5030000000.0,8772000000.0,,12.314,-202000000.0,378000000.0,378000000.0,1395000000.0,111000000.0,0.87,4.57,3721000000.0,421000000.0,3300000000.0,3721000000.0,0.0,142000000.0,0.0,0.055,0.25,228000000.0,370000000.0,0.203,370000000.0,228000000.0,161000000.0,0.55,0.55,0.55,2478000000.0,,2478000000.0,7172272444.0,8.0,4.899,-339000000.0,-1.685,1.0,425000000.0,0.234,0.0,67000000.0,11366000000.0,,195000000.0,1773000000.0,0.0,1773000000.0,11324000000.0,5779000000.0,5545000000.0,4252272444.0,-168000000.0,0.0,-3000000.0,238000000.0,-51000000.0,184000000.0,-215000000.0,0.0,-137000000.0,0.0,111000000.0,111000000.0,111000000.0,0.0,0.0,0.061,189000000.0,236000000.0,1059000000.0,0.455,1.716,9.686,10.261,5572000000.0,0.0,20.83,0.684,0.674,756000000.0,1117000000.0,1820000000.0,1820000000.0,0.0,,,,,0.0,0.0,1.0,204141740.0,201241000.0,201375000.0,9.044,13802000000.0,8000000.0,50000000.0,904000000.0,68.584,-749000000.0
84,SRE,MRQ,2000-06-30,2000-06-30,2000-06-30,2021-08-05,-9000000.0,13047000000.0,,4471000000.0,8576000000.0,,12.017,-159000000.0,546000000.0,546000000.0,1116000000.0,110000000.0,0.874,4.391,3466000000.0,153000000.0,3313000000.0,3466000000.0,0.0,144000000.0,0.0,0.075,0.25,235000000.0,379000000.0,0.246,379000000.0,235000000.0,159000000.0,0.55,0.55,0.55,2420000000.0,,2420000000.0,6334543080.0,7.0,4.274,-4000000.0,-0.02,1.0,426000000.0,0.276,0.0,76000000.0,10850000000.0,,79000000.0,1796000000.0,0.0,1796000000.0,10627000000.0,5117000000.0,5510000000.0,3472543080.0,-94000000.0,0.0,0.0,-16000000.0,-50000000.0,-76000000.0,-173000000.0,0.0,155000000.0,0.0,110000000.0,110000000.0,110000000.0,0.0,0.0,0.071,184000000.0,242000000.0,789000000.0,0.455,1.435,7.965,8.763,5431000000.0,0.0,17.0,0.614,0.605,589000000.0,1057000000.0,1542000000.0,1542000000.0,0.0,,,,,0.0,0.0,1.0,204267240.0,201377000.0,201469000.0,7.657,13047000000.0,0.0,49000000.0,847000000.0,64.789,-646000000.0
85,SRE,MRQ,2000-03-31,2000-03-31,2000-03-31,2021-08-05,33000000.0,11931000000.0,,3553000000.0,8378000000.0,,10.513,-131000000.0,640000000.0,640000000.0,1016000000.0,113000000.0,0.899,3.971,3502000000.0,153000000.0,3349000000.0,3502000000.0,0.0,134000000.0,0.0,0.085,0.25,254000000.0,388000000.0,0.266,388000000.0,254000000.0,181000000.0,0.49,0.49,0.49,2400000000.0,,2400000000.0,6172696072.0,7.0,3.616,526000000.0,2.304,1.0,444000000.0,0.304,0.0,73000000.0,10842000000.0,,70000000.0,1832000000.0,0.0,1832000000.0,9531000000.0,3951000000.0,5580000000.0,3420696072.0,153000000.0,0.0,-722000000.0,453000000.0,-94000000.0,-362000000.0,-142000000.0,0.0,657000000.0,0.0,113000000.0,113000000.0,113000000.0,0.0,0.0,0.077,185000000.0,259000000.0,916000000.0,0.51,1.425,8.384,9.682,5426000000.0,0.0,16.75,0.608,0.679,669000000.0,996000000.0,1460000000.0,1460000000.0,0.0,,,,,0.0,0.0,1.0,204220661.0,228291000.0,228371000.0,6.395,11931000000.0,0.0,68000000.0,873000000.0,52.262,-398000000.0
86,SRE,MRQ,1999-12-31,1999-12-31,1999-12-31,2021-08-05,-39000000.0,11124000000.0,,3015000000.0,8109000000.0,,12.578,-654000000.0,487000000.0,487000000.0,1064000000.0,105000000.0,0.932,2.725,3239000000.0,337000000.0,2902000000.0,3239000000.0,0.0,130000000.0,0.0,0.09,0.39,197000000.0,327000000.0,0.234,327000000.0,197000000.0,153000000.0,0.44,0.44,0.44,2986000000.0,,2986000000.0,6951301875.0,9.0,4.135,-349000000.0,-1.47,1.0,334000000.0,0.239,0.0,44000000.0,10640000000.0,,147000000.0,1715000000.0,0.0,1715000000.0,8138000000.0,3236000000.0,4902000000.0,4177301875.0,13000000.0,355000000.0,3000000.0,-1000000.0,-87000000.0,-87000000.0,-205000000.0,0.0,305000000.0,0.0,105000000.0,105000000.0,105000000.0,0.0,0.0,0.075,185000000.0,149000000.0,700000000.0,0.886,1.399,10.602,10.47,5394000000.0,0.0,17.38,0.779,0.769,552000000.0,1101000000.0,1398000000.0,1398000000.0,0.0,,,,,0.0,0.0,1.0,240351086.0,237404000.0,237544000.0,5.889,11124000000.0,144000000.0,48000000.0,788000000.0,46.857,-221000000.0
87,SRE,MRQ,1999-09-30,1999-09-30,1999-09-30,2021-08-05,0.0,11139000000.0,,2962000000.0,8177000000.0,,12.197,-207000000.0,474000000.0,474000000.0,823000000.0,108000000.0,0.926,2.848,3248000000.0,314000000.0,2934000000.0,3248000000.0,0.0,140000000.0,0.0,0.075,0.39,248000000.0,388000000.0,0.309,388000000.0,248000000.0,175000000.0,0.46,0.46,0.46,2895000000.0,,2895000000.0,7568518352.0,10.0,4.516,-39000000.0,-0.164,1.0,431000000.0,0.344,0.0,73000000.0,10716000000.0,,152000000.0,1667000000.0,0.0,1667000000.0,8244000000.0,3197000000.0,5047000000.0,5001518352.0,-182000000.0,-108000000.0,0.0,12000000.0,-94000000.0,-82000000.0,-268000000.0,0.0,168000000.0,0.0,108000000.0,108000000.0,108000000.0,0.0,0.0,0.086,180000000.0,251000000.0,884000000.0,0.848,1.728,13.373,13.171,5383000000.0,0.0,20.81,0.954,0.942,485000000.0,1083000000.0,1254000000.0,1254000000.0,0.0,,,,,0.0,0.0,1.0,240342064.0,237354000.0,237780000.0,5.283,11139000000.0,115000000.0,67000000.0,729000000.0,46.93,-235000000.0
88,SRE,MRQ,1999-06-30,1999-06-30,1999-06-30,2021-08-05,0.0,10706000000.0,,2612000000.0,8094000000.0,,12.266,345000000.0,656000000.0,656000000.0,869000000.0,82000000.0,0.951,2.68,3223000000.0,334000000.0,2889000000.0,3223000000.0,0.0,467000000.0,0.0,0.069,0.39,137000000.0,604000000.0,0.398,604000000.0,137000000.0,83000000.0,0.34,0.34,0.34,2909000000.0,,2909000000.0,7960914966.0,11.0,4.68,612000000.0,2.581,1.0,648000000.0,0.427,0.0,54000000.0,10525000000.0,,68000000.0,1566000000.0,0.0,1566000000.0,7797000000.0,2748000000.0,5049000000.0,5433914966.0,34000000.0,-420000000.0,-3000000.0,69000000.0,-93000000.0,-25000000.0,-208000000.0,0.0,267000000.0,0.0,82000000.0,82000000.0,82000000.0,0.0,0.0,0.054,508000000.0,140000000.0,811000000.0,1.147,1.868,15.221,15.087,5274000000.0,0.0,22.63,1.059,1.046,515000000.0,1069000000.0,1517000000.0,1517000000.0,0.0,,,,,0.0,0.0,1.0,240119972.0,237157000.0,237480000.0,6.397,10706000000.0,111000000.0,1000000.0,651000000.0,45.143,-136000000.0
89,SRE,MRQ,1999-03-31,1999-03-31,1999-03-31,2021-08-05,0.0,10532000000.0,,2488000000.0,8044000000.0,,12.322,-73000000.0,622000000.0,622000000.0,781000000.0,99000000.0,0.975,2.606,3149000000.0,387000000.0,2762000000.0,3149000000.0,0.0,142000000.0,0.0,0.061,0.39,220000000.0,362000000.0,0.304,362000000.0,220000000.0,162000000.0,0.42,0.42,0.42,2921000000.0,,2921000000.0,7351740702.0,11.0,5.039,375000000.0,1.582,1.0,410000000.0,0.344,0.0,58000000.0,10507000000.0,,90000000.0,1082000000.0,0.0,1082000000.0,7611000000.0,2552000000.0,5059000000.0,4607740702.0,198000000.0,0.0,3000000.0,-51000000.0,-94000000.0,-142000000.0,-108000000.0,0.0,448000000.0,0.0,99000000.0,99000000.0,99000000.0,0.0,0.0,0.083,187000000.0,223000000.0,734000000.0,0.929,1.577,15.058,14.876,5388000000.0,0.0,19.19,0.953,0.941,692000000.0,1080000000.0,1191000000.0,1191000000.0,0.0,,,,,0.0,0.0,1.0,240111553.0,237065000.0,237408000.0,5.024,10532000000.0,77000000.0,63000000.0,820000000.0,44.427,-64000000.0
90,SRE,MRQ,1998-12-31,1998-12-31,1998-12-31,2021-08-05,0.0,10456000000.0,,2458000000.0,7998000000.0,,12.295,-162000000.0,424000000.0,424000000.0,911000000.0,85000000.0,0.997,2.589,3168000000.0,373000000.0,2795000000.0,3168000000.0,0.0,171000000.0,0.0,0.031,0.39,151000000.0,322000000.0,0.252,322000000.0,151000000.0,115000000.0,0.36,0.36,0.36,2913000000.0,,2913000000.0,8783557934.0,14.0,5.638,-25000000.0,-0.106,1.0,368000000.0,0.288,0.0,36000000.0,10734000000.0,,151000000.0,1042000000.0,0.0,1042000000.0,7543000000.0,2466000000.0,5077000000.0,6091557934.0,-35000000.0,-191000000.0,5000000.0,11000000.0,-95000000.0,-80000000.0,-92000000.0,0.0,137000000.0,0.0,85000000.0,85000000.0,85000000.0,0.0,0.0,0.066,214000000.0,154000000.0,870000000.0,1.083,2.091,20.72,20.468,5441000000.0,0.0,25.38,1.219,1.201,745000000.0,1075000000.0,1279000000.0,1279000000.0,0.0,,,,,0.0,0.0,1.0,240014103.0,236933000.0,239737000.0,5.398,10456000000.0,93000000.0,30000000.0,808000000.0,44.131,-8000000.0
91,SRE,MRQ,1998-09-30,1998-09-30,1998-09-30,2021-08-05,0.0,10747000000.0,,2782000000.0,7965000000.0,,12.33,-92000000.0,459000000.0,459000000.0,689000000.0,91000000.0,1.123,2.682,3151000000.0,127000000.0,3024000000.0,3151000000.0,0.0,207000000.0,0.0,0.015,0.39,206000000.0,413000000.0,0.36,413000000.0,206000000.0,148000000.0,0.38,0.38,0.38,2919000000.0,,2919000000.0,9080993723.0,13.0,5.599,264000000.0,1.115,1.0,457000000.0,0.399,0.0,58000000.0,10962000000.0,,155000000.0,1520000000.0,0.0,1520000000.0,7828000000.0,2477000000.0,5351000000.0,6249993723.0,52000000.0,0.0,2000000.0,-80000000.0,0.0,-78000000.0,-226000000.0,0.0,356000000.0,0.0,91000000.0,91000000.0,91000000.0,0.0,0.0,0.079,248000000.0,209000000.0,756000000.0,1.026,2.141,18.997,18.748,5444000000.0,0.0,26.06,1.214,1.198,626000000.0,1087000000.0,1146000000.0,1146000000.0,0.0,,,,,0.0,0.0,1.0,239830918.0,236731000.0,235433000.0,4.841,10747000000.0,32000000.0,57000000.0,810000000.0,45.398,305000000.0
92,SRE,MRQ,1998-06-30,1998-06-30,1998-06-30,2021-08-05,0.0,10139000000.0,,2128000000.0,8011000000.0,,12.358,-106000000.0,407000000.0,407000000.0,810000000.0,31000000.0,1.155,2.472,3238000000.0,185000000.0,3053000000.0,3238000000.0,0.0,276000000.0,0.0,0.0,0.0,86000000.0,362000000.0,0.296,362000000.0,86000000.0,38000000.0,0.13,0.13,0.13,2920000000.0,,2920000000.0,,,,-29000000.0,-0.123,1.0,411000000.0,0.337,0.0,48000000.0,11128000000.0,,115000000.0,1524000000.0,0.0,1524000000.0,7219000000.0,1842000000.0,5377000000.0,6669697830.0,-426000000.0,119000000.0,19000000.0,-201000000.0,-154000000.0,-336000000.0,-167000000.0,0.0,77000000.0,0.0,31000000.0,31000000.0,31000000.0,0.0,0.0,0.025,323000000.0,88000000.0,553000000.0,0.0,2.284,19.617,19.312,5434000000.0,0.0,27.81,1.269,1.25,602000000.0,1090000000.0,1221000000.0,1221000000.0,0.0,,,,,0.0,0.0,1.0,239830918.0,236288000.0,236938000.0,5.167,10139000000.0,94000000.0,7000000.0,855000000.0,42.91,286000000.0
93,SRE,MRQ,1998-03-31,1998-03-31,1998-03-31,2021-08-05,,,,,,,,-78000000.0,,,834000000.0,87000000.0,,,,,,,,275000000.0,,,0.0,186000000.0,461000000.0,0.341,461000000.0,186000000.0,131000000.0,0.37,0.37,0.37,,,,,,,675000000.0,,1.0,516000000.0,0.382,,55000000.0,,,,,,,,,,,19000000.0,-119000000.0,8000000.0,-397000000.0,-76000000.0,-540000000.0,-194000000.0,0.0,753000000.0,0.0,87000000.0,87000000.0,87000000.0,0.0,0.0,0.064,326000000.0,190000000.0,,0.0,,,,,0.0,,,,,,1350000000.0,1350000000.0,0.0,,,,,0.0,0.0,1.0,,,,,,,44000000.0,,,
94,SRE,MRQ,1997-12-31,1997-12-31,1997-12-31,2021-08-05,0.0,10756000000.0,,2761000000.0,7995000000.0,,,-120000000.0,814000000.0,814000000.0,997000000.0,120000000.0,1.249,2.635,3799000000.0,624000000.0,3175000000.0,3799000000.0,0.0,152000000.0,0.0,,0.0,234000000.0,386000000.0,0.269,386000000.0,234000000.0,195000000.0,0.51,0.51,0.51,2959000000.0,,2959000000.0,,,,19000000.0,,1.0,436000000.0,0.304,0.0,39000000.0,11530000000.0,,111000000.0,828000000.0,0.0,828000000.0,7797000000.0,2211000000.0,5586000000.0,,378000000.0,-206000000.0,-8000000.0,683000000.0,-71000000.0,604000000.0,-365000000.0,0.0,139000000.0,0.0,120000000.0,120000000.0,120000000.0,0.0,0.0,0.084,197000000.0,239000000.0,746000000.0,0.0,,,,5542000000.0,0.0,,,,835000000.0,1157000000.0,1433000000.0,1433000000.0,0.0,,,,,0.0,0.0,1.0,,,,,10756000000.0,15000000.0,75000000.0,901000000.0,,550000000.0
95,SRE,MRQ,1997-09-30,1997-09-30,1997-09-30,2021-08-05,,,,,,,,-83000000.0,,,817000000.0,102000000.0,,,,,,,,152000000.0,,,0.0,233000000.0,385000000.0,0.308,385000000.0,233000000.0,181000000.0,0.43,0.43,0.43,,,,,,,91000000.0,0.386,1.0,434000000.0,0.347,,52000000.0,,,,,,,,,,,102000000.0,0.0,-40000000.0,30000000.0,-78000000.0,-46000000.0,-26000000.0,0.0,174000000.0,0.0,102000000.0,102000000.0,102000000.0,0.0,0.0,0.082,196000000.0,238000000.0,,0.0,,,,,0.0,,,,,,1251000000.0,1251000000.0,0.0,,,,,0.0,0.0,1.0,,235637000.0,236246000.0,5.309,,,79000000.0,,,
96,SRE,MRQ,1997-06-30,1997-06-30,1997-06-30,2021-08-05,,,,,,,,,,,684000000.0,112000000.0,,,,,,,,,,,0.0,252000000.0,,,,252000000.0,200000000.0,0.48,0.47,0.48,,,,,,,,,1.0,446000000.0,0.395,,52000000.0,,,,,,,,,,,,,,,,,,,,,112000000.0,112000000.0,112000000.0,0.0,0.0,0.099,191000000.0,255000000.0,,0.0,,,,,0.0,,,,,,1130000000.0,1130000000.0,0.0,,,,,,0.0,1.0,,235713000.0,236332000.0,4.794,,,88000000.0,,,
0,SRE,MRT,2021-06-30,2021-06-30,2021-06-30,2021-08-05,-444000000.0,68608000000.0,67568500000.0,3760000000.0,64848000000.0,0.175,82.687,-4902000000.0,371000000.0,371000000.0,6791000000.0,2236000000.0,0.514,1.686,24863000000.0,2773000000.0,22090000000.0,24863000000.0,0.0,1747000000.0,0.0,0.024,3.19,3829000000.0,5576000000.0,0.472,5576000000.0,3829000000.0,2785000000.0,6.95,6.9,6.95,25451000000.0,24012750000.0,25451000000.0,63676738198.0,17.0,11.42,-1083000000.0,-3.519,1.0,5024000000.0,0.425,1984000000.0,1044000000.0,83804000000.0,81796250000.0,339000000.0,15072000000.0,0.0,15072000000.0,42916000000.0,7312000000.0,35604000000.0,40109738198.0,-4559000000.0,-745000000.0,-537000000.0,-1353000000.0,-1241000000.0,-3497000000.0,-4889000000.0,761000000.0,3819000000.0,8000000.0,2200000000.0,2063000000.0,2063000000.0,7000000.0,36000000.0,0.175,2634000000.0,2390000000.0,2351000000.0,0.459,1.576,19.442,19.062,42429000000.0,137000000.0,132.48,3.395,3.451,2567000000.0,14291000000.0,11815000000.0,11815000000.0,0.0,0.031,0.086,0.047,0.324,69000000.0,0.0,1.0,302760705.0,307800000.0,308607000.0,38.385,66624000000.0,241000000.0,585000000.0,3325000000.0,216.452,-3552000000.0
1,SRE,MRT,2021-03-31,2021-03-31,2021-03-31,2021-08-05,-399000000.0,67821000000.0,67512750000.0,4200000000.0,63621000000.0,0.172,79.756,-4847000000.0,778000000.0,778000000.0,6443000000.0,4086000000.0,0.611,1.759,24345000000.0,2322000000.0,22023000000.0,24345000000.0,0.0,1696000000.0,0.0,0.032,4.235,5706000000.0,7402000000.0,0.638,7402000000.0,5706000000.0,4646000000.0,13.21,13.14,13.21,23999000000.0,23551500000.0,23999000000.0,63338564365.0,11.0,8.557,-2072000000.0,-6.886,1.0,5157000000.0,0.445,1999000000.0,1060000000.0,82514000000.0,80348500000.0,274000000.0,15072000000.0,0.0,15072000000.0,42213000000.0,6875000000.0,35338000000.0,40117564365.0,-1676000000.0,-744000000.0,-546000000.0,-3944000000.0,-1206000000.0,-4894000000.0,433000000.0,761000000.0,2775000000.0,10000000.0,4032000000.0,3878000000.0,3878000000.0,-1770000000.0,54000000.0,0.334,2566000000.0,2591000000.0,2390000000.0,0.321,1.672,10.345,10.036,41509000000.0,154000000.0,132.58,3.458,3.439,2688000000.0,14214000000.0,11600000000.0,11600000000.0,0.0,0.057,0.165,0.071,0.492,66000000.0,0.0,1.0,302591374.0,300905000.0,308458000.0,38.55,65822000000.0,210000000.0,614000000.0,3114000000.0,218.747,-2675000000.0
2,SRE,MRT,2020-12-31,2020-12-31,2020-12-31,2021-08-05,-500000000.0,66623000000.0,67630750000.0,4511000000.0,62112000000.0,0.168,80.298,-4676000000.0,985000000.0,985000000.0,6328000000.0,4105000000.0,0.66,1.784,24206000000.0,2425000000.0,21781000000.0,24206000000.0,0.0,1666000000.0,0.0,0.033,4.18,5263000000.0,6929000000.0,0.609,6929000000.0,5263000000.0,4182000000.0,12.93,12.88,12.93,23373000000.0,22581000000.0,23373000000.0,58639993788.0,11.0,8.463,-2085000000.0,-7.163,1.0,5042000000.0,0.443,1804000000.0,1081000000.0,81201000000.0,79732250000.0,308000000.0,14847000000.0,0.0,14847000000.0,41689000000.0,6839000000.0,34850000000.0,36753993788.0,768000000.0,-737000000.0,-555000000.0,-1572000000.0,-1174000000.0,-2373000000.0,553000000.0,761000000.0,2591000000.0,-3000000.0,3933000000.0,3764000000.0,3764000000.0,-1850000000.0,172000000.0,0.331,2520000000.0,2522000000.0,2343000000.0,0.323,1.572,9.765,9.854,40546000000.0,169000000.0,127.41,3.233,3.262,2781000000.0,13673000000.0,11370000000.0,11370000000.0,0.0,0.056,0.167,0.066,0.463,71000000.0,0.0,1.0,288470244.0,291077000.0,292252000.0,39.062,64819000000.0,249000000.0,249000000.0,2871000000.0,222.687,-2328000000.0
3,SRE,MRT,2020-09-30,2020-09-30,2020-09-30,2021-08-05,-513000000.0,67222000000.0,67391250000.0,6394000000.0,60828000000.0,0.165,80.238,-4431000000.0,3546000000.0,3546000000.0,6132000000.0,4173000000.0,0.837,1.824,25432000000.0,3662000000.0,21770000000.0,25432000000.0,0.0,1637000000.0,0.0,0.035,4.103,5277000000.0,6914000000.0,0.621,6914000000.0,5277000000.0,4179000000.0,13.02,12.9,13.02,23228000000.0,21720000000.0,23228000000.0,55269775015.0,10.0,7.994,-1832000000.0,-6.328,1.0,5010000000.0,0.45,1807000000.0,1098000000.0,79666000000.0,79525500000.0,309000000.0,14474000000.0,0.0,14474000000.0,42366000000.0,7635000000.0,34731000000.0,34236775015.0,3049000000.0,-611000000.0,515000000.0,-696000000.0,-1131000000.0,-810000000.0,1261000000.0,761000000.0,2599000000.0,-1000000.0,3954000000.0,3797000000.0,3797000000.0,-1921000000.0,219000000.0,0.341,2262000000.0,2748000000.0,2132000000.0,0.315,1.474,9.017,9.091,39347000000.0,157000000.0,118.36,3.073,3.075,2148000000.0,13560000000.0,11142000000.0,11142000000.0,0.0,0.056,0.175,0.066,0.474,76000000.0,0.0,1.0,289259674.0,289490000.0,290582000.0,38.488,65415000000.0,351000000.0,225000000.0,2718000000.0,225.966,-1241000000.0
4,SRE,MRT,2020-06-30,2020-06-30,2020-06-30,2021-08-05,-542000000.0,68385000000.0,66732000000.0,7640000000.0,60745000000.0,0.169,80.55,-4255000000.0,4930000000.0,4930000000.0,5926000000.0,4661000000.0,0.796,1.822,25963000000.0,5428000000.0,20535000000.0,25963000000.0,0.0,1621000000.0,0.0,0.043,4.992,5704000000.0,7325000000.0,0.651,7325000000.0,5704000000.0,4591000000.0,14.74,14.53,14.74,23606000000.0,20568000000.0,23606000000.0,60039692006.0,11.0,8.197,-1844000000.0,-6.292,1.0,5330000000.0,0.474,1810000000.0,1113000000.0,78013000000.0,79443500000.0,267000000.0,15017000000.0,0.0,15017000000.0,42999000000.0,9595000000.0,33404000000.0,34293692006.0,4636000000.0,-577000000.0,1751000000.0,188000000.0,-1077000000.0,1706000000.0,528000000.0,9000000.0,2411000000.0,-9000000.0,4404000000.0,4259000000.0,4259000000.0,-2184000000.0,257000000.0,0.378,2279000000.0,3051000000.0,2262000000.0,0.339,1.453,8.052,7.953,38523000000.0,145000000.0,117.23,3.047,3.052,2122000000.0,13511000000.0,11256000000.0,11256000000.0,0.0,0.064,0.207,0.072,0.507,72000000.0,0.0,1.0,292533413.0,293060000.0,294155000.0,38.409,66575000000.0,345000000.0,187000000.0,2594000000.0,227.172,-1955000000.0
5,SRE,MRT,2020-03-31,2020-03-31,2020-03-31,2021-08-05,-1190000000.0,68293000000.0,65317500000.0,5424000000.0,62869000000.0,0.168,68.708,-3935000000.0,2273000000.0,2273000000.0,5886000000.0,2791000000.0,0.445,2.295,28019000000.0,7821000000.0,20198000000.0,28019000000.0,0.0,1598000000.0,0.0,0.035,3.947,3680000000.0,5278000000.0,0.482,5278000000.0,3680000000.0,2583000000.0,8.39,8.18,8.39,20117000000.0,19026500000.0,20117000000.0,58698266031.0,16.0,11.121,-480000000.0,-1.639,1.0,5074000000.0,0.463,1813000000.0,1097000000.0,80049000000.0,79500250000.0,217000000.0,14821000000.0,0.0,14821000000.0,46178000000.0,12177000000.0,34001000000.0,33024266031.0,2247000000.0,-1835000000.0,1761000000.0,3634000000.0,-1030000000.0,3970000000.0,-5164000000.0,9000000.0,3455000000.0,-14000000.0,2517000000.0,2374000000.0,2374000000.0,-485000000.0,274000000.0,0.217,2181000000.0,2893000000.0,2020000000.0,0.47,1.642,13.911,13.467,37659000000.0,143000000.0,112.99,3.013,3.018,2247000000.0,11577000000.0,10960000000.0,10960000000.0,0.0,0.036,0.125,0.046,0.336,76000000.0,0.0,1.0,292276007.0,292790000.0,313925000.0,37.433,66480000000.0,385000000.0,66000000.0,2487000000.0,227.057,-6753000000.0
6,SRE,MRT,2019-12-31,2019-12-31,2019-12-31,2021-08-05,-939000000.0,65665000000.0,63648750000.0,3339000000.0,62326000000.0,0.17,71.712,-3708000000.0,142000000.0,142000000.0,6137000000.0,2362000000.0,0.365,2.201,25816000000.0,5031000000.0,20785000000.0,25816000000.0,0.0,1569000000.0,0.0,0.026,3.87,3590000000.0,5159000000.0,0.476,5159000000.0,3590000000.0,2513000000.0,7.4,7.29,7.4,19929000000.0,18333750000.0,19929000000.0,68770596385.0,19.0,13.33,-620000000.0,-2.231,1.0,4692000000.0,0.433,1815000000.0,1077000000.0,80374000000.0,78351750000.0,277000000.0,14704000000.0,0.0,14704000000.0,43860000000.0,9150000000.0,34710000000.0,42701596385.0,-29000000.0,-1810000000.0,1804000000.0,1285000000.0,-993000000.0,1475000000.0,-4593000000.0,9000000.0,3088000000.0,1000000.0,2198000000.0,2055000000.0,2055000000.0,-363000000.0,164000000.0,0.19,2045000000.0,2647000000.0,2128000000.0,0.523,2.143,20.779,20.47,37043000000.0,143000000.0,151.48,3.943,3.887,2490000000.0,11130000000.0,10829000000.0,10829000000.0,0.0,0.032,0.112,0.046,0.332,75000000.0,0.0,1.0,281895936.0,277904000.0,282033000.0,38.967,63850000000.0,267000000.0,315000000.0,2577000000.0,229.756,-5811000000.0
7,SRE,MRT,2019-09-30,2019-09-30,2019-09-30,2021-08-05,-978000000.0,64585000000.0,62392000000.0,3666000000.0,60919000000.0,0.172,67.133,-3480000000.0,137000000.0,137000000.0,6219000000.0,2826000000.0,0.386,2.365,26206000000.0,5211000000.0,20995000000.0,26206000000.0,0.0,1550000000.0,0.0,0.026,3.797,3965000000.0,5515000000.0,0.515,5515000000.0,3965000000.0,2938000000.0,9.04,8.88,9.04,18620000000.0,17636000000.0,18620000000.0,66037408309.0,17.0,11.974,-505000000.0,-1.821,1.0,4493000000.0,0.419,1818000000.0,1027000000.0,79338000000.0,77183750000.0,270000000.0,14270000000.0,0.0,14270000000.0,44034000000.0,9498000000.0,34536000000.0,40526408309.0,209000000.0,-1715000000.0,744000000.0,821000000.0,-966000000.0,360000000.0,-3117000000.0,19000000.0,2975000000.0,-9000000.0,2616000000.0,2472000000.0,2472000000.0,-343000000.0,210000000.0,0.231,1324000000.0,3169000000.0,1697000000.0,0.42,2.176,16.394,16.329,36115000000.0,144000000.0,147.61,3.783,3.822,2183000000.0,10966000000.0,10712000000.0,10712000000.0,0.0,0.04,0.14,0.051,0.37,89000000.0,0.0,1.0,274550561.0,277360000.0,295789000.0,38.621,62767000000.0,255000000.0,322000000.0,2382000000.0,226.302,-5832000000.0
8,SRE,MRT,2019-06-30,2019-06-30,2019-06-30,2021-08-05,-848000000.0,62727000000.0,61397000000.0,2783000000.0,59944000000.0,0.171,63.421,-3361000000.0,239000000.0,239000000.0,6360000000.0,2251000000.0,0.34,2.482,25750000000.0,4551000000.0,21199000000.0,25750000000.0,0.0,1514000000.0,0.0,0.02,2.758,3447000000.0,4961000000.0,0.472,4961000000.0,3447000000.0,2477000000.0,7.11,7.03,7.11,17440000000.0,17135250000.0,17440000000.0,61984920393.0,18.0,12.494,186000000.0,0.676,1.0,4159000000.0,0.395,1821000000.0,970000000.0,78240000000.0,76081750000.0,214000000.0,14056000000.0,0.0,14056000000.0,43293000000.0,8177000000.0,35116000000.0,37711920393.0,-33000000.0,-1755000000.0,183000000.0,22000000.0,-944000000.0,-649000000.0,-2920000000.0,10000000.0,3547000000.0,-11000000.0,2077000000.0,1933000000.0,1933000000.0,-141000000.0,174000000.0,0.184,1250000000.0,2909000000.0,1737000000.0,0.388,2.162,19.51,19.331,35882000000.0,144000000.0,137.44,3.585,3.593,1975000000.0,10425000000.0,10519000000.0,10519000000.0,0.0,0.031,0.113,0.045,0.328,89000000.0,0.0,1.0,274388245.0,274987000.0,279619000.0,38.253,60906000000.0,256000000.0,400000000.0,2649000000.0,221.487,-5394000000.0
9,SRE,MRT,2019-03-31,2019-03-31,2019-03-31,2021-08-05,-817000000.0,61618000000.0,60692000000.0,3262000000.0,58356000000.0,0.172,63.151,-3348000000.0,140000000.0,140000000.0,6371000000.0,1286000000.0,0.379,2.43,24413000000.0,4675000000.0,19738000000.0,24413000000.0,0.0,1502000000.0,0.0,0.029,3.653,1843000000.0,3345000000.0,0.32,3345000000.0,1843000000.0,903000000.0,3.71,3.66,3.71,17346000000.0,16731750000.0,17346000000.0,59607585795.0,32.0,17.82,153000000.0,0.557,1.0,4093000000.0,0.391,1824000000.0,940000000.0,75455000000.0,75141750000.0,189000000.0,13075000000.0,0.0,13075000000.0,42148000000.0,8612000000.0,33536000000.0,34490585795.0,-100000000.0,-654000000.0,989000000.0,-1479000000.0,-915000000.0,-1209000000.0,-2378000000.0,10000000.0,3501000000.0,-14000000.0,1152000000.0,1018000000.0,1018000000.0,-118000000.0,134000000.0,0.097,2596000000.0,1497000000.0,1699000000.0,0.985,1.988,33.881,33.925,35310000000.0,134000000.0,125.86,3.296,3.304,2260000000.0,10337000000.0,10464000000.0,10464000000.0,0.0,0.017,0.061,0.025,0.176,89000000.0,0.0,1.0,274039296.0,274674000.0,277228000.0,38.096,59794000000.0,260000000.0,-249000000.0,2645000000.0,217.691,-5350000000.0
10,SRE,MRT,2018-12-31,2018-12-31,2018-12-31,2021-08-05,-764000000.0,60638000000.0,60408750000.0,3645000000.0,56993000000.0,0.167,63.931,-3544000000.0,158000000.0,158000000.0,6073000000.0,1126000000.0,0.485,2.415,24571000000.0,3668000000.0,20903000000.0,24571000000.0,0.0,1491000000.0,0.0,0.033,3.58,1887000000.0,3378000000.0,0.334,3378000000.0,1887000000.0,1001000000.0,3.45,3.42,3.45,17138000000.0,16356250000.0,17138000000.0,55015299418.0,29.0,16.286,-28000000.0,-0.104,1.0,4029000000.0,0.399,1826000000.0,886000000.0,75702000000.0,74894500000.0,258000000.0,12946000000.0,0.0,12946000000.0,41390000000.0,7523000000.0,33867000000.0,29607299418.0,-118000000.0,-10260000000.0,2251000000.0,5501000000.0,-877000000.0,8850000000.0,-12470000000.0,10000000.0,3516000000.0,-14000000.0,1050000000.0,924000000.0,924000000.0,-188000000.0,76000000.0,0.091,2572000000.0,1457000000.0,1825000000.0,1.038,1.728,32.043,31.359,34439000000.0,126000000.0,108.19,2.931,2.871,2216000000.0,10104000000.0,10102000000.0,10102000000.0,0.0,0.015,0.056,0.025,0.187,83000000.0,0.0,1.0,273660222.0,268072000.0,269852000.0,37.684,58812000000.0,201000000.0,-49000000.0,2345000000.0,219.389,-3878000000.0
11,SRE,MRT,2018-09-30,2018-09-30,2018-09-30,2021-08-05,-612000000.0,60605000000.0,57862750000.0,5045000000.0,55560000000.0,0.15,60.658,-3479000000.0,288000000.0,288000000.0,4983000000.0,-289000000.0,0.594,2.497,25696000000.0,4361000000.0,21335000000.0,25696000000.0,0.0,1445000000.0,172000000.0,0.031,3.507,773000000.0,2218000000.0,0.256,2218000000.0,773000000.0,-12000000.0,-1.76,-1.77,-1.76,16617000000.0,15239250000.0,16617000000.0,56872898346.0,74.0,25.642,101000000.0,0.369,1.0,3690000000.0,0.425,2592000000.0,785000000.0,74930000000.0,70937500000.0,345000000.0,13156000000.0,0.0,13156000000.0,41494000000.0,8491000000.0,33003000000.0,31105898346.0,27000000.0,-10340000000.0,2251000000.0,6930000000.0,-839000000.0,10876000000.0,-14417000000.0,-25000000.0,3580000000.0,-12000000.0,-351000000.0,-441000000.0,-441000000.0,-106000000.0,62000000.0,-0.051,3210000000.0,480000000.0,1913000000.0,-1.993,1.872,-70.535,-64.631,35498000000.0,90000000.0,113.75,3.587,3.593,2388000000.0,9485000000.0,8673000000.0,8673000000.0,0.0,-0.008,-0.029,0.011,0.089,132000000.0,0.0,1.0,273458447.0,273944000.0,275907000.0,31.66,58013000000.0,215000000.0,339000000.0,2256000000.0,211.77,-3446000000.0
12,SRE,MRT,2018-06-30,2018-06-30,2018-06-30,2021-08-05,-601000000.0,59907000000.0,55243750000.0,4947000000.0,54960000000.0,0.159,59.533,-3737000000.0,327000000.0,327000000.0,5088000000.0,-521000000.0,0.575,2.625,26094000000.0,4816000000.0,21278000000.0,26094000000.0,0.0,1457000000.0,175000000.0,0.037,4.256,240000000.0,1697000000.0,0.193,1697000000.0,240000000.0,-488000000.0,-2.53,-2.54,-2.53,15826000000.0,14401250000.0,15826000000.0,56761044254.0,237.0,33.448,-328000000.0,-1.234,1.0,3699000000.0,0.421,2592000000.0,728000000.0,74480000000.0,66822000000.0,288000000.0,13005000000.0,0.0,13005000000.0,41543000000.0,8602000000.0,32941000000.0,30669044254.0,17000000.0,-10390000000.0,2088000000.0,7995000000.0,-803000000.0,11258000000.0,-14644000000.0,-18000000.0,3409000000.0,-6000000.0,-604000000.0,-658000000.0,-658000000.0,-52000000.0,83000000.0,-0.075,3202000000.0,497000000.0,1752000000.0,-1.682,1.938,-46.609,-45.893,34916000000.0,54000000.0,116.11,3.49,3.513,2115000000.0,9455000000.0,8787000000.0,8787000000.0,0.0,-0.012,-0.046,0.004,0.027,115000000.0,0.0,1.0,264137837.0,265837000.0,265837000.0,33.054,57315000000.0,235000000.0,116000000.0,2104000000.0,215.602,-3655000000.0
13,SRE,MRT,2018-03-31,2018-03-31,2018-03-31,2021-08-05,-545000000.0,60485000000.0,52611000000.0,3394000000.0,57091000000.0,0.174,61.427,-3692000000.0,307000000.0,307000000.0,5330000000.0,257000000.0,0.373,2.662,26399000000.0,5536000000.0,20863000000.0,26399000000.0,0.0,1448000000.0,164000000.0,0.03,3.361,1735000000.0,3183000000.0,0.348,3183000000.0,1735000000.0,1076000000.0,0.61,0.6,0.61,15844000000.0,13777750000.0,15844000000.0,47445158859.0,27.0,14.906,-105000000.0,-0.407,1.0,3815000000.0,0.417,3002000000.0,659000000.0,74466000000.0,62751000000.0,285000000.0,12783000000.0,0.0,12783000000.0,42180000000.0,9109000000.0,33071000000.0,28397158859.0,-60000000.0,-10400000000.0,1288000000.0,8446000000.0,-773000000.0,10916000000.0,-14561000000.0,-17000000.0,3587000000.0,-2000000.0,191000000.0,162000000.0,162000000.0,3000000.0,66000000.0,0.018,1961000000.0,1854000000.0,1740000000.0,5.51,1.792,175.291,182.328,37025000000.0,29000000.0,111.22,3.105,3.137,2410000000.0,10260000000.0,9145000000.0,9145000000.0,0.0,0.003,0.012,0.028,0.19,97000000.0,0.0,1.0,255324212.0,257932000.0,259490000.0,35.455,57483000000.0,235000000.0,885000000.0,2680000000.0,222.861,-5715000000.0
14,SRE,MRT,2017-12-31,2017-12-31,2017-12-31,2021-08-05,-626000000.0,50454000000.0,49560750000.0,3341000000.0,47113000000.0,0.195,50.369,-3705000000.0,364000000.0,364000000.0,5721000000.0,351000000.0,0.504,2.787,19412000000.0,2967000000.0,16445000000.0,19412000000.0,0.0,1436000000.0,0.0,0.031,3.288,1817000000.0,3253000000.0,0.337,3253000000.0,1817000000.0,1195000000.0,1.02,1.01,1.02,12670000000.0,13132750000.0,12670000000.0,45329578860.0,25.0,13.935,-80000000.0,-0.318,1.0,3919000000.0,0.407,2993000000.0,622000000.0,59874000000.0,58255250000.0,307000000.0,3560000000.0,0.0,3560000000.0,35314000000.0,6635000000.0,28679000000.0,26866578860.0,-61000000.0,-765000000.0,32000000.0,1634000000.0,-755000000.0,1192000000.0,-4885000000.0,0.0,3625000000.0,7000000.0,257000000.0,256000000.0,256000000.0,31000000.0,94000000.0,0.027,1942000000.0,1977000000.0,1907000000.0,3.224,2.12,104.948,104.824,36503000000.0,1000000.0,106.92,2.787,2.79,2219000000.0,10147000000.0,9640000000.0,9640000000.0,0.0,0.005,0.019,0.031,0.188,82000000.0,0.0,1.0,251277393.0,251545000.0,252300000.0,38.323,47461000000.0,280000000.0,938000000.0,2795000000.0,188.678,-3294000000.0
15,SRE,MRT,2017-09-30,2017-09-30,2017-09-30,2021-08-05,-678000000.0,50129000000.0,48893750000.0,2878000000.0,47251000000.0,0.227,52.703,-4007000000.0,261000000.0,261000000.0,6923000000.0,1211000000.0,0.4,2.61,18724000000.0,3921000000.0,14803000000.0,18724000000.0,0.0,1448000000.0,149000000.0,0.032,3.596,2245000000.0,3693000000.0,0.332,3693000000.0,2245000000.0,1620000000.0,4.54,4.53,4.54,13265000000.0,13203000000.0,13265000000.0,46458489455.0,21.0,12.58,-683000000.0,-2.714,1.0,4190000000.0,0.377,2930000000.0,625000000.0,58468000000.0,57197500000.0,296000000.0,3169000000.0,0.0,3169000000.0,34627000000.0,7194000000.0,27433000000.0,28655489455.0,-304000000.0,-726000000.0,32000000.0,276000000.0,-737000000.0,1035000000.0,-4663000000.0,-41000000.0,3324000000.0,0.0,1137000000.0,1136000000.0,1136000000.0,0.0,74000000.0,0.102,2106000000.0,2084000000.0,1729000000.0,0.792,2.16,25.225,25.139,35384000000.0,1000000.0,114.13,2.579,2.585,1924000000.0,10855000000.0,11113000000.0,11113000000.0,0.0,0.023,0.086,0.039,0.202,52000000.0,0.0,1.0,251077626.0,251692000.0,253364000.0,44.153,47199000000.0,250000000.0,483000000.0,4118000000.0,187.527,-4316000000.0
16,SRE,MRT,2017-06-30,2017-06-30,2017-06-30,2021-08-05,-718000000.0,49376000000.0,47743000000.0,2767000000.0,46609000000.0,0.23,53.021,-4010000000.0,310000000.0,310000000.0,6848000000.0,1828000000.0,0.456,2.533,18113000000.0,3113000000.0,15000000000.0,18113000000.0,0.0,1398000000.0,158000000.0,0.024,2.707,3147000000.0,4545000000.0,0.414,4545000000.0,3147000000.0,2551000000.0,6.79,6.77,6.79,13332000000.0,12973250000.0,13332000000.0,45216241478.0,14.0,9.949,-726000000.0,-2.887,1.0,4121000000.0,0.376,2920000000.0,596000000.0,58196000000.0,55814500000.0,239000000.0,3163000000.0,0.0,3163000000.0,33771000000.0,6063000000.0,27708000000.0,28281241478.0,-353000000.0,-1033000000.0,34000000.0,756000000.0,-719000000.0,1664000000.0,-5300000000.0,79000000.0,3284000000.0,-1000000.0,1702000000.0,1701000000.0,1701000000.0,0.0,126000000.0,0.155,1918000000.0,2203000000.0,1517000000.0,0.399,2.121,16.626,16.605,34561000000.0,1000000.0,112.75,2.578,2.585,1703000000.0,11004000000.0,10969000000.0,10969000000.0,0.0,0.036,0.131,0.056,0.287,52000000.0,0.0,1.0,250831410.0,251447000.0,252822000.0,43.624,46456000000.0,276000000.0,849000000.0,4218000000.0,184.755,-3296000000.0
17,SRE,MRT,2017-03-31,2017-03-31,2017-03-31,2021-08-05,-696000000.0,48284000000.0,46117750000.0,2953000000.0,45331000000.0,0.23,52.817,-4235000000.0,367000000.0,367000000.0,7033000000.0,1607000000.0,0.508,2.466,17302000000.0,2893000000.0,14409000000.0,17302000000.0,0.0,1344000000.0,160000000.0,0.031,3.462,2614000000.0,3958000000.0,0.374,3958000000.0,2614000000.0,2035000000.0,5.82,5.8,5.82,13264000000.0,12585500000.0,13264000000.0,44381077524.0,17.0,11.213,-1546000000.0,-6.156,1.0,3559000000.0,0.336,2924000000.0,579000000.0,56483000000.0,54070750000.0,210000000.0,3182000000.0,0.0,3182000000.0,32715000000.0,5812000000.0,26903000000.0,27685077524.0,-56000000.0,-820000000.0,37000000.0,1186000000.0,-701000000.0,2126000000.0,-4872000000.0,64000000.0,2689000000.0,1000000.0,1459000000.0,1458000000.0,1458000000.0,0.0,148000000.0,0.138,1809000000.0,1750000000.0,1487000000.0,0.595,2.087,18.988,18.986,33492000000.0,1000000.0,110.5,2.614,2.62,1679000000.0,10952000000.0,10592000000.0,10592000000.0,0.0,0.032,0.116,0.048,0.247,52000000.0,0.0,1.0,250543688.0,251131000.0,252246000.0,42.177,45360000000.0,253000000.0,576000000.0,4051000000.0,180.623,-2859000000.0
18,SRE,MRT,2016-12-31,2016-12-31,2016-12-31,2021-08-05,-748000000.0,47786000000.0,44505500000.0,3110000000.0,44676000000.0,0.229,51.759,-4214000000.0,425000000.0,425000000.0,6830000000.0,1519000000.0,0.525,2.513,17121000000.0,2692000000.0,14429000000.0,17121000000.0,0.0,1312000000.0,158000000.0,0.034,3.395,2313000000.0,3625000000.0,0.356,3625000000.0,2313000000.0,1760000000.0,5.48,5.46,5.48,12951000000.0,12256000000.0,12951000000.0,41917136323.0,18.0,11.563,-1903000000.0,-7.605,1.0,3353000000.0,0.329,2912000000.0,553000000.0,55643000000.0,52512750000.0,258000000.0,3123000000.0,0.0,3123000000.0,32545000000.0,5927000000.0,26618000000.0,25166136323.0,-25000000.0,-755000000.0,-5000000.0,1586000000.0,-686000000.0,2502000000.0,-4835000000.0,25000000.0,2311000000.0,-3000000.0,1371000000.0,1370000000.0,1370000000.0,0.0,148000000.0,0.135,1757000000.0,1596000000.0,1806000000.0,0.62,1.943,18.369,18.365,32931000000.0,1000000.0,100.64,2.471,2.473,1781000000.0,10717000000.0,10183000000.0,10183000000.0,0.0,0.031,0.112,0.044,0.227,52000000.0,0.0,1.0,250060973.0,250217000.0,251155000.0,40.697,44874000000.0,277000000.0,389000000.0,3773000000.0,179.34,-2817000000.0
19,SRE,MRT,2016-09-30,2016-09-30,2016-09-30,2021-08-05,-865000000.0,45526000000.0,42846500000.0,2924000000.0,42602000000.0,0.234,49.308,-4016000000.0,544000000.0,544000000.0,6761000000.0,1498000000.0,0.43,2.619,17295000000.0,3773000000.0,13522000000.0,17295000000.0,0.0,1295000000.0,153000000.0,0.028,2.965,2276000000.0,3571000000.0,0.357,3571000000.0,2276000000.0,1710000000.0,5.43,5.38,5.43,12346000000.0,11970500000.0,12346000000.0,41987215496.0,18.0,11.758,-1516000000.0,-6.055,1.0,3253000000.0,0.325,2547000000.0,566000000.0,52936000000.0,50984000000.0,302000000.0,2908000000.0,0.0,2908000000.0,32335000000.0,6794000000.0,25541000000.0,26776215496.0,-172000000.0,-448000000.0,-4000000.0,2326000000.0,-670000000.0,1643000000.0,-4321000000.0,114000000.0,2500000000.0,6000000.0,1361000000.0,1360000000.0,1360000000.0,0.0,137000000.0,0.136,1605000000.0,1648000000.0,1664000000.0,0.546,2.169,19.688,19.74,31487000000.0,1000000.0,107.19,2.674,2.68,1436000000.0,10527000000.0,10014000000.0,10014000000.0,0.0,0.032,0.114,0.045,0.227,0.0,0.0,1.0,249801432.0,250386000.0,252405000.0,39.994,42979000000.0,239000000.0,349000000.0,3360000000.0,171.651,-3870000000.0
20,SRE,MRT,2016-06-30,2016-06-30,2016-06-30,2021-08-05,-852000000.0,42875000000.0,41606500000.0,3341000000.0,39534000000.0,0.239,47.106,-3696000000.0,651000000.0,651000000.0,6812000000.0,1061000000.0,0.588,2.573,15862000000.0,2684000000.0,13178000000.0,15862000000.0,0.0,1282000000.0,150000000.0,0.026,2.91,1642000000.0,2924000000.0,0.294,2924000000.0,1642000000.0,1069000000.0,3.95,3.91,3.95,11781000000.0,11790250000.0,11781000000.0,43246618067.0,26.0,14.79,-1101000000.0,-4.402,1.0,3148000000.0,0.316,1185000000.0,573000000.0,51221000000.0,49809000000.0,270000000.0,3370000000.0,0.0,3370000000.0,30312000000.0,5680000000.0,24632000000.0,28447618067.0,-13000000.0,325000000.0,-12000000.0,1417000000.0,-655000000.0,656000000.0,-3260000000.0,24000000.0,2595000000.0,-4000000.0,987000000.0,986000000.0,986000000.0,0.0,74000000.0,0.099,1726000000.0,1422000000.0,1563000000.0,0.737,2.415,28.852,28.866,29495000000.0,1000000.0,114.02,2.856,2.863,1332000000.0,9952000000.0,9960000000.0,9960000000.0,0.0,0.024,0.084,0.033,0.165,0.0,0.0,1.0,249496738.0,250096000.0,252036000.0,39.825,41690000000.0,36000000.0,82000000.0,3103000000.0,166.696,-2339000000.0
21,SRE,MRT,2016-03-31,2016-03-31,2016-03-31,2021-08-05,-821000000.0,41835000000.0,40889250000.0,2883000000.0,38952000000.0,0.249,47.835,-3347000000.0,419000000.0,419000000.0,6639000000.0,1354000000.0,0.562,2.437,15218000000.0,2243000000.0,12975000000.0,15218000000.0,0.0,1275000000.0,147000000.0,0.027,2.855,2122000000.0,3397000000.0,0.334,3397000000.0,2122000000.0,1552000000.0,5.08,5.02,5.08,11946000000.0,11765750000.0,11946000000.0,40143900140.0,19.0,11.817,-634000000.0,-2.539,1.0,3532000000.0,0.347,1251000000.0,570000000.0,50251000000.0,49075750000.0,231000000.0,3809000000.0,0.0,3809000000.0,29111000000.0,5132000000.0,23979000000.0,25930900140.0,6000000.0,227000000.0,-13000000.0,1127000000.0,-640000000.0,385000000.0,-3087000000.0,39000000.0,2713000000.0,-5000000.0,1266000000.0,1265000000.0,1265000000.0,0.0,88000000.0,0.124,1636000000.0,1896000000.0,1530000000.0,0.562,2.171,20.499,20.482,28433000000.0,1000000.0,104.05,2.549,2.555,1470000000.0,10125000000.0,10171000000.0,10171000000.0,0.0,0.031,0.108,0.043,0.209,0.0,0.0,1.0,249215763.0,249734000.0,251487000.0,40.727,40584000000.0,49000000.0,286000000.0,3254000000.0,162.509,-2249000000.0
22,SRE,MRT,2015-12-31,2015-12-31,2015-12-31,2021-08-05,-806000000.0,41150000000.0,40318250000.0,2891000000.0,38259000000.0,0.254,47.569,-3156000000.0,450000000.0,450000000.0,6639000000.0,1448000000.0,0.627,2.419,14663000000.0,1529000000.0,13134000000.0,14663000000.0,0.0,1250000000.0,153000000.0,0.03,2.8,2252000000.0,3502000000.0,0.342,3502000000.0,2252000000.0,1691000000.0,5.43,5.37,5.43,11809000000.0,11655250000.0,11809000000.0,37376264310.0,17.0,10.673,-258000000.0,-1.039,1.0,3592000000.0,0.351,1223000000.0,561000000.0,49528000000.0,48598000000.0,298000000.0,3968000000.0,0.0,3968000000.0,28571000000.0,4612000000.0,23959000000.0,23334264310.0,-160000000.0,218000000.0,-22000000.0,516000000.0,-628000000.0,-176000000.0,-2868000000.0,61000000.0,2898000000.0,-14000000.0,1350000000.0,1349000000.0,1349000000.0,0.0,98000000.0,0.132,1586000000.0,2006000000.0,1592000000.0,0.516,1.976,17.297,17.313,28039000000.0,1000000.0,94.01,2.281,2.281,1665000000.0,9994000000.0,10231000000.0,10231000000.0,0.0,0.033,0.116,0.046,0.22,0.0,0.0,1.0,248210449.0,248249000.0,250923000.0,41.213,39927000000.0,150000000.0,341000000.0,3189000000.0,160.834,-1721000000.0
23,SRE,MRT,2015-09-30,2015-09-30,2015-09-30,2021-08-05,-761000000.0,40566000000.0,39943500000.0,3606000000.0,36960000000.0,0.257,46.793,-3030000000.0,750000000.0,750000000.0,6816000000.0,1381000000.0,0.705,2.423,14792000000.0,2265000000.0,12527000000.0,14792000000.0,0.0,1215000000.0,152000000.0,0.029,2.76,2115000000.0,3330000000.0,0.324,3330000000.0,2115000000.0,1563000000.0,5.15,5.08,5.15,11625000000.0,11534500000.0,11625000000.0,37954406117.0,18.0,11.398,-441000000.0,-1.775,1.0,3461000000.0,0.337,1254000000.0,552000000.0,48236000000.0,47944500000.0,416000000.0,3905000000.0,0.0,3905000000.0,28170000000.0,5118000000.0,23052000000.0,23978406117.0,30000000.0,137000000.0,-20000000.0,1084000000.0,-616000000.0,311000000.0,-2855000000.0,31000000.0,2589000000.0,-15000000.0,1278000000.0,1277000000.0,1277000000.0,0.0,103000000.0,0.124,1510000000.0,1951000000.0,1577000000.0,0.536,2.063,18.777,18.781,27314000000.0,1000000.0,96.72,2.333,2.338,1378000000.0,9799000000.0,10277000000.0,10277000000.0,0.0,0.032,0.111,0.044,0.206,0.0,0.0,1.0,247915696.0,248432000.0,251024000.0,41.367,39312000000.0,220000000.0,285000000.0,3091000000.0,158.24,-1512000000.0
24,SRE,MRT,2015-06-30,2015-06-30,2015-06-30,2021-08-05,-596000000.0,40006000000.0,39547500000.0,3506000000.0,36500000000.0,0.268,47.088,-3076000000.0,661000000.0,661000000.0,7027000000.0,1482000000.0,0.797,2.357,14637000000.0,2011000000.0,12626000000.0,14637000000.0,0.0,1192000000.0,150000000.0,0.027,2.72,2272000000.0,3464000000.0,0.326,3464000000.0,2272000000.0,1719000000.0,5.56,5.48,5.56,11683000000.0,11461500000.0,11683000000.0,38369574302.0,17.0,11.077,-730000000.0,-2.942,1.0,3584000000.0,0.338,1295000000.0,553000000.0,48288000000.0,47524500000.0,266000000.0,4074000000.0,0.0,4074000000.0,27531000000.0,4399000000.0,23132000000.0,24495574302.0,-153000000.0,-247000000.0,-8000000.0,1196000000.0,-605000000.0,432000000.0,-2922000000.0,2000000.0,2346000000.0,-9000000.0,1378000000.0,1377000000.0,1377000000.0,0.0,104000000.0,0.13,1480000000.0,2104000000.0,1314000000.0,0.489,2.097,17.789,17.795,26693000000.0,1000000.0,98.94,2.309,2.313,1327000000.0,9724000000.0,10611000000.0,10611000000.0,0.0,0.035,0.12,0.048,0.214,0.0,0.0,1.0,247580092.0,248108000.0,251491000.0,42.768,38711000000.0,199000000.0,341000000.0,3051000000.0,156.025,-893000000.0
25,SRE,MRT,2015-03-31,2015-03-31,2015-03-31,2021-08-05,-613000000.0,39551000000.0,39122750000.0,3656000000.0,35895000000.0,0.279,46.439,-3102000000.0,410000000.0,410000000.0,7325000000.0,1454000000.0,0.97,2.37,14284000000.0,1272000000.0,13012000000.0,14284000000.0,0.0,1173000000.0,155000000.0,0.025,2.68,2240000000.0,3413000000.0,0.312,3413000000.0,2240000000.0,1688000000.0,5.47,5.39,5.47,11504000000.0,11339250000.0,11504000000.0,40720040979.0,18.0,11.931,-1034000000.0,-4.174,1.0,3597000000.0,0.329,1315000000.0,552000000.0,48340000000.0,46933000000.0,255000000.0,3922000000.0,0.0,3922000000.0,27270000000.0,3770000000.0,23500000000.0,26961040979.0,-467000000.0,-301000000.0,-4000000.0,1590000000.0,-593000000.0,816000000.0,-3342000000.0,1000000.0,2068000000.0,-9000000.0,1352000000.0,1351000000.0,1351000000.0,0.0,102000000.0,0.124,1519000000.0,2078000000.0,1388000000.0,0.49,2.344,19.956,19.931,26236000000.0,1000000.0,109.02,2.469,2.473,1456000000.0,9603000000.0,10922000000.0,10922000000.0,0.0,0.035,0.119,0.048,0.205,0.0,0.0,1.0,247303623.0,247722000.0,251206000.0,44.09,38236000000.0,297000000.0,336000000.0,3054000000.0,154.35,-114000000.0
26,SRE,MRT,2014-12-31,2014-12-31,2014-12-31,2021-08-05,-497000000.0,39651000000.0,38606000000.0,4184000000.0,35467000000.0,0.286,46.061,-3123000000.0,610000000.0,610000000.0,7689000000.0,1262000000.0,0.825,2.433,14288000000.0,2202000000.0,12086000000.0,14288000000.0,0.0,1156000000.0,153000000.0,0.024,2.64,2016000000.0,3172000000.0,0.287,3172000000.0,2016000000.0,1462000000.0,4.72,4.63,4.72,11326000000.0,11223250000.0,11326000000.0,40653864320.0,20.0,12.816,-962000000.0,-3.912,1.0,3346000000.0,0.303,1346000000.0,554000000.0,46914000000.0,45890750000.0,396000000.0,3979000000.0,0.0,3979000000.0,27551000000.0,5069000000.0,22482000000.0,27418864320.0,-334000000.0,-258000000.0,18000000.0,1650000000.0,-598000000.0,854000000.0,-3342000000.0,1000000.0,2161000000.0,-7000000.0,1162000000.0,1161000000.0,1161000000.0,0.0,100000000.0,0.105,1508000000.0,1838000000.0,1637000000.0,0.559,2.421,23.617,23.593,25902000000.0,1000000.0,111.36,2.485,2.481,1620000000.0,9339000000.0,11035000000.0,11035000000.0,0.0,0.03,0.103,0.044,0.183,0.0,0.0,1.0,246218250.0,245891000.0,250655000.0,44.878,38305000000.0,350000000.0,300000000.0,3040000000.0,155.78,-885000000.0
27,SRE,MRT,2014-09-30,2014-09-30,2014-09-30,2021-08-05,-371000000.0,38982000000.0,38004250000.0,4414000000.0,34568000000.0,0.289,46.043,-3107000000.0,699000000.0,699000000.0,7661000000.0,1261000000.0,1.028,2.367,13934000000.0,1497000000.0,12437000000.0,13934000000.0,0.0,1151000000.0,149000000.0,0.025,2.61,2041000000.0,3192000000.0,0.29,3192000000.0,2041000000.0,1477000000.0,4.67,4.58,4.67,11333000000.0,11143750000.0,11333000000.0,38830279581.0,19.0,12.165,-992000000.0,-4.03,1.0,3332000000.0,0.303,1369000000.0,564000000.0,46556000000.0,45016500000.0,472000000.0,2884000000.0,0.0,2884000000.0,26825000000.0,4292000000.0,22533000000.0,25912279581.0,-394000000.0,-192000000.0,10000000.0,1615000000.0,-604000000.0,753000000.0,-3254000000.0,21000000.0,2115000000.0,-8000000.0,1147000000.0,1146000000.0,1146000000.0,0.0,114000000.0,0.104,1530000000.0,1802000000.0,1609000000.0,0.559,2.286,22.611,22.565,26409000000.0,1000000.0,105.38,2.357,2.359,1400000000.0,9205000000.0,10993000000.0,10993000000.0,0.0,0.03,0.103,0.045,0.186,0.0,0.0,1.0,245893714.0,246137000.0,250771000.0,44.662,37613000000.0,543000000.0,330000000.0,3151000000.0,152.813,122000000.0
28,SRE,MRT,2014-06-30,2014-06-30,2014-06-30,2021-08-05,-273000000.0,38307000000.0,37484000000.0,4195000000.0,34112000000.0,0.286,45.562,-2955000000.0,838000000.0,838000000.0,7420000000.0,1201000000.0,1.081,2.346,13756000000.0,1433000000.0,12323000000.0,13756000000.0,0.0,1145000000.0,149000000.0,0.025,2.58,2033000000.0,3178000000.0,0.296,3178000000.0,2033000000.0,1476000000.0,4.47,4.38,4.47,11194000000.0,11037750000.0,11194000000.0,37682623579.0,19.0,11.857,-1242000000.0,-5.055,1.0,3309000000.0,0.308,1421000000.0,557000000.0,45922000000.0,43934750000.0,267000000.0,2865000000.0,0.0,2865000000.0,26256000000.0,3882000000.0,22374000000.0,25698623579.0,-165000000.0,32000000.0,31000000.0,1615000000.0,-608000000.0,806000000.0,-2683000000.0,228000000.0,1713000000.0,-1000000.0,1100000000.0,1094000000.0,1094000000.0,0.0,101000000.0,0.102,1516000000.0,1793000000.0,1431000000.0,0.577,2.296,23.491,23.425,26012000000.0,6000000.0,104.71,2.395,2.398,1281000000.0,9019000000.0,10729000000.0,10729000000.0,0.0,0.029,0.099,0.046,0.189,0.0,0.0,1.0,245426641.0,245688000.0,250061000.0,43.669,36886000000.0,512000000.0,376000000.0,3050000000.0,150.134,313000000.0
29,SRE,MRT,2014-03-31,2014-03-31,2014-03-31,2021-08-05,-273000000.0,37484000000.0,37162250000.0,4224000000.0,33260000000.0,0.288,45.01,-2842000000.0,897000000.0,897000000.0,7282000000.0,1176000000.0,1.09,2.318,12881000000.0,1181000000.0,11700000000.0,12881000000.0,0.0,1104000000.0,155000000.0,0.026,2.55,1948000000.0,3052000000.0,0.285,3052000000.0,1948000000.0,1391000000.0,4.37,4.28,4.37,11040000000.0,10915250000.0,11040000000.0,35706891177.0,18.0,11.7,-989000000.0,-4.032,1.0,3420000000.0,0.32,1422000000.0,557000000.0,44171000000.0,43038500000.0,197000000.0,2689000000.0,0.0,2689000000.0,25595000000.0,3875000000.0,21720000000.0,23714891177.0,-627000000.0,200000000.0,21000000.0,610000000.0,-615000000.0,-175000000.0,-2297000000.0,380000000.0,1853000000.0,-8000000.0,1076000000.0,1070000000.0,1070000000.0,0.0,100000000.0,0.1,1664000000.0,1756000000.0,1522000000.0,0.584,2.148,22.163,22.142,25452000000.0,6000000.0,96.76,2.216,2.218,1438000000.0,8912000000.0,10702000000.0,10702000000.0,0.0,0.029,0.098,0.045,0.182,0.0,0.0,1.0,245089822.0,245277000.0,249669000.0,43.632,36062000000.0,463000000.0,315000000.0,2999000000.0,147.026,349000000.0
30,SRE,MRT,2013-12-31,2013-12-31,2013-12-31,2021-08-05,-228000000.0,37244000000.0,37109500000.0,3997000000.0,33247000000.0,0.284,45.14,-2572000000.0,953000000.0,953000000.0,7186000000.0,1088000000.0,0.915,2.307,12945000000.0,1692000000.0,11253000000.0,12945000000.0,0.0,1113000000.0,154000000.0,0.028,2.52,1934000000.0,3047000000.0,0.289,3047000000.0,1934000000.0,1375000000.0,4.1,4.01,4.1,11008000000.0,10761000000.0,11008000000.0,33268336281.0,17.0,10.918,-788000000.0,-3.231,1.0,3371000000.0,0.319,1450000000.0,559000000.0,43417000000.0,42449000000.0,287000000.0,2609000000.0,0.0,2609000000.0,25394000000.0,4369000000.0,21025000000.0,21937336281.0,429000000.0,534000000.0,17000000.0,549000000.0,-606000000.0,338000000.0,-1689000000.0,388000000.0,1784000000.0,-4000000.0,1009000000.0,1001000000.0,1001000000.0,0.0,79000000.0,0.095,1687000000.0,1684000000.0,1486000000.0,0.615,1.993,21.915,21.893,25460000000.0,8000000.0,89.76,2.078,2.073,1540000000.0,8827000000.0,10557000000.0,10557000000.0,0.0,0.027,0.093,0.046,0.183,0.0,0.0,1.0,244399914.0,243863000.0,249332000.0,43.291,35794000000.0,386000000.0,366000000.0,2846000000.0,146.779,-372000000.0
31,SRE,MRT,2013-09-30,2013-09-30,2013-09-30,2021-08-05,-215000000.0,36901000000.0,36923250000.0,3712000000.0,33189000000.0,0.285,44.683,-2500000000.0,1110000000.0,1110000000.0,7211000000.0,1073000000.0,0.819,2.305,12441000000.0,1963000000.0,10478000000.0,12441000000.0,0.0,1115000000.0,155000000.0,0.029,2.49,1913000000.0,3028000000.0,0.288,3028000000.0,1913000000.0,1359000000.0,4.15,4.06,4.15,10909000000.0,10579500000.0,10909000000.0,32422648745.0,17.0,10.708,-840000000.0,-3.441,1.0,3309000000.0,0.315,1473000000.0,554000000.0,42229000000.0,42355500000.0,463000000.0,2545000000.0,0.0,2545000000.0,25147000000.0,4530000000.0,20617000000.0,20907648745.0,531000000.0,533000000.0,40000000.0,390000000.0,-597000000.0,355000000.0,-1483000000.0,525000000.0,1660000000.0,-1000000.0,1021000000.0,1012000000.0,1012000000.0,0.0,52000000.0,0.096,1700000000.0,1609000000.0,1304000000.0,0.6,1.917,20.66,20.627,24763000000.0,9000000.0,85.6,1.987,1.987,1176000000.0,8700000000.0,10520000000.0,10520000000.0,0.0,0.027,0.096,0.045,0.182,0.0,0.0,1.0,244248233.0,244140000.0,249259000.0,43.09,35428000000.0,251000000.0,338000000.0,2586000000.0,145.113,-818000000.0
32,SRE,MRT,2013-06-30,2013-06-30,2013-06-30,2021-08-05,-219000000.0,37020000000.0,36545500000.0,3661000000.0,33359000000.0,0.287,43.94,-2569000000.0,1065000000.0,1065000000.0,7186000000.0,1040000000.0,0.775,2.38,12580000000.0,2050000000.0,10530000000.0,12580000000.0,0.0,1109000000.0,142000000.0,0.03,2.46,1803000000.0,2912000000.0,0.278,2912000000.0,1803000000.0,1260000000.0,4.05,3.96,4.05,10704000000.0,10372750000.0,10704000000.0,31190878249.0,17.0,10.711,-598000000.0,-2.455,1.0,3290000000.0,0.314,1473000000.0,543000000.0,42337000000.0,42144500000.0,357000000.0,2404000000.0,0.0,2404000000.0,25472000000.0,4725000000.0,20747000000.0,19914878249.0,733000000.0,316000000.0,10000000.0,839000000.0,-589000000.0,765000000.0,-2004000000.0,320000000.0,1971000000.0,1000000.0,990000000.0,984000000.0,984000000.0,0.0,50000000.0,0.094,1687000000.0,1603000000.0,1344000000.0,0.607,1.861,20.239,20.188,25171000000.0,6000000.0,81.76,1.901,1.901,1161000000.0,8557000000.0,10476000000.0,10476000000.0,0.0,0.027,0.095,0.043,0.172,0.0,0.0,1.0,243577278.0,243603000.0,248515000.0,43.004,35547000000.0,205000000.0,270000000.0,2433000000.0,145.922,-1064000000.0
33,SRE,MRT,2013-03-31,2013-03-31,2013-03-31,2021-08-05,-377000000.0,37273000000.0,35841000000.0,4123000000.0,33150000000.0,0.277,42.841,-2676000000.0,1547000000.0,1547000000.0,6880000000.0,847000000.0,0.795,2.496,12823000000.0,2143000000.0,10680000000.0,12823000000.0,0.0,1128000000.0,142000000.0,0.03,2.43,1445000000.0,2573000000.0,0.26,2573000000.0,1445000000.0,927000000.0,3.31,3.23,3.31,10423000000.0,10166500000.0,10423000000.0,31797666952.0,22.0,12.358,-522000000.0,-2.146,1.0,3034000000.0,0.306,1547000000.0,518000000.0,41813000000.0,41491750000.0,270000000.0,2471000000.0,0.0,2471000000.0,26012000000.0,5189000000.0,20823000000.0,19448666952.0,1067000000.0,0.0,35000000.0,1421000000.0,-580000000.0,1365000000.0,-2461000000.0,252000000.0,2154000000.0,9000000.0,807000000.0,801000000.0,801000000.0,0.0,40000000.0,0.081,1497000000.0,1537000000.0,1313000000.0,0.734,1.866,24.28,24.151,25458000000.0,6000000.0,79.94,1.962,1.962,1329000000.0,8466000000.0,9914000000.0,9914000000.0,0.0,0.022,0.079,0.035,0.146,0.0,0.0,1.0,243290805.0,243294000.0,247534000.0,40.749,35726000000.0,101000000.0,120000000.0,2294000000.0,146.843,-1066000000.0
34,SRE,MRT,2012-12-31,2012-12-31,2012-12-31,2021-08-05,-376000000.0,36499000000.0,35034000000.0,3695000000.0,32804000000.0,0.275,42.603,-2956000000.0,543000000.0,543000000.0,6646000000.0,920000000.0,0.868,2.511,12892000000.0,1271000000.0,11621000000.0,12892000000.0,0.0,1090000000.0,143000000.0,0.034,2.4,1417000000.0,2507000000.0,0.26,2507000000.0,1417000000.0,924000000.0,3.56,3.48,3.56,10282000000.0,10048750000.0,10282000000.0,29050958605.0,21.0,11.588,-938000000.0,-3.887,1.0,3001000000.0,0.311,1547000000.0,493000000.0,43043000000.0,40768250000.0,408000000.0,2424000000.0,0.0,2424000000.0,25816000000.0,4258000000.0,21558000000.0,17156958605.0,223000000.0,-371000000.0,62000000.0,1938000000.0,-550000000.0,1355000000.0,-3158000000.0,202000000.0,2018000000.0,8000000.0,865000000.0,859000000.0,859000000.0,0.0,55000000.0,0.089,1449000000.0,1552000000.0,1376000000.0,0.674,1.669,19.973,19.927,25191000000.0,6000000.0,70.94,1.778,1.775,1299000000.0,8441000000.0,9647000000.0,9647000000.0,0.0,0.025,0.085,0.035,0.147,0.0,0.0,1.0,241851686.0,241347000.0,246693000.0,39.971,34952000000.0,204000000.0,59000000.0,2146000000.0,144.821,-563000000.0
35,SRE,MRT,2012-09-30,2012-09-30,2012-09-30,2021-08-05,-389000000.0,35390000000.0,34221500000.0,3078000000.0,32312000000.0,0.28,41.715,-3054000000.0,592000000.0,592000000.0,6517000000.0,923000000.0,0.708,2.469,12486000000.0,1293000000.0,11193000000.0,12486000000.0,0.0,1050000000.0,150000000.0,0.035,2.28,1484000000.0,2534000000.0,0.264,2534000000.0,1484000000.0,1011000000.0,3.54,3.5,3.54,10082000000.0,9922000000.0,10082000000.0,27053201916.0,18.0,10.676,-1142000000.0,-4.725,1.0,3066000000.0,0.32,1550000000.0,473000000.0,41385000000.0,39552000000.0,398000000.0,2477000000.0,0.0,2477000000.0,24894000000.0,4349000000.0,20545000000.0,15587201916.0,-127000000.0,-604000000.0,40000000.0,1848000000.0,-520000000.0,1287000000.0,-3342000000.0,70000000.0,1912000000.0,16000000.0,858000000.0,851000000.0,851000000.0,0.0,65000000.0,0.089,1391000000.0,1675000000.0,1405000000.0,0.644,1.546,18.316,18.218,24990000000.0,7000000.0,64.49,1.627,1.626,1074000000.0,8293000000.0,9583000000.0,9583000000.0,0.0,0.025,0.086,0.038,0.155,0.0,0.0,1.0,241699518.0,241689000.0,245802000.0,39.65,33840000000.0,18000000.0,153000000.0,1811000000.0,140.015,-1271000000.0
36,SRE,MRT,2012-06-30,2012-06-30,2012-06-30,2021-08-05,-456000000.0,34202000000.0,33528000000.0,2040000000.0,32162000000.0,0.288,40.968,-3136000000.0,260000000.0,260000000.0,6620000000.0,952000000.0,0.46,2.42,11726000000.0,1411000000.0,10315000000.0,11726000000.0,0.0,1021000000.0,145000000.0,0.031,2.16,1522000000.0,2543000000.0,0.263,2543000000.0,1522000000.0,1057000000.0,3.64,3.61,3.64,9879000000.0,9809000000.0,9879000000.0,27467466141.0,18.0,10.801,-1256000000.0,-5.209,1.0,3032000000.0,0.314,1508000000.0,465000000.0,39726000000.0,38500500000.0,249000000.0,2486000000.0,0.0,2486000000.0,23909000000.0,4434000000.0,19475000000.0,16599466141.0,-171000000.0,-562000000.0,37000000.0,1686000000.0,-490000000.0,1130000000.0,-3198000000.0,80000000.0,1880000000.0,17000000.0,878000000.0,872000000.0,872000000.0,0.0,74000000.0,0.09,1357000000.0,1675000000.0,1268000000.0,0.593,1.68,19.036,18.923,24597000000.0,6000000.0,68.88,1.72,1.721,985000000.0,8171000000.0,9652000000.0,9652000000.0,0.0,0.026,0.089,0.04,0.158,0.0,0.0,1.0,240991088.0,241141000.0,246260000.0,40.026,32694000000.0,37000000.0,179000000.0,1755000000.0,135.58,-2394000000.0
37,SRE,MRT,2012-03-31,2012-03-31,2012-03-31,2021-08-05,-418000000.0,34045000000.0,32936500000.0,2298000000.0,31747000000.0,0.303,41.369,-3048000000.0,451000000.0,451000000.0,6918000000.0,1372000000.0,0.513,2.379,11319000000.0,1139000000.0,10180000000.0,11319000000.0,0.0,1003000000.0,148000000.0,0.034,2.04,2188000000.0,3191000000.0,0.32,3191000000.0,2188000000.0,1718000000.0,5.48,5.45,5.48,9952000000.0,9734000000.0,9952000000.0,24990816693.0,11.0,7.832,-1287000000.0,-5.35,1.0,3067000000.0,0.307,1514000000.0,470000000.0,38919000000.0,37672750000.0,222000000.0,2587000000.0,0.0,2587000000.0,23675000000.0,4480000000.0,19195000000.0,14425816693.0,-815000000.0,-941000000.0,10000000.0,1204000000.0,-461000000.0,586000000.0,-3173000000.0,4000000.0,1761000000.0,11000000.0,1321000000.0,1313000000.0,1313000000.0,0.0,51000000.0,0.131,1347000000.0,1720000000.0,1310000000.0,0.372,1.45,10.987,10.942,24076000000.0,8000000.0,59.96,1.445,1.445,1239000000.0,8254000000.0,9985000000.0,9985000000.0,0.0,0.04,0.135,0.058,0.219,0.0,0.0,1.0,240590672.0,240566000.0,243761000.0,41.506,32531000000.0,0.0,397000000.0,1874000000.0,135.227,-2182000000.0
38,SRE,MRT,2011-12-31,2011-12-31,2011-12-31,2021-08-05,-489000000.0,33249000000.0,32099250000.0,2332000000.0,30917000000.0,0.313,40.777,-2844000000.0,298000000.0,298000000.0,6971000000.0,1381000000.0,0.562,2.36,10863000000.0,785000000.0,10078000000.0,10863000000.0,0.0,976000000.0,142000000.0,0.035,1.92,2198000000.0,3174000000.0,0.316,3174000000.0,2198000000.0,1733000000.0,5.55,5.51,5.55,9775000000.0,9542500000.0,9775000000.0,23209024100.0,11.0,7.312,-977000000.0,-4.076,1.0,3065000000.0,0.305,1484000000.0,465000000.0,38178000000.0,36642250000.0,346000000.0,2475000000.0,0.0,2475000000.0,23071000000.0,4152000000.0,18919000000.0,13190024100.0,-660000000.0,-941000000.0,10000000.0,1118000000.0,-440000000.0,534000000.0,-3070000000.0,64000000.0,1867000000.0,9000000.0,1339000000.0,1331000000.0,1331000000.0,0.0,42000000.0,0.133,1319000000.0,1746000000.0,1326000000.0,0.346,1.349,9.91,9.91,23465000000.0,8000000.0,55.0,1.314,1.314,1345000000.0,8162000000.0,10036000000.0,10036000000.0,0.0,0.041,0.139,0.06,0.219,0.0,0.0,1.0,239818620.0,239720000.0,241523000.0,41.866,31765000000.0,0.0,394000000.0,1747000000.0,132.509,-1820000000.0
39,SRE,MRT,2011-09-30,2011-09-30,2011-09-30,2021-08-05,-503000000.0,32616000000.0,31357750000.0,2938000000.0,29678000000.0,0.312,40.201,-2739000000.0,792000000.0,792000000.0,6826000000.0,1344000000.0,0.735,2.35,10811000000.0,778000000.0,10033000000.0,10811000000.0,0.0,952000000.0,137000000.0,0.036,1.83,2099000000.0,3051000000.0,0.312,3051000000.0,2099000000.0,1642000000.0,5.41,5.36,5.41,9630000000.0,9355500000.0,9630000000.0,21999942780.0,10.0,7.211,-544000000.0,-2.271,1.0,2951000000.0,0.302,1461000000.0,457000000.0,37179000000.0,35691250000.0,369000000.0,2567000000.0,0.0,2567000000.0,22632000000.0,3995000000.0,18637000000.0,12336942780.0,110000000.0,-922000000.0,15000000.0,1419000000.0,-420000000.0,867000000.0,-2954000000.0,462000000.0,2195000000.0,2000000.0,1305000000.0,1296000000.0,1296000000.0,0.0,39000000.0,0.133,1280000000.0,1671000000.0,1269000000.0,0.338,1.281,9.519,9.519,22703000000.0,9000000.0,51.5,1.262,1.262,1097000000.0,8048000000.0,9777000000.0,9777000000.0,0.0,0.041,0.139,0.059,0.215,0.0,0.0,1.0,239552287.0,239545000.0,241880000.0,40.815,31155000000.0,301000000.0,337000000.0,1993000000.0,130.059,-1057000000.0
40,SRE,MRT,2011-06-30,2011-06-30,2011-06-30,2021-08-05,-358000000.0,31836000000.0,30441000000.0,2551000000.0,29285000000.0,0.306,40.01,-2448000000.0,582000000.0,582000000.0,6478000000.0,1152000000.0,0.714,2.282,10245000000.0,597000000.0,9648000000.0,10245000000.0,0.0,919000000.0,135000000.0,0.033,1.74,1828000000.0,2747000000.0,0.295,2747000000.0,1828000000.0,1378000000.0,4.73,4.69,4.73,9579000000.0,9148500000.0,9579000000.0,20953872065.0,11.0,7.628,-462000000.0,-1.93,1.0,2839000000.0,0.305,1509000000.0,450000000.0,36415000000.0,34639250000.0,211000000.0,2760000000.0,0.0,2760000000.0,21864000000.0,3575000000.0,18289000000.0,12661872065.0,204000000.0,-923000000.0,-480000000.0,975000000.0,-402000000.0,-9000000.0,-1769000000.0,665000000.0,1986000000.0,-4000000.0,1148000000.0,1138000000.0,1138000000.0,0.0,4000000.0,0.122,1256000000.0,1583000000.0,1132000000.0,0.368,1.322,11.126,11.18,22156000000.0,10000000.0,52.88,1.359,1.359,1176000000.0,7868000000.0,9317000000.0,9317000000.0,0.0,0.037,0.124,0.053,0.196,0.0,0.0,1.0,239445387.0,239415000.0,240761000.0,38.916,30327000000.0,243000000.0,230000000.0,1905000000.0,126.671,-1024000000.0
41,SRE,MRT,2011-03-31,2011-03-31,2011-03-31,2021-08-05,-332000000.0,30696000000.0,29753500000.0,3426000000.0,27270000000.0,0.299,38.255,-2223000000.0,1537000000.0,1537000000.0,6142000000.0,863000000.0,0.938,2.318,9829000000.0,655000000.0,9174000000.0,9829000000.0,0.0,886000000.0,131000000.0,0.031,1.65,1491000000.0,2377000000.0,0.267,2377000000.0,1491000000.0,1056000000.0,3.53,3.49,3.53,9186000000.0,9051250000.0,9186000000.0,21284036492.0,14.0,8.954,-152000000.0,-0.633,1.0,2761000000.0,0.31,537000000.0,435000000.0,34797000000.0,33803250000.0,176000000.0,3738000000.0,0.0,3738000000.0,21293000000.0,3654000000.0,17639000000.0,12867036492.0,997000000.0,-611000000.0,-477000000.0,1340000000.0,-372000000.0,469000000.0,-1543000000.0,741000000.0,2071000000.0,0.0,867000000.0,857000000.0,857000000.0,0.0,-4000000.0,0.096,1219000000.0,1542000000.0,997000000.0,0.467,1.401,15.014,15.156,20200000000.0,10000000.0,53.5,1.445,1.443,1075000000.0,7472000000.0,8903000000.0,8903000000.0,0.0,0.029,0.095,0.044,0.167,0.0,0.0,1.0,240505355.0,240128000.0,241903000.0,37.076,30159000000.0,297000000.0,189000000.0,1682000000.0,125.596,-228000000.0
42,SRE,MRT,2010-12-31,2010-12-31,2010-12-31,2021-08-05,-330000000.0,30283000000.0,29272500000.0,3353000000.0,26930000000.0,0.308,36.885,-2062000000.0,1070000000.0,1070000000.0,6282000000.0,703000000.0,0.886,2.331,9487000000.0,507000000.0,8980000000.0,9487000000.0,0.0,866000000.0,129000000.0,0.03,1.56,1288000000.0,2154000000.0,0.239,2154000000.0,1288000000.0,852000000.0,2.9,2.86,2.9,9027000000.0,9019750000.0,9027000000.0,20939084406.0,16.0,9.721,92000000.0,0.376,1.0,2721000000.0,0.302,540000000.0,436000000.0,34374000000.0,33149500000.0,258000000.0,3720000000.0,0.0,3720000000.0,21045000000.0,3786000000.0,17259000000.0,12598084406.0,802000000.0,-611000000.0,-462000000.0,788000000.0,-364000000.0,-69000000.0,-1283000000.0,675000000.0,2154000000.0,0.0,719000000.0,709000000.0,709000000.0,0.0,-16000000.0,0.079,1362000000.0,1359000000.0,1088000000.0,0.538,1.396,17.769,18.097,19876000000.0,10000000.0,52.48,1.399,1.427,1066000000.0,7329000000.0,9003000000.0,9003000000.0,0.0,0.024,0.079,0.039,0.143,0.0,0.0,1.0,240054962.0,244736000.0,247942000.0,36.787,29743000000.0,323000000.0,133000000.0,1611000000.0,121.531,-433000000.0
43,SRE,MRT,2010-09-30,2010-09-30,2010-09-30,2021-08-05,-344000000.0,28949000000.0,28829750000.0,2495000000.0,26454000000.0,0.316,35.684,-1895000000.0,578000000.0,578000000.0,6439000000.0,738000000.0,0.661,2.266,8919000000.0,887000000.0,8032000000.0,8919000000.0,0.0,850000000.0,133000000.0,0.029,1.56,1370000000.0,2220000000.0,0.244,2220000000.0,1370000000.0,937000000.0,3.04,2.99,3.04,8802000000.0,9014750000.0,8802000000.0,21908623425.0,16.0,9.869,-302000000.0,-1.224,1.0,2675000000.0,0.294,542000000.0,433000000.0,32971000000.0,32707500000.0,296000000.0,3879000000.0,0.0,3879000000.0,19942000000.0,3777000000.0,16165000000.0,13334623425.0,-209000000.0,-512000000.0,-474000000.0,381000000.0,-355000000.0,-467000000.0,-1335000000.0,241000000.0,1593000000.0,0.0,757000000.0,747000000.0,747000000.0,0.0,-19000000.0,0.082,1349000000.0,1326000000.0,946000000.0,0.513,1.515,17.851,17.697,19221000000.0,10000000.0,53.8,1.463,1.456,806000000.0,7143000000.0,9114000000.0,9114000000.0,0.0,0.026,0.083,0.042,0.15,0.0,0.0,1.0,247855454.0,246668000.0,249811000.0,36.948,28407000000.0,312000000.0,180000000.0,1584000000.0,115.163,-1282000000.0
44,SRE,MRT,2010-06-30,2010-06-30,2010-06-30,2021-08-05,-399000000.0,29086000000.0,28691250000.0,1873000000.0,27213000000.0,0.308,37.239,-1813000000.0,218000000.0,218000000.0,6269000000.0,913000000.0,0.462,2.141,8792000000.0,1230000000.0,7562000000.0,8792000000.0,0.0,828000000.0,138000000.0,0.033,1.56,1701000000.0,2529000000.0,0.286,2529000000.0,1701000000.0,1283000000.0,3.81,3.73,3.81,9190000000.0,9000500000.0,9190000000.0,19753350184.0,12.0,7.811,-156000000.0,-0.632,1.0,2582000000.0,0.292,538000000.0,418000000.0,33071000000.0,32238000000.0,151000000.0,5082000000.0,0.0,5082000000.0,19676000000.0,4051000000.0,15625000000.0,11582350184.0,-630000000.0,-1042000000.0,43000000.0,866000000.0,-343000000.0,565000000.0,-2852000000.0,19000000.0,1657000000.0,0.0,943000000.0,933000000.0,933000000.0,0.0,-30000000.0,0.105,1314000000.0,1268000000.0,842000000.0,0.409,1.26,12.414,12.281,18924000000.0,10000000.0,46.79,1.309,1.305,850000000.0,7106000000.0,8851000000.0,8851000000.0,0.0,0.033,0.104,0.053,0.192,0.0,0.0,1.0,247539008.0,246784000.0,249727000.0,35.865,28548000000.0,196000000.0,340000000.0,1521000000.0,115.68,-2178000000.0
45,SRE,MRT,2010-03-31,2010-03-31,2010-03-31,2021-08-05,-372000000.0,28772000000.0,28400250000.0,2107000000.0,26665000000.0,0.3,36.817,-1866000000.0,266000000.0,266000000.0,6051000000.0,897000000.0,0.497,2.15,8437000000.0,1239000000.0,7198000000.0,8437000000.0,0.0,802000000.0,144000000.0,0.031,1.56,1684000000.0,2486000000.0,0.291,2486000000.0,1684000000.0,1290000000.0,3.73,3.64,3.73,9060000000.0,8822250000.0,9060000000.0,20831471806.0,12.0,8.38,-242000000.0,-0.983,1.0,2481000000.0,0.291,523000000.0,394000000.0,32182000000.0,31428500000.0,160000000.0,5086000000.0,0.0,5086000000.0,19477000000.0,4238000000.0,15239000000.0,12325471806.0,-498000000.0,-889000000.0,53000000.0,817000000.0,-341000000.0,524000000.0,-2646000000.0,-39000000.0,1624000000.0,0.0,919000000.0,909000000.0,909000000.0,0.0,-22000000.0,0.107,1417000000.0,1064000000.0,898000000.0,0.418,1.36,13.559,13.378,18490000000.0,10000000.0,49.9,1.445,1.439,1007000000.0,6981000000.0,8532000000.0,8532000000.0,0.0,0.032,0.103,0.054,0.197,0.0,0.0,1.0,247003443.0,246083000.0,250373000.0,34.671,28249000000.0,161000000.0,371000000.0,1472000000.0,114.795,-2131000000.0
46,SRE,MRT,2009-12-31,2009-12-31,2009-12-31,2021-08-05,-369000000.0,28512000000.0,28040750000.0,2295000000.0,26217000000.0,0.289,37.014,-1912000000.0,145000000.0,145000000.0,5725000000.0,1122000000.0,0.59,2.138,8651000000.0,1191000000.0,7460000000.0,8651000000.0,0.0,775000000.0,145000000.0,0.028,1.56,1918000000.0,2693000000.0,0.332,2693000000.0,1918000000.0,1551000000.0,4.6,4.52,4.6,9007000000.0,8619000000.0,9007000000.0,21330871079.0,11.0,7.921,-37000000.0,-0.152,1.0,2381000000.0,0.294,524000000.0,367000000.0,32606000000.0,30519750000.0,197000000.0,5001000000.0,0.0,5001000000.0,19261000000.0,3888000000.0,15373000000.0,13795871079.0,-221000000.0,-889000000.0,51000000.0,957000000.0,-341000000.0,576000000.0,-2672000000.0,-14000000.0,1875000000.0,0.0,1129000000.0,1119000000.0,1119000000.0,0.0,-7000000.0,0.138,1207000000.0,1174000000.0,914000000.0,0.339,1.532,12.329,12.17,18281000000.0,10000000.0,55.98,1.702,1.68,1171000000.0,6971000000.0,8106000000.0,8106000000.0,0.0,0.04,0.13,0.063,0.237,0.0,0.0,1.0,246442856.0,243339000.0,247384000.0,33.312,27988000000.0,231000000.0,422000000.0,1372000000.0,115.016,-1593000000.0
47,SRE,MRT,2009-09-30,2009-09-30,2009-09-30,2021-08-05,-401000000.0,28395000000.0,27512750000.0,2696000000.0,25699000000.0,0.289,35.851,-1891000000.0,783000000.0,783000000.0,5582000000.0,1076000000.0,0.626,2.22,8318000000.0,1473000000.0,6845000000.0,8318000000.0,0.0,747000000.0,145000000.0,0.031,1.52,1847000000.0,2594000000.0,0.327,2594000000.0,1847000000.0,1502000000.0,4.75,4.66,4.75,8745000000.0,8359500000.0,8745000000.0,19013275569.0,10.0,7.33,379000000.0,1.554,1.0,2361000000.0,0.297,527000000.0,345000000.0,31093000000.0,29705250000.0,296000000.0,4777000000.0,0.0,4777000000.0,19412000000.0,4310000000.0,15102000000.0,12220275569.0,558000000.0,-3213000000.0,37000000.0,1435000000.0,-342000000.0,1048000000.0,-2760000000.0,2190000000.0,2270000000.0,0.0,1160000000.0,1150000000.0,1150000000.0,0.0,-84000000.0,0.145,1306000000.0,1055000000.0,908000000.0,0.32,1.397,10.626,10.486,17772000000.0,10000000.0,49.81,1.538,1.53,763000000.0,6779000000.0,7943000000.0,7943000000.0,0.0,0.042,0.138,0.062,0.233,0.0,0.0,1.0,245337795.0,243925000.0,248461000.0,32.563,27868000000.0,256000000.0,342000000.0,1332000000.0,114.248,-1614000000.0
48,SRE,MRT,2009-06-30,2009-06-30,2009-06-30,2021-08-05,-395000000.0,27922000000.0,26376250000.0,3324000000.0,24598000000.0,0.333,34.925,-1885000000.0,845000000.0,845000000.0,6369000000.0,1076000000.0,0.764,2.264,7638000000.0,915000000.0,6723000000.0,7638000000.0,0.0,713000000.0,149000000.0,0.03,1.48,1775000000.0,2488000000.0,0.283,2488000000.0,1775000000.0,1459000000.0,4.71,4.63,4.71,8477000000.0,8147750000.0,8477000000.0,18768195781.0,11.0,7.543,-34000000.0,-0.14,1.0,2413000000.0,0.275,529000000.0,316000000.0,29833000000.0,28682250000.0,169000000.0,4069000000.0,0.0,4069000000.0,19190000000.0,4353000000.0,14837000000.0,12124195781.0,588000000.0,-2668000000.0,19000000.0,1360000000.0,-343000000.0,952000000.0,-2215000000.0,2181000000.0,1851000000.0,0.0,1151000000.0,1141000000.0,1141000000.0,0.0,-75000000.0,0.13,1268000000.0,1145000000.0,932000000.0,0.314,1.43,10.626,10.537,17413000000.0,10000000.0,49.63,1.381,1.372,736000000.0,6559000000.0,8782000000.0,8782000000.0,0.0,0.043,0.14,0.062,0.202,0.0,0.0,1.0,244291674.0,242718000.0,247090000.0,36.182,27393000000.0,210000000.0,308000000.0,1206000000.0,112.859,-1029000000.0
49,SRE,MRT,2009-03-31,2009-03-31,2009-03-31,2021-08-05,-474000000.0,27334000000.0,25334500000.0,3327000000.0,24007000000.0,0.379,34.111,-2009000000.0,747000000.0,747000000.0,7289000000.0,1149000000.0,0.679,2.282,7391000000.0,1347000000.0,6044000000.0,7391000000.0,0.0,695000000.0,159000000.0,0.031,1.44,1892000000.0,2587000000.0,0.27,2587000000.0,1892000000.0,1617000000.0,4.88,4.81,4.88,8247000000.0,7949250000.0,8247000000.0,18354996045.0,10.0,7.095,-410000000.0,-1.696,1.0,2307000000.0,0.24,531000000.0,275000000.0,28547000000.0,27521250000.0,150000000.0,3899000000.0,176000000.0,3723000000.0,18821000000.0,4900000000.0,13921000000.0,11255996045.0,-86000000.0,-320000000.0,-992000000.0,1522000000.0,-343000000.0,114000000.0,-1799000000.0,569000000.0,1599000000.0,0.0,1197000000.0,1187000000.0,1187000000.0,0.0,-48000000.0,0.124,1007000000.0,1300000000.0,942000000.0,0.295,1.365,9.483,9.475,17208000000.0,10000000.0,46.24,1.173,1.165,882000000.0,6456000000.0,9596000000.0,9596000000.0,0.0,0.047,0.149,0.069,0.197,0.0,0.0,1.0,243425520.0,241766000.0,245017000.0,39.691,26803000000.0,50000000.0,420000000.0,999000000.0,110.863,-1573000000.0
50,SRE,MRT,2008-12-31,2008-12-31,2008-12-31,2021-08-05,-513000000.0,26400000000.0,25964500000.0,2476000000.0,23924000000.0,0.414,32.213,-2061000000.0,358000000.0,358000000.0,8416000000.0,1068000000.0,0.685,2.27,7457000000.0,913000000.0,6544000000.0,7457000000.0,0.0,687000000.0,170000000.0,0.032,1.37,1814000000.0,2501000000.0,0.232,2501000000.0,1814000000.0,1561000000.0,4.5,4.43,4.5,7969000000.0,8031750000.0,7969000000.0,16672975974.0,9.0,6.667,-870000000.0,-3.517,1.0,2342000000.0,0.218,539000000.0,253000000.0,29348000000.0,26726000000.0,320000000.0,4001000000.0,176000000.0,3825000000.0,18091000000.0,3612000000.0,14479000000.0,10385975974.0,-337000000.0,-320000000.0,-1000000000.0,2191000000.0,-339000000.0,858000000.0,-2386000000.0,18000000.0,1191000000.0,0.0,1123000000.0,1113000000.0,1113000000.0,0.0,-55000000.0,0.103,1002000000.0,1340000000.0,1152000000.0,0.304,1.303,9.332,9.473,16865000000.0,10000000.0,42.63,0.965,0.98,985000000.0,6235000000.0,10758000000.0,10758000000.0,0.0,0.043,0.139,0.068,0.169,0.0,0.0,1.0,243630682.0,247387000.0,251159000.0,43.487,25861000000.0,226000000.0,438000000.0,1003000000.0,104.537,-1136000000.0
51,SRE,MRT,2008-09-30,2008-09-30,2008-09-30,2021-08-05,-349000000.0,23849000000.0,26543750000.0,2570000000.0,21279000000.0,0.436,32.396,-2195000000.0,198000000.0,198000000.0,9099000000.0,1090000000.0,0.82,2.02,6485000000.0,621000000.0,5864000000.0,6485000000.0,0.0,680000000.0,158000000.0,0.026,1.33,1939000000.0,2619000000.0,0.226,2619000000.0,1939000000.0,1706000000.0,4.31,4.24,4.31,7898000000.0,8124250000.0,7898000000.0,18144716283.0,9.0,6.928,-863000000.0,-3.54,1.0,2476000000.0,0.214,0.0,233000000.0,27001000000.0,25507250000.0,461000000.0,4208000000.0,413000000.0,3795000000.0,15951000000.0,3135000000.0,12816000000.0,12434716283.0,-874000000.0,2007000000.0,-1005000000.0,1460000000.0,-334000000.0,120000000.0,-2326000000.0,-2139000000.0,1332000000.0,0.0,1100000000.0,1083000000.0,1083000000.0,-1000000.0,-10000000.0,0.094,875000000.0,1601000000.0,1046000000.0,0.309,1.574,11.482,11.71,15814000000.0,17000000.0,50.47,1.074,1.063,796000000.0,6001000000.0,11575000000.0,11575000000.0,0.0,0.041,0.133,0.076,0.168,12000000.0,0.0,1.0,246378369.0,243793000.0,247904000.0,47.479,23849000000.0,339000000.0,606000000.0,857000000.0,97.825,-565000000.0
52,SRE,MRT,2008-06-30,2008-06-30,2008-06-30,2021-08-05,-317000000.0,23755000000.0,27907000000.0,2510000000.0,21245000000.0,0.414,31.286,-2236000000.0,230000000.0,230000000.0,9007000000.0,1093000000.0,0.587,2.092,5940000000.0,1131000000.0,4809000000.0,5940000000.0,0.0,692000000.0,0.0,0.023,1.29,1976000000.0,2668000000.0,0.231,2668000000.0,1976000000.0,1742000000.0,4.22,4.15,4.22,7683000000.0,8169750000.0,7683000000.0,19567787159.0,10.0,7.334,-948000000.0,-3.86,1.0,2539000000.0,0.22,0.0,234000000.0,25189000000.0,24785250000.0,125000000.0,4344000000.0,413000000.0,3931000000.0,16072000000.0,4276000000.0,11796000000.0,14131787159.0,-1122000000.0,2023000000.0,-1164000000.0,1436000000.0,-330000000.0,-58000000.0,-2352000000.0,-2133000000.0,1288000000.0,0.0,1095000000.0,1080000000.0,1080000000.0,24000000.0,-2000000.0,0.094,883000000.0,1656000000.0,1180000000.0,0.306,1.839,13.085,13.377,15571000000.0,15000000.0,56.45,1.224,1.201,997000000.0,5780000000.0,11546000000.0,11546000000.0,0.0,0.039,0.132,0.08,0.171,0.0,0.0,1.0,250341668.0,245576000.0,249677000.0,47.016,23755000000.0,327000000.0,647000000.0,727000000.0,96.732,-1766000000.0
53,SRE,MRT,2008-03-31,2008-03-31,2008-03-31,2021-08-05,-243000000.0,29854000000.0,29087500000.0,10470000000.0,19384000000.0,0.402,33.164,-2132000000.0,806000000.0,806000000.0,8936000000.0,1108000000.0,1.055,2.481,6242000000.0,1653000000.0,4589000000.0,6242000000.0,0.0,692000000.0,0.0,0.023,1.25,1975000000.0,2667000000.0,0.228,2667000000.0,1975000000.0,1713000000.0,4.3,4.22,4.3,8577000000.0,8246250000.0,8577000000.0,18877387942.0,10.0,7.078,-686000000.0,-2.652,1.0,2768000000.0,0.237,0.0,262000000.0,25366000000.0,24198750000.0,103000000.0,2608000000.0,413000000.0,2195000000.0,21277000000.0,9924000000.0,11353000000.0,13922387942.0,-881000000.0,-18000000.0,-159000000.0,936000000.0,-319000000.0,455000000.0,-2782000000.0,-586000000.0,1446000000.0,0.0,1125000000.0,1113000000.0,1113000000.0,27000000.0,-17000000.0,0.095,985000000.0,1783000000.0,3535000000.0,0.291,1.623,12.509,12.391,15288000000.0,12000000.0,53.28,1.19,1.177,3978000000.0,5622000000.0,11704000000.0,11704000000.0,0.0,0.038,0.135,0.082,0.169,0.0,0.0,1.0,261306080.0,258624000.0,262671000.0,45.255,29854000000.0,301000000.0,588000000.0,648000000.0,115.434,546000000.0
54,SRE,MRT,2007-12-31,2007-12-31,2007-12-31,2021-08-05,-301000000.0,28717000000.0,28630000000.0,9964000000.0,18753000000.0,0.4,32.164,-2011000000.0,669000000.0,669000000.0,8784000000.0,1092000000.0,1.105,2.444,5624000000.0,1071000000.0,4553000000.0,5624000000.0,0.0,686000000.0,143000000.0,0.02,1.24,1905000000.0,2591000000.0,0.227,2591000000.0,1905000000.0,1633000000.0,4.24,4.16,4.24,8339000000.0,8029250000.0,8339000000.0,20818116207.0,11.0,8.035,87000000.0,0.336,1.0,2654000000.0,0.232,179000000.0,272000000.0,24473000000.0,23467750000.0,224000000.0,1982000000.0,0.0,1982000000.0,20378000000.0,9020000000.0,11358000000.0,16176116207.0,-281000000.0,-18000000.0,-145000000.0,144000000.0,-316000000.0,-306000000.0,-2073000000.0,-15000000.0,2098000000.0,0.0,1109000000.0,1099000000.0,1099000000.0,26000000.0,-17000000.0,0.096,975000000.0,1679000000.0,4135000000.0,0.292,1.94,14.719,14.594,14884000000.0,10000000.0,61.88,1.414,1.403,3793000000.0,5464000000.0,11438000000.0,11438000000.0,0.0,0.038,0.137,0.081,0.167,0.0,0.0,1.0,261411057.0,259269000.0,264004000.0,44.116,28538000000.0,346000000.0,524000000.0,592000000.0,110.071,944000000.0
55,SRE,MRT,2007-09-30,2007-09-30,2007-09-30,2021-08-05,-344000000.0,29302000000.0,28688000000.0,11130000000.0,18172000000.0,0.403,31.129,-1923000000.0,1073000000.0,1073000000.0,8903000000.0,935000000.0,1.132,2.626,5715000000.0,0.0,5715000000.0,5715000000.0,0.0,680000000.0,0.0,0.021,1.23,1738000000.0,2418000000.0,0.209,2418000000.0,1738000000.0,1456000000.0,3.59,3.52,3.59,8080000000.0,7822250000.0,8080000000.0,19178081971.0,11.0,7.931,-114000000.0,-0.439,1.0,2670000000.0,0.231,0.0,282000000.0,24113000000.0,23133000000.0,325000000.0,1866000000.0,0.0,1866000000.0,21222000000.0,9831000000.0,11391000000.0,15345081971.0,-458000000.0,-111000000.0,-142000000.0,33000000.0,-314000000.0,-401000000.0,-1866000000.0,84000000.0,1809000000.0,0.0,935000000.0,935000000.0,935000000.0,31000000.0,0.0,0.081,920000000.0,1750000000.0,4262000000.0,0.343,1.899,16.412,16.189,14329000000.0,0.0,58.12,1.326,1.304,3393000000.0,5256000000.0,11573000000.0,11573000000.0,0.0,0.033,0.12,0.075,0.15,6000000.0,0.0,1.0,264024122.0,259563000.0,264279000.0,44.586,29302000000.0,371000000.0,521000000.0,582000000.0,112.89,1299000000.0
56,SRE,MRT,2007-06-30,2007-06-30,2007-06-30,2021-08-05,-345000000.0,28477000000.0,28624000000.0,10588000000.0,17889000000.0,0.405,30.704,-1903000000.0,1353000000.0,1353000000.0,8971000000.0,1283000000.0,1.118,2.565,5186000000.0,0.0,5186000000.0,5186000000.0,0.0,669000000.0,0.0,0.021,1.22,2230000000.0,2899000000.0,0.25,2899000000.0,2230000000.0,1926000000.0,4.96,4.86,4.96,7989000000.0,7671250000.0,7989000000.0,19243445214.0,9.0,6.638,609000000.0,2.341,1.0,2633000000.0,0.227,0.0,304000000.0,22843000000.0,22668000000.0,167000000.0,1850000000.0,0.0,1850000000.0,20488000000.0,9467000000.0,11021000000.0,15625445214.0,602000000.0,-127000000.0,54000000.0,-299000000.0,-301000000.0,-519000000.0,-1391000000.0,490000000.0,2512000000.0,0.0,1283000000.0,1283000000.0,1283000000.0,-104000000.0,0.0,0.111,916000000.0,1717000000.0,4154000000.0,0.246,1.956,12.179,11.942,14050000000.0,0.0,59.23,1.347,1.328,3118000000.0,5032000000.0,11604000000.0,11604000000.0,0.0,0.045,0.167,0.098,0.192,0.0,0.0,1.0,263809644.0,260198000.0,264963000.0,44.597,28477000000.0,349000000.0,643000000.0,529000000.0,109.444,1121000000.0
57,SRE,MRT,2007-03-31,2007-03-31,2007-03-31,2021-08-05,-391000000.0,28024000000.0,28326500000.0,10731000000.0,17293000000.0,0.403,29.712,-1915000000.0,1659000000.0,1659000000.0,8873000000.0,1379000000.0,1.166,2.635,5277000000.0,0.0,5277000000.0,5277000000.0,0.0,669000000.0,0.0,0.02,1.21,2300000000.0,2969000000.0,0.26,2969000000.0,2300000000.0,1975000000.0,5.35,5.24,5.35,7709000000.0,7380750000.0,7709000000.0,20574666104.0,9.0,6.93,242000000.0,0.933,1.0,2556000000.0,0.224,0.0,325000000.0,22442000000.0,22509000000.0,111000000.0,1848000000.0,0.0,1848000000.0,20315000000.0,9200000000.0,11115000000.0,16040666104.0,1008000000.0,-217000000.0,71000000.0,-273000000.0,-297000000.0,-388000000.0,-761000000.0,598000000.0,2157000000.0,0.0,1379000000.0,1379000000.0,1379000000.0,-295000000.0,0.0,0.121,916000000.0,1640000000.0,4097000000.0,0.226,2.081,11.632,11.404,13486000000.0,0.0,61.01,1.404,1.385,3369000000.0,4837000000.0,11429000000.0,11429000000.0,0.0,0.049,0.187,0.102,0.201,0.0,0.0,1.0,262918638.0,259459000.0,263996000.0,44.049,28024000000.0,376000000.0,596000000.0,558000000.0,108.009,1531000000.0
58,SRE,MRT,2006-12-31,2006-12-31,2006-12-31,2021-08-05,-390000000.0,28949000000.0,28333000000.0,12016000000.0,16933000000.0,0.415,29.285,-1907000000.0,924000000.0,924000000.0,9045000000.0,1406000000.0,1.161,2.854,5458000000.0,0.0,5458000000.0,5458000000.0,0.0,657000000.0,0.0,0.021,1.2,2398000000.0,3055000000.0,0.26,3055000000.0,2398000000.0,2047000000.0,5.48,5.38,5.48,7511000000.0,7074250000.0,7511000000.0,18695202604.0,8.0,6.12,-278000000.0,-1.084,1.0,2716000000.0,0.231,0.0,351000000.0,23134000000.0,22454500000.0,215000000.0,1788000000.0,0.0,1788000000.0,21438000000.0,10349000000.0,11089000000.0,14692202604.0,151000000.0,-217000000.0,60000000.0,-502000000.0,-283000000.0,-612000000.0,-866000000.0,492000000.0,1629000000.0,0.0,1406000000.0,1406000000.0,1406000000.0,-315000000.0,0.0,0.12,931000000.0,1785000000.0,5105000000.0,0.219,1.956,10.45,10.226,13175000000.0,0.0,56.04,1.249,1.222,4082000000.0,4681000000.0,11761000000.0,11761000000.0,0.0,0.05,0.199,0.107,0.204,0.0,0.0,1.0,262173494.0,256477000.0,261368000.0,45.856,28949000000.0,270000000.0,641000000.0,488000000.0,112.872,1667000000.0
59,SRE,MRT,2006-09-30,2006-09-30,2006-09-30,2021-08-05,-375000000.0,29046000000.0,28407250000.0,12735000000.0,16311000000.0,0.438,29.034,-1778000000.0,1666000000.0,1666000000.0,9566000000.0,1636000000.0,1.18,2.885,5669000000.0,0.0,5669000000.0,5669000000.0,0.0,651000000.0,0.0,0.024,1.19,2516000000.0,3167000000.0,0.254,3167000000.0,2516000000.0,2153000000.0,6.42,6.29,6.42,7476000000.0,6736500000.0,7476000000.0,17874984908.0,7.0,5.644,-558000000.0,-2.167,1.0,2882000000.0,0.232,0.0,363000000.0,22253000000.0,22213000000.0,300000000.0,1731000000.0,0.0,1731000000.0,21570000000.0,10796000000.0,10774000000.0,13125984908.0,1001000000.0,-86000000.0,79000000.0,650000000.0,-278000000.0,556000000.0,-775000000.0,463000000.0,1220000000.0,0.0,1636000000.0,1636000000.0,1636000000.0,-317000000.0,0.0,0.131,1223000000.0,1659000000.0,4763000000.0,0.185,1.756,8.023,7.827,12680000000.0,0.0,50.25,1.054,1.039,3477000000.0,4635000000.0,12448000000.0,12448000000.0,0.0,0.058,0.243,0.113,0.202,-18000000.0,0.0,1.0,261213630.0,257487000.0,262102000.0,48.344,29046000000.0,336000000.0,517000000.0,555000000.0,112.806,1939000000.0
60,SRE,MRT,2006-06-30,2006-06-30,2006-06-30,2021-08-05,-364000000.0,27287000000.0,28390500000.0,11232000000.0,16055000000.0,0.439,26.696,-1696000000.0,721000000.0,721000000.0,9687000000.0,1204000000.0,1.143,2.997,5470000000.0,0.0,5470000000.0,5470000000.0,0.0,640000000.0,0.0,0.026,1.18,1748000000.0,2388000000.0,0.192,2388000000.0,1748000000.0,1401000000.0,4.75,4.66,4.75,6827000000.0,6336750000.0,6827000000.0,16673146505.0,10.0,6.982,-970000000.0,-3.793,1.0,2777000000.0,0.223,0.0,347000000.0,22207000000.0,21751750000.0,136000000.0,1745000000.0,0.0,1745000000.0,20460000000.0,9829000000.0,10631000000.0,11783146505.0,-3000000.0,-86000000.0,62000000.0,386000000.0,-283000000.0,254000000.0,-983000000.0,-12000000.0,726000000.0,0.0,1204000000.0,1204000000.0,1204000000.0,-212000000.0,0.0,0.097,1418000000.0,1359000000.0,4177000000.0,0.248,1.726,9.787,9.575,12385000000.0,0.0,45.48,0.945,0.933,3396000000.0,4060000000.0,12464000000.0,12464000000.0,0.0,0.042,0.19,0.08,0.14,0.0,0.0,1.0,259084136.0,255728000.0,260320000.0,48.739,27287000000.0,347000000.0,197000000.0,406000000.0,106.703,1403000000.0
61,SRE,MRT,2006-03-31,2006-03-31,2006-03-31,2021-08-05,-348000000.0,28050000000.0,27620000000.0,12088000000.0,15962000000.0,0.442,25.498,-1523000000.0,650000000.0,650000000.0,9581000000.0,952000000.0,1.128,3.327,5540000000.0,0.0,5540000000.0,5540000000.0,0.0,622000000.0,0.0,0.025,1.17,1418000000.0,2040000000.0,0.167,2040000000.0,1418000000.0,1086000000.0,3.79,3.71,3.79,6483000000.0,6041750000.0,6483000000.0,17219950261.0,12.0,8.441,-856000000.0,-3.367,1.0,2620000000.0,0.215,0.0,332000000.0,22224000000.0,21133750000.0,98000000.0,1859000000.0,0.0,1859000000.0,21567000000.0,10716000000.0,10851000000.0,12005950261.0,45000000.0,-85000000.0,520000000.0,593000000.0,-283000000.0,831000000.0,-1453000000.0,-79000000.0,667000000.0,0.0,952000000.0,952000000.0,952000000.0,-26000000.0,0.0,0.078,1396000000.0,1224000000.0,4599000000.0,0.309,1.852,12.611,12.259,12169000000.0,0.0,46.46,0.984,0.968,3929000000.0,3765000000.0,12201000000.0,12201000000.0,0.0,0.034,0.158,0.067,0.116,0.0,0.0,1.0,258414771.0,254257000.0,259251000.0,47.987,28050000000.0,173000000.0,134000000.0,489000000.0,110.321,1372000000.0
62,SRE,MRT,2005-12-31,2005-12-31,2005-12-31,2021-08-05,-358000000.0,29246000000.0,26547500000.0,13827000000.0,15419000000.0,0.434,25.05,-1377000000.0,781000000.0,781000000.0,9027000000.0,920000000.0,1.128,3.748,5956000000.0,0.0,5956000000.0,5956000000.0,0.0,626000000.0,0.0,0.026,1.16,1264000000.0,1890000000.0,0.164,1890000000.0,1264000000.0,954000000.0,3.74,3.65,3.74,6160000000.0,5703750000.0,6160000000.0,16076884391.0,13.0,8.506,-853000000.0,-3.469,1.0,2485000000.0,0.216,0.0,310000000.0,22168000000.0,20320750000.0,205000000.0,1729000000.0,0.0,1729000000.0,23086000000.0,12253000000.0,10833000000.0,11527884391.0,354000000.0,-86000000.0,599000000.0,892000000.0,-268000000.0,1017000000.0,-1187000000.0,36000000.0,524000000.0,0.0,920000000.0,920000000.0,920000000.0,-7000000.0,0.0,0.08,1396000000.0,1089000000.0,5823000000.0,0.31,1.871,12.53,11.989,11756000000.0,0.0,44.84,1.001,0.958,4536000000.0,3588000000.0,11512000000.0,11512000000.0,0.0,0.035,0.161,0.062,0.11,0.0,0.0,1.0,257089304.0,245906000.0,252088000.0,46.815,29246000000.0,134000000.0,34000000.0,373000000.0,118.932,1574000000.0
63,SRE,MRT,2005-09-30,2005-09-30,2005-09-30,2021-08-05,-354000000.0,28979000000.0,25179750000.0,13468000000.0,15511000000.0,0.409,23.232,-1223000000.0,503000000.0,503000000.0,8094000000.0,911000000.0,1.027,3.931,5052000000.0,0.0,5052000000.0,5052000000.0,0.0,568000000.0,0.0,0.024,1.12,1193000000.0,1761000000.0,0.171,1761000000.0,1193000000.0,887000000.0,3.84,3.73,3.84,5877000000.0,5380000000.0,5877000000.0,16349111886.0,14.0,9.284,-29000000.0,-0.115,1.0,2207000000.0,0.214,0.0,306000000.0,20408000000.0,19596000000.0,240000000.0,1747000000.0,0.0,1747000000.0,23102000000.0,13120000000.0,9982000000.0,12054111886.0,252000000.0,-191000000.0,617000000.0,-17000000.0,-243000000.0,137000000.0,-1079000000.0,-61000000.0,1194000000.0,0.0,911000000.0,911000000.0,911000000.0,-21000000.0,0.0,0.088,1190000000.0,1017000000.0,5888000000.0,0.292,2.051,13.232,12.255,11780000000.0,-7000000.0,47.06,1.17,1.156,4112000000.0,3308000000.0,10301000000.0,10301000000.0,0.0,0.036,0.169,0.061,0.116,0.0,0.0,1.0,256143474.0,252974000.0,257370000.0,40.72,28979000000.0,36000000.0,-24000000.0,376000000.0,114.553,348000000.0
64,SRE,MRT,2005-06-30,2005-06-30,2005-06-30,2021-08-05,-399000000.0,24205000000.0,23551000000.0,9149000000.0,15056000000.0,0.414,23.153,-1141000000.0,726000000.0,726000000.0,7582000000.0,921000000.0,1.044,3.286,5021000000.0,0.0,5021000000.0,5021000000.0,0.0,587000000.0,0.0,0.026,1.08,1369000000.0,1956000000.0,0.2,1956000000.0,1369000000.0,1063000000.0,3.98,3.85,3.98,5647000000.0,5006000000.0,5647000000.0,14141069000.0,10.0,7.23,-210000000.0,-0.861,1.0,2174000000.0,0.223,0.0,306000000.0,19735000000.0,19309250000.0,101000000.0,1738000000.0,0.0,1738000000.0,18558000000.0,8765000000.0,9793000000.0,9884069000.0,-407000000.0,-220000000.0,621000000.0,-340000000.0,-218000000.0,-150000000.0,-1188000000.0,10000000.0,931000000.0,0.0,921000000.0,921000000.0,921000000.0,-16000000.0,0.0,0.094,978000000.0,1196000000.0,4040000000.0,0.271,1.75,10.732,10.379,11434000000.0,-7000000.0,41.31,1.013,1.033,3126000000.0,3161000000.0,9756000000.0,9756000000.0,0.0,0.039,0.184,0.071,0.14,0.0,0.0,1.0,239265771.0,243898000.0,250073000.0,40.0,24205000000.0,62000000.0,142000000.0,534000000.0,99.242,384000000.0
65,SRE,MRT,2005-03-31,2005-03-31,2005-03-31,2021-08-05,-374000000.0,23760000000.0,23014250000.0,8836000000.0,14924000000.0,0.414,22.027,-1115000000.0,609000000.0,609000000.0,7332000000.0,921000000.0,0.977,3.631,4866000000.0,0.0,4866000000.0,4866000000.0,0.0,599000000.0,0.0,0.026,1.04,1375000000.0,1974000000.0,0.207,1974000000.0,1375000000.0,1061000000.0,4.0,3.89,4.0,5131000000.0,4635750000.0,5131000000.0,13962726344.0,10.0,7.073,-185000000.0,-0.794,1.0,2197000000.0,0.231,0.0,314000000.0,18972000000.0,19023750000.0,70000000.0,1772000000.0,0.0,1772000000.0,18629000000.0,9045000000.0,9584000000.0,9386726344.0,-29000000.0,-78000000.0,156000000.0,303000000.0,-197000000.0,47000000.0,-1006000000.0,8000000.0,930000000.0,0.0,921000000.0,921000000.0,921000000.0,-6000000.0,0.0,0.097,983000000.0,1214000000.0,3781000000.0,0.26,1.829,10.192,9.96,11245000000.0,-7000000.0,39.84,0.985,0.974,3348000000.0,3114000000.0,9529000000.0,9529000000.0,0.0,0.04,0.199,0.072,0.144,0.0,0.0,1.0,235610601.0,232939000.0,241105000.0,40.908,23760000000.0,47000000.0,140000000.0,718000000.0,102.001,-209000000.0
66,SRE,MRT,2004-12-31,2004-12-31,2004-12-31,2021-08-05,-365000000.0,23775000000.0,22426250000.0,8776000000.0,14999000000.0,0.412,21.312,-1065000000.0,419000000.0,419000000.0,6985000000.0,895000000.0,0.966,3.887,4995000000.0,0.0,4995000000.0,4995000000.0,0.0,603000000.0,0.0,0.027,1.0,1405000000.0,2008000000.0,0.217,2008000000.0,1405000000.0,1085000000.0,3.92,3.83,3.92,4865000000.0,4375000000.0,4865000000.0,13241713105.0,9.0,6.594,-56000000.0,-0.245,1.0,2249000000.0,0.244,0.0,320000000.0,19269000000.0,18687250000.0,172000000.0,1791000000.0,0.0,1791000000.0,18910000000.0,9082000000.0,9828000000.0,8560713105.0,10000000.0,-74000000.0,105000000.0,-285000000.0,-195000000.0,-389000000.0,-610000000.0,2000000.0,1009000000.0,0.0,895000000.0,895000000.0,895000000.0,20000000.0,0.0,0.097,977000000.0,1272000000.0,4798000000.0,0.255,1.76,9.565,9.357,11086000000.0,0.0,36.68,0.927,0.907,3684000000.0,2961000000.0,9234000000.0,9234000000.0,0.0,0.04,0.205,0.075,0.152,0.0,0.0,1.0,233389125.0,228271000.0,233852000.0,40.452,23775000000.0,15000000.0,190000000.0,685000000.0,104.153,-306000000.0
67,SRE,MRT,2004-09-30,2004-09-30,2004-09-30,2021-08-05,-426000000.0,22464000000.0,21979500000.0,8109000000.0,14355000000.0,0.391,19.1,-1167000000.0,267000000.0,267000000.0,6402000000.0,783000000.0,1.029,4.128,4948000000.0,0.0,4948000000.0,4948000000.0,0.0,661000000.0,0.0,0.028,1.0,1231000000.0,1892000000.0,0.22,1892000000.0,1231000000.0,912000000.0,3.32,3.26,3.32,4381000000.0,4131250000.0,4381000000.0,12588669157.0,10.0,6.654,-395000000.0,-1.722,1.0,2189000000.0,0.255,0.0,319000000.0,19261000000.0,18448000000.0,225000000.0,7863000000.0,0.0,7863000000.0,18083000000.0,7884000000.0,10199000000.0,8388669157.0,-131000000.0,31000000.0,508000000.0,-544000000.0,-172000000.0,-212000000.0,-691000000.0,25000000.0,772000000.0,0.0,783000000.0,783000000.0,783000000.0,32000000.0,0.0,0.091,1074000000.0,1115000000.0,1330000000.0,0.301,1.915,10.713,10.901,10847000000.0,-8000000.0,36.19,0.976,0.966,822000000.0,2674000000.0,8591000000.0,8591000000.0,0.0,0.036,0.19,0.067,0.143,0.0,0.0,1.0,231795224.0,229376000.0,235936000.0,37.454,22464000000.0,58000000.0,129000000.0,552000000.0,97.935,225000000.0
68,SRE,MRT,2004-06-30,2004-06-30,2004-06-30,2021-08-05,-424000000.0,22058000000.0,20877000000.0,7867000000.0,14191000000.0,0.406,18.079,-1106000000.0,1150000000.0,1150000000.0,6346000000.0,763000000.0,1.026,4.295,5350000000.0,931000000.0,4419000000.0,5350000000.0,0.0,648000000.0,0.0,0.029,1.0,1170000000.0,1818000000.0,0.214,1818000000.0,1170000000.0,847000000.0,3.32,3.28,3.32,4166000000.0,3838500000.0,4166000000.0,11828554306.0,10.0,6.506,-11000000.0,-0.048,1.0,2138000000.0,0.252,0.0,323000000.0,18593000000.0,17418750000.0,107000000.0,6709000000.0,0.0,6709000000.0,17892000000.0,7665000000.0,10227000000.0,7910554306.0,838000000.0,43000000.0,509000000.0,42000000.0,-174000000.0,374000000.0,-631000000.0,25000000.0,1095000000.0,0.0,763000000.0,763000000.0,763000000.0,32000000.0,0.0,0.09,1061000000.0,1077000000.0,1337000000.0,0.301,1.899,10.368,10.37,10693000000.0,-8000000.0,34.43,0.932,0.935,867000000.0,2501000000.0,8484000000.0,8484000000.0,0.0,0.037,0.199,0.067,0.138,0.0,0.0,1.0,229757604.0,230432000.0,234312000.0,36.818,22058000000.0,84000000.0,84000000.0,587000000.0,95.725,202000000.0
69,SRE,MRT,2004-03-31,2004-03-31,2004-03-31,2021-08-05,-402000000.0,21408000000.0,19918250000.0,7272000000.0,14136000000.0,0.418,17.926,-1075000000.0,653000000.0,653000000.0,6219000000.0,758000000.0,0.944,4.237,4571000000.0,0.0,4571000000.0,4571000000.0,0.0,632000000.0,0.0,0.031,1.0,1152000000.0,1784000000.0,0.214,1784000000.0,1152000000.0,838000000.0,3.36,3.32,3.36,4088000000.0,3554750000.0,4088000000.0,12095958870.0,10.0,6.78,210000000.0,0.921,1.0,2109000000.0,0.253,0.0,314000000.0,17626000000.0,16678500000.0,67000000.0,6690000000.0,4997000000.0,1693000000.0,17320000000.0,7700000000.0,9620000000.0,7225958870.0,-137000000.0,-172000000.0,515000000.0,-939000000.0,-178000000.0,-606000000.0,-816000000.0,25000000.0,1285000000.0,0.0,758000000.0,758000000.0,758000000.0,21000000.0,0.0,0.091,1049000000.0,1060000000.0,1196000000.0,0.298,1.768,9.533,9.464,10550000000.0,-8000000.0,31.8,0.868,0.871,903000000.0,2438000000.0,8328000000.0,8328000000.0,0.0,0.038,0.213,0.069,0.138,0.0,0.0,1.0,227231411.0,228055000.0,231136000.0,36.518,21408000000.0,0.0,80000000.0,495000000.0,93.872,-428000000.0
70,SRE,MRT,2003-12-31,2003-12-31,2003-12-31,2021-08-05,-401000000.0,21988000000.0,19350250000.0,7866000000.0,14122000000.0,0.408,18.372,-1049000000.0,409000000.0,409000000.0,5924000000.0,649000000.0,0.918,4.652,5302000000.0,0.0,5302000000.0,5302000000.0,0.0,615000000.0,0.0,0.033,1.0,1004000000.0,1619000000.0,0.205,1619000000.0,1004000000.0,696000000.0,3.07,3.03,3.07,3890000000.0,3255750000.0,3890000000.0,11290655843.0,11.0,6.974,136000000.0,0.642,1.0,1967000000.0,0.249,0.0,308000000.0,18312000000.0,16081500000.0,147000000.0,2068000000.0,0.0,2068000000.0,18098000000.0,8569000000.0,9529000000.0,6800655843.0,-18000000.0,-301000000.0,498000000.0,-219000000.0,-182000000.0,89000000.0,-1292000000.0,25000000.0,1185000000.0,0.0,649000000.0,649000000.0,649000000.0,0.0,0.0,0.082,1024000000.0,943000000.0,3542000000.0,0.326,1.748,10.479,9.792,10476000000.0,0.0,30.06,0.862,0.807,3279000000.0,2298000000.0,7891000000.0,7891000000.0,0.0,0.034,0.199,0.062,0.127,0.0,0.0,1.0,226236056.0,211740000.0,214482000.0,37.267,21988000000.0,0.0,47000000.0,819000000.0,103.844,-703000000.0
71,SRE,MRT,2003-09-30,2003-09-30,2003-09-30,2021-08-05,-414000000.0,18054000000.0,18913750000.0,6653000000.0,11401000000.0,0.398,15.372,-1076000000.0,411000000.0,411000000.0,5779000000.0,563000000.0,0.899,4.624,4901000000.0,1365000000.0,3536000000.0,4901000000.0,0.0,604000000.0,0.0,0.034,1.0,972000000.0,1576000000.0,0.21,1576000000.0,972000000.0,675000000.0,2.72,2.7,2.72,3210000000.0,2989500000.0,3210000000.0,10531855136.0,11.0,6.683,273000000.0,1.307,1.0,1742000000.0,0.232,0.0,297000000.0,15144000000.0,15872000000.0,240000000.0,6660000000.0,4650000000.0,2010000000.0,14844000000.0,7400000000.0,7444000000.0,6127855136.0,-4000000.0,-341000000.0,71000000.0,203000000.0,-202000000.0,64000000.0,-1417000000.0,0.0,1349000000.0,0.0,563000000.0,563000000.0,563000000.0,0.0,0.0,0.075,819000000.0,923000000.0,1027000000.0,0.368,1.909,10.884,10.794,7453000000.0,0.0,29.36,0.815,0.815,941000000.0,2121000000.0,7521000000.0,7521000000.0,0.0,0.03,0.188,0.061,0.129,0.0,0.0,1.0,208714412.0,208816000.0,212273000.0,36.017,18054000000.0,71000000.0,112000000.0,918000000.0,86.459,-747000000.0
72,SRE,MRT,2003-06-30,2003-06-30,2003-06-30,2021-08-05,-401000000.0,18223000000.0,18693500000.0,6723000000.0,11500000000.0,0.366,14.598,-1096000000.0,325000000.0,325000000.0,5126000000.0,502000000.0,0.961,5.012,4729000000.0,515000000.0,4214000000.0,4729000000.0,0.0,593000000.0,0.0,0.035,1.0,917000000.0,1510000000.0,0.221,1510000000.0,917000000.0,625000000.0,2.44,2.43,2.44,3031000000.0,2868750000.0,3031000000.0,10056441313.0,11.0,6.66,349000000.0,1.681,1.0,1722000000.0,0.251,0.0,292000000.0,15632000000.0,15744000000.0,129000000.0,6833000000.0,4853000000.0,1980000000.0,15192000000.0,6995000000.0,8197000000.0,5918441313.0,-192000000.0,-510000000.0,29000000.0,150000000.0,-203000000.0,-32000000.0,-1605000000.0,2000000.0,1445000000.0,0.0,502000000.0,502000000.0,502000000.0,0.0,0.0,0.073,796000000.0,926000000.0,1047000000.0,0.41,1.953,11.79,11.693,7477000000.0,0.0,28.53,0.864,0.865,1020000000.0,1962000000.0,6848000000.0,6848000000.0,0.0,0.027,0.175,0.058,0.134,0.0,0.0,1.0,207446243.0,207633000.0,209941000.0,32.981,18223000000.0,77000000.0,123000000.0,882000000.0,87.765,-272000000.0
73,SRE,MRT,2003-03-31,2003-03-31,2003-03-31,2021-08-05,-431000000.0,19136000000.0,18415750000.0,7964000000.0,11172000000.0,0.353,14.012,-1164000000.0,803000000.0,803000000.0,4765000000.0,533000000.0,0.991,5.617,4941000000.0,617000000.0,4324000000.0,4941000000.0,0.0,596000000.0,0.0,0.04,1.0,943000000.0,1539000000.0,0.237,1539000000.0,943000000.0,644000000.0,2.6,2.58,2.6,2892000000.0,2784250000.0,2892000000.0,9622479869.0,10.0,6.252,791000000.0,3.832,1.0,1736000000.0,0.267,0.0,299000000.0,15238000000.0,15442000000.0,71000000.0,7506000000.0,5649000000.0,1857000000.0,16244000000.0,8036000000.0,8208000000.0,5143479869.0,68000000.0,-591000000.0,7000000.0,87000000.0,-202000000.0,-132000000.0,-1755000000.0,3000000.0,1955000000.0,0.0,533000000.0,533000000.0,533000000.0,3000000.0,0.0,0.082,785000000.0,951000000.0,1088000000.0,0.385,1.779,9.65,9.6,7261000000.0,0.0,24.96,0.791,0.792,1109000000.0,1898000000.0,6501000000.0,6501000000.0,0.0,0.029,0.191,0.061,0.145,0.0,0.0,1.0,206068905.0,206393000.0,207823000.0,31.498,19136000000.0,59000000.0,111000000.0,921000000.0,92.716,-72000000.0
74,SRE,MRT,2002-12-31,2002-12-31,2002-12-31,2021-08-05,-439000000.0,20242000000.0,17951250000.0,7010000000.0,13232000000.0,0.337,13.78,-1214000000.0,455000000.0,455000000.0,4288000000.0,591000000.0,0.967,6.165,4934000000.0,851000000.0,4083000000.0,4934000000.0,0.0,596000000.0,0.0,0.042,1.0,1031000000.0,1627000000.0,0.269,1627000000.0,1031000000.0,737000000.0,2.88,2.87,2.88,2825000000.0,2735750000.0,2825000000.0,9169007798.0,9.0,5.636,227000000.0,1.107,1.0,1760000000.0,0.291,0.0,294000000.0,17474000000.0,15112750000.0,134000000.0,6871000000.0,5064000000.0,1807000000.0,17417000000.0,7247000000.0,10170000000.0,4845007798.0,-145000000.0,-511000000.0,-8000000.0,364000000.0,-201000000.0,137000000.0,-1723000000.0,11000000.0,1441000000.0,0.0,591000000.0,591000000.0,591000000.0,0.0,0.0,0.098,773000000.0,987000000.0,1039000000.0,0.347,1.715,8.198,8.212,9318000000.0,0.0,23.65,0.801,0.802,1023000000.0,1861000000.0,6048000000.0,6048000000.0,0.0,0.033,0.216,0.068,0.17,0.0,0.0,1.0,204862909.0,205003000.0,206062000.0,29.502,20242000000.0,20000000.0,146000000.0,912000000.0,98.74,-237000000.0
75,SRE,MRT,2002-09-30,2002-09-30,2002-09-30,2021-08-05,-438000000.0,17173000000.0,16660750000.0,6464000000.0,10709000000.0,0.339,13.307,-1069000000.0,420000000.0,420000000.0,3955000000.0,551000000.0,0.942,5.297,4744000000.0,868000000.0,3876000000.0,4744000000.0,0.0,598000000.0,0.0,0.051,1.0,937000000.0,1535000000.0,0.272,1535000000.0,937000000.0,654000000.0,2.68,2.67,2.68,2727000000.0,2702500000.0,2727000000.0,8111881499.0,9.0,5.285,140000000.0,0.683,1.0,1692000000.0,0.3,0.0,283000000.0,14632000000.0,14133250000.0,126000000.0,6588000000.0,4863000000.0,1725000000.0,14446000000.0,6865000000.0,7581000000.0,4024881499.0,-525000000.0,-605000000.0,36000000.0,124000000.0,-205000000.0,-99000000.0,-1635000000.0,91000000.0,1209000000.0,0.0,551000000.0,551000000.0,551000000.0,0.0,0.0,0.098,768000000.0,924000000.0,886000000.0,0.373,1.476,7.305,7.332,6586000000.0,0.0,19.65,0.713,0.713,709000000.0,1764000000.0,5647000000.0,5647000000.0,0.0,0.033,0.204,0.066,0.166,0.0,0.0,1.0,204828575.0,204931000.0,205331000.0,27.556,17173000000.0,27000000.0,103000000.0,1007000000.0,83.799,-401000000.0
76,SRE,MRT,2002-06-30,2002-06-30,2002-06-30,2021-08-05,-384000000.0,17112000000.0,16161750000.0,6332000000.0,10780000000.0,0.351,13.114,-1121000000.0,522000000.0,522000000.0,4080000000.0,496000000.0,0.935,5.354,4609000000.0,707000000.0,3902000000.0,4609000000.0,0.0,598000000.0,0.0,0.045,1.0,877000000.0,1475000000.0,0.26,1475000000.0,877000000.0,587000000.0,2.42,2.4,2.42,2693000000.0,2709500000.0,2693000000.0,8651957105.0,10.0,5.866,134000000.0,0.653,1.0,1599000000.0,0.282,0.0,290000000.0,14424000000.0,13843750000.0,74000000.0,6403000000.0,4681000000.0,1722000000.0,14419000000.0,6775000000.0,7644000000.0,4543957105.0,-1066000000.0,-418000000.0,47000000.0,-592000000.0,-204000000.0,-794000000.0,-1527000000.0,89000000.0,1255000000.0,0.0,496000000.0,496000000.0,496000000.0,0.0,0.0,0.087,767000000.0,832000000.0,976000000.0,0.413,1.687,9.161,9.145,6511000000.0,0.0,22.13,0.8,0.8,679000000.0,1665000000.0,5679000000.0,5679000000.0,0.0,0.031,0.183,0.063,0.154,0.0,0.0,1.0,205330190.0,205357000.0,207042000.0,27.654,17112000000.0,0.0,91000000.0,953000000.0,83.328,-443000000.0
77,SRE,MRT,2002-03-31,2002-03-31,2002-03-31,2021-08-05,-337000000.0,17278000000.0,15842750000.0,6903000000.0,10375000000.0,0.376,13.17,-1023000000.0,740000000.0,740000000.0,4321000000.0,486000000.0,0.925,5.404,4848000000.0,1352000000.0,3496000000.0,4848000000.0,0.0,585000000.0,0.0,0.04,1.0,928000000.0,1513000000.0,0.254,1513000000.0,928000000.0,626000000.0,2.37,2.35,2.37,2698000000.0,2714500000.0,2698000000.0,9105196175.0,10.0,6.018,-176000000.0,-0.859,1.0,1637000000.0,0.275,0.0,302000000.0,13921000000.0,13455250000.0,66000000.0,6509000000.0,4912000000.0,1597000000.0,14580000000.0,7465000000.0,7115000000.0,5157196175.0,-698000000.0,-263000000.0,41000000.0,-289000000.0,-204000000.0,-303000000.0,-1242000000.0,88000000.0,847000000.0,0.0,486000000.0,486000000.0,486000000.0,0.0,0.0,0.082,761000000.0,876000000.0,997000000.0,0.422,1.911,10.612,10.612,6365000000.0,0.0,25.15,0.866,0.865,778000000.0,1570000000.0,5958000000.0,5958000000.0,0.0,0.031,0.179,0.069,0.156,0.0,0.0,1.0,205057502.0,204853000.0,206416000.0,29.084,17278000000.0,61000000.0,140000000.0,1009000000.0,84.343,-562000000.0
78,SRE,MRT,2001-12-31,2001-12-31,2001-12-31,2021-08-05,-242000000.0,15080000000.0,16393750000.0,4790000000.0,10290000000.0,0.472,13.222,-940000000.0,605000000.0,605000000.0,5964000000.0,518000000.0,0.875,4.602,4553000000.0,1117000000.0,3436000000.0,4553000000.0,0.0,579000000.0,0.0,0.041,1.0,1054000000.0,1633000000.0,0.211,1633000000.0,1054000000.0,731000000.0,2.54,2.52,2.54,2692000000.0,2697250000.0,2692000000.0,8715661014.0,8.0,5.337,-208000000.0,-1.022,1.0,1766000000.0,0.228,0.0,323000000.0,13556000000.0,13274250000.0,124000000.0,4435000000.0,2740000000.0,1695000000.0,12388000000.0,5472000000.0,6916000000.0,5086661014.0,-32000000.0,-168000000.0,40000000.0,304000000.0,-203000000.0,275000000.0,-1039000000.0,80000000.0,732000000.0,0.0,518000000.0,518000000.0,518000000.0,0.0,0.0,0.067,769000000.0,997000000.0,1107000000.0,0.394,1.89,9.82,9.665,6216000000.0,0.0,24.55,0.658,0.647,852000000.0,1475000000.0,7730000000.0,7730000000.0,0.0,0.032,0.192,0.079,0.136,0.0,0.0,1.0,207195968.0,203593000.0,205338000.0,37.968,15080000000.0,98000000.0,213000000.0,1012000000.0,74.069,-682000000.0
79,SRE,MRT,2001-09-30,2001-09-30,2001-09-30,2021-08-05,-84000000.0,15177000000.0,16508750000.0,5170000000.0,10007000000.0,0.507,13.492,-916000000.0,945000000.0,945000000.0,6598000000.0,505000000.0,0.97,4.509,4574000000.0,991000000.0,3583000000.0,4574000000.0,0.0,571000000.0,0.0,0.04,1.0,1191000000.0,1762000000.0,0.211,1762000000.0,1191000000.0,861000000.0,2.49,2.47,2.49,2755000000.0,2647750000.0,2755000000.0,8664202212.0,7.0,4.917,-171000000.0,-0.837,1.0,1771000000.0,0.212,0.0,330000000.0,13474000000.0,12789500000.0,191000000.0,1814000000.0,0.0,1814000000.0,12422000000.0,5332000000.0,7090000000.0,5119202212.0,567000000.0,-191000000.0,12000000.0,835000000.0,-201000000.0,813000000.0,-991000000.0,30000000.0,745000000.0,0.0,505000000.0,505000000.0,505000000.0,0.0,0.0,0.06,762000000.0,1009000000.0,1047000000.0,0.402,1.858,10.137,9.94,5941000000.0,0.0,24.75,0.612,0.604,578000000.0,1419000000.0,8369000000.0,8369000000.0,0.0,0.031,0.191,0.093,0.142,0.0,0.0,1.0,206836453.0,204196000.0,206459000.0,40.985,15177000000.0,0.0,356000000.0,1159000000.0,74.326,-162000000.0
80,SRE,MRT,2001-06-30,2001-06-30,2001-06-30,2021-08-05,-71000000.0,15836000000.0,16165000000.0,6326000000.0,9510000000.0,0.543,13.338,-823000000.0,1588000000.0,1588000000.0,6982000000.0,521000000.0,0.972,4.837,5133000000.0,1457000000.0,3676000000.0,5133000000.0,0.0,566000000.0,0.0,0.037,1.0,1187000000.0,1753000000.0,0.2,1753000000.0,1187000000.0,870000000.0,2.57,2.56,2.57,2713000000.0,2578500000.0,2713000000.0,9284891829.0,8.0,5.297,-522000000.0,-2.566,1.0,1790000000.0,0.204,0.0,317000000.0,12870000000.0,12262500000.0,150000000.0,1739000000.0,0.0,1739000000.0,13123000000.0,6511000000.0,6612000000.0,5630891829.0,1042000000.0,-192000000.0,9000000.0,1655000000.0,-201000000.0,1621000000.0,-880000000.0,30000000.0,301000000.0,0.0,521000000.0,521000000.0,521000000.0,0.0,0.0,0.059,763000000.0,1027000000.0,1318000000.0,0.389,2.076,10.808,10.638,5797000000.0,0.0,27.34,0.642,0.634,880000000.0,1375000000.0,8772000000.0,8772000000.0,0.0,0.032,0.202,0.097,0.135,0.0,0.0,1.0,205958004.0,203407000.0,205877000.0,43.125,15836000000.0,0.0,349000000.0,1124000000.0,77.854,-185000000.0
81,SRE,MRT,2001-03-31,2001-03-31,2001-03-31,2021-08-05,-49000000.0,19482000000.0,15467750000.0,8815000000.0,10667000000.0,0.552,12.997,-764000000.0,1438000000.0,1438000000.0,6787000000.0,494000000.0,0.887,6.41,5092000000.0,1812000000.0,3280000000.0,5092000000.0,0.0,571000000.0,0.0,0.043,1.0,1131000000.0,1702000000.0,0.199,1702000000.0,1131000000.0,828000000.0,2.45,2.45,2.45,2629000000.0,2505250000.0,2629000000.0,8338884814.0,7.0,4.899,-477000000.0,-2.358,1.0,1755000000.0,0.205,0.0,303000000.0,13197000000.0,11757500000.0,67000000.0,1793000000.0,0.0,1793000000.0,16853000000.0,9939000000.0,6914000000.0,4771884814.0,798000000.0,-194000000.0,9000000.0,1596000000.0,-200000000.0,1377000000.0,-866000000.0,30000000.0,287000000.0,0.0,494000000.0,494000000.0,494000000.0,0.0,0.0,0.058,758000000.0,997000000.0,1253000000.0,0.408,1.815,9.66,9.502,5740000000.0,0.0,23.28,0.559,0.551,1184000000.0,1291000000.0,8542000000.0,8542000000.0,0.0,0.032,0.197,0.096,0.132,0.0,0.0,1.0,204977870.0,202285000.0,203033000.0,42.228,19482000000.0,0.0,334000000.0,1171000000.0,96.31,-1124000000.0
82,SRE,MRT,2000-12-31,2000-12-31,2000-12-31,2021-08-05,-49000000.0,15540000000.0,13580000000.0,6525000000.0,9015000000.0,0.498,11.981,-735000000.0,637000000.0,637000000.0,5133000000.0,429000000.0,0.871,5.231,4204000000.0,936000000.0,3268000000.0,4204000000.0,0.0,563000000.0,0.0,0.043,1.0,985000000.0,1548000000.0,0.229,1548000000.0,985000000.0,699000000.0,2.06,2.06,2.06,2494000000.0,2448000000.0,2494000000.0,8097843364.0,8.0,5.231,147000000.0,0.706,1.0,1627000000.0,0.241,0.0,286000000.0,11617000000.0,11168750000.0,342000000.0,1831000000.0,0.0,1831000000.0,13046000000.0,7490000000.0,5556000000.0,4754843364.0,150000000.0,-243000000.0,-713000000.0,1161000000.0,-244000000.0,192000000.0,-924000000.0,30000000.0,882000000.0,0.0,429000000.0,429000000.0,429000000.0,0.0,0.0,0.063,743000000.0,884000000.0,1403000000.0,0.485,1.907,11.084,11.286,5726000000.0,0.0,23.25,0.703,0.716,1207000000.0,1162000000.0,6760000000.0,6760000000.0,0.0,0.032,0.175,0.088,0.146,0.0,0.0,1.0,204509392.0,208155000.0,208345000.0,32.476,15540000000.0,24000000.0,270000000.0,963000000.0,74.656,-965000000.0
83,SRE,MRT,2000-09-30,2000-09-30,2000-09-30,2021-08-05,-14000000.0,13802000000.0,12476000000.0,5030000000.0,8772000000.0,0.499,12.314,-1146000000.0,378000000.0,378000000.0,4591000000.0,439000000.0,0.87,4.57,3721000000.0,421000000.0,3300000000.0,3721000000.0,0.0,550000000.0,0.0,0.055,1.14,914000000.0,1464000000.0,0.235,1464000000.0,914000000.0,654000000.0,2.03,2.03,2.03,2478000000.0,2571000000.0,2478000000.0,7172272444.0,8.0,4.899,-166000000.0,-0.825,1.0,1629000000.0,0.262,0.0,260000000.0,11366000000.0,10924500000.0,195000000.0,1773000000.0,0.0,1773000000.0,11324000000.0,5779000000.0,5545000000.0,4252272444.0,-96000000.0,355000000.0,-722000000.0,674000000.0,-282000000.0,-341000000.0,-735000000.0,0.0,980000000.0,0.0,439000000.0,439000000.0,439000000.0,0.0,0.0,0.071,743000000.0,886000000.0,1059000000.0,0.562,1.716,9.686,10.261,5572000000.0,0.0,20.83,0.684,0.674,756000000.0,1117000000.0,6220000000.0,6220000000.0,0.0,0.035,0.171,0.084,0.147,0.0,0.0,1.0,204141740.0,201241000.0,201375000.0,30.908,13802000000.0,8000000.0,215000000.0,904000000.0,68.584,-749000000.0
84,SRE,MRT,2000-06-30,2000-06-30,2000-06-30,2021-08-05,-9000000.0,13047000000.0,11810250000.0,4471000000.0,8576000000.0,0.479,12.017,-1151000000.0,546000000.0,546000000.0,4019000000.0,436000000.0,0.874,4.391,3466000000.0,153000000.0,3313000000.0,3466000000.0,0.0,548000000.0,0.0,0.075,1.28,934000000.0,1482000000.0,0.262,1482000000.0,934000000.0,668000000.0,1.94,1.94,1.94,2420000000.0,2675250000.0,2420000000.0,6334543080.0,7.0,4.274,134000000.0,0.665,1.0,1635000000.0,0.289,0.0,266000000.0,10850000000.0,10762000000.0,79000000.0,1796000000.0,0.0,1796000000.0,10627000000.0,5117000000.0,5510000000.0,3472543080.0,-110000000.0,247000000.0,-719000000.0,448000000.0,-325000000.0,-607000000.0,-788000000.0,0.0,1285000000.0,0.0,436000000.0,436000000.0,436000000.0,0.0,0.0,0.077,734000000.0,901000000.0,789000000.0,0.66,1.435,7.965,8.763,5431000000.0,0.0,17.0,0.614,0.605,589000000.0,1057000000.0,5654000000.0,5654000000.0,0.0,0.037,0.163,0.087,0.165,0.0,0.0,1.0,204267240.0,201377000.0,201469000.0,28.077,13047000000.0,0.0,232000000.0,847000000.0,64.789,-646000000.0
85,SRE,MRT,2000-03-31,2000-03-31,2000-03-31,2021-08-05,33000000.0,11931000000.0,11225000000.0,3553000000.0,8378000000.0,0.501,10.513,-647000000.0,640000000.0,640000000.0,3772000000.0,408000000.0,0.899,3.971,3502000000.0,153000000.0,3349000000.0,3502000000.0,0.0,871000000.0,0.0,0.085,1.42,836000000.0,1707000000.0,0.303,1707000000.0,836000000.0,592000000.0,1.73,1.73,1.73,2400000000.0,2797500000.0,2400000000.0,6172696072.0,7.0,3.616,750000000.0,3.285,1.0,1857000000.0,0.33,0.0,244000000.0,10842000000.0,10680750000.0,70000000.0,1832000000.0,0.0,1832000000.0,9531000000.0,3951000000.0,5580000000.0,3420696072.0,18000000.0,-173000000.0,-722000000.0,533000000.0,-368000000.0,-556000000.0,-823000000.0,0.0,1397000000.0,0.0,408000000.0,408000000.0,408000000.0,0.0,0.0,0.072,1058000000.0,799000000.0,916000000.0,0.821,1.425,8.384,9.682,5426000000.0,0.0,16.75,0.608,0.679,669000000.0,996000000.0,5629000000.0,5629000000.0,0.0,0.036,0.146,0.078,0.149,0.0,0.0,1.0,204220661.0,228291000.0,228371000.0,24.657,11931000000.0,0.0,184000000.0,873000000.0,52.262,-398000000.0
86,SRE,MRT,1999-12-31,1999-12-31,1999-12-31,2021-08-05,-39000000.0,11124000000.0,10875250000.0,3015000000.0,8109000000.0,0.493,12.586,-589000000.0,487000000.0,487000000.0,3537000000.0,394000000.0,0.932,2.725,3239000000.0,337000000.0,2902000000.0,3239000000.0,0.0,879000000.0,0.0,0.09,1.56,802000000.0,1681000000.0,0.314,1681000000.0,802000000.0,573000000.0,1.66,1.66,1.66,2986000000.0,2927750000.0,2986000000.0,6951301875.0,9.0,4.135,599000000.0,2.525,1.0,1823000000.0,0.34,0.0,229000000.0,10640000000.0,10597000000.0,147000000.0,1715000000.0,0.0,1715000000.0,8138000000.0,3236000000.0,4902000000.0,4177301875.0,63000000.0,-173000000.0,3000000.0,29000000.0,-368000000.0,-336000000.0,-789000000.0,0.0,1188000000.0,0.0,394000000.0,394000000.0,394000000.0,0.0,0.0,0.074,1060000000.0,763000000.0,700000000.0,0.94,1.399,10.602,10.47,5394000000.0,0.0,17.38,0.779,0.769,552000000.0,1101000000.0,5360000000.0,5360000000.0,0.0,0.036,0.135,0.076,0.15,0.0,0.0,1.0,240351086.0,237245000.0,237553000.0,22.593,11124000000.0,144000000.0,179000000.0,788000000.0,46.888,-221000000.0
87,SRE,MRT,1999-09-30,1999-09-30,1999-09-30,2021-08-05,0.0,11139000000.0,10708250000.0,2962000000.0,8177000000.0,0.489,12.197,-97000000.0,474000000.0,474000000.0,3384000000.0,374000000.0,0.926,2.848,3248000000.0,314000000.0,2934000000.0,3248000000.0,0.0,920000000.0,0.0,0.075,1.56,756000000.0,1676000000.0,0.32,1676000000.0,756000000.0,535000000.0,1.58,1.58,1.58,2895000000.0,2909500000.0,2895000000.0,7568518352.0,10.0,4.516,923000000.0,3.889,1.0,1857000000.0,0.354,0.0,221000000.0,10716000000.0,10620500000.0,152000000.0,1667000000.0,0.0,1667000000.0,8244000000.0,3197000000.0,5047000000.0,5001518352.0,15000000.0,-719000000.0,5000000.0,41000000.0,-376000000.0,-329000000.0,-676000000.0,0.0,1020000000.0,0.0,374000000.0,374000000.0,374000000.0,0.0,0.0,0.071,1089000000.0,768000000.0,884000000.0,0.987,1.728,13.373,13.171,5383000000.0,0.0,20.81,0.954,0.942,485000000.0,1083000000.0,5241000000.0,5241000000.0,0.0,0.035,0.129,0.071,0.144,0.0,0.0,1.0,240342064.0,237354000.0,237780000.0,22.081,11139000000.0,115000000.0,161000000.0,729000000.0,46.93,-235000000.0
88,SRE,MRT,1999-06-30,1999-06-30,1999-06-30,2021-08-05,0.0,10706000000.0,10610250000.0,2612000000.0,8094000000.0,0.484,12.266,18000000.0,656000000.0,656000000.0,3250000000.0,357000000.0,0.951,2.68,3223000000.0,334000000.0,2889000000.0,3223000000.0,0.0,987000000.0,0.0,0.069,1.56,714000000.0,1701000000.0,0.331,1701000000.0,714000000.0,508000000.0,1.5,1.5,1.5,2909000000.0,2915500000.0,2909000000.0,7960914966.0,11.0,4.68,1226000000.0,5.17,1.0,1883000000.0,0.367,0.0,206000000.0,10525000000.0,10682000000.0,68000000.0,1566000000.0,0.0,1566000000.0,7797000000.0,2748000000.0,5049000000.0,5433914966.0,249000000.0,-611000000.0,7000000.0,-51000000.0,-282000000.0,-325000000.0,-634000000.0,0.0,1208000000.0,0.0,357000000.0,357000000.0,357000000.0,0.0,0.0,0.07,1157000000.0,726000000.0,811000000.0,1.04,1.868,15.221,15.087,5274000000.0,0.0,22.63,1.059,1.046,515000000.0,1069000000.0,5133000000.0,5133000000.0,0.0,0.034,0.122,0.067,0.139,0.0,0.0,1.0,240119972.0,237157000.0,237480000.0,21.644,10706000000.0,111000000.0,151000000.0,651000000.0,45.143,-136000000.0
89,SRE,MRT,1999-03-31,1999-03-31,1999-03-31,2021-08-05,0.0,10532000000.0,10468500000.0,2488000000.0,8044000000.0,0.462,12.322,-433000000.0,622000000.0,622000000.0,3191000000.0,306000000.0,0.975,2.606,3149000000.0,387000000.0,2762000000.0,3149000000.0,0.0,796000000.0,0.0,0.061,1.17,663000000.0,1459000000.0,0.302,1459000000.0,663000000.0,463000000.0,1.29,1.29,1.29,2921000000.0,2918250000.0,2921000000.0,7351740702.0,11.0,5.039,585000000.0,2.468,1.0,1646000000.0,0.34,0.0,200000000.0,10507000000.0,10832750000.0,90000000.0,1082000000.0,0.0,1082000000.0,7611000000.0,2552000000.0,5059000000.0,4607740702.0,-211000000.0,-72000000.0,29000000.0,-321000000.0,-343000000.0,-636000000.0,-593000000.0,0.0,1018000000.0,0.0,306000000.0,306000000.0,306000000.0,0.0,0.0,0.063,972000000.0,674000000.0,734000000.0,0.907,1.577,15.058,14.876,5388000000.0,0.0,19.19,0.953,0.941,692000000.0,1080000000.0,4837000000.0,4837000000.0,0.0,0.029,0.105,0.061,0.137,0.0,0.0,1.0,240111553.0,237065000.0,237408000.0,20.404,10532000000.0,77000000.0,157000000.0,820000000.0,44.427,-64000000.0
90,SRE,MRT,1998-12-31,1998-12-31,1998-12-31,2021-08-05,0.0,10456000000.0,10606000000.0,2458000000.0,7998000000.0,0.471,12.321,-438000000.0,424000000.0,424000000.0,3244000000.0,294000000.0,0.997,2.589,3168000000.0,373000000.0,2795000000.0,3168000000.0,0.0,929000000.0,0.0,0.031,0.78,629000000.0,1558000000.0,0.312,1558000000.0,629000000.0,432000000.0,1.24,1.24,1.24,2913000000.0,2936000000.0,2913000000.0,8783557934.0,14.0,5.638,885000000.0,3.743,1.0,1752000000.0,0.351,0.0,197000000.0,10734000000.0,11132000000.0,151000000.0,1042000000.0,0.0,1042000000.0,7543000000.0,2466000000.0,5077000000.0,6091557934.0,-390000000.0,-191000000.0,34000000.0,-667000000.0,-325000000.0,-1034000000.0,-679000000.0,0.0,1323000000.0,0.0,294000000.0,294000000.0,294000000.0,0.0,0.0,0.059,1111000000.0,641000000.0,870000000.0,0.629,2.091,20.72,20.468,5441000000.0,0.0,25.38,1.219,1.201,745000000.0,1075000000.0,4996000000.0,4996000000.0,0.0,0.028,0.1,0.057,0.126,0.0,0.0,1.0,240014103.0,236423000.0,237124000.0,21.132,10456000000.0,93000000.0,138000000.0,808000000.0,44.226,-8000000.0
91,SRE,MRT,1998-09-30,1998-09-30,1998-09-30,2021-08-05,0.0,10747000000.0,,2782000000.0,7965000000.0,,12.33,-396000000.0,459000000.0,459000000.0,3330000000.0,329000000.0,1.123,2.682,3151000000.0,127000000.0,3024000000.0,3151000000.0,0.0,910000000.0,0.0,0.015,0.39,712000000.0,1622000000.0,0.315,1622000000.0,712000000.0,512000000.0,1.39,1.39,1.39,2919000000.0,,2919000000.0,9080993723.0,13.0,5.599,929000000.0,3.924,1.0,1820000000.0,0.353,0.0,200000000.0,10962000000.0,,155000000.0,1520000000.0,0.0,1520000000.0,7828000000.0,2477000000.0,5351000000.0,6249993723.0,23000000.0,-206000000.0,21000000.0,5000000.0,-301000000.0,-350000000.0,-952000000.0,0.0,1325000000.0,0.0,329000000.0,329000000.0,329000000.0,0.0,0.0,0.064,1094000000.0,726000000.0,756000000.0,0.281,2.141,18.997,18.748,5444000000.0,0.0,26.06,1.214,1.198,626000000.0,1087000000.0,5150000000.0,5150000000.0,0.0,,,,0.138,0.0,0.0,1.0,239830918.0,236731000.0,,21.755,10747000000.0,32000000.0,183000000.0,810000000.0,45.398,305000000.0
92,SRE,MRT,1998-06-30,1998-06-30,1998-06-30,2021-08-05,0.0,10139000000.0,,2128000000.0,8011000000.0,,12.358,-387000000.0,407000000.0,407000000.0,3458000000.0,340000000.0,1.155,2.472,3238000000.0,185000000.0,3053000000.0,3238000000.0,0.0,855000000.0,0.0,0.0,0.0,739000000.0,1594000000.0,0.303,1594000000.0,739000000.0,545000000.0,1.44,1.44,1.44,2920000000.0,,2920000000.0,,,,756000000.0,3.199,1.0,1797000000.0,0.342,0.0,194000000.0,11128000000.0,,115000000.0,1524000000.0,0.0,1524000000.0,7219000000.0,1842000000.0,5377000000.0,6669697830.0,73000000.0,-206000000.0,-21000000.0,115000000.0,-379000000.0,-318000000.0,-752000000.0,0.0,1143000000.0,0.0,340000000.0,340000000.0,340000000.0,0.0,0.0,0.065,1042000000.0,755000000.0,553000000.0,0.0,2.284,19.617,19.312,5434000000.0,0.0,27.81,1.269,1.25,602000000.0,1090000000.0,5255000000.0,5255000000.0,0.0,,,,0.141,0.0,0.0,1.0,239830918.0,236288000.0,,22.24,10139000000.0,94000000.0,205000000.0,855000000.0,42.91,286000000.0
93,SRE,MRT,1998-03-31,1998-03-31,1998-03-31,2021-08-05,,,,,,,,,,,3332000000.0,421000000.0,,,,,,,,,,,0.0,905000000.0,,,,905000000.0,707000000.0,1.79,1.78,1.79,,,,,,,,,1.0,1832000000.0,0.355,,198000000.0,,,,,,,,,,,,,,,,,,,,,421000000.0,421000000.0,421000000.0,0.0,0.0,0.082,910000000.0,922000000.0,,0.0,,,,,0.0,,,,,,5164000000.0,5164000000.0,0.0,,,,0.175,,0.0,1.0,,,,,,,286000000.0,,,
94,SRE,MRT,1997-12-31,1997-12-31,1997-12-31,2021-08-05,0.0,10756000000.0,,2761000000.0,7995000000.0,,,-397000000.0,814000000.0,814000000.0,3388000000.0,432000000.0,1.249,2.635,3799000000.0,624000000.0,3175000000.0,3799000000.0,0.0,604000000.0,0.0,,0.0,927000000.0,1531000000.0,0.299,1531000000.0,927000000.0,733000000.0,1.83,1.82,1.83,2959000000.0,,2959000000.0,,,,521000000.0,,1.0,1727000000.0,0.338,0.0,194000000.0,11530000000.0,,111000000.0,828000000.0,0.0,828000000.0,7797000000.0,2211000000.0,5586000000.0,,384000000.0,-206000000.0,-105000000.0,474000000.0,-301000000.0,68000000.0,-602000000.0,0.0,918000000.0,0.0,432000000.0,432000000.0,432000000.0,0.0,0.0,0.084,782000000.0,945000000.0,746000000.0,0.0,,,,5542000000.0,0.0,,,,835000000.0,1157000000.0,5115000000.0,5115000000.0,0.0,,,,0.181,0.0,0.0,1.0,,,,,10756000000.0,15000000.0,301000000.0,901000000.0,,550000000.0
95,SRE,MRT,1997-09-30,1997-09-30,1997-09-30,2021-08-05,,,,,,,,,,,,,,,,,,,,,,,0.0,,,,,,,,,,,,,,,,,,1.0,,,,,,,,,,,,,,,,,,,,,,,,,,,,,,,,,,,,,,,,,,,,,,,,,,,,,,1.0,,235637000.0,,,,,,,,
96,SRE,MRT,1997-06-30,1997-06-30,1997-06-30,2021-08-05,,,,,,,,,,,,,,,,,,,,,,,0.0,,,,,,,,,,,,,,,,,,1.0,,,,,,,,,,,,,,,,,,,,,,,,,,,,,,,,,,,,,,,,,,,,,,,,,,,,,,1.0,,235713000.0,,,,,,,,
97,SRE,MRT,1996-12-31,1996-12-31,1996-12-31,2021-08-05,,,,,,,,-413000000.0,,,2808000000.0,427000000.0,,,,,,,,587000000.0,,,0.0,927000000.0,1514000000.0,0.335,1514000000.0,927000000.0,727000000.0,1.77,1.77,1.77,,,,,,,751000000.0,,1.0,1716000000.0,0.379,,200000000.0,,,,,,,,,,,-17000000.0,-50000000.0,-16000000.0,-126000000.0,-300000000.0,-667000000.0,-514000000.0,0.0,1164000000.0,0.0,427000000.0,427000000.0,427000000.0,0.0,0.0,0.094,767000000.0,949000000.0,,0.0,,,,,0.0,,,,,,4524000000.0,4524000000.0,0.0,,,,0.205,0.0,0.0,1.0,,,,,,,300000000.0,,,
