None,ticker,dimension,calendardate,datekey,reportperiod,lastupdated,accoci,assets,assetsavg,assetsc,assetsnc,assetturnover,bvps,capex,cashneq,cashnequsd,cor,consolinc,currentratio,de,debt,debtc,debtnc,debtusd,deferredrev,depamor,deposits,divyield,dps,ebit,ebitda,ebitdamargin,ebitdausd,ebitusd,ebt,eps,epsdil,epsusd,equity,equityavg,equityusd,ev,evebit,evebitda,fcf,fcfps,fxusd,gp,grossmargin,intangibles,intexp,invcap,invcapavg,inventory,investments,investmentsc,investmentsnc,liabilities,liabilitiesc,liabilitiesnc,marketcap,ncf,ncfbus,ncfcommon,ncfdebt,ncfdiv,ncff,ncfi,ncfinv,ncfo,ncfx,netinc,netinccmn,netinccmnusd,netincdis,netincnci,netmargin,opex,opinc,payables,payoutratio,pb,pe,pe1,ppnenet,prefdivis,price,ps,ps1,receivables,retearn,revenue,revenueusd,rnd,roa,roe,roic,ros,sbcomp,sgna,sharefactor,sharesbas,shareswa,shareswadil,sps,tangibles,taxassets,taxexp,taxliabilities,tbvps,workingcapital
0,ISRG,MRY,2020-12-31,2020-12-31,2020-12-31,2021-10-20,24900000.0,11168900000.0,10445275000.0,6625900000.0,4543000000.0,0.417,27.725,-341500000.0,1622600000.0,1622600000.0,1497200000.0,1066800000.0,6.865,0.145,0.0,0.0,0.0,0.0,350300000.0,293300000.0,0.0,0.0,0.0,1200800000.0,1494100000.0,0.343,1494100000.0,1200800000.0,1200800000.0,3.02,2.94,3.02,9731500000.0,9059125000.0,9731500000.0,94801541460.0,79.0,63.451,1143300000.0,3.257,1.0,2861200000.0,0.656,840300000.0,0.0,7740800000.0,7132075000.0,601500000.0,5246500000.0,3488800000.0,1757700000.0,1409800000.0,965200000.0,444600000.0,96172141460.0,455900000.0,-37700000.0,174500000.0,0.0,0.0,-85700000.0,-940600000.0,-561400000.0,1484800000.0,-2600000.0,1060600000.0,1060600000.0,1060600000.0,0.0,6200000.0,0.243,1811400000.0,1049800000.0,81600000.0,0.0,9.883,90.677,90.298,1577300000.0,0.0,272.7,22.066,21.962,645500000.0,3261300000.0,4358400000.0,4358400000.0,595100000.0,0.102,0.117,0.168,0.276,395400000.0,1216300000.0,1.0,352666452.0,351000000,360900000.0,12.417,10328600000.0,367700000.0,140200000.0,0.0,29.426,5660700000.0
1,ISRG,MRY,2019-12-31,2019-12-31,2019-12-31,2021-10-20,12400000.0,9733200000.0,8907750000.0,4662600000.0,5070600000.0,0.503,23.87,-425600000.0,1167600000.0,1167600000.0,1368300000.0,1381800000.0,4.526,0.175,0.0,0.0,0.0,0.0,337800000.0,216100000.0,0.0,0.0,0.0,1499700000.0,1715800000.0,0.383,1715800000.0,1499700000.0,1499700000.0,3.983,3.847,3.983,8263800000.0,7578675000.0,8263800000.0,67351677481.0,45.0,39.254,1172600000.0,3.387,1.0,3110200000.0,0.694,748600000.0,0.0,6786800000.0,6398775000.0,595500000.0,4677600000.0,2054100000.0,2623500000.0,1448500000.0,1030200000.0,418300000.0,68321277481.0,273200000.0,-59700000.0,3300000.0,0.0,0.0,-168400000.0,-1154400000.0,-669100000.0,1598200000.0,-2200000.0,1379300000.0,1379300000.0,1379300000.0,0.0,2500000.0,0.308,1735700000.0,1374500000.0,123500000.0,0.0,8.268,49.533,49.473,1272900000.0,0.0,197.05,15.255,15.232,645200000.0,2494500000.0,4478500000.0,4478500000.0,557300000.0,0.155,0.182,0.234,0.335,335800000.0,1178400000.0,1.0,346720515.0,346200000,358500000.0,12.936,8984600000.0,425600000.0,120400000.0,0.0,25.952,3632400000.0
2,ISRG,MRY,2018-12-31,2018-12-31,2018-12-31,2021-10-20,-13300000.0,7846700000.0,7110275000.0,4333200000.0,3513500000.0,0.524,19.58,-187400000.0,857900000.0,857900000.0,1120100000.0,1125000000.0,5.281,0.174,0.0,0.0,0.0,0.0,294300000.0,133400000.0,0.0,0.0,0.0,1282400000.0,1415800000.0,0.38,1415800000.0,1282400000.0,1282400000.0,3.307,3.163,3.307,6678800000.0,6079275000.0,6678800000.0,53684490435.0,42.0,37.918,982200000.0,2.88,1.0,2604100000.0,0.699,501600000.0,0.0,5666600000.0,4953250000.0,409000000.0,3976500000.0,2205200000.0,1771300000.0,1159200000.0,820600000.0,338600000.0,54692790435.0,246200000.0,-87900000.0,236600000.0,0.0,0.0,126300000.0,-1049600000.0,-774300000.0,1169600000.0,-100000.0,1127900000.0,1127900000.0,1127900000.0,0.0,-2900000.0,0.303,1404700000.0,1199400000.0,100700000.0,0.0,8.189,48.491,48.273,812000000.0,0.0,159.64,14.686,14.621,682300000.0,1521700000.0,3724200000.0,3724200000.0,418100000.0,0.159,0.186,0.259,0.344,261200000.0,986600000.0,1.0,342600792.0,341100000,356400000.0,10.918,7345100000.0,428600000.0,154500000.0,0.0,21.534,3512600000.0
3,ISRG,MRY,2017-12-31,2017-12-31,2017-12-31,2021-10-20,-15500000.0,5776800000.0,5370050000.0,2808900000.0,2967900000.0,0.584,14.261,-190700000.0,648200000.0,648200000.0,936200000.0,670900000.0,4.238,0.209,0.0,0.0,0.0,0.0,243800000.0,110000000.0,0.0,0.0,0.0,1104800000.0,1214800000.0,0.387,1214800000.0,1104800000.0,1104800000.0,2.003,1.923,2.003,4778800000.0,4596625000.0,4778800000.0,40015737270.0,36.0,32.94,953200000.0,2.845,1.0,2202000000.0,0.702,396900000.0,0.0,4068900000.0,3666950000.0,241200000.0,3198300000.0,1312400000.0,1885900000.0,996400000.0,662800000.0,333600000.0,40890737270.0,-388400000.0,0.0,-1858500000.0,0.0,0.0,-1913100000.0,378700000.0,569400000.0,1143900000.0,2100000.0,670900000.0,670900000.0,670900000.0,0.0,0.0,0.214,1139100000.0,1062900000.0,82500000.0,0.0,8.557,60.949,60.732,613100000.0,0.0,121.647,13.03,12.99,507900000.0,115000000.0,3138200000.0,3138200000.0,328600000.0,0.125,0.146,0.301,0.352,209100000.0,810500000.0,1.0,336143508.0,335100000,348900000.0,9.365,5379900000.0,72000000.0,433900000.0,0.0,16.055,2146100000.0
4,ISRG,MRY,2016-12-31,2016-12-31,2016-12-31,2021-10-20,-8900000.0,6486900000.0,5937175000.0,3250400000.0,3236500000.0,0.456,16.762,-53900000.0,1036600000.0,1036600000.0,813600000.0,738300000.0,5.449,0.123,0.0,0.0,0.0,0.0,240600000.0,92100000.0,0.0,0.0,0.0,985300000.0,1077400000.0,0.398,1077400000.0,985300000.0,985300000.0,2.143,2.087,2.143,5777800000.0,5312875000.0,5777800000.0,23550591966.0,24.0,21.859,1033100000.0,2.997,1.0,1892900000.0,0.699,343900000.0,0.0,4509900000.0,4022675000.0,182300000.0,3801300000.0,1518000000.0,2283300000.0,709100000.0,596500000.0,112600000.0,24572191966.0,322000000.0,0.0,538400000.0,0.0,0.0,514400000.0,-1279400000.0,-1225500000.0,1087000000.0,0.0,738300000.0,738300000.0,738300000.0,0.0,0.0,0.273,943200000.0,949700000.0,68500000.0,0.0,4.253,33.282,32.881,458400000.0,0.0,70.463,9.079,8.974,430200000.0,1574900000.0,2706500000.0,2706500000.0,239600000.0,0.124,0.139,0.245,0.364,207400000.0,703600000.0,1.0,348723099.0,344700000,353700000.0,7.852,6143000000.0,150900000.0,247000000.0,0.0,17.821,2653900000.0
5,ISRG,MRY,2015-12-31,2015-12-31,2015-12-31,2021-10-20,-9500000.0,4907300000.0,4517575000.0,2195500000.0,2711800000.0,0.528,12.937,-81000000.0,714600000.0,714600000.0,806500000.0,588800000.0,4.463,0.136,0.0,0.0,0.0,0.0,225600000.0,89500000.0,0.0,0.0,0.0,758500000.0,848000000.0,0.356,848000000.0,758500000.0,758500000.0,1.763,1.727,1.763,4319500000.0,3953200000.0,4319500000.0,19539183094.0,26.0,23.041,725200000.0,2.172,1.0,1577900000.0,0.662,323900000.0,0.0,3376900000.0,2917300000.0,167900000.0,2633200000.0,845200000.0,1788000000.0,587800000.0,491900000.0,95900000.0,20407383094.0,114300000.0,0.0,177400000.0,0.0,0.0,159100000.0,-849500000.0,-768500000.0,806200000.0,-1500000.0,588800000.0,588800000.0,588800000.0,0.0,0.0,0.247,837900000.0,740000000.0,52600000.0,0.0,4.724,34.659,34.421,432100000.0,0.0,60.684,8.559,8.498,394300000.0,899200000.0,2384400000.0,2384400000.0,197400000.0,0.13,0.149,0.26,0.318,189400000.0,640500000.0,1.0,336286890.0,333900000,341100000.0,7.141,4583400000.0,167800000.0,169700000.0,0.0,13.727,1703600000.0
6,ISRG,MRY,2014-12-31,2014-12-31,2014-12-31,2021-10-20,-5100000.0,3959400000.0,3802425000.0,1811900000.0,2147500000.0,0.561,10.176,-105600000.0,600300000.0,600300000.0,717900000.0,418800000.0,3.615,0.172,0.0,0.0,0.0,0.0,216600000.0,74400000.0,0.0,0.0,0.0,549000000.0,623400000.0,0.292,623400000.0,549000000.0,549000000.0,1.261,1.234,1.261,3379400000.0,3235650000.0,3379400000.0,18682103788.0,34.0,29.968,559500000.0,1.685,1.0,1413800000.0,0.663,324300000.0,0.0,2533600000.0,2401225000.0,181700000.0,1896700000.0,632200000.0,1264500000.0,580000000.0,501200000.0,78800000.0,19175103788.0,-181800000.0,-84300000.0,-716400000.0,0.0,0.0,-692400000.0,-153900000.0,36000000.0,665100000.0,-600000.0,418800000.0,418800000.0,418800000.0,0.0,0.0,0.196,869000000.0,544800000.0,61600000.0,0.0,5.674,45.786,46.607,387400000.0,0.0,58.771,8.995,9.156,315100000.0,487700000.0,2131700000.0,2131700000.0,178000000.0,0.11,0.129,0.229,0.258,158800000.0,691000000.0,1.0,326267505.0,332100000,339300000.0,6.419,3635100000.0,171300000.0,130200000.0,0.0,10.946,1310700000.0
7,ISRG,MRY,2013-12-31,2013-12-31,2013-12-31,2021-10-20,2100000.0,3950300000.0,4021200000.0,1932400000.0,2017900000.0,0.563,9.925,-104600000.0,782100000.0,782100000.0,670900000.0,671000000.0,5.073,0.128,0.0,0.0,0.0,0.0,200100000.0,67300000.0,0.0,0.0,0.0,870900000.0,938200000.0,0.414,938200000.0,870900000.0,870900000.0,1.902,1.859,1.902,3501400000.0,3564175000.0,3501400000.0,14032891407.0,16.0,14.957,775400000.0,2.198,1.0,1594200000.0,0.704,231500000.0,0.0,2555800000.0,2852875000.0,179600000.0,1971800000.0,621400000.0,1350400000.0,448900000.0,380900000.0,68000000.0,14619691407.0,228400000.0,0.0,-948600000.0,0.0,0.0,-910600000.0,259000000.0,363600000.0,880000000.0,0.0,671000000.0,671000000.0,671000000.0,0.0,0.0,0.296,741700000.0,852500000.0,46200000.0,0.0,4.175,21.788,22.437,309900000.0,0.0,42.676,6.454,6.647,301400000.0,979400000.0,2265100000.0,2265100000.0,167700000.0,0.167,0.188,0.305,0.384,165400000.0,574000000.0,1.0,342577647.0,352800000,360900000.0,6.42,3718800000.0,135700000.0,199900000.0,0.0,10.541,1551500000.0
8,ISRG,MRY,2012-12-31,2012-12-31,2012-12-31,2021-10-20,6600000.0,4059200000.0,3687600000.0,1892800000.0,2166400000.0,0.591,9.995,-114200000.0,553700000.0,553700000.0,608500000.0,656600000.0,4.713,0.134,0.0,0.0,0.0,0.0,185700000.0,57800000.0,0.0,0.0,0.0,893900000.0,951700000.0,0.437,951700000.0,893900000.0,893900000.0,1.833,1.776,1.833,3580100000.0,3245825000.0,3580100000.0,19102475971.0,21.0,20.072,700000000.0,1.954,1.0,1570300000.0,0.721,241500000.0,0.0,2862400000.0,2670250000.0,121500000.0,2366800000.0,770700000.0,1596100000.0,479100000.0,401600000.0,77500000.0,19498675971.0,87900000.0,-27600000.0,25000000.0,0.0,0.0,119200000.0,-845700000.0,-703900000.0,814200000.0,200000.0,656600000.0,656600000.0,656600000.0,0.0,0.0,0.301,692200000.0,878100000.0,57600000.0,0.0,5.446,29.696,29.725,241800000.0,0.0,54.486,8.949,8.958,370300000.0,1333400000.0,2178800000.0,2178800000.0,170000000.0,0.178,0.202,0.335,0.41,153000000.0,522200000.0,1.0,357868719.0,358200000,369900000.0,6.083,3817700000.0,96300000.0,237300000.0,0.0,10.658,1491200000.0
9,ISRG,MRY,2011-12-31,2011-12-31,2011-12-31,2021-10-20,900000.0,3063100000.0,2756825000.0,1466300000.0,1596800000.0,0.637,7.499,-82900000.0,465800000.0,465800000.0,483500000.0,495100000.0,4.574,0.158,0.0,0.0,0.0,0.0,154200000.0,46500000.0,0.0,0.0,0.0,709700000.0,756200000.0,0.43,756200000.0,709700000.0,709700000.0,1.403,1.369,1.403,2645600000.0,2383500000.0,2645600000.0,17756519821.0,25.0,23.481,594700000.0,1.686,1.0,1273800000.0,0.725,187900000.0,0.0,2088800000.0,1886475000.0,112100000.0,1706000000.0,563400000.0,1142600000.0,417500000.0,320600000.0,96900000.0,18054719821.0,186000000.0,0.0,-71200000.0,0.0,0.0,-12400000.0,-479000000.0,-396100000.0,677600000.0,-200000.0,495100000.0,495100000.0,495100000.0,0.0,0.0,0.282,579000000.0,694800000.0,45800000.0,0.0,6.824,36.467,36.668,197200000.0,0.0,51.446,10.274,10.328,297900000.0,901900000.0,1757300000.0,1757300000.0,140200000.0,0.18,0.208,0.376,0.404,126200000.0,438800000.0,1.0,350948097.0,352800000,361800000.0,4.981,2875200000.0,75300000.0,214600000.0,0.0,8.15,1145700000.0
10,ISRG,MRY,2010-12-31,2010-12-31,2010-12-31,2021-10-20,1600000.0,2390400000.0,2250475000.0,1275800000.0,1114600000.0,0.628,5.775,-96000000.0,279800000.0,279800000.0,383000000.0,381800000.0,4.66,0.173,0.0,0.0,0.0,0.0,126100000.0,40400000.0,0.0,0.0,0.0,572300000.0,612700000.0,0.434,612700000.0,572300000.0,572300000.0,1.082,1.052,1.082,2037400000.0,1935025000.0,2037400000.0,9745873850.0,17.0,15.906,449800000.0,1.275,1.0,1030000000.0,0.729,183000000.0,0.0,1653800000.0,1488550000.0,86800000.0,1329100000.0,630600000.0,698500000.0,353000000.0,273800000.0,79200000.0,10127873850.0,58400000.0,0.0,-57500000.0,0.0,0.0,7700000.0,-494300000.0,-398300000.0,545800000.0,-800000.0,381800000.0,381800000.0,381800000.0,0.0,0.0,0.27,474800000.0,555200000.0,35600000.0,0.0,4.971,26.527,26.468,159800000.0,0.0,28.639,7.168,7.151,246800000.0,718900000.0,1413000000.0,1413000000.0,116000000.0,0.17,0.197,0.384,0.405,110300000.0,358800000.0,1.0,353640600.0,352800000,362700000.0,4.005,2207400000.0,81800000.0,190500000.0,0.0,6.257,1002000000.0
11,ISRG,MRY,2009-12-31,2009-12-31,2009-12-31,2021-10-20,1300000.0,1809700000.0,1583711500.0,847100000.0,962600000.0,0.664,4.46,-53400000.0,221400000.0,221400000.0,301100000.0,232600000.0,4.177,0.177,0.0,0.0,0.0,0.0,99400000.0,34600000.0,0.0,0.0,0.0,396100000.0,430700000.0,0.409,430700000.0,396100000.0,396100000.0,0.674,0.659,0.674,1537300000.0,1343466500.0,1537300000.0,11382461990.0,29.0,26.428,338800000.0,0.983,1.0,751100000.0,0.714,166900000.0,0.0,1218600000.0,1053912500.0,57600000.0,950600000.0,334000000.0,616600000.0,272400000.0,202800000.0,69600000.0,11588556990.0,26800000.0,0.0,-91300000.0,0.0,0.0,-66200000.0,-299500000.0,-246100000.0,392200000.0,300000.0,232600000.0,232600000.0,232600000.0,0.0,0.0,0.221,373700000.0,377400000.0,27600000.0,0.0,7.538,49.822,50.021,125700000.0,0.0,33.714,11.014,11.045,205400000.0,511700000.0,1052200000.0,1052200000.0,95100000.0,0.147,0.173,0.376,0.376,95500000.0,278600000.0,1.0,343726767.0,344700000,344700000.0,3.053,1642800000.0,60700000.0,163500000.0,0.0,4.766,644300000.0
12,ISRG,MRY,2008-12-31,2008-12-31,2008-12-31,2021-10-20,-2943000.0,1474624000.0,1298491750.0,703890000.0,770734000.0,0.674,3.618,-106000000.0,194623000.0,194623000.0,254100000.0,204300000.0,4.279,0.164,0.0,0.0,0.0,0.0,79252000.0,25100000.0,0.0,0.0,0.0,335200000.0,360300000.0,0.412,360300000.0,335200000.0,335200000.0,0.584,0.569,0.584,1266766000.0,1126498000.0,1266766000.0,4739447462.0,14.0,13.154,172200000.0,0.492,1.0,620800000.0,0.71,166964000.0,0.0,948521000.0,784926750.0,63460000.0,707250000.0,256746000.0,450504000.0,207858000.0,164516000.0,43342000.0,4967061462.0,71800000.0,0.0,44700000.0,0.0,0.0,98000000.0,-304500000.0,-198500000.0,278200000.0,100000.0,204300000.0,204300000.0,204300000.0,0.0,0.0,0.234,310000000.0,310800000.0,20501000.0,0.0,3.921,24.313,24.161,117021000.0,0.0,14.11,5.677,5.646,170107000.0,397824000.0,874900000.0,874900000.0,79400000.0,0.157,0.181,0.427,0.383,79200000.0,230600000.0,1.0,352024200.0,350100000,350100000.0,2.499,1307660000.0,45357000.0,130900000.0,0.0,3.735,539374000.0
13,ISRG,MRY,2007-12-31,2007-12-31,2007-12-31,2021-10-20,530000.0,1039998000.0,871277750.0,609591000.0,430407000.0,0.69,2.61,-24007000.0,122825000.0,122825000.0,186542000.0,144537000.0,4.626,0.17,0.0,0.0,0.0,0.0,54692000.0,13027000.0,0.0,0.0,0.0,237234000.0,250261000.0,0.417,250261000.0,237234000.0,237234000.0,0.424,0.411,0.424,888674000.0,760852500.0,888674000.0,12255171817.0,52.0,48.97,181680000.0,0.534,1.0,414286000.0,0.69,134214000.0,0.0,651189000.0,563958500.0,32416000.0,512556000.0,304642000.0,207914000.0,151324000.0,131770000.0,19554000.0,12341564817.0,88435000.0,0.0,55979000.0,0.0,0.0,118847000.0,-236400000.0,-212393000.0,205687000.0,301000.0,144537000.0,144537000.0,144537000.0,0.0,0.0,0.241,207544000.0,206742000.0,29791000.0,0.0,13.888,85.387,84.644,68093000.0,0.0,35.889,20.541,20.338,130370000.0,193509000.0,600828000.0,600828000.0,48859000.0,0.166,0.19,0.421,0.395,38815000.0,158685000.0,1.0,343882611.0,340479000,340479000.0,1.765,905784000.0,24577000.0,92697000.0,0.0,2.66,477821000.0
14,ISRG,MRY,2006-12-31,2006-12-31,2006-12-31,2021-10-20,705000.0,671790000.0,594031000.0,374451000.0,297339000.0,0.627,1.784,-18054000.0,34390000.0,34390000.0,124846000.0,72044000.0,4.642,0.139,0.0,0.0,0.0,0.0,37385000.0,10009000.0,0.0,0.0,0.0,120138000.0,130147000.0,0.349,130147000.0,120138000.0,120138000.0,0.218,0.21,0.218,589705000.0,526278000.0,589705000.0,3490021065.0,29.0,26.816,81791000.0,0.247,1.0,247836000.0,0.665,124054000.0,0.0,432679000.0,367956500.0,24295000.0,295906000.0,205353000.0,90553000.0,82085000.0,80667000.0,1418000.0,3543466065.0,28882000.0,0.0,19143000.0,0.0,0.0,42183000.0,-113353000.0,-95299000.0,99845000.0,207000.0,72044000.0,72044000.0,72044000.0,0.0,0.0,0.193,140481000.0,107355000.0,11092000.0,0.0,6.009,49.185,48.879,59939000.0,0.0,10.656,9.508,9.453,94680000.0,51020000.0,372682000.0,372682000.0,29778000.0,0.121,0.137,0.327,0.322,30490000.0,110703000.0,1.0,332546346.0,330633000,330633000.0,1.127,547736000.0,31677000.0,48094000.0,0.0,1.657,293784000.0
15,ISRG,MRY,2005-12-31,2005-12-31,2005-12-31,2021-10-20,-1477000.0,501587000.0,422056000.0,208655000.0,292932000.0,0.539,1.402,-31044000.0,5508000.0,5508000.0,73769000.0,94134000.0,3.598,0.133,0.0,0.0,0.0,0.0,25313000.0,6732000.0,0.0,0.0,0.0,73807000.0,80539000.0,0.354,80539000.0,73807000.0,73807000.0,0.298,0.279,0.298,442591000.0,375354000.0,442591000.0,4150955667.0,56.0,51.54,39743000.0,0.126,1.0,153569000.0,0.676,129991000.0,0.0,308101000.0,224492000.0,15170000.0,197231000.0,123679000.0,73552000.0,58996000.0,57987000.0,1009000.0,4159968667.0,-263000.0,0.0,32924000.0,-608000.0,0.0,32316000.0,-103307000.0,-72263000.0,70787000.0,-59000.0,94134000.0,94134000.0,94134000.0,0.0,0.0,0.414,84797000.0,68772000.0,7950000.0,0.0,9.399,44.192,43.725,52225000.0,0.0,13.03,18.299,18.091,52849000.0,-20989000.0,227338000.0,227338000.0,17354000.0,0.223,0.251,0.329,0.325,1686000.0,67443000.0,1.0,319260834.0,315630000,315630000.0,0.72,371596000.0,40758000.0,-20327000.0,0.0,1.177,150668000.0
16,ISRG,MRY,2004-12-31,2004-12-31,2004-12-31,2021-10-20,-392000.0,354229000.0,332462750.0,176684000.0,177545000.0,0.417,1.039,-22439000.0,6295000.0,6295000.0,50813000.0,23478000.0,4.603,0.125,609000.0,609000.0,0.0,609000.0,15877000.0,7234000.0,0.0,0.0,0.0,24204000.0,31438000.0,0.226,31438000.0,24204000.0,24204000.0,0.078,0.074,0.078,314932000.0,296947000.0,314932000.0,1349387977.0,56.0,42.922,7876000.0,0.026,1.0,87990000.0,0.634,149553000.0,0.0,160605000.0,138895000.0,5966000.0,126267000.0,126267000.0,0.0,39297000.0,38385000.0,912000.0,1360313977.0,-5564000.0,0.0,13233000.0,-1116000.0,0.0,12117000.0,-48153000.0,-25714000.0,30315000.0,157000.0,23478000.0,23478000.0,23478000.0,0.0,0.0,0.169,66806000.0,21184000.0,4485000.0,0.0,4.319,57.94,57.009,27065000.0,0.0,4.447,9.8,9.714,35443000.0,-114936000.0,138803000.0,138803000.0,17812000.0,0.071,0.079,0.174,0.174,534000.0,48994000.0,1.0,305917686.0,303237000,303237000.0,0.458,204676000.0,0.0,726000.0,0.0,0.675,138299000.0
17,ISRG,MRY,2003-12-31,2003-12-31,2003-12-31,2021-10-20,878000.0,314994000.0,222164250.0,151948000.0,163046000.0,0.413,1.312,-4975000.0,12165000.0,12165000.0,47646000.0,-9623000.0,4.517,0.129,1725000.0,1030000.0,695000.0,1725000.0,12493000.0,4151000.0,0.0,0.0,0.0,-9420000.0,-5269000.0,-0.057,-5269000.0,-9420000.0,-9623000.0,-0.046,-0.046,-0.046,278957000.0,187634750.0,278957000.0,540133541.0,-57.0,-102.512,-12829000.0,-0.06,1.0,44029000.0,0.48,151195000.0,203000.0,119718000.0,60488500.0,8788000.0,101614000.0,101614000.0,0.0,36037000.0,33641000.0,2396000.0,550505541.0,3283000.0,-5861000.0,83957000.0,-1624000.0,0.0,82333000.0,-71176000.0,-60465000.0,-7854000.0,-20000.0,-9623000.0,-9623000.0,-9623000.0,0.0,0.0,-0.105,55909000.0,-11880000.0,5894000.0,0.0,1.973,-57.207,-41.28,10288000.0,0.0,1.899,6.005,4.404,26820000.0,-138414000.0,91675000.0,91675000.0,16190000.0,-0.043,-0.051,-0.156,-0.103,700000.0,39719000.0,1.0,289909296.0,212634000,212634000.0,0.431,163799000.0,0.0,0.0,0.0,0.77,118307000.0
18,ISRG,MRY,2002-12-31,2002-12-31,2002-12-31,2021-10-20,1638000.0,91820000.0,93424500.0,77833000.0,13987000.0,0.771,0.388,-5766000.0,9007000.0,9007000.0,38121000.0,-18421000.0,2.982,0.442,3349000.0,1511000.0,1838000.0,3349000.0,4838000.0,3106000.0,0.0,0.0,0.0,-18222000.0,-15116000.0,-0.21,-15116000.0,-18222000.0,-18421000.0,-0.112,-0.112,-0.112,63680000.0,68377500.0,63680000.0,210290359.0,-12.0,-13.912,-19914000.0,-0.121,1.0,33901000.0,0.471,2568000.0,199000.0,57492000.0,55026250.0,8738000.0,41832000.0,41832000.0,0.0,28140000.0,26102000.0,2038000.0,225452359.0,-2435000.0,0.0,2058000.0,947000.0,0.0,3005000.0,8617000.0,15338000.0,-14148000.0,91000.0,-18421000.0,-18421000.0,-18421000.0,0.0,0.0,-0.256,54120000.0,-20219000.0,9282000.0,0.0,3.54,-12.239,-12.222,10388000.0,0.0,1.369,3.13,3.118,16887000.0,-128791000.0,72022000.0,72022000.0,16793000.0,-0.197,-0.269,-0.331,-0.253,663000.0,37327000.0,1.0,164697340.0,164061000,164061000.0,0.439,89252000.0,0.0,0.0,0.0,0.544,51731000.0
19,ISRG,MRY,2001-12-31,2001-12-31,2001-12-31,2021-10-20,551000.0,100361000.0,102195500.0,89219000.0,11142000.0,0.506,0.486,-5491000.0,10487000.0,10487000.0,30172000.0,-16700000.0,4.189,0.282,2402000.0,1631000.0,771000.0,2402000.0,3870000.0,2337000.0,0.0,0.0,0.0,-16432000.0,-14095000.0,-0.273,-14095000.0,-16432000.0,-16700000.0,-0.103,-0.103,-0.103,78293000.0,83818000.0,78293000.0,341335778.0,-21.0,-24.217,-23968000.0,-0.149,1.0,21501000.0,0.416,3308000.0,268000.0,67671000.0,66071750.0,6182000.0,56174000.0,56174000.0,0.0,22068000.0,21297000.0,771000.0,363088778.0,-2790000.0,0.0,2249000.0,-1478000.0,0.0,771000.0,14992000.0,20483000.0,-18477000.0,-76000.0,-16700000.0,-16700000.0,-16700000.0,0.0,0.0,-0.323,41884000.0,-20383000.0,8300000.0,0.0,4.638,-21.742,-21.64,7834000.0,0.0,2.229,7.027,6.952,13248000.0,-110370000.0,51673000.0,51673000.0,13851000.0,-0.163,-0.199,-0.249,-0.318,1597000.0,28033000.0,1.0,162901246.0,161172000,161172000.0,0.321,97053000.0,0.0,0.0,0.0,0.602,67922000.0
20,ISRG,MRY,2000-12-31,2000-12-31,2000-12-31,2021-10-20,134000.0,112421000.0,98785250.0,103666000.0,8755000.0,0.27,0.847,-6555000.0,22657000.0,22657000.0,18031000.0,-18523000.0,5.228,0.239,3880000.0,2019000.0,1861000.0,3880000.0,3552000.0,2179000.0,0.0,0.0,0.0,-18119000.0,-15940000.0,-0.599,-15940000.0,-18119000.0,-18523000.0,-0.173,-0.173,-0.173,90730000.0,82205000.0,90730000.0,280534927.0,-15.0,-17.599,-19359000.0,-0.181,1.0,8593000.0,0.323,4086000.0,404000.0,69728000.0,54822750.0,6076000.0,66784000.0,66784000.0,0.0,21691000.0,19830000.0,1861000.0,303317927.0,18551000.0,0.0,47676000.0,-259000.0,0.0,82173000.0,-50818000.0,-44263000.0,-12804000.0,0.0,-18523000.0,-18523000.0,-18523000.0,0.0,0.0,-0.696,30870000.0,-22277000.0,7128000.0,0.0,3.343,-16.375,-10.918,4669000.0,0.0,1.889,11.393,7.597,6444000.0,-93670000.0,26624000.0,26624000.0,11734000.0,-0.188,-0.225,-0.331,-0.681,2573000.0,19136000.0,1.0,160580079.0,107082000,107082000.0,0.249,108335000.0,0.0,0.0,0.0,1.012,83836000.0
21,ISRG,MRY,1999-12-31,1999-12-31,1999-12-31,2021-10-20,-233000.0,34455000.0,31311000.0,31746000.0,2709000.0,0.326,1.02,-931000.0,4106000.0,4106000.0,9273000.0,-18415000.0,3.265,0.551,4139000.0,1618000.0,2521000.0,4139000.0,2130000.0,1439000.0,0.0,,0.0,-18009000.0,-16570000.0,-1.626,-16570000.0,-18009000.0,-18415000.0,-0.847,-0.847,-0.847,22211000.0,21403500.0,22211000.0,,,,-16858000.0,-0.774,1.0,919000.0,0.09,0.0,406000.0,24765000.0,20473500.0,2861000.0,22154000.0,22154000.0,0.0,12244000.0,9723000.0,2521000.0,,-6063000.0,0.0,72000.0,822000.0,0.0,20177000.0,-10313000.0,-9382000.0,-15927000.0,0.0,-18415000.0,-18415000.0,-18415000.0,0.0,0.0,-1.807,20468000.0,-19549000.0,2722000.0,0.0,,,,2709000.0,0.0,,,,2044000.0,-75147000.0,10192000.0,10192000.0,11130000.0,-0.588,-0.86,-0.88,-1.767,804000.0,9338000.0,1.0,,21766500,21766500.0,0.468,34455000.0,0.0,0.0,0.0,1.583,22023000.0
22,ISRG,MRY,1998-12-31,1998-12-31,1998-12-31,2021-10-20,46000.0,28167000.0,,24950000.0,3217000.0,,1.265,-1681000.0,10169000.0,10169000.0,0.0,-29443000.0,4.861,0.368,3317000.0,879000.0,2438000.0,3317000.0,765000.0,1268000.0,0.0,,0.0,-29228000.0,-27960000.0,,-27960000.0,-29228000.0,-29443000.0,-1.809,-1.809,-1.809,20596000.0,,20596000.0,,,,-32756000.0,-2.011,1.0,0.0,,0.0,215000.0,16182000.0,,1259000.0,13051000.0,13051000.0,0.0,7571000.0,5133000.0,2438000.0,,-6865000.0,0.0,159000.0,2162000.0,0.0,23256000.0,954000.0,2635000.0,-31075000.0,0.0,-29443000.0,-29443000.0,-29443000.0,0.0,0.0,,30773000.0,-30773000.0,2256000.0,0.0,,,,3217000.0,0.0,,,,0.0,-56732000.0,0.0,0.0,23208000.0,,,,,1568000.0,7565000.0,1.0,,16285500,16285500.0,0.0,28167000.0,0.0,0.0,0.0,1.73,19817000.0
23,ISRG,MRY,1997-12-31,1997-12-31,1997-12-31,2021-10-20,,,,,,,,-2785000.0,,,0.0,-23602000.0,,,,,,,,706000.0,,,0.0,-23472000.0,-22766000.0,,-22766000.0,-23472000.0,-23602000.0,-2.498,-2.498,-2.498,,,,,,,-17710000.0,-1.874,1.0,0.0,,,130000.0,,,,,,,,,,,15540000.0,0.0,861000.0,1155000.0,0.0,48890000.0,-18425000.0,-15640000.0,-14925000.0,0.0,-23602000.0,-23602000.0,-23602000.0,0.0,0.0,,24716000.0,-24716000.0,,0.0,,,,,0.0,,,,,,0.0,0.0,14282000.0,,,,,1428000.0,4434000.0,1.0,,9448222,9448222.0,0.0,,,0.0,,,
0,ISRG,MRQ,2021-09-30,2021-09-30,2021-09-30,2021-10-20,5300000.0,12934600000.0,,5728000000.0,7206600000.0,,31.981,-68300000.0,1346700000.0,1346700000.0,431900000.0,387200000.0,5.576,0.129,0.0,0.0,0.0,0.0,348500000.0,87500000.0,0.0,0.0,0.0,454400000.0,541900000.0,0.386,541900000.0,454400000.0,454400000.0,1.07,1.04,1.07,11410900000.0,,11410900000.0,116437433499.0,63.0,53.36,433100000.0,1.214,1.0,971400000.0,0.692,925700000.0,0.0,9634900000.0,,584900000.0,6873000000.0,2741500000.0,4131500000.0,1475100000.0,1027300000.0,447800000.0,118052933499.0,-268800000.0,0.0,91100000.0,0.0,0.0,68300000.0,-838800000.0,-770500000.0,501400000.0,300000.0,380500000.0,380500000.0,380500000.0,0.0,6700000.0,0.271,528800000.0,442600000.0,120000000.0,0.0,10.346,69.887,69.574,1737900000.0,0.0,331.383,21.509,21.543,695000000.0,4390100000.0,1403300000.0,1403300000.0,165500000.0,,,,,120100000.0,363300000.0,1.0,356242821.0,356800000,366800000.0,3.933,12008900000.0,411500000.0,73900000.0,0.0,33.657,4700700000.0
1,ISRG,MRQ,2021-06-30,2021-06-30,2021-06-30,2021-10-20,10300000.0,12297000000.0,,6016600000.0,6280400000.0,,30.46,-75700000.0,1615500000.0,1615500000.0,440300000.0,523000000.0,5.989,0.131,0.0,0.0,0.0,0.0,360000000.0,80700000.0,0.0,0.0,0.0,520400000.0,601100000.0,0.411,601100000.0,520400000.0,520400000.0,1.453,1.417,1.453,10837500000.0,,10837500000.0,107495428320.0,61.0,52.033,467000000.0,1.313,1.0,1023700000.0,0.699,939200000.0,0.0,8737700000.0,,569700000.0,6119300000.0,2823700000.0,3295600000.0,1417500000.0,1004600000.0,412900000.0,108897228320.0,212900000.0,0.0,69700000.0,0.0,0.0,58300000.0,-384700000.0,-309000000.0,542700000.0,-3400000.0,517200000.0,517200000.0,517200000.0,0.0,5800000.0,0.353,512500000.0,511200000.0,117900000.0,0.0,10.048,67.113,66.888,1651200000.0,0.0,306.547,21.092,21.126,699900000.0,4022700000.0,1464000000.0,1464000000.0,162300000.0,,,,,108100000.0,350200000.0,1.0,355238664.0,355800000,364800000.0,4.115,11357800000.0,394400000.0,3200000.0,0.0,31.922,5012000000.0
2,ISRG,MRQ,2021-03-31,2021-03-31,2021-03-31,2021-10-20,11400000.0,11540400000.0,,6066400000.0,5474000000.0,,28.658,-58600000.0,1401800000.0,1401800000.0,389500000.0,435200000.0,6.706,0.133,0.0,0.0,0.0,0.0,358100000.0,76600000.0,0.0,0.0,0.0,439900000.0,516500000.0,0.4,516500000.0,439900000.0,439900000.0,1.203,1.17,1.203,10153500000.0,,10153500000.0,85364159124.0,64.0,52.124,419000000.0,1.183,1.0,902600000.0,0.699,871500000.0,0.0,8362500000.0,,576800000.0,5828700000.0,3155700000.0,2673000000.0,1350200000.0,904600000.0,445600000.0,86986759124.0,-220800000.0,-8700000.0,84000000.0,0.0,0.0,-102200000.0,-597000000.0,-529700000.0,477600000.0,800000.0,426300000.0,426300000.0,426300000.0,0.0,8900000.0,0.33,485800000.0,416800000.0,103100000.0,0.0,8.567,74.132,74.124,1592900000.0,0.0,246.313,19.114,19.176,654300000.0,3514700000.0,1292100000.0,1292100000.0,159800000.0,,,,,103200000.0,326000000.0,1.0,353154894.0,354300000,363900000.0,3.647,10668900000.0,336600000.0,13600000.0,0.0,30.113,5161800000.0
3,ISRG,MRQ,2020-12-31,2020-12-31,2020-12-31,2021-10-20,24900000.0,11168900000.0,,6625900000.0,4543000000.0,,27.584,-61900000.0,1622600000.0,1622600000.0,433300000.0,363600000.0,6.865,0.145,0.0,0.0,0.0,0.0,350300000.0,84500000.0,0.0,0.0,0.0,438100000.0,522600000.0,0.393,522600000.0,438100000.0,438100000.0,1.037,1.007,1.037,9731500000.0,,9731500000.0,94801541460.0,79.0,63.451,565600000.0,1.603,1.0,895800000.0,0.674,840300000.0,0.0,7740800000.0,,601500000.0,5246500000.0,3488800000.0,1757700000.0,1409800000.0,965200000.0,444600000.0,96172141460.0,252800000.0,0.0,6600000.0,0.0,0.0,-39800000.0,-334300000.0,-272400000.0,627500000.0,-600000.0,365200000.0,365200000.0,365200000.0,0.0,-1600000.0,0.275,480000000.0,415800000.0,81600000.0,0.0,9.883,90.677,90.298,1577300000.0,0.0,272.7,22.066,21.962,645500000.0,3261300000.0,1329100000.0,1329100000.0,149800000.0,,,,,103100000.0,330200000.0,1.0,352666452.0,352800000,363600000.0,3.767,10328600000.0,367700000.0,72900000.0,0.0,29.276,5660700000.0
4,ISRG,MRQ,2020-09-30,2020-09-30,2020-09-30,2021-10-20,16200000.0,10617500000.0,,6300300000.0,4317200000.0,,26.301,-64400000.0,1370600000.0,1370600000.0,353400000.0,316800000.0,7.042,0.144,0.0,0.0,0.0,0.0,327800000.0,73400000.0,0.0,0.0,0.0,352300000.0,425700000.0,0.395,425700000.0,352300000.0,352300000.0,0.89,0.87,0.89,9257800000.0,,9257800000.0,80998942895.0,68.0,55.255,210200000.0,0.597,1.0,724300000.0,0.672,804000000.0,0.0,7548200000.0,,662900000.0,4990800000.0,3347600000.0,1643200000.0,1330800000.0,894700000.0,436100000.0,83034542895.0,-666500000.0,0.0,113900000.0,0.0,0.0,85200000.0,-1025900000.0,-961500000.0,274600000.0,-400000.0,313900000.0,313900000.0,313900000.0,0.0,2900000.0,0.291,453900000.0,270400000.0,116000000.0,0.0,8.969,78.848,78.576,1509700000.0,0.0,236.513,19.279,19.33,588600000.0,2937200000.0,1077700000.0,1077700000.0,155000000.0,,,,,105800000.0,298900000.0,1.0,351077640.0,352000000,361900000.0,3.062,9813500000.0,360300000.0,38400000.0,0.0,27.879,5405600000.0
5,ISRG,MRQ,2020-06-30,2020-06-30,2020-06-30,2021-10-20,22300000.0,10103600000.0,,5899000000.0,4204600000.0,,24.944,-110000000.0,2035600000.0,2035600000.0,349200000.0,70200000.0,6.379,0.153,0.0,0.0,0.0,0.0,343100000.0,67900000.0,0.0,0.0,0.0,105000000.0,172900000.0,0.203,172900000.0,105000000.0,105000000.0,0.193,0.19,0.193,8740500000.0,,8740500000.0,65228511857.0,53.0,43.733,119900000.0,0.342,1.0,502900000.0,0.59,802300000.0,0.0,6340900000.0,,645500000.0,4039200000.0,2452700000.0,1586500000.0,1337200000.0,924800000.0,412400000.0,66452311857.0,813400000.0,0.0,62700000.0,0.0,0.0,47600000.0,536700000.0,646700000.0,229900000.0,-800000.0,68000000.0,68000000.0,68000000.0,0.0,2200000.0,0.08,422300000.0,80600000.0,108900000.0,0.0,7.603,58.497,58.14,1450300000.0,0.0,189.943,15.25,15.274,508800000.0,2633000000.0,852100000.0,852100000.0,143200000.0,,,,,95900000.0,279100000.0,1.0,349853352.0,350400000,359100000.0,2.432,9301300000.0,365500000.0,37000000.0,0.0,26.545,4974200000.0
6,ISRG,MRQ,2020-03-31,2020-03-31,2020-03-31,2021-10-20,8900000.0,9891100000.0,,4691500000.0,5199600000.0,,24.361,-105200000.0,1223800000.0,1223800000.0,361300000.0,316200000.0,4.96,0.16,0.0,0.0,0.0,0.0,337400000.0,67500000.0,0.0,0.0,0.0,305400000.0,372900000.0,0.339,372900000.0,305400000.0,305400000.0,0.897,0.873,0.897,8506700000.0,,8506700000.0,56268858429.0,37.0,31.933,247600000.0,0.709,1.0,738200000.0,0.671,823000000.0,0.0,6898400000.0,,620300000.0,4672300000.0,2029600000.0,2642700000.0,1360600000.0,945900000.0,414700000.0,57436458429.0,56200000.0,-37700000.0,-8700000.0,0.0,0.0,-178700000.0,-117100000.0,25800000.0,352800000.0,-800000.0,313500000.0,313500000.0,313500000.0,0.0,2700000.0,0.285,455200000.0,283000000.0,133400000.0,0.0,6.752,41.431,41.34,1369200000.0,0.0,165.07,12.475,12.519,527600000.0,2570900000.0,1099500000.0,1099500000.0,147100000.0,,,,,90600000.0,308100000.0,1.0,347952132.0,349200000,359400000.0,3.149,9068100000.0,364700000.0,-8100000.0,0.0,25.968,3745600000.0
7,ISRG,MRQ,2019-12-31,2019-12-31,2019-12-31,2021-10-20,12400000.0,9733200000.0,,4662600000.0,5070600000.0,,23.808,-142000000.0,1167600000.0,1167600000.0,381700000.0,362700000.0,4.526,0.175,0.0,0.0,0.0,0.0,337800000.0,67700000.0,0.0,0.0,0.0,426700000.0,494400000.0,0.387,494400000.0,426700000.0,426700000.0,1.03,0.993,1.03,8263800000.0,,8263800000.0,67351677481.0,45.0,39.254,410700000.0,1.183,1.0,896000000.0,0.701,748600000.0,0.0,6786800000.0,,595500000.0,4677600000.0,2054100000.0,2623500000.0,1448500000.0,1030200000.0,418300000.0,68321277481.0,198000000.0,-27900000.0,67100000.0,0.0,0.0,50800000.0,-406200000.0,-236300000.0,552700000.0,700000.0,357700000.0,357700000.0,357700000.0,0.0,5000000.0,0.28,498400000.0,397600000.0,123500000.0,0.0,8.268,49.533,49.473,1272900000.0,0.0,197.05,15.255,15.232,645200000.0,2494500000.0,1277700000.0,1277700000.0,156600000.0,,,,,89200000.0,341800000.0,1.0,346720515.0,347100000,359400000.0,3.681,8984600000.0,425600000.0,69000000.0,0.0,25.885,3632400000.0
8,ISRG,MRQ,2019-09-30,2019-09-30,2019-09-30,2021-10-20,17800000.0,9131300000.0,,4317000000.0,4814300000.0,,22.419,-86700000.0,969600000.0,969600000.0,342600000.0,398700000.0,4.637,0.174,0.0,0.0,0.0,0.0,307600000.0,54200000.0,0.0,0.0,0.0,397100000.0,451300000.0,0.4,451300000.0,397100000.0,397100000.0,1.147,1.11,1.147,7761400000.0,,7761400000.0,61438486080.0,43.0,37.916,309600000.0,0.894,1.0,785600000.0,0.696,720400000.0,0.0,6510400000.0,,579600000.0,4461000000.0,1928000000.0,2533000000.0,1354200000.0,930900000.0,423300000.0,62228786080.0,179300000.0,-33000000.0,16600000.0,0.0,0.0,1200000.0,-216600000.0,-96900000.0,396300000.0,-1600000.0,396800000.0,396800000.0,396800000.0,0.0,1900000.0,0.352,419900000.0,365700000.0,132400000.0,0.0,8.018,47.355,47.275,1136800000.0,0.0,179.977,14.651,14.67,639000000.0,2142600000.0,1128200000.0,1128200000.0,135900000.0,,,,,88900000.0,284000000.0,1.0,345760299.0,346200000,357900000.0,3.259,8410900000.0,424100000.0,300000.0,0.0,24.295,3386100000.0
9,ISRG,MRQ,2019-06-30,2019-06-30,2019-06-30,2021-10-20,16100000.0,8531600000.0,,4071600000.0,4460000000.0,,20.986,-82100000.0,790300000.0,790300000.0,339900000.0,316400000.0,5.042,0.172,0.0,0.0,0.0,0.0,306800000.0,49800000.0,0.0,0.0,0.0,393700000.0,443500000.0,0.404,443500000.0,393700000.0,393700000.0,0.92,0.89,0.92,7265300000.0,,7265300000.0,59682893554.0,44.0,38.657,233900000.0,0.676,1.0,759000000.0,0.691,628700000.0,0.0,6305100000.0,,512800000.0,4357900000.0,1928100000.0,2429800000.0,1252000000.0,807500000.0,444500000.0,60558593554.0,-85400000.0,2500000.0,-169200000.0,0.0,0.0,-178600000.0,-222700000.0,-143100000.0,316000000.0,-100000.0,318300000.0,318300000.0,318300000.0,0.0,-1900000.0,0.29,400000000.0,359000000.0,129600000.0,0.0,8.335,50.057,49.716,1032400000.0,0.0,174.85,14.99,14.983,633400000.0,1819000000.0,1098900000.0,1098900000.0,120800000.0,,,,,81600000.0,279200000.0,1.0,346345974.0,346200000,357900000.0,3.174,7902900000.0,369100000.0,75400000.0,0.0,22.828,3264100000.0
10,ISRG,MRQ,2019-03-31,2019-03-31,2019-03-31,2021-10-20,-700000.0,8234900000.0,,4025000000.0,4209900000.0,,20.36,-114800000.0,875700000.0,875700000.0,304100000.0,304000000.0,5.438,0.17,0.0,0.0,0.0,0.0,298400000.0,44400000.0,0.0,0.0,0.0,282200000.0,326600000.0,0.335,326600000.0,282200000.0,282200000.0,0.89,0.853,0.89,7024200000.0,,7024200000.0,64467006529.0,51.0,45.211,218400000.0,0.633,1.0,669600000.0,0.688,626200000.0,0.0,5992800000.0,,468300000.0,4188900000.0,1933000000.0,2255900000.0,1194500000.0,740200000.0,454300000.0,65324906529.0,-18700000.0,-1300000.0,88800000.0,0.0,0.0,-41800000.0,-308900000.0,-192800000.0,333200000.0,-1200000.0,306500000.0,306500000.0,306500000.0,0.0,-2500000.0,0.315,417400000.0,252200000.0,130600000.0,0.0,9.3,56.963,56.825,935400000.0,0.0,190.193,16.966,17.042,547600000.0,1696000000.0,973700000.0,973700000.0,144000000.0,,,,,76100000.0,273400000.0,1.0,343465806.0,345000000,358800000.0,2.822,7608700000.0,392400000.0,-24300000.0,0.0,22.054,3284800000.0
11,ISRG,MRQ,2018-12-31,2018-12-31,2018-12-31,2021-10-20,-13300000.0,7846700000.0,,4333200000.0,3513500000.0,,19.426,-55500000.0,857900000.0,857900000.0,310800000.0,291300000.0,5.281,0.174,0.0,0.0,0.0,0.0,294300000.0,39000000.0,0.0,0.0,0.0,360000000.0,399000000.0,0.381,399000000.0,360000000.0,360000000.0,0.85,0.817,0.85,6678800000.0,,6678800000.0,53684490435.0,42.0,37.918,282600000.0,0.822,1.0,735700000.0,0.703,501600000.0,0.0,5666600000.0,,409000000.0,3976500000.0,2205200000.0,1771300000.0,1159200000.0,820600000.0,338600000.0,54692790435.0,-113900000.0,-27800000.0,37000000.0,0.0,0.0,33700000.0,-486300000.0,-403000000.0,338100000.0,600000.0,292500000.0,292500000.0,292500000.0,0.0,-1200000.0,0.28,403700000.0,332000000.0,100700000.0,0.0,8.189,48.491,48.273,812000000.0,0.0,159.64,14.686,14.621,682300000.0,1521700000.0,1046500000.0,1046500000.0,119900000.0,,,,,70400000.0,283800000.0,1.0,342600792.0,343800000,358200000.0,3.044,7345100000.0,428600000.0,67500000.0,0.0,21.364,3512600000.0
12,ISRG,MRQ,2018-09-30,2018-09-30,2018-09-30,2021-10-20,-16700000.0,7318600000.0,,4252600000.0,3066000000.0,,18.364,-47000000.0,1008300000.0,1008300000.0,278600000.0,291800000.0,6.047,0.164,0.0,0.0,0.0,0.0,281000000.0,38900000.0,0.0,0.0,0.0,335900000.0,374800000.0,0.407,374800000.0,335900000.0,335900000.0,0.857,0.817,0.857,6280600000.0,,6280600000.0,64087618956.0,51.0,45.888,272800000.0,0.798,1.0,642300000.0,0.697,473500000.0,0.0,5133500000.0,,370100000.0,3562200000.0,2127600000.0,1434600000.0,1030100000.0,703300000.0,326800000.0,65291118956.0,-195200000.0,-22000000.0,64700000.0,0.0,0.0,57700000.0,-572600000.0,-503600000.0,319800000.0,-100000.0,292500000.0,292500000.0,292500000.0,0.0,-700000.0,0.318,329000000.0,313300000.0,96400000.0,0.0,10.396,81.218,80.971,746400000.0,0.0,191.333,18.29,18.331,580400000.0,1234000000.0,920900000.0,920900000.0,107600000.0,,,,,70000000.0,221400000.0,1.0,341242782.0,342000000,357600000.0,2.693,6845100000.0,411500000.0,43400000.0,0.0,20.015,3549300000.0
13,ISRG,MRQ,2018-06-30,2018-06-30,2018-06-30,2021-10-20,-16400000.0,6849600000.0,,3986100000.0,2863500000.0,,17.212,-44800000.0,1203500000.0,1203500000.0,277000000.0,254600000.0,5.982,0.167,0.0,0.0,0.0,0.0,272100000.0,29200000.0,0.0,0.0,0.0,296300000.0,325500000.0,0.358,325500000.0,296300000.0,296300000.0,0.75,0.717,0.75,5860600000.0,,5860600000.0,53234735620.0,44.0,39.784,186700000.0,0.548,1.0,632300000.0,0.695,432200000.0,0.0,4547500000.0,,331500000.0,3056100000.0,1729000000.0,1327100000.0,980400000.0,666400000.0,314000000.0,54209435620.0,228800000.0,-38100000.0,48700000.0,0.0,0.0,43200000.0,-44300000.0,38600000.0,231500000.0,-1600000.0,255300000.0,255300000.0,255300000.0,0.0,-700000.0,0.281,354900000.0,277400000.0,102200000.0,0.0,9.25,66.925,66.539,688800000.0,0.0,159.493,15.683,15.711,532500000.0,948100000.0,909300000.0,909300000.0,95100000.0,,,,,63300000.0,259800000.0,1.0,339885276.0,340500000,355500000.0,2.67,6417400000.0,415400000.0,41000000.0,0.0,18.847,3319700000.0
14,ISRG,MRQ,2018-03-31,2018-03-31,2018-03-31,2021-10-20,-18100000.0,6426200000.0,,3381700000.0,3044500000.0,,16.244,-40100000.0,974700000.0,974700000.0,253700000.0,287300000.0,5.818,0.167,0.0,0.0,0.0,0.0,254600000.0,26300000.0,0.0,0.0,0.0,290200000.0,316500000.0,0.373,316500000.0,290200000.0,290200000.0,0.85,0.813,0.85,5497100000.0,,5497100000.0,45711991406.0,38.0,34.988,240100000.0,0.71,1.0,593800000.0,0.701,404900000.0,0.0,4465400000.0,,283600000.0,3093500000.0,1542600000.0,1550900000.0,919800000.0,581200000.0,338600000.0,46360191406.0,326500000.0,0.0,86200000.0,0.0,0.0,-8300000.0,53600000.0,93700000.0,280200000.0,1000000.0,287600000.0,287600000.0,287600000.0,0.0,-300000.0,0.339,317100000.0,276700000.0,96300000.0,0.0,8.434,59.612,59.391,661900000.0,0.0,137.61,14.023,14.085,474900000.0,698000000.0,847500000.0,847500000.0,95500000.0,,,,,57500000.0,221600000.0,1.0,336895512.0,338400000,354000000.0,2.504,6021300000.0,426800000.0,2600000.0,0.0,17.793,2800500000.0
15,ISRG,MRQ,2017-12-31,2017-12-31,2017-12-31,2021-10-20,-15500000.0,5776800000.0,,2808900000.0,2967900000.0,,14.223,-31000000.0,648200000.0,648200000.0,258000000.0,-31500000.0,4.238,0.209,0.0,0.0,0.0,0.0,243800000.0,38500000.0,0.0,0.0,0.0,341300000.0,379800000.0,0.426,379800000.0,341300000.0,341300000.0,-0.093,-0.097,-0.093,4778800000.0,,4778800000.0,40015737270.0,36.0,32.94,301000000.0,0.896,1.0,634000000.0,0.711,396900000.0,0.0,4068900000.0,,241200000.0,3198300000.0,1312400000.0,1885900000.0,996400000.0,662800000.0,333600000.0,40890737270.0,-226800000.0,0.0,-240100000.0,0.0,0.0,-243100000.0,-315800000.0,-284800000.0,332000000.0,100000.0,-31500000.0,-31500000.0,-31500000.0,0.0,0.0,-0.035,305000000.0,329000000.0,82500000.0,0.0,8.557,60.949,60.732,613100000.0,0.0,121.647,13.03,12.99,507900000.0,115000000.0,892000000.0,892000000.0,87100000.0,,,,,55600000.0,217900000.0,1.0,336143508.0,336000000,352500000.0,2.655,5379900000.0,72000000.0,372800000.0,0.0,16.012,2146100000.0
16,ISRG,MRQ,2017-09-30,2017-09-30,2017-09-30,2021-10-20,-9200000.0,5644600000.0,,2928900000.0,2715700000.0,,14.782,-51400000.0,875000000.0,875000000.0,239700000.0,298600000.0,4.757,0.138,0.0,0.0,0.0,0.0,282500000.0,24900000.0,0.0,0.0,0.0,291400000.0,316300000.0,0.392,316300000.0,291400000.0,291400000.0,0.89,0.853,0.89,4957900000.0,,4957900000.0,38158974284.0,37.0,33.482,302500000.0,0.902,1.0,568100000.0,0.703,355900000.0,0.0,3798000000.0,,225200000.0,2927000000.0,1271800000.0,1655200000.0,684700000.0,615700000.0,69000000.0,38855474284.0,178500000.0,0.0,85200000.0,0.0,0.0,83600000.0,-260000000.0,-208600000.0,353900000.0,1000000.0,298600000.0,298600000.0,298600000.0,0.0,0.0,0.37,287500000.0,280600000.0,80400000.0,0.0,7.837,42.755,43.088,584800000.0,0.0,116.209,12.929,12.97,468000000.0,776600000.0,807800000.0,807800000.0,83400000.0,,,,,55700000.0,204100000.0,1.0,334358883.0,335400000,350400000.0,2.408,5288700000.0,119800000.0,-7200000.0,0.0,15.768,2313200000.0
17,ISRG,MRQ,2017-06-30,2017-06-30,2017-06-30,2021-10-20,-9800000.0,5250800000.0,,2642200000.0,2608600000.0,,13.58,-55300000.0,696500000.0,696500000.0,228700000.0,223000000.0,4.405,0.161,0.0,0.0,0.0,0.0,288900000.0,23900000.0,0.0,0.0,0.0,270000000.0,293900000.0,0.387,293900000.0,270000000.0,270000000.0,0.67,0.647,0.67,4522300000.0,,4522300000.0,33751144487.0,33.0,30.338,161200000.0,0.484,1.0,530100000.0,0.699,353500000.0,0.0,3601000000.0,,214200000.0,2726800000.0,1126900000.0,1599900000.0,728500000.0,599800000.0,128700000.0,34459744487.0,-12100000.0,0.0,127300000.0,0.0,0.0,124700000.0,-353800000.0,-298500000.0,216500000.0,500000.0,223000000.0,223000000.0,223000000.0,0.0,0.0,0.294,270200000.0,259900000.0,74200000.0,0.0,7.62,41.963,43.071,540100000.0,0.0,103.93,11.964,12.016,481100000.0,482300000.0,758800000.0,758800000.0,84600000.0,,,,,50400000.0,185600000.0,1.0,331566867.0,333000000,345600000.0,2.279,4897300000.0,115100000.0,47000000.0,0.0,14.707,2042400000.0
18,ISRG,MRQ,2017-03-31,2017-03-31,2017-03-31,2021-10-20,-8000000.0,4808000000.0,,2167700000.0,2640300000.0,,12.295,-53000000.0,708600000.0,708600000.0,209800000.0,180800000.0,3.883,0.165,0.0,0.0,0.0,0.0,273300000.0,22700000.0,0.0,0.0,0.0,202100000.0,224800000.0,0.331,224800000.0,202100000.0,202100000.0,0.54,0.523,0.54,4127500000.0,,4127500000.0,28692455794.0,29.0,26.22,188500000.0,0.562,1.0,469800000.0,0.691,341300000.0,0.0,3199900000.0,,213500000.0,2438200000.0,756200000.0,1682000000.0,680500000.0,558200000.0,122300000.0,29729055794.0,-328000000.0,0.0,-1830900000.0,0.0,0.0,-1878300000.0,1308300000.0,1361300000.0,241500000.0,500000.0,180800000.0,180800000.0,180800000.0,0.0,0.0,0.266,276400000.0,193400000.0,74000000.0,0.0,7.203,37.983,37.369,497400000.0,0.0,85.163,10.649,10.241,412900000.0,263300000.0,679600000.0,679600000.0,73500000.0,,,,,47400000.0,202900000.0,1.0,349082811.0,335700000,346500000.0,2.024,4466700000.0,119600000.0,21300000.0,0.0,13.306,1609500000.0
19,ISRG,MRQ,2016-12-31,2016-12-31,2016-12-31,2021-10-20,-8900000.0,6486900000.0,,3250400000.0,3236500000.0,,16.632,-17800000.0,1036600000.0,1036600000.0,229000000.0,206400000.0,5.449,0.123,0.0,0.0,0.0,0.0,240600000.0,24100000.0,0.0,0.0,0.0,280600000.0,304700000.0,0.401,304700000.0,280600000.0,280600000.0,0.597,0.58,0.597,5777800000.0,,5777800000.0,23550591966.0,24.0,21.859,311900000.0,0.898,1.0,530000000.0,0.698,343900000.0,0.0,4509900000.0,,182300000.0,3801300000.0,1518000000.0,2283300000.0,709100000.0,596500000.0,112600000.0,24572191966.0,15000000.0,0.0,-3900000.0,0.0,0.0,-4700000.0,-309000000.0,-291200000.0,329700000.0,-1000000.0,206400000.0,206400000.0,206400000.0,0.0,0.0,0.272,261100000.0,268900000.0,68500000.0,0.0,4.253,33.282,32.881,458400000.0,0.0,70.463,9.079,8.974,430200000.0,1574900000.0,759000000.0,759000000.0,69100000.0,,,,,49700000.0,192000000.0,1.0,348723099.0,347400000,356400000.0,2.185,6143000000.0,150900000.0,74200000.0,0.0,17.683,2653900000.0
20,ISRG,MRQ,2016-09-30,2016-09-30,2016-09-30,2021-10-20,4000000.0,6174700000.0,,2911400000.0,3263300000.0,,15.911,-15100000.0,1021600000.0,1021600000.0,195900000.0,211000000.0,5.513,0.114,0.0,0.0,0.0,0.0,229600000.0,22300000.0,0.0,0.0,0.0,266800000.0,289100000.0,0.423,289100000.0,266800000.0,266800000.0,0.607,0.59,0.607,5541800000.0,,5541800000.0,26707645028.0,28.0,25.458,253700000.0,0.728,1.0,487000000.0,0.713,336900000.0,0.0,4288100000.0,,183500000.0,3539700000.0,1193700000.0,2346000000.0,632900000.0,528100000.0,104800000.0,27901145028.0,-171900000.0,0.0,101900000.0,0.0,0.0,100500000.0,-541300000.0,-526200000.0,268800000.0,100000.0,211000000.0,211000000.0,211000000.0,0.0,0.0,0.309,230600000.0,256400000.0,60600000.0,0.0,5.035,38.65,38.169,447300000.0,0.0,80.537,10.633,10.69,432000000.0,1402800000.0,682900000.0,682900000.0,62600000.0,,,,,54100000.0,168000000.0,1.0,346440276.0,348300000,357300000.0,1.961,5837800000.0,133100000.0,55800000.0,0.0,16.761,2383300000.0
21,ISRG,MRQ,2016-06-30,2016-06-30,2016-06-30,2021-10-20,9300000.0,5780800000.0,,2827400000.0,2953400000.0,,15.032,-11400000.0,1193500000.0,1193500000.0,199200000.0,184500000.0,5.776,0.116,0.0,0.0,0.0,0.0,228600000.0,22300000.0,0.0,0.0,0.0,253400000.0,275700000.0,0.411,275700000.0,253400000.0,253400000.0,0.536,0.523,0.536,5181500000.0,,5181500000.0,24193005353.0,27.0,24.757,250300000.0,0.726,1.0,470900000.0,0.703,345400000.0,0.0,3752400000.0,,169200000.0,3031400000.0,990300000.0,2041100000.0,599300000.0,489500000.0,109800000.0,25173505353.0,213000000.0,0.0,189700000.0,0.0,0.0,188500000.0,-237200000.0,-225800000.0,261700000.0,0.0,184500000.0,184500000.0,184500000.0,0.0,0.0,0.275,225500000.0,245400000.0,64800000.0,0.0,4.858,37.118,36.708,440100000.0,0.0,73.49,9.947,10.009,403800000.0,1193000000.0,670100000.0,670100000.0,54700000.0,,,,,50100000.0,170800000.0,1.0,342543276.0,344700000,352800000.0,1.944,5435400000.0,126800000.0,68900000.0,0.0,15.768,2337900000.0
22,ISRG,MRQ,2016-03-31,2016-03-31,2016-03-31,2021-10-20,1300000.0,5306300000.0,,2406400000.0,2899900000.0,,14.001,-9600000.0,980500000.0,980500000.0,189500000.0,136400000.0,5.313,0.117,0.0,0.0,0.0,0.0,225300000.0,23400000.0,0.0,0.0,0.0,184500000.0,207900000.0,0.35,207900000.0,184500000.0,184500000.0,0.402,0.393,0.402,4750400000.0,,4750400000.0,21752816693.0,27.0,24.143,217200000.0,0.64,1.0,405000000.0,0.681,332600000.0,0.0,3540300000.0,,163000000.0,2820600000.0,827900000.0,1992700000.0,555900000.0,452900000.0,103000000.0,22467416693.0,265900000.0,0.0,250700000.0,0.0,0.0,230100000.0,-191900000.0,-182300000.0,226800000.0,900000.0,136400000.0,136400000.0,136400000.0,0.0,0.0,0.229,226000000.0,179000000.0,57900000.0,0.0,4.73,35.765,35.694,439000000.0,0.0,66.783,9.182,9.261,325900000.0,1009600000.0,594500000.0,594500000.0,53200000.0,,,,,53500000.0,172800000.0,1.0,336422511.0,339300000,346500000.0,1.752,4973700000.0,135600000.0,48100000.0,0.0,14.659,1953500000.0
23,ISRG,MRQ,2015-12-31,2015-12-31,2015-12-31,2021-10-20,-9500000.0,4907300000.0,,2195500000.0,2711800000.0,,12.833,-19700000.0,714600000.0,714600000.0,217700000.0,190000000.0,4.463,0.136,0.0,0.0,0.0,0.0,225600000.0,24600000.0,0.0,0.0,0.0,251800000.0,276400000.0,0.409,276400000.0,251800000.0,251800000.0,0.566,0.554,0.566,4319500000.0,,4319500000.0,19539183094.0,26.0,23.041,298000000.0,0.885,1.0,458800000.0,0.678,323900000.0,0.0,3376900000.0,,167900000.0,2633200000.0,845200000.0,1788000000.0,587800000.0,491900000.0,95900000.0,20407383094.0,-153600000.0,0.0,-17100000.0,0.0,0.0,-58100000.0,-413100000.0,-393400000.0,317700000.0,-100000.0,190000000.0,190000000.0,190000000.0,0.0,0.0,0.281,212900000.0,245900000.0,52600000.0,0.0,4.724,34.659,34.421,432100000.0,0.0,60.684,8.559,8.498,394300000.0,899200000.0,676500000.0,676500000.0,52600000.0,,,,,71800000.0,160300000.0,1.0,336286890.0,336600000,343800000.0,2.01,4583400000.0,167800000.0,61800000.0,0.0,13.617,1703600000.0
24,ISRG,MRQ,2015-09-30,2015-09-30,2015-09-30,2021-10-20,-2700000.0,4682300000.0,,2398800000.0,2283500000.0,,12.259,-28500000.0,868200000.0,868200000.0,193900000.0,167300000.0,5.012,0.138,0.0,0.0,0.0,0.0,225000000.0,23600000.0,0.0,0.0,0.0,193600000.0,217200000.0,0.368,217200000.0,193600000.0,193600000.0,0.499,0.489,0.499,4115200000.0,,4115200000.0,16086371242.0,23.0,20.711,151200000.0,0.45,1.0,395800000.0,0.671,331100000.0,0.0,3004400000.0,,194000000.0,2257000000.0,871500000.0,1385500000.0,567100000.0,478600000.0,88500000.0,17001771242.0,-47200000.0,0.0,101000000.0,0.0,0.0,112400000.0,-338800000.0,-310300000.0,179700000.0,-500000.0,167300000.0,167300000.0,167300000.0,0.0,0.0,0.284,205900000.0,189900000.0,58000000.0,0.0,4.131,31.162,31.059,427300000.0,0.0,51.03,7.352,7.408,334700000.0,785700000.0,589700000.0,589700000.0,51000000.0,,,,,39200000.0,154900000.0,1.0,333172080.0,335700000,342000000.0,1.757,4351200000.0,167300000.0,26300000.0,0.0,12.962,1920200000.0
25,ISRG,MRQ,2015-06-30,2015-06-30,2015-06-30,2021-10-20,-6400000.0,4354500000.0,,2163200000.0,2191300000.0,,11.42,-13600000.0,915400000.0,915400000.0,199600000.0,134500000.0,4.56,0.148,0.0,0.0,0.0,0.0,216800000.0,21100000.0,0.0,0.0,0.0,178400000.0,199500000.0,0.34,199500000.0,178400000.0,178400000.0,0.404,0.396,0.404,3792700000.0,,3792700000.0,17156608268.0,26.0,23.169,171500000.0,0.516,1.0,386500000.0,0.659,326700000.0,0.0,2638000000.0,,201300000.0,1953200000.0,646100000.0,1307100000.0,561800000.0,474400000.0,87400000.0,17857708268.0,214300000.0,0.0,28000000.0,0.0,0.0,38800000.0,-9900000.0,3700000.0,185100000.0,300000.0,134500000.0,134500000.0,134500000.0,0.0,0.0,0.229,212700000.0,173800000.0,64700000.0,0.0,4.708,35.573,35.277,408600000.0,0.0,53.833,7.856,7.865,321500000.0,651300000.0,586100000.0,586100000.0,49400000.0,,,,,39300000.0,163300000.0,1.0,331722135.0,332100000,340200000.0,1.765,4027800000.0,174800000.0,43900000.0,0.0,12.128,1688800000.0
26,ISRG,MRQ,2015-03-31,2015-03-31,2015-03-31,2021-10-20,-1200000.0,4126200000.0,,1959300000.0,2166900000.0,,10.855,-19200000.0,701100000.0,701100000.0,195300000.0,97000000.0,4.288,0.151,0.0,0.0,0.0,0.0,212000000.0,20200000.0,0.0,0.0,0.0,134700000.0,154900000.0,0.291,154900000.0,134700000.0,134700000.0,0.293,0.286,0.293,3585400000.0,,3585400000.0,17883696489.0,29.0,25.519,104500000.0,0.316,1.0,336800000.0,0.633,318300000.0,0.0,2649900000.0,,202400000.0,1965900000.0,661100000.0,1304800000.0,540800000.0,456900000.0,83900000.0,18483996489.0,100800000.0,0.0,65500000.0,0.0,0.0,66000000.0,-87700000.0,-68500000.0,123700000.0,-1200000.0,97000000.0,97000000.0,97000000.0,0.0,0.0,0.182,206400000.0,130400000.0,67900000.0,0.0,5.155,39.203,39.131,404700000.0,0.0,56.114,8.405,8.428,292400000.0,562300000.0,532100000.0,532100000.0,44400000.0,,,,,39100000.0,162000000.0,1.0,329398191.0,330300000,339300000.0,1.611,3807900000.0,167500000.0,37700000.0,0.0,11.529,1502400000.0
27,ISRG,MRQ,2014-12-31,2014-12-31,2014-12-31,2021-10-20,-5100000.0,3959400000.0,,1811900000.0,2147500000.0,,10.344,-65200000.0,600300000.0,600300000.0,211300000.0,146800000.0,3.615,0.172,0.0,0.0,0.0,0.0,216600000.0,20300000.0,0.0,0.0,0.0,184800000.0,205100000.0,0.339,205100000.0,184800000.0,184800000.0,0.447,0.437,0.447,3379400000.0,,3379400000.0,18682103788.0,34.0,29.968,129000000.0,0.395,1.0,393400000.0,0.651,324300000.0,0.0,2533600000.0,,181700000.0,1896700000.0,632200000.0,1264500000.0,580000000.0,501200000.0,78800000.0,19175103788.0,107300000.0,-1400000.0,107600000.0,0.0,0.0,116400000.0,-203500000.0,-136900000.0,194200000.0,200000.0,146800000.0,146800000.0,146800000.0,0.0,0.0,0.243,207300000.0,186100000.0,61600000.0,0.0,5.674,45.786,46.607,387400000.0,0.0,58.771,8.995,9.156,315100000.0,487700000.0,604700000.0,604700000.0,47300000.0,,,,,38500000.0,160000000.0,1.0,326267505.0,326700000,333900000.0,1.851,3635100000.0,171300000.0,38000000.0,0.0,11.127,1310700000.0
28,ISRG,MRQ,2014-09-30,2014-09-30,2014-09-30,2021-10-20,1400000.0,3651500000.0,,1591900000.0,2059600000.0,,9.493,-13800000.0,493000000.0,493000000.0,189500000.0,123700000.0,3.313,0.184,0.0,0.0,0.0,0.0,217800000.0,19900000.0,0.0,0.0,0.0,161100000.0,181000000.0,0.329,181000000.0,161100000.0,161100000.0,0.381,0.372,0.381,3084200000.0,,3084200000.0,16095569759.0,28.0,24.728,136800000.0,0.421,1.0,360600000.0,0.656,332600000.0,0.0,2345400000.0,,198900000.0,1769700000.0,521300000.0,1248400000.0,567300000.0,480500000.0,86800000.0,16603169759.0,-14600000.0,-1700000.0,85500000.0,0.0,0.0,94600000.0,-258700000.0,-243200000.0,150600000.0,-1100000.0,123700000.0,123700000.0,123700000.0,0.0,0.0,0.225,201500000.0,159100000.0,53600000.0,0.0,5.383,37.889,39.2,335400000.0,0.0,51.313,7.894,7.927,259100000.0,341000000.0,550100000.0,550100000.0,47500000.0,,,,,42800000.0,154000000.0,1.0,323564436.0,324900000,332100000.0,1.693,3318900000.0,176600000.0,37400000.0,0.0,10.215,1111400000.0
29,ISRG,MRQ,2014-06-30,2014-06-30,2014-06-30,2021-10-20,600000.0,3404600000.0,,1533400000.0,1871200000.0,,8.499,-18500000.0,507600000.0,507600000.0,167800000.0,104000000.0,3.092,0.206,0.0,0.0,0.0,0.0,225100000.0,17200000.0,0.0,0.0,0.0,142600000.0,159800000.0,0.312,159800000.0,142600000.0,142600000.0,0.313,0.308,0.313,2822400000.0,,2822400000.0,15000624305.0,25.0,22.571,135500000.0,0.408,1.0,344400000.0,0.672,336000000.0,0.0,2065100000.0,,202400000.0,1535800000.0,471000000.0,1064800000.0,582200000.0,495900000.0,86300000.0,15814624305.0,-306400000.0,-68700000.0,-975800000.0,0.0,0.0,-974000000.0,513600000.0,600800000.0,154000000.0,0.0,104000000.0,104000000.0,104000000.0,0.0,0.0,0.203,201400000.0,143000000.0,58900000.0,0.0,5.603,33.555,33.18,326700000.0,0.0,45.756,7.707,7.405,271100000.0,312200000.0,512200000.0,512200000.0,40200000.0,,,,,38900000.0,161200000.0,1.0,345632877.0,332100000,338400000.0,1.542,3068600000.0,182600000.0,38600000.0,0.0,9.24,1037500000.0
30,ISRG,MRQ,2014-03-31,2014-03-31,2014-03-31,2021-10-20,3800000.0,4194200000.0,,2077600000.0,2116600000.0,,10.608,-8100000.0,814000000.0,814000000.0,149300000.0,44300000.0,4.521,0.147,0.0,0.0,0.0,0.0,226500000.0,17000000.0,0.0,0.0,0.0,60500000.0,77500000.0,0.167,77500000.0,60500000.0,60500000.0,0.129,0.126,0.129,3656600000.0,,3656600000.0,15936569149.0,24.0,21.414,158200000.0,0.459,1.0,315400000.0,0.679,259900000.0,0.0,2660800000.0,,185500000.0,2149600000.0,745300000.0,1404300000.0,537600000.0,459500000.0,78100000.0,16718669149.0,31900000.0,-12500000.0,66300000.0,0.0,0.0,70600000.0,-205300000.0,-184700000.0,166300000.0,300000.0,44300000.0,44300000.0,44300000.0,0.0,0.0,0.095,258800000.0,56600000.0,57000000.0,0.0,4.572,31.76,32.25,320800000.0,0.0,48.666,7.892,7.919,239100000.0,1023700000.0,464700000.0,464700000.0,43000000.0,,,,,38600000.0,215800000.0,1.0,343542141.0,344700000,351900000.0,1.348,3934300000.0,166500000.0,16200000.0,0.0,11.414,1618100000.0
31,ISRG,MRQ,2013-12-31,2013-12-31,2013-12-31,2021-10-20,2100000.0,3950300000.0,,1932400000.0,2017900000.0,,10.238,-28900000.0,782100000.0,782100000.0,178200000.0,166200000.0,5.073,0.128,0.0,0.0,0.0,0.0,200100000.0,18100000.0,0.0,0.0,0.0,214500000.0,232600000.0,0.404,232600000.0,214500000.0,214500000.0,0.486,0.474,0.486,3501400000.0,,3501400000.0,14032891407.0,16.0,14.957,200200000.0,0.585,1.0,398000000.0,0.691,231500000.0,0.0,2555800000.0,,179600000.0,1971800000.0,621400000.0,1350400000.0,448900000.0,380900000.0,68000000.0,14619691407.0,195300000.0,0.0,22700000.0,0.0,0.0,29600000.0,-63200000.0,-34300000.0,229100000.0,-200000.0,166200000.0,166200000.0,166200000.0,0.0,0.0,0.288,189400000.0,208600000.0,46200000.0,0.0,4.175,21.788,22.437,309900000.0,0.0,42.676,6.454,6.647,301400000.0,979400000.0,576200000.0,576200000.0,41700000.0,,,,,39500000.0,147700000.0,1.0,342577647.0,342000000,350100000.0,1.685,3718800000.0,135700000.0,48300000.0,0.0,10.874,1551500000.0
32,ISRG,MRQ,2013-09-30,2013-09-30,2013-09-30,2021-10-20,400000.0,3697400000.0,,1733500000.0,1963900000.0,,9.396,-34000000.0,586800000.0,586800000.0,142300000.0,156800000.0,4.72,0.133,0.0,0.0,0.0,0.0,192600000.0,16600000.0,0.0,0.0,0.0,178100000.0,194700000.0,0.39,194700000.0,178100000.0,178100000.0,0.451,0.443,0.451,3264300000.0,,3264300000.0,14508945954.0,16.0,14.915,169800000.0,0.489,1.0,356700000.0,0.715,228700000.0,0.0,2514600000.0,,200100000.0,1945500000.0,626100000.0,1319400000.0,433100000.0,367300000.0,65800000.0,14941645954.0,154100000.0,0.0,-668000000.0,0.0,0.0,-663400000.0,613200000.0,647200000.0,203800000.0,500000.0,156800000.0,156800000.0,156800000.0,0.0,0.0,0.314,182500000.0,174200000.0,62000000.0,0.0,4.577,21.983,21.958,294200000.0,0.0,41.808,6.501,6.32,280600000.0,813200000.0,499000000.0,499000000.0,43200000.0,,,,,49700000.0,139300000.0,1.0,357389145.0,347400000,353700000.0,1.436,3468700000.0,131500000.0,21300000.0,0.0,9.985,1366200000.0
33,ISRG,MRQ,2013-06-30,2013-06-30,2013-06-30,2021-10-20,-2100000.0,4201300000.0,,1861000000.0,2340300000.0,,10.356,-25000000.0,432700000.0,432700000.0,173300000.0,159100000.0,4.761,0.13,0.0,0.0,0.0,0.0,196700000.0,16600000.0,0.0,0.0,0.0,222800000.0,239400000.0,0.414,239400000.0,222800000.0,222800000.0,0.443,0.433,0.443,3718800000.0,,3718800000.0,19899278387.0,21.0,19.722,164100000.0,0.457,1.0,405200000.0,0.7,229500000.0,0.0,3148200000.0,,169300000.0,2594500000.0,857500000.0,1737000000.0,482500000.0,390900000.0,91600000.0,20326778387.0,5200000.0,0.0,-246900000.0,0.0,0.0,-241000000.0,57000000.0,82000000.0,189100000.0,100000.0,159100000.0,159100000.0,159100000.0,0.0,0.0,0.275,186700000.0,218500000.0,67200000.0,0.0,5.466,28.783,28.648,267600000.0,0.0,56.237,8.698,8.641,358600000.0,1292900000.0,578500000.0,578500000.0,41200000.0,,,,,38700000.0,145500000.0,1.0,361449198.0,359100000,367200000.0,1.611,3971800000.0,115700000.0,63700000.0,0.0,11.06,1470100000.0
34,ISRG,MRQ,2013-03-31,2013-03-31,2013-03-31,2021-10-20,8100000.0,4235800000.0,,1894700000.0,2341100000.0,,10.4,-16700000.0,427500000.0,427500000.0,177100000.0,188900000.0,5.018,0.123,0.0,0.0,0.0,0.0,192100000.0,16000000.0,0.0,0.0,0.0,255500000.0,271500000.0,0.444,271500000.0,255500000.0,255500000.0,0.521,0.507,0.521,3772200000.0,,3772200000.0,19156301760.0,20.0,18.914,241300000.0,0.665,1.0,434300000.0,0.71,237800000.0,0.0,3192900000.0,,135500000.0,2688500000.0,930700000.0,1757800000.0,463600000.0,377600000.0,86000000.0,19710001760.0,-126200000.0,0.0,-56400000.0,0.0,0.0,-35800000.0,-348000000.0,-331300000.0,258000000.0,-400000.0,188900000.0,188900000.0,188900000.0,0.0,0.0,0.309,183100000.0,251200000.0,67900000.0,0.0,5.225,28.077,27.974,249900000.0,0.0,54.577,8.588,8.625,345100000.0,1385600000.0,611400000.0,611400000.0,41600000.0,,,,,37500000.0,141500000.0,1.0,361143378.0,362700000,372600000.0,1.686,3998000000.0,105000000.0,66600000.0,0.0,11.023,1517100000.0
35,ISRG,MRQ,2012-12-31,2012-12-31,2012-12-31,2021-10-20,6600000.0,4059200000.0,,1892800000.0,2166400000.0,,9.995,-70700000.0,553700000.0,553700000.0,171400000.0,174900000.0,4.713,0.134,0.0,0.0,0.0,0.0,185700000.0,15400000.0,0.0,0.0,0.0,251800000.0,267200000.0,0.439,267200000.0,251800000.0,251800000.0,0.489,0.473,0.489,3580100000.0,,3580100000.0,19102475971.0,21.0,20.072,156100000.0,0.436,1.0,437900000.0,0.719,241500000.0,0.0,2862400000.0,,121500000.0,2366800000.0,770700000.0,1596100000.0,479100000.0,401600000.0,77500000.0,19498675971.0,157500000.0,15000000.0,33600000.0,0.0,0.0,73100000.0,-142700000.0,-87000000.0,226800000.0,300000.0,174900000.0,174900000.0,174900000.0,0.0,0.0,0.287,189800000.0,248100000.0,57600000.0,0.0,5.446,29.696,29.725,241800000.0,0.0,54.486,8.949,8.958,370300000.0,1333400000.0,609300000.0,609300000.0,41700000.0,,,,,37900000.0,148100000.0,1.0,357868719.0,358200000,369900000.0,1.701,3817700000.0,96300000.0,76900000.0,0.0,10.658,1491200000.0
36,ISRG,MRQ,2012-09-30,2012-09-30,2012-09-30,2021-10-20,5800000.0,3732200000.0,,1653100000.0,2079100000.0,,9.172,12900000.0,396200000.0,396200000.0,147700000.0,183300000.0,4.53,0.133,0.0,0.0,0.0,0.0,171800000.0,15200000.0,0.0,0.0,0.0,215700000.0,230900000.0,0.429,230900000.0,215700000.0,215700000.0,0.51,0.496,0.51,3293500000.0,,3293500000.0,19308151861.0,23.0,21.451,224500000.0,0.625,1.0,390100000.0,0.725,207900000.0,0.0,2763200000.0,,125800000.0,2304900000.0,745200000.0,1559700000.0,438700000.0,364900000.0,73800000.0,19792551861.0,-88200000.0,-42600000.0,-131900000.0,0.0,0.0,-121900000.0,-177900000.0,-148200000.0,211600000.0,0.0,183300000.0,183300000.0,183300000.0,0.0,0.0,0.341,178700000.0,211400000.0,56100000.0,0.0,6.01,31.273,31.06,223400000.0,0.0,55.07,9.579,9.571,336200000.0,1208800000.0,537800000.0,537800000.0,49700000.0,,,,,47400000.0,129000000.0,1.0,359407152.0,359100000,369900000.0,1.498,3524300000.0,95200000.0,32400000.0,0.0,9.814,1288200000.0
37,ISRG,MRQ,2012-06-30,2012-06-30,2012-06-30,2021-10-20,3600000.0,3626100000.0,,1703300000.0,1922800000.0,,8.862,-8100000.0,484400000.0,484400000.0,150100000.0,154900000.0,4.911,0.139,0.0,0.0,0.0,0.0,168200000.0,13900000.0,0.0,0.0,0.0,229300000.0,243200000.0,0.453,243200000.0,229300000.0,229300000.0,0.431,0.417,0.431,3182400000.0,,3182400000.0,21660837271.0,27.0,25.143,202700000.0,0.564,1.0,386400000.0,0.72,213400000.0,0.0,2581500000.0,,119400000.0,2146800000.0,728100000.0,1418700000.0,443700000.0,346800000.0,96900000.0,21986737271.0,158500000.0,0.0,40400000.0,0.0,0.0,64900000.0,-116900000.0,-108800000.0,210800000.0,-300000.0,154900000.0,154900000.0,154900000.0,0.0,0.0,0.289,161100000.0,225300000.0,54600000.0,0.0,6.909,38.438,38.195,216100000.0,0.0,61.532,11.131,11.187,323200000.0,1185800000.0,536500000.0,536500000.0,40200000.0,,,,,33300000.0,120900000.0,1.0,357320709.0,359100000,371700000.0,1.494,3412700000.0,82000000.0,74400000.0,0.0,9.503,1356500000.0
38,ISRG,MRQ,2012-03-31,2012-03-31,2012-03-31,2021-10-20,1500000.0,3332900000.0,,1436100000.0,1896800000.0,,8.234,-48300000.0,325900000.0,325900000.0,139300000.0,143500000.0,4.579,0.139,0.0,0.0,0.0,0.0,160500000.0,13300000.0,0.0,0.0,0.0,197100000.0,210400000.0,0.425,210400000.0,197100000.0,197100000.0,0.403,0.389,0.403,2927300000.0,,2927300000.0,20850103532.0,28.0,26.007,116700000.0,0.328,1.0,355900000.0,0.719,219500000.0,0.0,2473900000.0,,118800000.0,2045100000.0,645400000.0,1399700000.0,405600000.0,313600000.0,92000000.0,21315903532.0,-139900000.0,0.0,82900000.0,0.0,0.0,103100000.0,-408200000.0,-359900000.0,165000000.0,200000.0,143500000.0,143500000.0,143500000.0,0.0,0.0,0.29,162600000.0,193300000.0,49800000.0,0.0,7.282,39.88,39.811,210100000.0,0.0,60.194,11.433,11.478,299700000.0,1045400000.0,495200000.0,495200000.0,38400000.0,,,,,34400000.0,124200000.0,1.0,354117456.0,355500000,369000000.0,1.393,3113400000.0,73900000.0,53600000.0,0.0,8.758,1122500000.0
39,ISRG,MRQ,2011-12-31,2011-12-31,2011-12-31,2021-10-20,900000.0,3063100000.0,,1466300000.0,1596800000.0,,7.499,-15200000.0,465800000.0,465800000.0,133900000.0,151200000.0,4.574,0.158,0.0,0.0,0.0,0.0,154200000.0,12500000.0,0.0,0.0,0.0,203100000.0,215600000.0,0.434,215600000.0,203100000.0,203100000.0,0.429,0.419,0.429,2645600000.0,,2645600000.0,17756519821.0,25.0,23.481,198500000.0,0.563,1.0,362900000.0,0.73,187900000.0,0.0,2088800000.0,,112100000.0,1706000000.0,563400000.0,1142600000.0,417500000.0,320600000.0,96900000.0,18054719821.0,167600000.0,0.0,79000000.0,0.0,0.0,92900000.0,-138400000.0,-123200000.0,213700000.0,-600000.0,151200000.0,151200000.0,151200000.0,0.0,0.0,0.304,163400000.0,199500000.0,45800000.0,0.0,6.824,36.467,36.668,197200000.0,0.0,51.446,10.274,10.328,297900000.0,901900000.0,496800000.0,496800000.0,41400000.0,,,,,33100000.0,122000000.0,1.0,350948097.0,352800000,361800000.0,1.408,2875200000.0,75300000.0,51900000.0,0.0,8.15,1145700000.0
40,ISRG,MRQ,2011-09-30,2011-09-30,2011-09-30,2021-10-20,1500000.0,2746000000.0,,1311900000.0,1434100000.0,,6.732,-14500000.0,298200000.0,298200000.0,121200000.0,122400000.0,4.618,0.159,0.0,0.0,0.0,0.0,143700000.0,11500000.0,0.0,0.0,0.0,180800000.0,192300000.0,0.43,192300000.0,180800000.0,180800000.0,0.348,0.339,0.348,2369000000.0,,2369000000.0,13855201504.0,21.0,19.553,143100000.0,0.407,1.0,325500000.0,0.729,192300000.0,0.0,1971400000.0,,108600000.0,1589100000.0,612400000.0,976700000.0,377000000.0,284100000.0,92900000.0,14237201504.0,-83800000.0,0.0,-90700000.0,0.0,0.0,-70200000.0,-170800000.0,-156300000.0,157600000.0,-400000.0,122400000.0,122400000.0,122400000.0,0.0,0.0,0.274,146600000.0,178900000.0,43200000.0,0.0,6.01,30.611,30.687,196000000.0,0.0,40.476,8.63,8.633,265100000.0,750700000.0,446700000.0,446700000.0,35400000.0,,,,,29500000.0,111200000.0,1.0,351748143.0,351900000,360900000.0,1.269,2553700000.0,73900000.0,58400000.0,0.0,7.257,1027800000.0
41,ISRG,MRQ,2011-06-30,2011-06-30,2011-06-30,2021-10-20,2600000.0,2649900000.0,,1365300000.0,1284600000.0,,6.487,-38500000.0,382000000.0,382000000.0,119100000.0,117400000.0,4.983,0.158,0.0,0.0,0.0,0.0,134300000.0,11200000.0,0.0,0.0,0.0,172200000.0,183400000.0,0.431,183400000.0,172200000.0,172200000.0,0.332,0.323,0.332,2288500000.0,,2288500000.0,14169643168.0,23.0,21.349,162400000.0,0.46,1.0,306600000.0,0.72,185000000.0,0.0,1808900000.0,,100100000.0,1440000000.0,611900000.0,828100000.0,361400000.0,274000000.0,87400000.0,14619443168.0,-67800000.0,0.0,-107400000.0,0.0,0.0,-96700000.0,-172000000.0,-133500000.0,200900000.0,0.0,117400000.0,117400000.0,117400000.0,0.0,0.0,0.276,138500000.0,168100000.0,37500000.0,0.0,6.388,34.054,34.001,194200000.0,0.0,41.346,9.447,9.426,250300000.0,798500000.0,425700000.0,425700000.0,32000000.0,,,,,33600000.0,106500000.0,1.0,353591649.0,352800000,352800000.0,1.207,2464900000.0,81300000.0,54800000.0,0.0,6.987,1091300000.0
42,ISRG,MRQ,2011-03-31,2011-03-31,2011-03-31,2021-10-20,-700000.0,2568300000.0,,1483600000.0,1084700000.0,,6.34,-14700000.0,449800000.0,449800000.0,109300000.0,104100000.0,5.88,0.151,0.0,0.0,0.0,0.0,130300000.0,11300000.0,0.0,0.0,0.0,153600000.0,164900000.0,0.425,164900000.0,153600000.0,153600000.0,0.296,0.288,0.296,2230900000.0,,2230900000.0,12680627092.0,21.0,19.992,90700000.0,0.258,1.0,278800000.0,0.718,189400000.0,0.0,1676800000.0,,93300000.0,1307200000.0,640000000.0,667200000.0,337400000.0,252300000.0,85100000.0,12960427092.0,170000000.0,0.0,47900000.0,0.0,0.0,61600000.0,2200000.0,16900000.0,105400000.0,800000.0,104100000.0,104100000.0,104100000.0,0.0,0.0,0.268,130500000.0,148300000.0,43200000.0,0.0,5.81,32.353,32.673,162600000.0,0.0,37.051,8.802,8.855,259900000.0,812000000.0,388100000.0,388100000.0,31400000.0,,,,,30000000.0,99100000.0,1.0,349798608.0,351900000,361800000.0,1.103,2378900000.0,73900000.0,49500000.0,0.0,6.76,1231300000.0
43,ISRG,MRQ,2010-12-31,2010-12-31,2010-12-31,2021-10-20,1600000.0,2390400000.0,,1275800000.0,1114600000.0,,5.775,-9400000.0,279800000.0,279800000.0,107200000.0,121200000.0,4.66,0.173,0.0,0.0,0.0,0.0,126100000.0,10800000.0,0.0,0.0,0.0,157200000.0,168000000.0,0.432,168000000.0,157200000.0,157200000.0,0.343,0.336,0.343,2037400000.0,,2037400000.0,9745873850.0,17.0,15.906,132300000.0,0.375,1.0,282100000.0,0.725,183000000.0,0.0,1653800000.0,,86800000.0,1329100000.0,630600000.0,698500000.0,353000000.0,273800000.0,79200000.0,10127873850.0,-102200000.0,0.0,-131500000.0,0.0,0.0,-122600000.0,-120900000.0,-111500000.0,141700000.0,-400000.0,121200000.0,121200000.0,121200000.0,0.0,0.0,0.311,128400000.0,153700000.0,35600000.0,0.0,4.971,26.527,26.468,159800000.0,0.0,28.639,7.168,7.151,246800000.0,718900000.0,389300000.0,389300000.0,32600000.0,,,,,29600000.0,95800000.0,1.0,353640600.0,352800000,360000000.0,1.103,2207400000.0,81800000.0,36000000.0,0.0,6.257,1002000000.0
44,ISRG,MRQ,2010-09-30,2010-09-30,2010-09-30,2021-10-20,700000.0,2351800000.0,,1301500000.0,1050300000.0,,5.664,-50100000.0,382000000.0,382000000.0,93800000.0,86600000.0,4.869,0.171,0.0,0.0,0.0,0.0,116800000.0,10300000.0,0.0,0.0,0.0,137100000.0,147400000.0,0.428,147400000.0,137100000.0,137100000.0,0.244,0.238,0.244,2008300000.0,,2008300000.0,10745877783.0,20.0,18.338,62900000.0,0.177,1.0,250600000.0,0.728,187500000.0,0.0,1515000000.0,,85000000.0,1238600000.0,598900000.0,639700000.0,343500000.0,267300000.0,76200000.0,11165877783.0,-38000000.0,0.0,-41900000.0,0.0,0.0,-32500000.0,-119200000.0,-69100000.0,113000000.0,700000.0,86600000.0,86600000.0,86600000.0,0.0,0.0,0.251,118500000.0,132100000.0,35700000.0,0.0,5.56,33.016,32.704,156600000.0,0.0,31.527,8.291,8.301,207900000.0,720100000.0,344400000.0,344400000.0,26900000.0,,,,,29800000.0,91600000.0,1.0,354172482.0,354600000,364500000.0,0.971,2164300000.0,72600000.0,50500000.0,0.0,6.103,1034200000.0
45,ISRG,MRQ,2010-06-30,2010-06-30,2010-06-30,2021-10-20,700000.0,2243100000.0,,1264100000.0,979000000.0,,5.441,-20300000.0,420000000.0,420000000.0,93900000.0,88700000.0,5.196,0.166,0.0,0.0,0.0,0.0,107600000.0,9800000.0,0.0,0.0,0.0,144200000.0,154000000.0,0.439,154000000.0,144200000.0,144200000.0,0.251,0.243,0.251,1924400000.0,,1924400000.0,12047993751.0,23.0,21.657,155200000.0,0.439,1.0,256800000.0,0.732,160500000.0,0.0,1419300000.0,,74000000.0,1168200000.0,547900000.0,620300000.0,318700000.0,243300000.0,75400000.0,12361593751.0,106400000.0,0.0,23400000.0,0.0,0.0,38100000.0,-106600000.0,-86300000.0,175500000.0,-600000.0,88700000.0,88700000.0,88700000.0,0.0,0.0,0.253,117100000.0,139700000.0,41600000.0,0.0,6.424,39.107,38.622,144400000.0,0.0,35.069,9.639,9.672,194700000.0,685700000.0,350700000.0,350700000.0,28500000.0,,,,,29000000.0,88600000.0,1.0,352494594.0,353700000,364500000.0,0.992,2082600000.0,60400000.0,55500000.0,0.0,5.888,1020800000.0
46,ISRG,MRQ,2010-03-31,2010-03-31,2010-03-31,2021-10-20,2200000.0,2016600000.0,,1019500000.0,997100000.0,,5.069,-16200000.0,313600000.0,313600000.0,88100000.0,85300000.0,5.866,0.139,0.0,0.0,0.0,0.0,103300000.0,9500000.0,0.0,0.0,0.0,133800000.0,143300000.0,0.436,143300000.0,133800000.0,133800000.0,0.244,0.236,0.244,1770000000.0,,1770000000.0,13183171139.0,27.0,25.549,99400000.0,0.285,1.0,240500000.0,0.732,163100000.0,0.0,1366100000.0,,68500000.0,1081900000.0,429800000.0,652100000.0,246600000.0,173800000.0,72800000.0,13404608139.0,92200000.0,0.0,92500000.0,0.0,0.0,124700000.0,-147600000.0,-131400000.0,115600000.0,-500000.0,85300000.0,85300000.0,85300000.0,0.0,0.0,0.26,110800000.0,129700000.0,34400000.0,0.0,7.573,46.255,46.049,132900000.0,0.0,38.681,11.242,11.328,180200000.0,597000000.0,328600000.0,328600000.0,28000000.0,,,,,21900000.0,82800000.0,1.0,346541445.0,349200000,361800000.0,0.941,1853500000.0,55700000.0,48500000.0,0.0,5.308,845700000.0
47,ISRG,MRQ,2009-12-31,2009-12-31,2009-12-31,2021-10-20,1300000.0,1809700000.0,,847100000.0,962600000.0,,4.46,-7700000.0,221400000.0,221400000.0,89900000.0,77600000.0,4.177,0.177,0.0,0.0,0.0,0.0,99400000.0,8700000.0,0.0,0.0,0.0,132600000.0,141300000.0,0.437,141300000.0,132600000.0,132600000.0,0.224,0.218,0.224,1537300000.0,,1537300000.0,11382461990.0,29.0,26.428,115100000.0,0.334,1.0,233200000.0,0.722,166900000.0,0.0,1218600000.0,,57600000.0,950600000.0,334000000.0,616600000.0,272400000.0,202800000.0,69600000.0,11588556990.0,15300000.0,0.0,25000000.0,0.0,0.0,40900000.0,-148300000.0,-140600000.0,122800000.0,-100000.0,77600000.0,77600000.0,77600000.0,0.0,0.0,0.24,104800000.0,128400000.0,27600000.0,0.0,7.538,49.822,50.021,125700000.0,0.0,33.714,11.014,11.045,205400000.0,511700000.0,323100000.0,323100000.0,25800000.0,,,,,24100000.0,79000000.0,1.0,343726767.0,344700000,325800000.0,0.937,1642800000.0,60700000.0,55000000.0,0.0,4.766,644300000.0
48,ISRG,MRQ,2009-09-30,2009-09-30,2009-09-30,2021-10-20,1205000.0,1637811000.0,,781225000.0,856586000.0,,4.054,-5400000.0,206095000.0,206095000.0,81100000.0,64500000.0,4.209,0.178,0.0,0.0,0.0,0.0,90697000.0,8900000.0,0.0,0.0,0.0,108800000.0,117700000.0,0.42,117700000.0,108800000.0,108800000.0,0.188,0.182,0.188,1390262000.0,,1390262000.0,9774943323.0,28.0,25.378,90900000.0,0.265,1.0,199000000.0,0.71,170851000.0,0.0,1075266000.0,,56646000.0,817889000.0,306702000.0,511187000.0,247549000.0,185599000.0,61950000.0,9948364323.0,32700000.0,0.0,21700000.0,0.0,0.0,29900000.0,-93800000.0,-88400000.0,96300000.0,300000.0,64500000.0,64500000.0,64500000.0,0.0,0.0,0.23,94500000.0,104500000.0,24968000.0,0.0,7.156,48.353,48.891,122865000.0,0.0,29.139,10.356,10.401,186530000.0,434164000.0,280100000.0,280100000.0,24600000.0,,,,,24300000.0,69900000.0,1.0,341411931.0,342900000,352800000.0,0.817,1466960000.0,60257000.0,44300000.0,0.0,4.278,595626000.0
49,ISRG,MRQ,2009-06-30,2009-06-30,2009-06-30,2021-10-20,794000.0,1501282000.0,,638058000.0,863224000.0,,3.727,-12800000.0,173421000.0,173421000.0,70400000.0,62400000.0,3.565,0.181,0.0,0.0,0.0,0.0,88215000.0,9000000.0,0.0,0.0,0.0,104700000.0,113700000.0,0.436,113700000.0,104700000.0,104700000.0,0.183,0.18,0.183,1271184000.0,,1271184000.0,6098604698.0,18.0,16.759,70200000.0,0.206,1.0,190200000.0,0.73,174732000.0,0.0,974129000.0,,59247000.0,728640000.0,207241000.0,521399000.0,230098000.0,179000000.0,51098000.0,6195209698.0,76800000.0,0.0,6400000.0,0.0,0.0,7400000.0,-14100000.0,-1300000.0,83000000.0,500000.0,62400000.0,62400000.0,62400000.0,0.0,0.0,0.239,90700000.0,99500000.0,26555000.0,0.0,4.874,31.157,31.791,122584000.0,0.0,18.184,6.76,6.768,175216000.0,369640000.0,260600000.0,260600000.0,23400000.0,,,,,24400000.0,67300000.0,1.0,340687323.0,341100000,347400000.0,0.764,1326550000.0,53423000.0,42300000.0,0.0,3.889,459058000.0
50,ISRG,MRQ,2009-03-31,2009-03-31,2009-03-31,2021-10-20,-977000.0,1386053000.0,,564504000.0,821549000.0,,3.357,-27500000.0,96605000.0,96605000.0,59700000.0,28100000.0,3.464,0.179,0.0,0.0,0.0,0.0,96861000.0,8000000.0,0.0,0.0,0.0,50000000.0,58000000.0,0.308,58000000.0,50000000.0,50000000.0,0.08,0.08,0.08,1175120000.0,,1175120000.0,3542158251.0,11.0,10.41,62600000.0,0.179,1.0,128700000.0,0.683,178816000.0,0.0,947655000.0,,64383000.0,725078000.0,243411000.0,481667000.0,210933000.0,162977000.0,47956000.0,3736781251.0,-98000000.0,0.0,-144400000.0,0.0,0.0,-144400000.0,-43300000.0,-15800000.0,90100000.0,-400000.0,28100000.0,28100000.0,28100000.0,0.0,0.0,0.149,83700000.0,45000000.0,21209000.0,0.0,3.18,19.917,19.768,122571000.0,0.0,10.596,4.27,4.239,139341000.0,307252000.0,188400000.0,188400000.0,21300000.0,,,,,22700000.0,62400000.0,1.0,352674405.0,350100000,353700000.0,0.538,1207237000.0,47823000.0,21900000.0,0.0,3.448,401527000.0
51,ISRG,MRQ,2008-12-31,2008-12-31,2008-12-31,2021-10-20,-2943000.0,1474624000.0,,703890000.0,770734000.0,,3.588,-22969000.0,194623000.0,194623000.0,66163000.0,50743000.0,4.279,0.164,0.0,0.0,0.0,0.0,79252000.0,7521000.0,0.0,0.0,0.0,88259000.0,95780000.0,0.414,95780000.0,88259000.0,88259000.0,0.144,0.142,0.144,1266766000.0,,1266766000.0,4739447462.0,14.0,13.154,69236000.0,0.196,1.0,165363000.0,0.714,166964000.0,0.0,948521000.0,,63460000.0,707250000.0,256746000.0,450504000.0,207858000.0,164516000.0,43342000.0,4967061462.0,-32989000.0,0.0,2707000.0,0.0,0.0,3216000.0,-128279000.0,-105310000.0,92205000.0,-131000.0,50743000.0,50743000.0,50743000.0,0.0,0.0,0.219,82661000.0,82702000.0,20501000.0,0.0,3.921,24.313,24.161,117021000.0,0.0,14.11,5.677,5.646,170107000.0,397824000.0,231526000.0,231526000.0,20891000.0,,,,,21366000.0,61770000.0,1.0,352024200.0,353070000,320994000.0,0.656,1307660000.0,45357000.0,37516000.0,0.0,3.704,539374000.0
52,ISRG,MRQ,2008-09-30,2008-09-30,2008-09-30,2021-10-20,-10892000.0,1364671000.0,,651564000.0,713107000.0,,3.37,-30996000.0,227614000.0,227614000.0,66417000.0,57594000.0,4.437,0.153,0.0,0.0,0.0,0.0,72801000.0,6785000.0,0.0,0.0,0.0,89626000.0,96411000.0,0.409,96411000.0,89626000.0,89626000.0,0.164,0.16,0.164,1183428000.0,,1183428000.0,9135699655.0,28.0,26.098,50814000.0,0.145,1.0,169575000.0,0.719,168322000.0,0.0,821893000.0,,52498000.0,593817000.0,180608000.0,413209000.0,181243000.0,146842000.0,34401000.0,9358722655.0,4591000.0,0.0,18675000.0,0.0,0.0,35886000.0,-112621000.0,-81625000.0,81810000.0,-484000.0,57594000.0,57594000.0,57594000.0,0.0,0.0,0.244,84543000.0,85032000.0,26159000.0,0.0,7.908,46.168,45.927,98081000.0,0.0,26.776,11.237,11.289,173708000.0,347066000.0,235992000.0,235992000.0,21851000.0,,,,,21114000.0,62692000.0,1.0,349524873.0,351135000,360972000.0,0.672,1196349000.0,38973000.0,32032000.0,0.0,3.407,504722000.0
53,ISRG,MRQ,2008-06-30,2008-06-30,2008-06-30,2021-10-20,-5739000.0,1231387000.0,,559540000.0,671847000.0,,3.078,-45086000.0,223023000.0,223023000.0,63133000.0,51182000.0,4.324,0.147,0.0,0.0,0.0,0.0,66053000.0,6166000.0,0.0,0.0,0.0,83902000.0,90068000.0,0.411,90068000.0,83902000.0,83902000.0,0.147,0.142,0.147,1073987000.0,,1073987000.0,10196085161.0,33.0,31.544,19715000.0,0.056,1.0,156056000.0,0.712,150142000.0,0.0,728805000.0,,42594000.0,516759000.0,116614000.0,400145000.0,157400000.0,129417000.0,27983000.0,10426893161.0,-7785000.0,0.0,8299000.0,0.0,0.0,24638000.0,-97342000.0,-52256000.0,64801000.0,118000.0,51182000.0,51182000.0,51182000.0,0.0,0.0,0.234,77861000.0,78195000.0,20018000.0,0.0,9.709,56.048,55.535,94568000.0,0.0,29.933,13.834,13.858,162088000.0,289472000.0,219189000.0,219189000.0,20357000.0,,,,,21341000.0,57504000.0,1.0,348337188.0,348957000,359820000.0,0.628,1081245000.0,32459000.0,32720000.0,0.0,3.099,430123000.0
54,ISRG,MRQ,2008-03-31,2008-03-31,2008-03-31,2021-10-20,-754000.0,1123285000.0,,582012000.0,541273000.0,,2.827,-6949000.0,230808000.0,230808000.0,58387000.0,44781000.0,4.88,0.144,0.0,0.0,0.0,0.0,60131000.0,4628000.0,0.0,0.0,0.0,73413000.0,78041000.0,0.415,78041000.0,73413000.0,73413000.0,0.129,0.124,0.129,981811000.0,,981811000.0,12355656099.0,45.0,43.126,32435000.0,0.093,1.0,129807000.0,0.69,132725000.0,0.0,640488000.0,,38832000.0,468846000.0,156160000.0,312686000.0,141474000.0,119264000.0,22210000.0,12478481099.0,107983000.0,0.0,15019000.0,0.0,0.0,34260000.0,33742000.0,40691000.0,39384000.0,597000.0,44781000.0,44781000.0,44781000.0,0.0,0.0,0.238,64935000.0,64872000.0,24042000.0,0.0,12.71,75.391,74.769,71905000.0,0.0,36.039,18.492,18.545,135690000.0,238290000.0,188194000.0,188194000.0,16301000.0,,,,,15379000.0,48634000.0,1.0,346250439.0,347238000,358623000.0,0.542,990560000.0,28310000.0,28632000.0,0.0,2.853,462748000.0
55,ISRG,MRQ,2007-12-31,2007-12-31,2007-12-31,2021-10-20,530000.0,1039998000.0,,609591000.0,430407000.0,,2.574,-11835000.0,122825000.0,122825000.0,54246000.0,49153000.0,4.626,0.17,0.0,0.0,0.0,0.0,54692000.0,3721000.0,0.0,0.0,0.0,81813000.0,85534000.0,0.451,85534000.0,81813000.0,81813000.0,0.143,0.138,0.143,888674000.0,,888674000.0,12255171817.0,52.0,48.97,71177000.0,0.206,1.0,135200000.0,0.714,134214000.0,0.0,651189000.0,,32416000.0,512556000.0,304642000.0,207914000.0,151324000.0,131770000.0,19554000.0,12341564817.0,36432000.0,0.0,14368000.0,0.0,0.0,30091000.0,-76791000.0,-64956000.0,83012000.0,120000.0,49153000.0,49153000.0,49153000.0,0.0,0.0,0.259,61819000.0,73381000.0,29791000.0,0.0,13.888,85.387,84.644,68093000.0,0.0,35.889,20.541,20.338,130370000.0,193509000.0,189446000.0,189446000.0,16123000.0,,,,,3008000.0,45696000.0,1.0,343882611.0,345285000,314964000.0,0.549,905784000.0,24577000.0,32660000.0,0.0,2.623,477821000.0
56,ISRG,MRQ,2007-09-30,2007-09-30,2007-09-30,2021-10-20,200000.0,912247000.0,,538702000.0,373545000.0,,2.338,-5069000.0,86393000.0,86393000.0,48434000.0,40919000.0,5.197,0.14,0.0,0.0,0.0,0.0,47624000.0,3386000.0,0.0,0.0,0.0,66208000.0,69594000.0,0.444,69594000.0,66208000.0,66208000.0,0.12,0.116,0.12,800151000.0,,800151000.0,8618938270.0,44.0,41.558,43885000.0,0.128,1.0,108470000.0,0.691,116695000.0,0.0,605495000.0,,26773000.0,447096000.0,282565000.0,164531000.0,112096000.0,103664000.0,8432000.0,8684650270.0,20681000.0,0.0,21354000.0,0.0,0.0,39528000.0,-67948000.0,-62879000.0,48954000.0,147000.0,40919000.0,40919000.0,40919000.0,0.0,0.0,0.261,54482000.0,53988000.0,22260000.0,0.0,10.854,72.965,72.601,64153000.0,0.0,25.556,16.575,16.695,120456000.0,144356000.0,156904000.0,156904000.0,14319000.0,,,,,15413000.0,40163000.0,1.0,339834141.0,342297000,353439000.0,0.458,795552000.0,36211000.0,25289000.0,0.0,2.324,435038000.0
57,ISRG,MRQ,2007-06-30,2007-06-30,2007-06-30,2021-10-20,1222000.0,808698000.0,,455500000.0,353198000.0,,2.1,-4398000.0,65712000.0,65712000.0,46141000.0,30663000.0,4.981,0.137,0.0,0.0,0.0,0.0,42301000.0,3068000.0,0.0,0.0,0.0,50265000.0,53333000.0,0.38,53333000.0,50265000.0,50265000.0,0.09,0.088,0.09,711349000.0,,711349000.0,5146976744.0,33.0,30.415,35954000.0,0.106,1.0,94108000.0,0.671,123162000.0,0.0,528385000.0,,24040000.0,381800000.0,240174000.0,141626000.0,97349000.0,91439000.0,5910000.0,5199731744.0,12957000.0,0.0,10597000.0,0.0,0.0,27101000.0,-54530000.0,-50132000.0,40352000.0,34000.0,30663000.0,30663000.0,30663000.0,0.0,0.0,0.219,49075000.0,45033000.0,16214000.0,0.0,7.31,54.522,54.292,62040000.0,0.0,15.419,11.234,11.283,105649000.0,103437000.0,140249000.0,140249000.0,10192000.0,,,,,10602000.0,38883000.0,1.0,337231287.0,338724000,347913000.0,0.414,685536000.0,34118000.0,19602000.0,0.0,2.024,364061000.0
58,ISRG,MRQ,2007-03-31,2007-03-31,2007-03-31,2021-10-20,1496000.0,724168000.0,,407378000.0,316790000.0,,1.917,-2705000.0,52755000.0,52755000.0,37721000.0,23802000.0,5.287,0.126,0.0,0.0,0.0,0.0,38975000.0,2852000.0,0.0,0.0,0.0,38947000.0,41799000.0,0.366,41799000.0,38947000.0,38947000.0,0.071,0.069,0.071,643236000.0,,643236000.0,4480402381.0,33.0,30.72,30664000.0,0.091,1.0,76508000.0,0.67,123591000.0,0.0,470765000.0,,26261000.0,332071000.0,221944000.0,110127000.0,80932000.0,77057000.0,3875000.0,4514792381.0,18365000.0,0.0,9660000.0,0.0,0.0,22127000.0,-37131000.0,-34426000.0,33369000.0,0.0,23802000.0,23802000.0,23802000.0,0.0,0.0,0.208,42169000.0,34339000.0,14165000.0,0.0,7.019,55.472,55.36,60278000.0,0.0,13.508,11.021,11.066,90482000.0,72774000.0,114229000.0,114229000.0,8224000.0,,,,,9792000.0,33945000.0,1.0,334236501.0,335601000,345582000.0,0.34,600577000.0,30937000.0,15145000.0,0.0,1.79,330321000.0
59,ISRG,MRQ,2006-12-31,2006-12-31,2006-12-31,2021-10-20,705000.0,671790000.0,,374451000.0,297339000.0,,1.77,-3807000.0,34390000.0,34390000.0,37622000.0,23641000.0,4.642,0.139,0.0,0.0,0.0,0.0,37385000.0,3043000.0,0.0,0.0,0.0,39627000.0,42670000.0,0.379,42670000.0,39627000.0,39627000.0,0.071,0.069,0.071,589705000.0,,589705000.0,3490021065.0,29.0,26.816,24119000.0,0.072,1.0,74945000.0,0.666,124054000.0,0.0,432679000.0,,24295000.0,295906000.0,205353000.0,90553000.0,82085000.0,80667000.0,1418000.0,3543466065.0,-19055000.0,0.0,3296000.0,0.0,0.0,11493000.0,-58638000.0,-54831000.0,27926000.0,164000.0,23641000.0,23641000.0,23641000.0,0.0,0.0,0.21,39499000.0,35446000.0,11092000.0,0.0,6.009,49.185,48.879,59939000.0,0.0,10.656,9.508,9.453,94680000.0,51020000.0,112567000.0,112567000.0,8448000.0,,,,,7347000.0,31051000.0,1.0,332546346.0,333090000,295344000.0,0.338,547736000.0,31677000.0,15986000.0,0.0,1.644,293784000.0
60,ISRG,MRQ,2006-09-30,2006-09-30,2006-09-30,2021-10-20,-691000.0,613993000.0,,319254000.0,294739000.0,,1.638,-2072000.0,53445000.0,53445000.0,33599000.0,17263000.0,4.628,0.129,0.0,0.0,0.0,0.0,34117000.0,2603000.0,0.0,0.0,0.0,28822000.0,31425000.0,0.328,31425000.0,28822000.0,28822000.0,0.052,0.05,0.052,543646000.0,,543646000.0,3848709707.0,36.0,33.551,34006000.0,0.102,1.0,62233000.0,0.649,128696000.0,0.0,362873000.0,,22330000.0,238852000.0,148363000.0,90489000.0,70347000.0,68979000.0,1368000.0,3879770707.0,22384000.0,0.0,4227000.0,0.0,0.0,13537000.0,-27241000.0,-25169000.0,36078000.0,10000.0,17263000.0,17263000.0,17263000.0,0.0,0.0,0.18,36557000.0,25676000.0,10187000.0,0.0,7.137,39.618,38.797,58739000.0,0.0,11.717,11.679,11.705,71679000.0,27379000.0,95832000.0,95832000.0,7979000.0,,,,,16548000.0,28578000.0,1.0,331132635.0,331875000,343656000.0,0.289,485297000.0,30455000.0,11559000.0,0.0,1.462,250275000.0
61,ISRG,MRQ,2006-06-30,2006-06-30,2006-06-30,2021-10-20,-1659000.0,565838000.0,,276202000.0,289636000.0,,1.524,-8071000.0,31061000.0,31061000.0,28048000.0,16682000.0,4.479,0.125,0.0,0.0,0.0,0.0,30775000.0,2189000.0,0.0,0.0,0.0,27762000.0,29951000.0,0.344,29951000.0,27762000.0,27762000.0,0.05,0.049,0.05,503070000.0,,503070000.0,4199496570.0,42.0,39.114,11654000.0,0.035,1.0,58977000.0,0.678,130707000.0,0.0,342405000.0,,24638000.0,212714000.0,129457000.0,83257000.0,62768000.0,61665000.0,1103000.0,4204712570.0,25845000.0,0.0,5152000.0,0.0,0.0,10685000.0,-4599000.0,3472000.0,19725000.0,34000.0,16682000.0,16682000.0,16682000.0,0.0,0.0,0.192,34470000.0,24507000.0,5769000.0,0.0,8.358,41.472,40.436,58841000.0,0.0,12.778,14.145,14.192,70530000.0,10116000.0,87025000.0,87025000.0,7205000.0,,,,,1531000.0,27265000.0,1.0,329064462.0,330156000,343116000.0,0.264,435131000.0,27864000.0,11080000.0,0.0,1.318,214537000.0
62,ISRG,MRQ,2006-03-31,2006-03-31,2006-03-31,2021-10-20,-1547000.0,524503000.0,,267365000.0,257138000.0,,1.432,-4104000.0,5216000.0,5216000.0,25577000.0,14458000.0,4.857,0.119,0.0,0.0,0.0,0.0,27797000.0,2174000.0,0.0,0.0,0.0,23927000.0,26101000.0,0.338,26101000.0,23927000.0,23927000.0,0.044,0.042,0.044,468691000.0,,468691000.0,4297659432.0,49.0,45.079,12012000.0,0.037,1.0,51681000.0,0.669,130375000.0,0.0,333869000.0,,20368000.0,216275000.0,160231000.0,56044000.0,55812000.0,55043000.0,769000.0,4303486432.0,-292000.0,0.0,6468000.0,0.0,0.0,6468000.0,-22875000.0,-18771000.0,16116000.0,-1000.0,14458000.0,14458000.0,14458000.0,0.0,0.0,0.187,29955000.0,21726000.0,9144000.0,0.0,9.182,43.256,42.023,53861000.0,0.0,13.111,16.364,16.323,56975000.0,-6566000.0,77258000.0,77258000.0,6145000.0,,,,,5064000.0,23810000.0,1.0,328232016.0,327411000,340416000.0,0.236,394128000.0,32760000.0,9469000.0,0.0,1.204,212322000.0
63,ISRG,MRQ,2005-12-31,2005-12-31,2005-12-31,2021-10-20,-1477000.0,501587000.0,,208655000.0,292932000.0,,1.373,-25105000.0,5508000.0,5508000.0,23532000.0,49526000.0,3.598,0.133,0.0,0.0,0.0,0.0,25313000.0,1796000.0,0.0,0.0,0.0,25439000.0,27235000.0,0.378,27235000.0,25439000.0,25439000.0,0.156,0.147,0.156,442591000.0,,442591000.0,4150955667.0,56.0,51.54,1563000.0,0.005,1.0,48562000.0,0.674,129991000.0,0.0,308101000.0,,15170000.0,197231000.0,123679000.0,73552000.0,58996000.0,57987000.0,1009000.0,4159968667.0,-3221000.0,0.0,12243000.0,-34000.0,0.0,12209000.0,-42078000.0,-16768000.0,26668000.0,-20000.0,49526000.0,49526000.0,49526000.0,0.0,0.0,0.687,25051000.0,23511000.0,7950000.0,0.0,9.399,44.192,43.725,52225000.0,0.0,13.03,18.299,18.091,52849000.0,-20989000.0,72094000.0,72094000.0,4267000.0,,,,,272000.0,20784000.0,1.0,319260834.0,322380000,315630000.0,0.224,371596000.0,40758000.0,-24087000.0,0.0,1.153,150668000.0
64,ISRG,MRQ,2005-09-30,2005-09-30,2005-09-30,2021-10-20,-1409000.0,427915000.0,,250861000.0,177054000.0,,1.203,-1335000.0,9048000.0,9048000.0,18757000.0,20720000.0,5.428,0.124,35000.0,35000.0,0.0,35000.0,20917000.0,1639000.0,0.0,0.0,0.0,22439000.0,24078000.0,0.396,24078000.0,22439000.0,22439000.0,0.066,0.061,0.066,380618000.0,,380618000.0,2551584113.0,42.0,37.902,20018000.0,0.063,1.0,42117000.0,0.692,146571000.0,0.0,226118000.0,,12220000.0,180691000.0,180691000.0,0.0,47297000.0,46213000.0,1084000.0,2559704113.0,757000.0,0.0,11558000.0,-136000.0,0.0,11422000.0,-32015000.0,-30681000.0,21353000.0,-3000.0,20720000.0,20720000.0,20720000.0,0.0,0.0,0.34,21108000.0,21009000.0,7497000.0,0.0,6.725,45.474,45.241,29451000.0,0.0,8.143,12.771,12.854,43756000.0,-70515000.0,60874000.0,60874000.0,4587000.0,,,,,885000.0,16521000.0,1.0,314331246.0,316386000,342117000.0,0.192,281344000.0,0.0,1719000.0,0.0,0.889,204648000.0
65,ISRG,MRQ,2005-06-30,2005-06-30,2005-06-30,2021-10-20,-854000.0,389522000.0,,211995000.0,177527000.0,,1.111,-3603000.0,8291000.0,8291000.0,17129000.0,14784000.0,5.192,0.119,171000.0,171000.0,0.0,171000.0,18733000.0,1630000.0,0.0,0.0,0.0,16292000.0,17922000.0,0.34,17922000.0,16292000.0,16292000.0,0.047,0.044,0.047,348010000.0,,348010000.0,1609547252.0,36.0,31.472,6815000.0,0.022,1.0,35627000.0,0.675,147695000.0,0.0,192874000.0,,8836000.0,150570000.0,150570000.0,0.0,41512000.0,40833000.0,679000.0,1620544252.0,-3053000.0,0.0,2165000.0,-176000.0,0.0,1989000.0,-15425000.0,-11822000.0,10418000.0,-35000.0,14784000.0,14784000.0,14784000.0,0.0,0.0,0.28,20289000.0,15338000.0,5382000.0,0.0,4.657,38.878,38.673,29291000.0,0.0,5.182,9.257,9.269,39646000.0,-91235000.0,52756000.0,52756000.0,4355000.0,,,,,529000.0,15934000.0,1.0,312712227.0,313110000,335196000.0,0.168,241827000.0,0.0,1508000.0,0.0,0.772,171162000.0
66,ISRG,MRQ,2005-03-31,2005-03-31,2005-03-31,2021-10-20,-1189000.0,369200000.0,,192689000.0,176511000.0,,1.063,-1001000.0,11344000.0,11344000.0,14351000.0,9104000.0,5.039,0.118,347000.0,347000.0,0.0,347000.0,17282000.0,1667000.0,0.0,0.0,0.0,9637000.0,11304000.0,0.272,11304000.0,9637000.0,9637000.0,0.029,0.028,0.029,330197000.0,,330197000.0,1571648293.0,48.0,39.279,11347000.0,0.037,1.0,27263000.0,0.655,149087000.0,0.0,170875000.0,,7566000.0,138427000.0,138427000.0,0.0,39003000.0,38241000.0,762000.0,1577334293.0,5254000.0,0.0,6958000.0,-262000.0,0.0,6696000.0,-13789000.0,-12992000.0,12348000.0,-1000.0,9104000.0,9104000.0,9104000.0,0.0,0.0,0.219,18349000.0,8914000.0,6482000.0,0.0,4.777,49.713,49.051,26857000.0,0.0,5.052,10.285,10.234,31407000.0,-105964000.0,41614000.0,41614000.0,4145000.0,,,,,0.0,14204000.0,1.0,312206040.0,310653000,333189000.0,0.134,220113000.0,0.0,533000.0,0.0,0.709,154448000.0
67,ISRG,MRQ,2004-12-31,2004-12-31,2004-12-31,2021-10-20,-392000.0,354229000.0,,176684000.0,177545000.0,,1.026,-505000.0,6295000.0,6295000.0,15390000.0,11682000.0,4.603,0.125,609000.0,609000.0,0.0,609000.0,15877000.0,1974000.0,0.0,0.0,0.0,12043000.0,14017000.0,0.31,14017000.0,12043000.0,12043000.0,0.039,0.037,0.039,314932000.0,,314932000.0,1349387977.0,56.0,42.922,7981000.0,0.026,1.0,29804000.0,0.659,149553000.0,0.0,160605000.0,,5966000.0,126267000.0,126267000.0,0.0,39297000.0,38385000.0,912000.0,1360313977.0,-5497000.0,0.0,3401000.0,-256000.0,0.0,3145000.0,-17328000.0,-16516000.0,8486000.0,200000.0,11682000.0,11682000.0,11682000.0,0.0,0.0,0.258,18857000.0,10947000.0,4485000.0,0.0,4.319,57.94,57.009,27065000.0,0.0,4.447,9.8,9.714,35443000.0,-114936000.0,45194000.0,45194000.0,4241000.0,,,,,435000.0,14616000.0,1.0,305917686.0,306936000,280530000.0,0.147,204676000.0,0.0,361000.0,0.0,0.667,138299000.0
68,ISRG,MRQ,2004-09-30,2004-09-30,2004-09-30,2021-10-20,-32000.0,336823000.0,,158064000.0,178759000.0,,0.985,-551000.0,11791000.0,11791000.0,12771000.0,6113000.0,4.407,0.124,865000.0,813000.0,52000.0,865000.0,15169000.0,1720000.0,0.0,0.0,0.0,6179000.0,7899000.0,0.223,7899000.0,6179000.0,6179000.0,0.02,0.019,0.02,299774000.0,,299774000.0,825535226.0,110.0,65.785,10327000.0,0.034,1.0,22722000.0,0.64,150020000.0,0.0,140014000.0,,6596000.0,109947000.0,109947000.0,0.0,37049000.0,35863000.0,1186000.0,833154226.0,3038000.0,0.0,4479000.0,-269000.0,0.0,4210000.0,-12071000.0,-11520000.0,10878000.0,21000.0,6113000.0,6113000.0,6113000.0,0.0,0.0,0.172,17235000.0,5487000.0,5214000.0,0.0,2.779,120.034,152.778,27779000.0,0.0,2.75,6.874,6.907,26361000.0,-126618000.0,35493000.0,35493000.0,4635000.0,,,,,0.0,12600000.0,1.0,302965173.0,304407000,317745000.0,0.117,186803000.0,0.0,66000.0,0.0,0.614,122201000.0
69,ISRG,MRQ,2004-06-30,2004-06-30,2004-06-30,2021-10-20,-287000.0,322460000.0,,141947000.0,180513000.0,,0.957,-20873000.0,8753000.0,8753000.0,11429000.0,4830000.0,4.425,0.116,1134000.0,904000.0,230000.0,1134000.0,14551000.0,1699000.0,0.0,0.0,0.0,5093000.0,6792000.0,0.219,6792000.0,5093000.0,5093000.0,0.016,0.016,0.016,288927000.0,,288927000.0,624081917.0,-308.0,183.77,-9007000.0,-0.03,1.0,19628000.0,0.632,150487000.0,0.0,132274000.0,,7162000.0,98184000.0,98184000.0,0.0,33533000.0,32080000.0,1453000.0,636555917.0,-5116000.0,0.0,1237000.0,-299000.0,0.0,938000.0,-17882000.0,2953000.0,11866000.0,-38000.0,4830000.0,4830000.0,4830000.0,0.0,0.0,0.156,15161000.0,4467000.0,4311000.0,0.0,2.203,-252.101,-131.944,29012000.0,0.0,2.111,5.834,5.844,24705000.0,-132731000.0,31057000.0,31057000.0,3626000.0,,,,,84000.0,11535000.0,1.0,301526487.0,302031000,307890000.0,0.103,171973000.0,0.0,263000.0,0.0,0.569,109867000.0
70,ISRG,MRQ,2004-03-31,2004-03-31,2004-03-31,2021-10-20,1092000.0,316339000.0,,154693000.0,161646000.0,,0.949,-510000.0,13907000.0,13907000.0,11223000.0,853000.0,5.118,0.113,1433000.0,998000.0,435000.0,1433000.0,13989000.0,1841000.0,0.0,0.0,0.0,889000.0,2730000.0,0.101,2730000.0,889000.0,889000.0,0.003,0.002,0.003,284155000.0,,284155000.0,554975641.0,-89.0,-491.564,-1425000.0,-0.005,1.0,15836000.0,0.585,150954000.0,0.0,122687000.0,,7983000.0,102489000.0,102489000.0,0.0,32184000.0,30224000.0,1960000.0,565415641.0,2011000.0,0.0,4116000.0,-292000.0,0.0,3824000.0,-872000.0,-631000.0,-915000.0,-26000.0,853000.0,853000.0,853000.0,0.0,0.0,0.032,15553000.0,283000.0,4670000.0,0.0,1.99,-87.282,-72.521,9384000.0,0.0,1.886,5.683,5.676,27324000.0,-137561000.0,27059000.0,27059000.0,5310000.0,,,,,15000.0,10243000.0,1.0,299866869.0,299538000,307233000.0,0.09,165385000.0,0.0,36000.0,0.0,0.552,124469000.0
71,ISRG,MRQ,2003-12-31,2003-12-31,2003-12-31,2021-10-20,878000.0,314994000.0,,151948000.0,163046000.0,,1.312,-3253000.0,12165000.0,12165000.0,18058000.0,-4855000.0,4.517,0.129,1725000.0,1030000.0,695000.0,1725000.0,12493000.0,-220000.0,0.0,0.0,0.0,-4652000.0,-4872000.0,-0.177,-4872000.0,-4652000.0,-4855000.0,-0.021,-0.021,-0.021,278957000.0,,278957000.0,540133541.0,-57.0,-102.512,1583000.0,0.007,1.0,9536000.0,0.346,151195000.0,203000.0,119718000.0,,8788000.0,101614000.0,101614000.0,0.0,36037000.0,33641000.0,2396000.0,550505541.0,2692000.0,-1773000.0,78782000.0,-381000.0,0.0,78401000.0,-80693000.0,-75722000.0,4836000.0,148000.0,-4855000.0,-4855000.0,-4855000.0,0.0,0.0,-0.176,15149000.0,-5613000.0,5894000.0,0.0,1.973,-57.207,-41.28,10288000.0,0.0,1.899,6.005,4.404,26820000.0,-138414000.0,27594000.0,27594000.0,4733000.0,,,,,321000.0,10416000.0,1.0,289909296.0,212634000,212634000.0,0.13,163799000.0,0.0,0.0,0.0,0.77,118307000.0
72,ISRG,MRQ,2003-09-30,2003-09-30,2003-09-30,2021-10-20,816000.0,238764000.0,,74834000.0,163930000.0,,0.846,-693000.0,12478000.0,12478000.0,11329000.0,-3353000.0,2.343,0.167,2106000.0,1156000.0,950000.0,2106000.0,10051000.0,2099000.0,0.0,0.0,0.0,-3353000.0,-1254000.0,-0.054,-1254000.0,-3353000.0,-3353000.0,-0.013,-0.013,-0.013,204647000.0,,204647000.0,429763225.0,-60.0,-221.527,-10368000.0,-0.043,1.0,12064000.0,0.516,152912000.0,0.0,43540000.0,,12746000.0,22971000.0,22971000.0,0.0,34117000.0,31940000.0,2177000.0,444965225.0,2948000.0,0.0,3552000.0,-373000.0,0.0,3179000.0,9457000.0,10150000.0,-9675000.0,-13000.0,-3353000.0,-3353000.0,-3353000.0,0.0,0.0,-0.143,15727000.0,-3663000.0,11420000.0,0.0,2.174,-60.383,-50.06,10688000.0,0.0,1.852,5.221,5.257,23656000.0,-133559000.0,23393000.0,23393000.0,4407000.0,,,,,83000.0,11320000.0,1.0,240233175.0,241902000,241902000.0,0.097,85852000.0,0.0,0.0,0.0,0.355,42894000.0
73,ISRG,MRQ,2003-06-30,2003-06-30,2003-06-30,2021-10-20,1027000.0,245483000.0,,80352000.0,165131000.0,,1.223,-711000.0,17681000.0,17681000.0,8765000.0,877000.0,2.071,0.2,2479000.0,1244000.0,1235000.0,2479000.0,8008000.0,1390000.0,0.0,0.0,0.0,877000.0,2267000.0,0.106,2267000.0,877000.0,877000.0,0.006,0.006,0.006,204576000.0,,204576000.0,258224961.0,-25.0,-38.53,2220000.0,0.013,1.0,12688000.0,0.591,153501000.0,0.0,37985000.0,,13601000.0,25169000.0,25169000.0,0.0,40907000.0,38795000.0,2112000.0,278033961.0,-5094000.0,-4088000.0,273000.0,-486000.0,0.0,-213000.0,-7748000.0,-2949000.0,2931000.0,-64000.0,877000.0,877000.0,877000.0,0.0,0.0,0.041,12158000.0,530000.0,17204000.0,0.0,1.359,-26.53,-26.846,11630000.0,0.0,1.664,3.523,3.527,21855000.0,-130206000.0,21453000.0,21453000.0,3627000.0,,,,,142000.0,8531000.0,1.0,167043100.0,167220000,170757000.0,0.128,91982000.0,0.0,0.0,0.0,0.55,41557000.0
74,ISRG,MRQ,2003-03-31,2003-03-31,2003-03-31,2021-10-20,1106000.0,89416000.0,,76223000.0,13193000.0,,0.376,-318000.0,22774000.0,22774000.0,9494000.0,-2293000.0,2.986,0.434,2965000.0,1434000.0,1531000.0,2965000.0,6140000.0,882000.0,0.0,0.0,0.0,-2293000.0,-1411000.0,-0.073,-1411000.0,-2293000.0,-2293000.0,-0.013,-0.013,-0.013,62359000.0,,62359000.0,224248165.0,-15.0,-19.122,-6264000.0,-0.038,1.0,9741000.0,0.506,3370000.0,0.0,40711000.0,,8282000.0,22235000.0,22235000.0,0.0,27057000.0,25526000.0,1531000.0,238506165.0,2737000.0,0.0,1350000.0,-384000.0,0.0,966000.0,7808000.0,8056000.0,-5946000.0,-91000.0,-2293000.0,-2293000.0,-2293000.0,0.0,0.0,-0.119,12876000.0,-3135000.0,10142000.0,0.0,3.825,-15.798,-15.775,9823000.0,0.0,1.436,3.104,3.099,20895000.0,-131084000.0,19235000.0,19235000.0,3423000.0,,,,,154000.0,9453000.0,1.0,166142066.0,165879000,165879000.0,0.116,86046000.0,0.0,0.0,0.0,0.519,50697000.0
75,ISRG,MRQ,2002-12-31,2002-12-31,2002-12-31,2021-10-20,1638000.0,91820000.0,,77833000.0,13987000.0,,0.386,-600000.0,9007000.0,9007000.0,13049000.0,-2600000.0,2.982,0.442,3349000.0,1511000.0,1838000.0,3349000.0,4838000.0,859000.0,0.0,0.0,0.0,-2401000.0,-1542000.0,-0.073,-1542000.0,-2401000.0,-2600000.0,-0.016,-0.016,-0.016,63680000.0,,63680000.0,210290359.0,-12.0,-13.912,1872000.0,0.011,1.0,8096000.0,0.383,2568000.0,199000.0,57492000.0,,8738000.0,41832000.0,41832000.0,0.0,28140000.0,26102000.0,2038000.0,225452359.0,-10288000.0,0.0,111000.0,171000.0,0.0,282000.0,-13073000.0,-11518000.0,2472000.0,31000.0,-2600000.0,-2600000.0,-2600000.0,0.0,0.0,-0.123,11091000.0,-2995000.0,9282000.0,0.0,3.54,-12.239,-12.222,10388000.0,0.0,1.369,3.13,3.118,16887000.0,-128791000.0,21145000.0,21145000.0,4026000.0,,,,,120000.0,7065000.0,1.0,164697340.0,164871000,164871000.0,0.128,89252000.0,0.0,0.0,0.0,0.541,51731000.0
76,ISRG,MRQ,2002-09-30,2002-09-30,2002-09-30,2021-10-20,1458000.0,92855000.0,,79442000.0,13413000.0,,0.401,-423000.0,18340000.0,18340000.0,8340000.0,-6464000.0,3.153,0.41,3178000.0,1386000.0,1792000.0,3178000.0,4515000.0,448000.0,0.0,0.0,0.0,-6464000.0,-6016000.0,-0.352,-6016000.0,-6464000.0,-6464000.0,-0.039,-0.039,-0.039,65869000.0,,65869000.0,269321392.0,-14.0,-15.44,-9708000.0,-0.059,1.0,8741000.0,0.512,2724000.0,0.0,49775000.0,,9871000.0,30165000.0,30165000.0,0.0,26986000.0,25194000.0,1792000.0,291200392.0,-5532000.0,0.0,859000.0,1185000.0,0.0,2044000.0,1600000.0,2023000.0,-9285000.0,109000.0,-6464000.0,-6464000.0,-6464000.0,0.0,0.0,-0.378,15583000.0,-6842000.0,9099000.0,0.0,4.421,-14.507,-14.674,10689000.0,0.0,1.776,4.353,4.36,19044000.0,-126191000.0,17081000.0,17081000.0,3890000.0,,,,,148000.0,11693000.0,1.0,164005227.0,164250000,164250000.0,0.104,90131000.0,0.0,0.0,0.0,0.549,54248000.0
77,ISRG,MRQ,2002-06-30,2002-06-30,2002-06-30,2021-10-20,660000.0,93535000.0,,79513000.0,14022000.0,,0.431,-762000.0,23872000.0,23872000.0,9225000.0,-3740000.0,3.608,0.326,1993000.0,1022000.0,971000.0,1993000.0,3706000.0,982000.0,0.0,0.0,0.0,-3740000.0,-2758000.0,-0.142,-2758000.0,-3740000.0,-3740000.0,-0.023,-0.023,-0.023,70528000.0,,70528000.0,302662055.0,-17.0,-19.666,-1038000.0,-0.006,1.0,10162000.0,0.524,2918000.0,0.0,46702000.0,,7230000.0,31499000.0,31499000.0,0.0,23007000.0,22036000.0,971000.0,308128055.0,15537000.0,0.0,88000.0,-876000.0,0.0,-788000.0,16692000.0,17454000.0,-276000.0,-91000.0,-3740000.0,-3740000.0,-3740000.0,0.0,0.0,-0.193,14429000.0,-4267000.0,8033000.0,0.0,4.369,-16.74,-16.957,11104000.0,0.0,1.882,5.079,5.079,15213000.0,-119727000.0,19387000.0,19387000.0,4645000.0,,,,,179000.0,9784000.0,1.0,163704398.0,163728000,163728000.0,0.118,90617000.0,0.0,0.0,0.0,0.553,57477000.0
78,ISRG,MRQ,2002-03-31,2002-03-31,2002-03-31,2021-10-20,92000.0,95488000.0,,81251000.0,14237000.0,,0.449,-3981000.0,8335000.0,8335000.0,7507000.0,-5617000.0,3.911,0.3,2869000.0,1587000.0,1282000.0,2869000.0,3624000.0,817000.0,0.0,0.0,0.0,-5617000.0,-4800000.0,-0.333,-4800000.0,-5617000.0,-5617000.0,-0.033,-0.033,-0.033,73433000.0,,73433000.0,318529604.0,-17.0,-19.771,-11040000.0,-0.068,1.0,6902000.0,0.479,3113000.0,0.0,66136000.0,,6242000.0,48294000.0,48294000.0,0.0,22055000.0,20773000.0,1282000.0,340282604.0,-2152000.0,0.0,1000000.0,467000.0,0.0,1467000.0,3398000.0,7379000.0,-7059000.0,42000.0,-5617000.0,-5617000.0,-5617000.0,0.0,0.0,-0.39,13017000.0,-6115000.0,9184000.0,0.0,4.634,-17.994,-18.324,11124000.0,0.0,2.089,6.301,6.32,15492000.0,-115987000.0,14409000.0,14409000.0,4232000.0,,,,,216000.0,8785000.0,1.0,162901246.0,163386000,163386000.0,0.088,92375000.0,0.0,0.0,0.0,0.565,60478000.0
79,ISRG,MRQ,2001-12-31,2001-12-31,2001-12-31,2021-10-20,551000.0,100361000.0,,89219000.0,11142000.0,,0.481,-1772000.0,10487000.0,10487000.0,11200000.0,-4252000.0,4.189,0.282,2402000.0,1631000.0,771000.0,2402000.0,3870000.0,115000.0,0.0,0.0,0.0,-3984000.0,-3869000.0,-0.242,-3869000.0,-3984000.0,-4252000.0,-0.026,-0.026,-0.026,78293000.0,,78293000.0,341335778.0,-21.0,-24.217,2971000.0,0.018,1.0,4813000.0,0.301,3308000.0,268000.0,67671000.0,,6182000.0,56174000.0,56174000.0,0.0,22068000.0,21297000.0,771000.0,363088778.0,-4752000.0,0.0,85000.0,-464000.0,0.0,-379000.0,-9040000.0,-7268000.0,4743000.0,-76000.0,-4252000.0,-4252000.0,-4252000.0,0.0,0.0,-0.266,9872000.0,-5059000.0,8300000.0,0.0,4.638,-21.742,-21.64,7834000.0,0.0,2.229,7.027,6.952,13248000.0,-110370000.0,16013000.0,16013000.0,3791000.0,,,,,259000.0,6081000.0,1.0,162901246.0,162684000,162684000.0,0.098,97053000.0,0.0,0.0,0.0,0.597,67922000.0
80,ISRG,MRQ,2001-09-30,2001-09-30,2001-09-30,2021-10-20,756000.0,100412000.0,,90149000.0,10263000.0,,0.508,-830000.0,24619000.0,24619000.0,5750000.0,-4798000.0,5.29,0.219,2866000.0,1903000.0,963000.0,2866000.0,3434000.0,835000.0,0.0,0.0,0.0,-4798000.0,-3963000.0,-0.365,-3963000.0,-4798000.0,-4798000.0,-0.029,-0.029,-0.029,82406000.0,,82406000.0,203381390.0,-12.0,-14.362,-11387000.0,-0.07,1.0,5111000.0,0.471,3502000.0,0.0,58114000.0,,7595000.0,39655000.0,39655000.0,0.0,18006000.0,17043000.0,963000.0,223983390.0,1135000.0,0.0,675000.0,-16000.0,0.0,659000.0,11033000.0,11863000.0,-10557000.0,0.0,-4798000.0,-4798000.0,-4798000.0,0.0,0.0,-0.442,10945000.0,-5834000.0,6182000.0,0.0,2.718,-12.85,-13.867,6761000.0,0.0,1.387,4.831,4.852,15557000.0,-106118000.0,10861000.0,10861000.0,3493000.0,,,,,312000.0,7452000.0,1.0,161526483.0,162252000,162252000.0,0.067,96910000.0,0.0,0.0,0.0,0.597,73106000.0
81,ISRG,MRQ,2001-06-30,2001-06-30,2001-06-30,2021-10-20,225000.0,103003000.0,,92732000.0,10271000.0,,0.534,-1327000.0,23484000.0,23484000.0,6659000.0,-4244000.0,5.605,0.202,2882000.0,2110000.0,772000.0,2882000.0,2198000.0,765000.0,0.0,0.0,0.0,-4244000.0,-3479000.0,-0.274,-3479000.0,-4244000.0,-4244000.0,-0.027,-0.027,-0.027,85686000.0,,85686000.0,473385295.0,-29.0,-34.716,-2415000.0,-0.015,1.0,6061000.0,0.476,3697000.0,0.0,62159000.0,,6791000.0,50987000.0,50987000.0,0.0,17317000.0,16545000.0,772000.0,483510295.0,9814000.0,0.0,795000.0,-663000.0,0.0,132000.0,10770000.0,12097000.0,-1088000.0,0.0,-4244000.0,-4244000.0,-4244000.0,0.0,0.0,-0.334,11002000.0,-4941000.0,6935000.0,0.0,5.643,-29.036,-30.635,6574000.0,0.0,3.002,11.15,11.108,9686000.0,-101320000.0,12720000.0,12720000.0,3336000.0,,,,,409000.0,7666000.0,1.0,161050802.0,160447500,160447500.0,0.079,99306000.0,0.0,0.0,0.0,0.619,76187000.0
82,ISRG,MRQ,2001-03-31,2001-03-31,2001-03-31,2021-10-20,387000.0,105006000.0,,95311000.0,9695000.0,,0.558,-1562000.0,13670000.0,13670000.0,6563000.0,-3407000.0,6.508,0.181,3545000.0,2072000.0,1473000.0,3545000.0,2340000.0,622000.0,0.0,0.0,0.0,-3407000.0,-2785000.0,-0.231,-2785000.0,-3407000.0,-3407000.0,-0.022,-0.022,-0.022,88887000.0,,88887000.0,156068247.0,-9.0,-11.086,-13137000.0,-0.082,1.0,5516000.0,0.457,3892000.0,0.0,76343000.0,,6523000.0,63246000.0,63246000.0,0.0,16119000.0,14646000.0,1473000.0,174845247.0,-8987000.0,0.0,694000.0,-335000.0,0.0,359000.0,2229000.0,3791000.0,-11575000.0,0.0,-3407000.0,-3407000.0,-3407000.0,0.0,0.0,-0.282,10066000.0,-4550000.0,5540000.0,0.0,1.967,-10.347,-8.889,5803000.0,0.0,1.084,4.888,4.83,10266000.0,-97077000.0,12079000.0,12079000.0,3231000.0,,,,,617000.0,6835000.0,1.0,161230248.0,159304500,159304500.0,0.076,101114000.0,0.0,0.0,0.0,0.635,80665000.0
83,ISRG,MRQ,2000-12-31,2000-12-31,2000-12-31,2021-10-20,134000.0,112421000.0,,103666000.0,8755000.0,,0.847,-1278000.0,22657000.0,22657000.0,7288000.0,-4981000.0,5.228,0.239,3880000.0,2019000.0,1861000.0,3880000.0,3552000.0,643000.0,0.0,0.0,0.0,-4577000.0,-3934000.0,-0.367,-3934000.0,-4577000.0,-4981000.0,-0.022,-0.022,-0.022,90730000.0,,90730000.0,280534927.0,-15.0,-17.599,592000.0,0.006,1.0,3418000.0,0.319,4086000.0,404000.0,69728000.0,,6076000.0,66784000.0,66784000.0,0.0,21691000.0,19830000.0,1861000.0,303317927.0,-3308000.0,0.0,213000.0,698000.0,0.0,911000.0,-6089000.0,-4811000.0,1870000.0,0.0,-4981000.0,-4981000.0,-4981000.0,0.0,0.0,-0.465,9736000.0,-6318000.0,7128000.0,0.0,3.343,-16.375,-10.918,4669000.0,0.0,1.889,11.393,7.597,6444000.0,-93670000.0,10706000.0,10706000.0,3110000.0,,,,,770000.0,6626000.0,1.0,160580079.0,107082000,107082000.0,0.1,108335000.0,0.0,0.0,0.0,1.012,83836000.0
84,ISRG,MRQ,2000-09-30,2000-09-30,2000-09-30,2021-10-20,-121000.0,111067000.0,,102947000.0,8120000.0,,0.606,-565000.0,25965000.0,25965000.0,4708000.0,-4020000.0,6.705,0.176,3182000.0,1941000.0,1241000.0,3182000.0,3727000.0,582000.0,0.0,0.0,0.0,-4020000.0,-3438000.0,-0.437,-3438000.0,-4020000.0,-4020000.0,-0.027,-0.027,-0.027,94473000.0,,94473000.0,382530706.0,-21.0,-22.858,-5504000.0,-0.035,1.0,3151000.0,0.401,0.0,0.0,72931000.0,,5256000.0,61718000.0,61718000.0,0.0,16594000.0,15353000.0,1241000.0,419230706.0,-14519000.0,0.0,6280000.0,-602000.0,0.0,5678000.0,-15258000.0,-14693000.0,-4939000.0,0.0,-4020000.0,-4020000.0,-4020000.0,0.0,0.0,-0.512,8567000.0,-5416000.0,5225000.0,0.0,4.438,-22.355,-5.264,3839000.0,0.0,2.611,21.838,21.218,8373000.0,-88689000.0,7859000.0,7859000.0,3172000.0,,,,,761000.0,5395000.0,1.0,160556440.0,155992500,155992500.0,0.05,111067000.0,0.0,0.0,0.0,0.712,87594000.0
85,ISRG,MRQ,2000-06-30,2000-06-30,2000-06-30,2021-10-20,-290000.0,106572000.0,,98435000.0,8137000.0,,1.024,-3957000.0,40484000.0,40484000.0,3503000.0,-4490000.0,7.428,0.167,3784000.0,1746000.0,2038000.0,3784000.0,2744000.0,569000.0,0.0,0.0,0.0,-4490000.0,-3921000.0,-0.765,-3921000.0,-4490000.0,-4490000.0,-0.051,-0.051,-0.051,91283000.0,,91283000.0,290671684.0,-15.0,-16.92,-7896000.0,-0.089,1.0,1624000.0,0.317,0.0,0.0,56621000.0,,4796000.0,46856000.0,46856000.0,0.0,15289000.0,13251000.0,2038000.0,325465684.0,1438000.0,0.0,41123000.0,-468000.0,0.0,40655000.0,-35278000.0,-31321000.0,-3939000.0,0.0,-4490000.0,-4490000.0,-4490000.0,0.0,0.0,-0.876,6798000.0,-5174000.0,4825000.0,0.0,3.565,-17.039,-3.169,3672000.0,0.0,2.098,22.265,12.792,5285000.0,-84669000.0,5127000.0,5127000.0,2822000.0,,,,,696000.0,3976000.0,1.0,155147836.0,89136000,89136000.0,0.058,106572000.0,0.0,0.0,0.0,1.196,85184000.0
86,ISRG,MRQ,2000-03-31,2000-03-31,2000-03-31,2021-10-20,-240000.0,65081000.0,,62002000.0,3079000.0,,2.086,-755000.0,39046000.0,39046000.0,2532000.0,-5032000.0,6.034,0.244,4252000.0,1781000.0,2471000.0,4252000.0,2102000.0,385000.0,0.0,,0.0,-5032000.0,-4647000.0,-1.584,-4647000.0,-5032000.0,-5032000.0,-0.2,-0.2,-0.2,52334000.0,,52334000.0,,,,-6551000.0,-0.261,1.0,401000.0,0.137,0.0,0.0,20011000.0,,3573000.0,15585000.0,15585000.0,0.0,12747000.0,10276000.0,2471000.0,,34940000.0,0.0,60000.0,113000.0,0.0,34929000.0,5807000.0,6562000.0,-5796000.0,0.0,-5032000.0,-5032000.0,-5032000.0,0.0,0.0,-1.716,5769000.0,-5368000.0,3455000.0,0.0,,,,3079000.0,0.0,,,,2780000.0,-80179000.0,2933000.0,2933000.0,2631000.0,,,,,346000.0,3138000.0,1.0,155147836.0,25083000,25083000.0,0.117,65081000.0,0.0,0.0,0.0,2.595,51726000.0
87,ISRG,MRQ,1999-12-31,1999-12-31,1999-12-31,2021-10-20,-233000.0,34455000.0,,31746000.0,2709000.0,,0.926,-226000.0,4106000.0,4106000.0,3103000.0,-5211000.0,3.265,0.551,4139000.0,1618000.0,2521000.0,4139000.0,2130000.0,370000.0,0.0,,0.0,-5099000.0,-4729000.0,-1.443,-4729000.0,-5099000.0,-5211000.0,-0.218,-0.218,-0.218,22211000.0,,22211000.0,,,,-1748000.0,-0.073,1.0,175000.0,0.053,0.0,112000.0,24765000.0,,2861000.0,22154000.0,22154000.0,0.0,12244000.0,9723000.0,2521000.0,,-1467000.0,0.0,102000.0,-375000.0,0.0,-274000.0,329000.0,555000.0,-1522000.0,0.0,-5211000.0,-5211000.0,-5211000.0,0.0,0.0,-1.59,5663000.0,-5488000.0,2722000.0,0.0,,,,2709000.0,0.0,,,,2044000.0,-75147000.0,3278000.0,3278000.0,2988000.0,,,,,187000.0,2675000.0,1.0,,23994000,23994000.0,0.137,34455000.0,0.0,0.0,0.0,1.436,22023000.0
88,ISRG,MRQ,1999-09-30,1999-09-30,1999-09-30,2021-10-20,,,,,,,,-251000.0,,,2928000.0,-4368000.0,,,,,,,,373000.0,,,0.0,-4255000.0,-3882000.0,-1.184,-3882000.0,-4255000.0,-4368000.0,-0.193,-0.193,-0.193,,,,,,,-4755000.0,-0.211,1.0,352000.0,0.107,,113000.0,,,,,,,,,,,2015000.0,0.0,0.0,126000.0,0.0,120000.0,6399000.0,6650000.0,-4504000.0,0.0,-4368000.0,-4368000.0,-4368000.0,0.0,0.0,-1.332,5020000.0,-4668000.0,,0.0,,,,,0.0,,,,,,3280000.0,3280000.0,2372000.0,,,,,171000.0,2648000.0,1.0,,22486500,22486500.0,0.146,,,0.0,,,
89,ISRG,MRQ,1999-06-30,1999-06-30,1999-06-30,2021-10-20,,,,,,,,-145000.0,,,3243000.0,-3275000.0,,,,,,,,327000.0,,,0.0,-3182000.0,-2855000.0,-0.785,-2855000.0,-3182000.0,-3275000.0,-0.156,-0.156,-0.156,,,,,,,-4833000.0,-0.231,1.0,392000.0,0.108,,93000.0,,,,,,,,,,,-19567000.0,0.0,-12000.0,1282000.0,0.0,3868000.0,-18747000.0,-18602000.0,-4688000.0,0.0,-3275000.0,-3275000.0,-3275000.0,0.0,0.0,-0.901,4035000.0,-3643000.0,,0.0,,,,,0.0,,,,,,3635000.0,3635000.0,1807000.0,,,,,204000.0,2228000.0,1.0,,20920500,20920500.0,0.174,,,0.0,,,
90,ISRG,MRQ,1999-03-31,1999-03-31,1999-03-31,2021-10-20,-233000.0,34455000.0,,31746000.0,2709000.0,,1.13,-309000.0,4106000.0,4106000.0,0.0,-5561000.0,3.265,0.551,4139000.0,1618000.0,2521000.0,4139000.0,2130000.0,369000.0,0.0,,0.0,-5474000.0,-5105000.0,,-5105000.0,-5474000.0,-5561000.0,-0.282,-0.282,-0.282,22211000.0,,22211000.0,,,,-5522000.0,-0.281,1.0,0.0,,0.0,87000.0,24765000.0,,2861000.0,22154000.0,22154000.0,0.0,12244000.0,9723000.0,2521000.0,,12956000.0,0.0,-18000.0,-211000.0,0.0,16463000.0,1706000.0,2015000.0,-5213000.0,0.0,-5561000.0,-5561000.0,-5561000.0,0.0,0.0,,5750000.0,-5750000.0,2722000.0,0.0,,,,2709000.0,0.0,,,,2044000.0,-75147000.0,0.0,0.0,3963000.0,,,,,242000.0,1787000.0,1.0,,19660118,19660118.0,0.0,34455000.0,0.0,0.0,0.0,1.753,22023000.0
91,ISRG,MRQ,1998-12-31,1998-12-31,1998-12-31,2021-10-20,46000.0,28167000.0,,24950000.0,3217000.0,,1.265,,10169000.0,10169000.0,,,4.861,0.368,3317000.0,879000.0,2438000.0,3317000.0,765000.0,,0.0,,0.0,,,,,,,,,,20596000.0,,20596000.0,,,,,,1.0,,,0.0,,16182000.0,,1259000.0,13051000.0,13051000.0,0.0,7571000.0,5133000.0,2438000.0,,,,,,,,,,,,,,,,,,,,2256000.0,,,,,3217000.0,,,,,0.0,-56732000.0,,,,,,,,,,1.0,,16285500,,,28167000.0,0.0,,0.0,1.73,19817000.0
0,ISRG,MRT,2021-09-30,2021-09-30,2021-09-30,2021-10-20,5300000.0,12934600000.0,11985225000.0,5728000000.0,7206600000.0,0.458,31.981,-264500000.0,1346700000.0,1346700000.0,1695000000.0,1709000000.0,5.576,0.129,0.0,0.0,0.0,0.0,348500000.0,329300000.0,0.0,0.0,0.0,1852800000.0,2182100000.0,0.398,2182100000.0,1852800000.0,1852800000.0,4.763,4.633,4.763,11410900000.0,10533350000.0,11410900000.0,116437433499.0,63.0,53.36,1884700000.0,5.282,1.0,3793500000.0,0.691,925700000.0,0.0,9634900000.0,8618975000.0,584900000.0,6873000000.0,2741500000.0,4131500000.0,1475100000.0,1027300000.0,447800000.0,118052933499.0,-23900000.0,-8700000.0,251400000.0,0.0,0.0,-15400000.0,-2154800000.0,-1881600000.0,2149200000.0,-2900000.0,1689200000.0,1689200000.0,1689200000.0,0.0,19800000.0,0.308,2007100000.0,1786400000.0,120000000.0,0.0,10.346,69.887,69.574,1737900000.0,0.0,331.383,21.509,21.543,695000000.0,4390100000.0,5488500000.0,5488500000.0,637400000.0,0.141,0.16,0.215,0.338,434500000.0,1369700000.0,1.0,356242821.0,356800000,366800000.0,15.383,12008900000.0,411500000.0,163600000.0,0.0,33.657,4700700000.0
1,ISRG,MRT,2021-06-30,2021-06-30,2021-06-30,2021-10-20,10300000.0,12297000000.0,11405950000.0,6016600000.0,6280400000.0,0.453,30.46,-260600000.0,1615500000.0,1615500000.0,1616500000.0,1638600000.0,5.989,0.131,0.0,0.0,0.0,0.0,360000000.0,315200000.0,0.0,0.0,0.0,1750700000.0,2065900000.0,0.4,2065900000.0,1750700000.0,1750700000.0,4.583,4.463,4.583,10837500000.0,9995075000.0,10837500000.0,107495428320.0,61.0,52.033,1661800000.0,4.671,1.0,3546400000.0,0.687,939200000.0,0.0,8737700000.0,8097300000.0,569700000.0,6119300000.0,2823700000.0,3295600000.0,1417500000.0,1004600000.0,412900000.0,108897228320.0,-421600000.0,-8700000.0,274200000.0,0.0,0.0,1500000.0,-2341900000.0,-2072600000.0,1922400000.0,-3600000.0,1622600000.0,1622600000.0,1622600000.0,0.0,16000000.0,0.314,1932200000.0,1614200000.0,117900000.0,0.0,10.048,67.113,66.888,1651200000.0,0.0,306.547,21.092,21.126,699900000.0,4022700000.0,5162900000.0,5162900000.0,626900000.0,0.142,0.162,0.216,0.339,420200000.0,1305300000.0,1.0,355238664.0,355800000,364800000.0,14.511,11357800000.0,394400000.0,128100000.0,0.0,31.922,5012000000.0
2,ISRG,MRT,2021-03-31,2021-03-31,2021-03-31,2021-10-20,11400000.0,11540400000.0,10857600000.0,6066400000.0,5474000000.0,0.419,28.658,-294900000.0,1401800000.0,1401800000.0,1525400000.0,1185800000.0,6.706,0.133,0.0,0.0,0.0,0.0,358100000.0,302400000.0,0.0,0.0,0.0,1335300000.0,1637700000.0,0.36,1637700000.0,1335300000.0,1335300000.0,3.323,3.237,3.323,10153500000.0,9470825000.0,10153500000.0,85364159124.0,64.0,52.124,1314700000.0,3.711,1.0,3025600000.0,0.665,871500000.0,0.0,8362500000.0,7498100000.0,576800000.0,5828700000.0,3155700000.0,2673000000.0,1350200000.0,904600000.0,445600000.0,86986759124.0,178900000.0,-8700000.0,267200000.0,0.0,0.0,-9200000.0,-1420500000.0,-1116900000.0,1609600000.0,-1000000.0,1173400000.0,1173400000.0,1173400000.0,0.0,12400000.0,0.258,1842000000.0,1183600000.0,103100000.0,0.0,8.567,74.132,74.124,1592900000.0,0.0,246.313,19.114,19.176,654300000.0,3514700000.0,4551000000.0,4551000000.0,607800000.0,0.108,0.124,0.178,0.293,408000000.0,1234200000.0,1.0,353154894.0,354300000,363900000.0,12.845,10668900000.0,336600000.0,161900000.0,0.0,30.113,5161800000.0
3,ISRG,MRT,2020-12-31,2020-12-31,2020-12-31,2021-10-20,24900000.0,11168900000.0,10445275000.0,6625900000.0,4543000000.0,0.417,27.725,-341500000.0,1622600000.0,1622600000.0,1497200000.0,1066800000.0,6.865,0.145,0.0,0.0,0.0,0.0,350300000.0,293300000.0,0.0,0.0,0.0,1200800000.0,1494100000.0,0.343,1494100000.0,1200800000.0,1200800000.0,3.02,2.94,3.02,9731500000.0,9059125000.0,9731500000.0,94801541460.0,79.0,63.451,1143300000.0,3.257,1.0,2861200000.0,0.656,840300000.0,0.0,7740800000.0,7132075000.0,601500000.0,5246500000.0,3488800000.0,1757700000.0,1409800000.0,965200000.0,444600000.0,96172141460.0,455900000.0,-37700000.0,174500000.0,0.0,0.0,-85700000.0,-940600000.0,-561400000.0,1484800000.0,-2600000.0,1060600000.0,1060600000.0,1060600000.0,0.0,6200000.0,0.243,1811400000.0,1049800000.0,81600000.0,0.0,9.883,90.677,90.298,1577300000.0,0.0,272.7,22.066,21.962,645500000.0,3261300000.0,4358400000.0,4358400000.0,595100000.0,0.102,0.117,0.168,0.276,395400000.0,1216300000.0,1.0,352666452.0,351000000,360900000.0,12.417,10328600000.0,367700000.0,140200000.0,0.0,29.426,5660700000.0
4,ISRG,MRT,2020-09-30,2020-09-30,2020-09-30,2021-10-20,16200000.0,10617500000.0,10086350000.0,6300300000.0,4317200000.0,0.427,26.301,-421600000.0,1370600000.0,1370600000.0,1445600000.0,1065900000.0,7.042,0.144,0.0,0.0,0.0,0.0,327800000.0,276500000.0,0.0,0.0,0.0,1189400000.0,1465900000.0,0.34,1465900000.0,1189400000.0,1189400000.0,3.01,2.927,3.01,9257800000.0,8692200000.0,9257800000.0,80998942895.0,68.0,55.255,988400000.0,2.808,1.0,2861400000.0,0.664,804000000.0,0.0,7548200000.0,6893575000.0,662900000.0,4990800000.0,3347600000.0,1643200000.0,1330800000.0,894700000.0,436100000.0,83034542895.0,401100000.0,-65600000.0,235000000.0,0.0,0.0,4900000.0,-1012500000.0,-525300000.0,1410000000.0,-1300000.0,1053100000.0,1053100000.0,1053100000.0,0.0,12800000.0,0.245,1829800000.0,1031600000.0,116000000.0,0.0,8.969,78.848,78.576,1509700000.0,0.0,236.513,19.279,19.33,588600000.0,2937200000.0,4307000000.0,4307000000.0,601900000.0,0.104,0.121,0.173,0.276,381500000.0,1227900000.0,1.0,351077640.0,352000000,361900000.0,12.236,9813500000.0,360300000.0,136300000.0,0.0,27.879,5405600000.0
5,ISRG,MRT,2020-06-30,2020-06-30,2020-06-30,2021-10-20,22300000.0,10103600000.0,9714800000.0,5899000000.0,4204600000.0,0.449,24.944,-443900000.0,2035600000.0,2035600000.0,1434800000.0,1147800000.0,6.379,0.153,0.0,0.0,0.0,0.0,343100000.0,257300000.0,0.0,0.0,0.0,1234200000.0,1491500000.0,0.342,1491500000.0,1234200000.0,1234200000.0,3.267,3.167,3.267,8740500000.0,8318100000.0,8740500000.0,65228511857.0,53.0,43.733,1087800000.0,3.104,1.0,2922700000.0,0.671,802300000.0,0.0,6340900000.0,6634125000.0,645500000.0,4039200000.0,2452700000.0,1586500000.0,1337200000.0,924800000.0,412400000.0,66452311857.0,1246900000.0,-98600000.0,137700000.0,0.0,0.0,-79100000.0,-203200000.0,339300000.0,1531700000.0,-2500000.0,1136000000.0,1136000000.0,1136000000.0,0.0,11800000.0,0.261,1795800000.0,1126900000.0,108900000.0,0.0,7.603,58.497,58.14,1450300000.0,0.0,189.943,15.25,15.274,508800000.0,2633000000.0,4357500000.0,4357500000.0,582800000.0,0.117,0.137,0.186,0.283,364600000.0,1213000000.0,1.0,349853352.0,350400000,359100000.0,12.436,9301300000.0,365500000.0,98200000.0,0.0,26.545,4974200000.0
6,ISRG,MRT,2020-03-31,2020-03-31,2020-03-31,2021-10-20,8900000.0,9891100000.0,9321800000.0,4691500000.0,5199600000.0,0.494,24.361,-416000000.0,1223800000.0,1223800000.0,1425500000.0,1394000000.0,4.96,0.16,0.0,0.0,0.0,0.0,337400000.0,239200000.0,0.0,0.0,0.0,1522900000.0,1762100000.0,0.383,1762100000.0,1522900000.0,1522900000.0,3.993,3.867,3.993,8506700000.0,7949300000.0,8506700000.0,56268858429.0,37.0,31.933,1201800000.0,3.442,1.0,3178800000.0,0.69,823000000.0,0.0,6898400000.0,6625175000.0,620300000.0,4672300000.0,2029600000.0,2642700000.0,1360600000.0,945900000.0,414700000.0,57436458429.0,348100000.0,-96100000.0,-94200000.0,0.0,0.0,-305300000.0,-962600000.0,-450500000.0,1617800000.0,-1800000.0,1386300000.0,1386300000.0,1386300000.0,0.0,7700000.0,0.301,1773500000.0,1405300000.0,133400000.0,0.0,6.752,41.431,41.34,1369200000.0,0.0,165.07,12.475,12.519,527600000.0,2570900000.0,4604300000.0,4604300000.0,560400000.0,0.149,0.174,0.23,0.331,350300000.0,1213100000.0,1.0,347952132.0,349200000,359400000.0,13.185,9068100000.0,364700000.0,136600000.0,0.0,25.968,3745600000.0
7,ISRG,MRT,2019-12-31,2019-12-31,2019-12-31,2021-10-20,12400000.0,9733200000.0,8907750000.0,4662600000.0,5070600000.0,0.503,23.87,-425600000.0,1167600000.0,1167600000.0,1368300000.0,1381800000.0,4.526,0.175,0.0,0.0,0.0,0.0,337800000.0,216100000.0,0.0,0.0,0.0,1499700000.0,1715800000.0,0.383,1715800000.0,1499700000.0,1499700000.0,3.983,3.847,3.983,8263800000.0,7578675000.0,8263800000.0,67351677481.0,45.0,39.254,1172600000.0,3.387,1.0,3110200000.0,0.694,748600000.0,0.0,6786800000.0,6398775000.0,595500000.0,4677600000.0,2054100000.0,2623500000.0,1448500000.0,1030200000.0,418300000.0,68321277481.0,273200000.0,-59700000.0,3300000.0,0.0,0.0,-168400000.0,-1154400000.0,-669100000.0,1598200000.0,-2200000.0,1379300000.0,1379300000.0,1379300000.0,0.0,2500000.0,0.308,1735700000.0,1374500000.0,123500000.0,0.0,8.268,49.533,49.473,1272900000.0,0.0,197.05,15.255,15.232,645200000.0,2494500000.0,4478500000.0,4478500000.0,557300000.0,0.155,0.182,0.234,0.335,335800000.0,1178400000.0,1.0,346720515.0,346200000,358500000.0,12.936,8984600000.0,425600000.0,120400000.0,0.0,25.952,3632400000.0
8,ISRG,MRT,2019-09-30,2019-09-30,2019-09-30,2021-10-20,17800000.0,9131300000.0,8436125000.0,4317000000.0,4814300000.0,0.503,22.419,-339100000.0,969600000.0,969600000.0,1297400000.0,1310400000.0,4.637,0.174,0.0,0.0,0.0,0.0,307600000.0,187400000.0,0.0,0.0,0.0,1433000000.0,1620400000.0,0.382,1620400000.0,1433000000.0,1433000000.0,3.807,3.67,3.807,7761400000.0,7182425000.0,7761400000.0,61438486080.0,43.0,37.916,1044500000.0,3.017,1.0,2949900000.0,0.695,720400000.0,0.0,6510400000.0,6118725000.0,579600000.0,4461000000.0,1928000000.0,2533000000.0,1354200000.0,930900000.0,423300000.0,62228786080.0,-38700000.0,-59600000.0,-26800000.0,0.0,0.0,-185500000.0,-1234500000.0,-835800000.0,1383600000.0,-2300000.0,1314100000.0,1314100000.0,1314100000.0,0.0,-3700000.0,0.309,1641000000.0,1308900000.0,132400000.0,0.0,8.018,47.355,47.275,1136800000.0,0.0,179.977,14.651,14.67,639000000.0,2142600000.0,4247300000.0,4247300000.0,520600000.0,0.156,0.183,0.234,0.337,317000000.0,1120400000.0,1.0,345760299.0,346200000,357900000.0,12.268,8410900000.0,424100000.0,118900000.0,0.0,24.295,3386100000.0
9,ISRG,MRT,2019-06-30,2019-06-30,2019-06-30,2021-10-20,16100000.0,8531600000.0,7982950000.0,4071600000.0,4460000000.0,0.506,20.986,-299400000.0,790300000.0,790300000.0,1233400000.0,1203500000.0,5.042,0.172,0.0,0.0,0.0,0.0,306800000.0,172100000.0,0.0,0.0,0.0,1371800000.0,1543900000.0,0.382,1543900000.0,1371800000.0,1371800000.0,3.517,3.377,3.517,7265300000.0,6812225000.0,7265300000.0,59682893554.0,44.0,38.657,1007700000.0,2.911,1.0,2806600000.0,0.695,628700000.0,0.0,6305100000.0,5774500000.0,512800000.0,4357900000.0,1928100000.0,2429800000.0,1252000000.0,807500000.0,444500000.0,60558593554.0,-413200000.0,-48600000.0,21300000.0,0.0,0.0,-129000000.0,-1590500000.0,-1242500000.0,1307100000.0,-800000.0,1209800000.0,1209800000.0,1209800000.0,0.0,-6300000.0,0.299,1550100000.0,1256500000.0,129600000.0,0.0,8.335,50.057,49.716,1032400000.0,0.0,174.85,14.99,14.983,633400000.0,1819000000.0,4040000000.0,4040000000.0,492300000.0,0.152,0.178,0.238,0.34,298100000.0,1057800000.0,1.0,346345974.0,346200000,357900000.0,11.67,7902900000.0,369100000.0,162000000.0,0.0,22.828,3264100000.0
10,ISRG,MRT,2019-03-31,2019-03-31,2019-03-31,2021-10-20,-700000.0,8234900000.0,7562450000.0,4025000000.0,4209900000.0,0.509,20.36,-262100000.0,875700000.0,875700000.0,1170500000.0,1141700000.0,5.438,0.17,0.0,0.0,0.0,0.0,298400000.0,151500000.0,0.0,0.0,0.0,1274400000.0,1425900000.0,0.37,1425900000.0,1274400000.0,1274400000.0,3.347,3.203,3.347,7024200000.0,6461050000.0,7024200000.0,64467006529.0,51.0,45.211,960500000.0,2.784,1.0,2679900000.0,0.696,626200000.0,0.0,5992800000.0,5335100000.0,468300000.0,4188900000.0,1933000000.0,2255900000.0,1194500000.0,740200000.0,454300000.0,65324906529.0,-99000000.0,-89200000.0,239200000.0,0.0,0.0,92800000.0,-1412100000.0,-1060800000.0,1222600000.0,-2300000.0,1146800000.0,1146800000.0,1146800000.0,0.0,-5100000.0,0.298,1505000000.0,1174900000.0,130600000.0,0.0,9.3,56.963,56.825,935400000.0,0.0,190.193,16.966,17.042,547600000.0,1696000000.0,3850400000.0,3850400000.0,466600000.0,0.152,0.177,0.239,0.331,279800000.0,1038400000.0,1.0,343465806.0,345000000,358800000.0,11.161,7608700000.0,392400000.0,127600000.0,0.0,22.054,3284800000.0
11,ISRG,MRT,2018-12-31,2018-12-31,2018-12-31,2021-10-20,-13300000.0,7846700000.0,7110275000.0,4333200000.0,3513500000.0,0.524,19.58,-187400000.0,857900000.0,857900000.0,1120100000.0,1125000000.0,5.281,0.174,0.0,0.0,0.0,0.0,294300000.0,133400000.0,0.0,0.0,0.0,1282400000.0,1415800000.0,0.38,1415800000.0,1282400000.0,1282400000.0,3.307,3.163,3.307,6678800000.0,6079275000.0,6678800000.0,53684490435.0,42.0,37.918,982200000.0,2.88,1.0,2604100000.0,0.699,501600000.0,0.0,5666600000.0,4953250000.0,409000000.0,3976500000.0,2205200000.0,1771300000.0,1159200000.0,820600000.0,338600000.0,54692790435.0,246200000.0,-87900000.0,236600000.0,0.0,0.0,126300000.0,-1049600000.0,-774300000.0,1169600000.0,-100000.0,1127900000.0,1127900000.0,1127900000.0,0.0,-2900000.0,0.303,1404700000.0,1199400000.0,100700000.0,0.0,8.189,48.491,48.273,812000000.0,0.0,159.64,14.686,14.621,682300000.0,1521700000.0,3724200000.0,3724200000.0,418100000.0,0.159,0.186,0.259,0.344,261200000.0,986600000.0,1.0,342600792.0,341100000,356400000.0,10.918,7345100000.0,428600000.0,154500000.0,0.0,21.534,3512600000.0
12,ISRG,MRT,2018-09-30,2018-09-30,2018-09-30,2021-10-20,-16700000.0,7318600000.0,6592800000.0,4252600000.0,3066000000.0,0.541,18.364,-162900000.0,1008300000.0,1008300000.0,1067300000.0,802200000.0,6.047,0.164,0.0,0.0,0.0,0.0,281000000.0,132900000.0,0.0,0.0,0.0,1263700000.0,1396600000.0,0.391,1396600000.0,1263700000.0,1263700000.0,2.363,2.25,2.363,6280600000.0,5604275000.0,6280600000.0,64087618956.0,51.0,45.888,1000600000.0,2.926,1.0,2502400000.0,0.701,473500000.0,0.0,5133500000.0,4553825000.0,370100000.0,3562200000.0,2127600000.0,1434600000.0,1030100000.0,703300000.0,326800000.0,65291118956.0,133300000.0,-60100000.0,-40500000.0,0.0,0.0,-150500000.0,-879100000.0,-656100000.0,1163500000.0,-600000.0,803900000.0,803900000.0,803900000.0,0.0,-1700000.0,0.225,1306000000.0,1196400000.0,96400000.0,0.0,10.396,81.218,80.971,746400000.0,0.0,191.333,18.29,18.331,580400000.0,1234000000.0,3569700000.0,3569700000.0,385300000.0,0.122,0.143,0.278,0.354,246400000.0,920700000.0,1.0,341242782.0,342000000,357600000.0,10.438,6845100000.0,411500000.0,459800000.0,0.0,20.015,3549300000.0
13,ISRG,MRT,2018-06-30,2018-06-30,2018-06-30,2021-10-20,-16400000.0,6849600000.0,6174300000.0,3986100000.0,2863500000.0,0.56,17.212,-167300000.0,1203500000.0,1203500000.0,1028400000.0,809000000.0,5.982,0.167,0.0,0.0,0.0,0.0,272100000.0,118900000.0,0.0,0.0,0.0,1219200000.0,1338100000.0,0.387,1338100000.0,1219200000.0,1219200000.0,2.397,2.287,2.397,5860600000.0,5273600000.0,5860600000.0,53234735620.0,44.0,39.784,1030300000.0,3.026,1.0,2428200000.0,0.702,432200000.0,0.0,4547500000.0,4219950000.0,331500000.0,3056100000.0,1729000000.0,1327100000.0,980400000.0,666400000.0,314000000.0,54209435620.0,507000000.0,-38100000.0,-20000000.0,0.0,0.0,-124600000.0,-566500000.0,-361100000.0,1197600000.0,500000.0,810000000.0,810000000.0,810000000.0,0.0,-1000000.0,0.234,1264500000.0,1163700000.0,102200000.0,0.0,9.25,66.925,66.539,688800000.0,0.0,159.493,15.683,15.711,532500000.0,948100000.0,3456600000.0,3456600000.0,361100000.0,0.131,0.154,0.289,0.353,232100000.0,903400000.0,1.0,339885276.0,340500000,355500000.0,10.152,6417400000.0,415400000.0,409200000.0,0.0,18.847,3319700000.0
14,ISRG,MRT,2018-03-31,2018-03-31,2018-03-31,2021-10-20,-18100000.0,6426200000.0,5774600000.0,3381700000.0,3044500000.0,0.573,16.244,-177800000.0,974700000.0,974700000.0,980100000.0,777400000.0,5.818,0.167,0.0,0.0,0.0,0.0,254600000.0,113600000.0,0.0,0.0,0.0,1192900000.0,1306500000.0,0.395,1306500000.0,1192900000.0,1192900000.0,2.317,2.217,2.317,5497100000.0,4939025000.0,5497100000.0,45711991406.0,38.0,34.988,1004800000.0,2.969,1.0,2326000000.0,0.704,404900000.0,0.0,4465400000.0,3983325000.0,283600000.0,3093500000.0,1542600000.0,1550900000.0,919800000.0,581200000.0,338600000.0,46360191406.0,266100000.0,0.0,58600000.0,0.0,0.0,-43100000.0,-876000000.0,-698200000.0,1182600000.0,2600000.0,777700000.0,777700000.0,777700000.0,0.0,-300000.0,0.235,1179800000.0,1146200000.0,96300000.0,0.0,8.434,59.612,59.391,661900000.0,0.0,137.61,14.023,14.085,474900000.0,698000000.0,3306100000.0,3306100000.0,350600000.0,0.135,0.157,0.299,0.361,219200000.0,829200000.0,1.0,336895512.0,338400000,354000000.0,9.77,6021300000.0,426800000.0,415200000.0,0.0,17.793,2800500000.0
15,ISRG,MRT,2017-12-31,2017-12-31,2017-12-31,2021-10-20,-15500000.0,5776800000.0,5370050000.0,2808900000.0,2967900000.0,0.584,14.261,-190700000.0,648200000.0,648200000.0,936200000.0,670900000.0,4.238,0.209,0.0,0.0,0.0,0.0,243800000.0,110000000.0,0.0,0.0,0.0,1104800000.0,1214800000.0,0.387,1214800000.0,1104800000.0,1104800000.0,2.003,1.923,2.003,4778800000.0,4596625000.0,4778800000.0,40015737270.0,36.0,32.94,953200000.0,2.845,1.0,2202000000.0,0.702,396900000.0,0.0,4068900000.0,3666950000.0,241200000.0,3198300000.0,1312400000.0,1885900000.0,996400000.0,662800000.0,333600000.0,40890737270.0,-388400000.0,0.0,-1858500000.0,0.0,0.0,-1913100000.0,378700000.0,569400000.0,1143900000.0,2100000.0,670900000.0,670900000.0,670900000.0,0.0,0.0,0.214,1139100000.0,1062900000.0,82500000.0,0.0,8.557,60.949,60.732,613100000.0,0.0,121.647,13.03,12.99,507900000.0,115000000.0,3138200000.0,3138200000.0,328600000.0,0.125,0.146,0.301,0.352,209100000.0,810500000.0,1.0,336143508.0,335100000,348900000.0,9.365,5379900000.0,72000000.0,433900000.0,0.0,16.055,2146100000.0
16,ISRG,MRT,2017-09-30,2017-09-30,2017-09-30,2021-10-20,-9200000.0,5644600000.0,5547575000.0,2928900000.0,2715700000.0,0.542,14.782,-177500000.0,875000000.0,875000000.0,907200000.0,908800000.0,4.757,0.138,0.0,0.0,0.0,0.0,282500000.0,95600000.0,0.0,0.0,0.0,1044100000.0,1139700000.0,0.379,1139700000.0,1044100000.0,1044100000.0,2.697,2.603,2.697,4957900000.0,4846375000.0,4957900000.0,38158974284.0,37.0,33.482,964100000.0,2.874,1.0,2098000000.0,0.698,355900000.0,0.0,3798000000.0,3777200000.0,225200000.0,2927000000.0,1271800000.0,1655200000.0,684700000.0,615700000.0,69000000.0,38855474284.0,-146600000.0,0.0,-1622300000.0,0.0,0.0,-1674700000.0,385500000.0,563000000.0,1141600000.0,1000000.0,908800000.0,908800000.0,908800000.0,0.0,0.0,0.302,1095200000.0,1002800000.0,80400000.0,0.0,7.837,42.755,43.088,584800000.0,0.0,116.209,12.929,12.97,468000000.0,776600000.0,3005200000.0,3005200000.0,310600000.0,0.164,0.188,0.276,0.347,203200000.0,784600000.0,1.0,334358883.0,335400000,350400000.0,8.96,5288700000.0,119800000.0,135300000.0,0.0,15.768,2313200000.0
17,ISRG,MRT,2017-06-30,2017-06-30,2017-06-30,2021-10-20,-9800000.0,5250800000.0,5680100000.0,2642200000.0,2608600000.0,0.507,13.58,-141200000.0,696500000.0,696500000.0,863400000.0,821200000.0,4.405,0.161,0.0,0.0,0.0,0.0,288900000.0,93000000.0,0.0,0.0,0.0,1019500000.0,1112500000.0,0.386,1112500000.0,1019500000.0,1019500000.0,2.413,2.34,2.413,4522300000.0,4992350000.0,4522300000.0,33751144487.0,33.0,30.338,915300000.0,2.749,1.0,2016900000.0,0.7,353500000.0,0.0,3601000000.0,3899725000.0,214200000.0,2726800000.0,1126900000.0,1599900000.0,728500000.0,599800000.0,128700000.0,34459744487.0,-497000000.0,0.0,-1605600000.0,0.0,0.0,-1657800000.0,104200000.0,245400000.0,1056500000.0,100000.0,821200000.0,821200000.0,821200000.0,0.0,0.0,0.285,1038300000.0,978600000.0,74200000.0,0.0,7.62,41.963,43.071,540100000.0,0.0,103.93,11.964,12.016,481100000.0,482300000.0,2880300000.0,2880300000.0,289800000.0,0.145,0.164,0.261,0.354,201600000.0,748500000.0,1.0,331566867.0,333000000,345600000.0,8.65,4897300000.0,115100000.0,198300000.0,0.0,14.707,2042400000.0
18,ISRG,MRT,2017-03-31,2017-03-31,2017-03-31,2021-10-20,-8000000.0,4808000000.0,5812600000.0,2167700000.0,2640300000.0,0.48,12.295,-97300000.0,708600000.0,708600000.0,833900000.0,782700000.0,3.883,0.165,0.0,0.0,0.0,0.0,273300000.0,91400000.0,0.0,0.0,0.0,1002900000.0,1094300000.0,0.392,1094300000.0,1002900000.0,1002900000.0,2.279,2.217,2.279,4127500000.0,5157150000.0,4127500000.0,28692455794.0,29.0,26.22,1004400000.0,2.992,1.0,1957700000.0,0.701,341300000.0,0.0,3199900000.0,3937575000.0,213500000.0,2438200000.0,756200000.0,1682000000.0,680500000.0,558200000.0,122300000.0,29729055794.0,-271900000.0,0.0,-1543200000.0,0.0,0.0,-1594000000.0,220800000.0,318100000.0,1101700000.0,-400000.0,782700000.0,782700000.0,782700000.0,0.0,0.0,0.28,993600000.0,964100000.0,74000000.0,0.0,7.203,37.983,37.369,497400000.0,0.0,85.163,10.649,10.241,412900000.0,263300000.0,2791600000.0,2791600000.0,259900000.0,0.135,0.152,0.255,0.359,201300000.0,733700000.0,1.0,349082811.0,335700000,346500000.0,8.316,4466700000.0,119600000.0,220200000.0,0.0,13.306,1609500000.0
19,ISRG,MRT,2016-12-31,2016-12-31,2016-12-31,2021-10-20,-8900000.0,6486900000.0,5937175000.0,3250400000.0,3236500000.0,0.456,16.762,-53900000.0,1036600000.0,1036600000.0,813600000.0,738300000.0,5.449,0.123,0.0,0.0,0.0,0.0,240600000.0,92100000.0,0.0,0.0,0.0,985300000.0,1077400000.0,0.398,1077400000.0,985300000.0,985300000.0,2.143,2.087,2.143,5777800000.0,5312875000.0,5777800000.0,23550591966.0,24.0,21.859,1033100000.0,2.997,1.0,1892900000.0,0.699,343900000.0,0.0,4509900000.0,4022675000.0,182300000.0,3801300000.0,1518000000.0,2283300000.0,709100000.0,596500000.0,112600000.0,24572191966.0,322000000.0,0.0,538400000.0,0.0,0.0,514400000.0,-1279400000.0,-1225500000.0,1087000000.0,0.0,738300000.0,738300000.0,738300000.0,0.0,0.0,0.273,943200000.0,949700000.0,68500000.0,0.0,4.253,33.282,32.881,458400000.0,0.0,70.463,9.079,8.974,430200000.0,1574900000.0,2706500000.0,2706500000.0,239600000.0,0.124,0.139,0.245,0.364,207400000.0,703600000.0,1.0,348723099.0,344700000,353700000.0,7.852,6143000000.0,150900000.0,247000000.0,0.0,17.821,2653900000.0
20,ISRG,MRT,2016-09-30,2016-09-30,2016-09-30,2021-10-20,4000000.0,6174700000.0,5542275000.0,2911400000.0,3263300000.0,0.473,15.911,-55800000.0,1021600000.0,1021600000.0,802300000.0,721900000.0,5.513,0.114,0.0,0.0,0.0,0.0,229600000.0,92600000.0,0.0,0.0,0.0,956500000.0,1049100000.0,0.4,1049100000.0,956500000.0,956500000.0,2.11,2.061,2.11,5541800000.0,4948300000.0,5541800000.0,26707645028.0,28.0,25.458,1019200000.0,2.926,1.0,1821700000.0,0.694,336900000.0,0.0,4288100000.0,3739425000.0,183500000.0,3539700000.0,1193700000.0,2346000000.0,632900000.0,528100000.0,104800000.0,27901145028.0,153400000.0,0.0,525200000.0,0.0,0.0,461000000.0,-1383500000.0,-1327700000.0,1075000000.0,900000.0,721900000.0,721900000.0,721900000.0,0.0,0.0,0.275,895000000.0,926700000.0,60600000.0,0.0,5.035,38.65,38.169,447300000.0,0.0,80.537,10.633,10.69,432000000.0,1402800000.0,2624000000.0,2624000000.0,223100000.0,0.13,0.146,0.256,0.365,229500000.0,671900000.0,1.0,346440276.0,348300000,357300000.0,7.534,5837800000.0,133100000.0,234600000.0,0.0,16.761,2383300000.0
21,ISRG,MRT,2016-06-30,2016-06-30,2016-06-30,2021-10-20,9300000.0,5780800000.0,5169175000.0,2827400000.0,2953400000.0,0.49,15.032,-69200000.0,1193500000.0,1193500000.0,800300000.0,678200000.0,5.776,0.116,0.0,0.0,0.0,0.0,228600000.0,93900000.0,0.0,0.0,0.0,883300000.0,977200000.0,0.386,977200000.0,883300000.0,883300000.0,2.002,1.96,2.002,5181500000.0,4591650000.0,5181500000.0,24193005353.0,27.0,24.757,916700000.0,2.659,1.0,1730500000.0,0.684,345400000.0,0.0,3752400000.0,3418500000.0,169200000.0,3031400000.0,990300000.0,2041100000.0,599300000.0,489500000.0,109800000.0,25173505353.0,278100000.0,0.0,524300000.0,0.0,0.0,472900000.0,-1181000000.0,-1111800000.0,985900000.0,300000.0,678200000.0,678200000.0,678200000.0,0.0,0.0,0.268,870300000.0,860200000.0,64800000.0,0.0,4.858,37.118,36.708,440100000.0,0.0,73.49,9.947,10.009,403800000.0,1193000000.0,2530800000.0,2530800000.0,211500000.0,0.131,0.148,0.258,0.349,214600000.0,658800000.0,1.0,342543276.0,344700000,352800000.0,7.342,5435400000.0,126800000.0,205100000.0,0.0,15.768,2337900000.0
22,ISRG,MRT,2016-03-31,2016-03-31,2016-03-31,2021-10-20,1300000.0,5306300000.0,4812600000.0,2406400000.0,2899900000.0,0.508,14.001,-71400000.0,980500000.0,980500000.0,800700000.0,628200000.0,5.313,0.117,0.0,0.0,0.0,0.0,225300000.0,92700000.0,0.0,0.0,0.0,808300000.0,901000000.0,0.368,901000000.0,808300000.0,808300000.0,1.871,1.832,1.871,4750400000.0,4244450000.0,4750400000.0,21752816693.0,27.0,24.143,837900000.0,2.469,1.0,1646100000.0,0.673,332600000.0,0.0,3540300000.0,3139900000.0,163000000.0,2820600000.0,827900000.0,1992700000.0,555900000.0,452900000.0,103000000.0,22467416693.0,279400000.0,0.0,362600000.0,0.0,0.0,323200000.0,-953700000.0,-882300000.0,909300000.0,600000.0,628200000.0,628200000.0,628200000.0,0.0,0.0,0.257,857500000.0,788600000.0,57900000.0,0.0,4.73,35.765,35.694,439000000.0,0.0,66.783,9.182,9.261,325900000.0,1009600000.0,2446800000.0,2446800000.0,206200000.0,0.131,0.148,0.257,0.33,203800000.0,651300000.0,1.0,336422511.0,339300000,346500000.0,7.211,4973700000.0,135600000.0,180100000.0,0.0,14.659,1953500000.0
23,ISRG,MRT,2015-12-31,2015-12-31,2015-12-31,2021-10-20,-9500000.0,4907300000.0,4517575000.0,2195500000.0,2711800000.0,0.528,12.937,-81000000.0,714600000.0,714600000.0,806500000.0,588800000.0,4.463,0.136,0.0,0.0,0.0,0.0,225600000.0,89500000.0,0.0,0.0,0.0,758500000.0,848000000.0,0.356,848000000.0,758500000.0,758500000.0,1.763,1.727,1.763,4319500000.0,3953200000.0,4319500000.0,19539183094.0,26.0,23.041,725200000.0,2.172,1.0,1577900000.0,0.662,323900000.0,0.0,3376900000.0,2917300000.0,167900000.0,2633200000.0,845200000.0,1788000000.0,587800000.0,491900000.0,95900000.0,20407383094.0,114300000.0,0.0,177400000.0,0.0,0.0,159100000.0,-849500000.0,-768500000.0,806200000.0,-1500000.0,588800000.0,588800000.0,588800000.0,0.0,0.0,0.247,837900000.0,740000000.0,52600000.0,0.0,4.724,34.659,34.421,432100000.0,0.0,60.684,8.559,8.498,394300000.0,899200000.0,2384400000.0,2384400000.0,197400000.0,0.13,0.149,0.26,0.318,189400000.0,640500000.0,1.0,336286890.0,333900000,341100000.0,7.141,4583400000.0,167800000.0,169700000.0,0.0,13.727,1703600000.0
24,ISRG,MRT,2015-09-30,2015-09-30,2015-09-30,2021-10-20,-2700000.0,4682300000.0,4280600000.0,2398800000.0,2283500000.0,0.54,12.259,-126500000.0,868200000.0,868200000.0,800100000.0,545600000.0,5.012,0.138,0.0,0.0,0.0,0.0,225000000.0,85200000.0,0.0,0.0,0.0,691500000.0,776700000.0,0.336,776700000.0,691500000.0,691500000.0,1.643,1.607,1.643,4115200000.0,3718175000.0,4115200000.0,16086371242.0,23.0,20.711,556200000.0,1.657,1.0,1512500000.0,0.654,331100000.0,0.0,3004400000.0,2706475000.0,194000000.0,2257000000.0,871500000.0,1385500000.0,567100000.0,478600000.0,88500000.0,17001771242.0,375200000.0,-1400000.0,302100000.0,0.0,0.0,333600000.0,-639900000.0,-512000000.0,682700000.0,-1200000.0,545600000.0,545600000.0,545600000.0,0.0,0.0,0.236,832300000.0,680200000.0,58000000.0,0.0,4.131,31.162,31.059,427300000.0,0.0,51.03,7.352,7.408,334700000.0,785700000.0,2312600000.0,2312600000.0,192100000.0,0.127,0.147,0.255,0.299,156100000.0,640200000.0,1.0,333172080.0,335700000,342000000.0,6.889,4351200000.0,167300000.0,145900000.0,0.0,12.962,1920200000.0
25,ISRG,MRT,2015-06-30,2015-06-30,2015-06-30,2021-10-20,-6400000.0,4354500000.0,4022900000.0,2163200000.0,2191300000.0,0.565,11.42,-111800000.0,915400000.0,915400000.0,795700000.0,502000000.0,4.56,0.148,0.0,0.0,0.0,0.0,216800000.0,81500000.0,0.0,0.0,0.0,659000000.0,740500000.0,0.326,740500000.0,659000000.0,659000000.0,1.526,1.49,1.526,3792700000.0,3460425000.0,3792700000.0,17156608268.0,26.0,23.169,541800000.0,1.631,1.0,1477300000.0,0.65,326700000.0,0.0,2638000000.0,2541725000.0,201300000.0,1953200000.0,646100000.0,1307100000.0,561800000.0,474400000.0,87400000.0,17857708268.0,407800000.0,-3100000.0,286600000.0,0.0,0.0,315800000.0,-559800000.0,-444900000.0,653600000.0,-1800000.0,502000000.0,502000000.0,502000000.0,0.0,0.0,0.221,827900000.0,649400000.0,64700000.0,0.0,4.708,35.573,35.277,408600000.0,0.0,53.833,7.856,7.865,321500000.0,651300000.0,2273000000.0,2273000000.0,188600000.0,0.125,0.145,0.259,0.29,159700000.0,639300000.0,1.0,331722135.0,332100000,340200000.0,6.844,4027800000.0,174800000.0,157000000.0,0.0,12.128,1688800000.0
26,ISRG,MRT,2015-03-31,2015-03-31,2015-03-31,2021-10-20,-1200000.0,4126200000.0,3785425000.0,1959300000.0,2166900000.0,0.581,10.855,-116700000.0,701100000.0,701100000.0,763900000.0,471500000.0,4.288,0.151,0.0,0.0,0.0,0.0,212000000.0,77600000.0,0.0,0.0,0.0,623200000.0,700800000.0,0.319,700800000.0,623200000.0,623200000.0,1.434,1.402,1.434,3585400000.0,3217850000.0,3585400000.0,17883696489.0,29.0,25.519,505800000.0,1.531,1.0,1435200000.0,0.653,318300000.0,0.0,2649900000.0,2398500000.0,202400000.0,1965900000.0,661100000.0,1304800000.0,540800000.0,456900000.0,83900000.0,18483996489.0,-112900000.0,-71800000.0,-717200000.0,0.0,0.0,-697000000.0,-36300000.0,152200000.0,622500000.0,-2100000.0,471500000.0,471500000.0,471500000.0,0.0,0.0,0.214,816600000.0,618600000.0,67900000.0,0.0,5.155,39.203,39.131,404700000.0,0.0,56.114,8.405,8.428,292400000.0,562300000.0,2199100000.0,2199100000.0,179400000.0,0.125,0.147,0.26,0.283,159300000.0,637200000.0,1.0,329398191.0,330300000,339300000.0,6.658,3807900000.0,167500000.0,151700000.0,0.0,11.529,1502400000.0
27,ISRG,MRT,2014-12-31,2014-12-31,2014-12-31,2021-10-20,-5100000.0,3959400000.0,3802425000.0,1811900000.0,2147500000.0,0.561,10.176,-105600000.0,600300000.0,600300000.0,717900000.0,418800000.0,3.615,0.172,0.0,0.0,0.0,0.0,216600000.0,74400000.0,0.0,0.0,0.0,549000000.0,623400000.0,0.292,623400000.0,549000000.0,549000000.0,1.261,1.234,1.261,3379400000.0,3235650000.0,3379400000.0,18682103788.0,34.0,29.968,559500000.0,1.685,1.0,1413800000.0,0.663,324300000.0,0.0,2533600000.0,2401225000.0,181700000.0,1896700000.0,632200000.0,1264500000.0,580000000.0,501200000.0,78800000.0,19175103788.0,-181800000.0,-84300000.0,-716400000.0,0.0,0.0,-692400000.0,-153900000.0,36000000.0,665100000.0,-600000.0,418800000.0,418800000.0,418800000.0,0.0,0.0,0.196,869000000.0,544800000.0,61600000.0,0.0,5.674,45.786,46.607,387400000.0,0.0,58.771,8.995,9.156,315100000.0,487700000.0,2131700000.0,2131700000.0,178000000.0,0.11,0.129,0.229,0.258,158800000.0,691000000.0,1.0,326267505.0,332100000,339300000.0,6.419,3635100000.0,171300000.0,130200000.0,0.0,10.946,1310700000.0
28,ISRG,MRT,2014-09-30,2014-09-30,2014-09-30,2021-10-20,1400000.0,3651500000.0,3800150000.0,1591900000.0,2059600000.0,0.553,9.493,-69300000.0,493000000.0,493000000.0,684800000.0,438200000.0,3.313,0.184,0.0,0.0,0.0,0.0,217800000.0,72200000.0,0.0,0.0,0.0,578700000.0,650900000.0,0.309,650900000.0,578700000.0,578700000.0,1.309,1.28,1.309,3084200000.0,3266150000.0,3084200000.0,16095569759.0,28.0,24.728,630700000.0,1.941,1.0,1418400000.0,0.674,332600000.0,0.0,2345400000.0,2406775000.0,198900000.0,1769700000.0,521300000.0,1248400000.0,567300000.0,480500000.0,86800000.0,16603169759.0,-93800000.0,-82900000.0,-801300000.0,0.0,0.0,-779200000.0,-13600000.0,138600000.0,700000000.0,-1000000.0,438200000.0,438200000.0,438200000.0,0.0,0.0,0.208,851100000.0,567300000.0,53600000.0,0.0,5.383,37.889,39.2,335400000.0,0.0,51.313,7.894,7.927,259100000.0,341000000.0,2103200000.0,2103200000.0,172400000.0,0.115,0.134,0.24,0.275,159800000.0,678700000.0,1.0,323564436.0,324900000,332100000.0,6.473,3318900000.0,176600000.0,140500000.0,0.0,10.215,1111400000.0
29,ISRG,MRT,2014-06-30,2014-06-30,2014-06-30,2021-10-20,600000.0,3404600000.0,3811625000.0,1533400000.0,1871200000.0,0.538,8.499,-89500000.0,507600000.0,507600000.0,637600000.0,471300000.0,3.092,0.206,0.0,0.0,0.0,0.0,225100000.0,68900000.0,0.0,0.0,0.0,595700000.0,664600000.0,0.324,664600000.0,595700000.0,595700000.0,1.379,1.351,1.379,2822400000.0,3311175000.0,2822400000.0,15000624305.0,25.0,22.571,663700000.0,1.998,1.0,1414500000.0,0.689,336000000.0,0.0,2065100000.0,2449075000.0,202400000.0,1535800000.0,471000000.0,1064800000.0,582200000.0,495900000.0,86300000.0,15814624305.0,74900000.0,-81200000.0,-1554800000.0,0.0,0.0,-1537200000.0,858300000.0,1029000000.0,753200000.0,600000.0,471300000.0,471300000.0,471300000.0,0.0,0.0,0.23,832100000.0,582400000.0,58900000.0,0.0,5.603,33.555,33.18,326700000.0,0.0,45.756,7.707,7.405,271100000.0,312200000.0,2052100000.0,2052100000.0,168100000.0,0.124,0.142,0.243,0.29,166700000.0,664000000.0,1.0,345632877.0,332100000,338400000.0,6.179,3068600000.0,182600000.0,124400000.0,0.0,9.24,1037500000.0
30,ISRG,MRT,2014-03-31,2014-03-31,2014-03-31,2021-10-20,3800000.0,4194200000.0,4010800000.0,2077600000.0,2116600000.0,0.528,10.608,-96000000.0,814000000.0,814000000.0,643100000.0,526400000.0,4.521,0.147,0.0,0.0,0.0,0.0,226500000.0,68300000.0,0.0,0.0,0.0,675900000.0,744200000.0,0.351,744200000.0,675900000.0,675900000.0,1.509,1.477,1.509,3656600000.0,3535275000.0,3656600000.0,15936569149.0,24.0,21.414,692300000.0,2.008,1.0,1475300000.0,0.696,259900000.0,0.0,2660800000.0,2719850000.0,185500000.0,2149600000.0,745300000.0,1404300000.0,537600000.0,459500000.0,78100000.0,16718669149.0,386500000.0,-12500000.0,-825900000.0,0.0,0.0,-804200000.0,401700000.0,510200000.0,788300000.0,700000.0,526400000.0,526400000.0,526400000.0,0.0,0.0,0.248,817400000.0,657900000.0,57000000.0,0.0,4.572,31.76,32.25,320800000.0,0.0,48.666,7.892,7.919,239100000.0,1023700000.0,2118400000.0,2118400000.0,169100000.0,0.131,0.149,0.249,0.319,166500000.0,648300000.0,1.0,343542141.0,344700000,351900000.0,6.146,3934300000.0,166500000.0,149500000.0,0.0,11.414,1618100000.0
31,ISRG,MRT,2013-12-31,2013-12-31,2013-12-31,2021-10-20,2100000.0,3950300000.0,4021200000.0,1932400000.0,2017900000.0,0.563,9.925,-104600000.0,782100000.0,782100000.0,670900000.0,671000000.0,5.073,0.128,0.0,0.0,0.0,0.0,200100000.0,67300000.0,0.0,0.0,0.0,870900000.0,938200000.0,0.414,938200000.0,870900000.0,870900000.0,1.902,1.859,1.902,3501400000.0,3564175000.0,3501400000.0,14032891407.0,16.0,14.957,775400000.0,2.198,1.0,1594200000.0,0.704,231500000.0,0.0,2555800000.0,2852875000.0,179600000.0,1971800000.0,621400000.0,1350400000.0,448900000.0,380900000.0,68000000.0,14619691407.0,228400000.0,0.0,-948600000.0,0.0,0.0,-910600000.0,259000000.0,363600000.0,880000000.0,0.0,671000000.0,671000000.0,671000000.0,0.0,0.0,0.296,741700000.0,852500000.0,46200000.0,0.0,4.175,21.788,22.437,309900000.0,0.0,42.676,6.454,6.647,301400000.0,979400000.0,2265100000.0,2265100000.0,167700000.0,0.167,0.188,0.305,0.384,165400000.0,574000000.0,1.0,342577647.0,352800000,360900000.0,6.42,3718800000.0,135700000.0,199900000.0,0.0,10.541,1551500000.0
32,ISRG,MRT,2013-09-30,2013-09-30,2013-09-30,2021-10-20,400000.0,3697400000.0,4048425000.0,1733500000.0,1963900000.0,0.568,9.396,-146400000.0,586800000.0,586800000.0,664100000.0,679700000.0,4.72,0.133,0.0,0.0,0.0,0.0,192600000.0,64600000.0,0.0,0.0,0.0,908200000.0,972800000.0,0.423,972800000.0,908200000.0,908200000.0,1.904,1.857,1.904,3264300000.0,3583850000.0,3264300000.0,14508945954.0,16.0,14.915,731300000.0,2.105,1.0,1634100000.0,0.711,228700000.0,0.0,2514600000.0,2929525000.0,200100000.0,1945500000.0,626100000.0,1319400000.0,433100000.0,367300000.0,65800000.0,14941645954.0,190600000.0,15000000.0,-937700000.0,0.0,0.0,-867100000.0,179500000.0,310900000.0,877700000.0,500000.0,679700000.0,679700000.0,679700000.0,0.0,0.0,0.296,742100000.0,892000000.0,62000000.0,0.0,4.577,21.983,21.958,294200000.0,0.0,41.808,6.501,6.32,280600000.0,813200000.0,2298200000.0,2298200000.0,167700000.0,0.168,0.19,0.31,0.395,163800000.0,574400000.0,1.0,357389145.0,347400000,353700000.0,6.615,3468700000.0,131500000.0,228500000.0,0.0,9.985,1366200000.0
33,ISRG,MRT,2013-06-30,2013-06-30,2013-06-30,2021-10-20,-2100000.0,4201300000.0,4057125000.0,1861000000.0,2340300000.0,0.576,10.356,-99500000.0,432700000.0,432700000.0,669500000.0,706200000.0,4.761,0.13,0.0,0.0,0.0,0.0,196700000.0,63200000.0,0.0,0.0,0.0,945800000.0,1009000000.0,0.432,1009000000.0,945800000.0,945800000.0,1.963,1.909,1.963,3718800000.0,3591150000.0,3718800000.0,19899278387.0,21.0,19.722,786000000.0,2.189,1.0,1667500000.0,0.714,229500000.0,0.0,3148200000.0,2991675000.0,169300000.0,2594500000.0,857500000.0,1737000000.0,482500000.0,390900000.0,91600000.0,20326778387.0,-51700000.0,-27600000.0,-401600000.0,0.0,0.0,-325600000.0,-611600000.0,-484500000.0,885500000.0,0.0,706200000.0,706200000.0,706200000.0,0.0,0.0,0.302,738300000.0,929200000.0,67200000.0,0.0,5.466,28.783,28.648,267600000.0,0.0,56.237,8.698,8.641,358600000.0,1292900000.0,2337000000.0,2337000000.0,174200000.0,0.174,0.197,0.316,0.405,161500000.0,564100000.0,1.0,361449198.0,359100000,367200000.0,6.508,3971800000.0,115700000.0,239600000.0,0.0,11.06,1470100000.0
34,ISRG,MRT,2013-03-31,2013-03-31,2013-03-31,2021-10-20,8100000.0,4235800000.0,3913325000.0,1894700000.0,2341100000.0,0.586,10.4,-82600000.0,427500000.0,427500000.0,646300000.0,702000000.0,5.018,0.123,0.0,0.0,0.0,0.0,192100000.0,60500000.0,0.0,0.0,0.0,952300000.0,1012800000.0,0.441,1012800000.0,952300000.0,952300000.0,1.951,1.892,1.951,3772200000.0,3457050000.0,3772200000.0,19156301760.0,20.0,18.914,824600000.0,2.274,1.0,1648700000.0,0.718,237800000.0,0.0,3192900000.0,2850000000.0,135500000.0,2688500000.0,930700000.0,1757800000.0,463600000.0,377600000.0,86000000.0,19710001760.0,101600000.0,-27600000.0,-114300000.0,0.0,0.0,-19700000.0,-785500000.0,-675300000.0,907200000.0,-400000.0,702000000.0,702000000.0,702000000.0,0.0,0.0,0.306,712700000.0,936000000.0,67900000.0,0.0,5.225,28.077,27.974,249900000.0,0.0,54.577,8.588,8.625,345100000.0,1385600000.0,2295000000.0,2295000000.0,173200000.0,0.179,0.203,0.334,0.415,156100000.0,539500000.0,1.0,361143378.0,362700000,372600000.0,6.328,3998000000.0,105000000.0,250300000.0,0.0,11.023,1517100000.0
35,ISRG,MRT,2012-12-31,2012-12-31,2012-12-31,2021-10-20,6600000.0,4059200000.0,3687600000.0,1892800000.0,2166400000.0,0.591,9.995,-114200000.0,553700000.0,553700000.0,608500000.0,656600000.0,4.713,0.134,0.0,0.0,0.0,0.0,185700000.0,57800000.0,0.0,0.0,0.0,893900000.0,951700000.0,0.437,951700000.0,893900000.0,893900000.0,1.833,1.776,1.833,3580100000.0,3245825000.0,3580100000.0,19102475971.0,21.0,20.072,700000000.0,1.954,1.0,1570300000.0,0.721,241500000.0,0.0,2862400000.0,2670250000.0,121500000.0,2366800000.0,770700000.0,1596100000.0,479100000.0,401600000.0,77500000.0,19498675971.0,87900000.0,-27600000.0,25000000.0,0.0,0.0,119200000.0,-845700000.0,-703900000.0,814200000.0,200000.0,656600000.0,656600000.0,656600000.0,0.0,0.0,0.301,692200000.0,878100000.0,57600000.0,0.0,5.446,29.696,29.725,241800000.0,0.0,54.486,8.949,8.958,370300000.0,1333400000.0,2178800000.0,2178800000.0,170000000.0,0.178,0.202,0.335,0.41,153000000.0,522200000.0,1.0,357868719.0,358200000,369900000.0,6.083,3817700000.0,96300000.0,237300000.0,0.0,10.658,1491200000.0
36,ISRG,MRT,2012-09-30,2012-09-30,2012-09-30,2021-10-20,5800000.0,3732200000.0,3438575000.0,1653100000.0,2079100000.0,0.601,9.172,-58700000.0,396200000.0,396200000.0,571000000.0,632900000.0,4.53,0.133,0.0,0.0,0.0,0.0,171800000.0,54900000.0,0.0,0.0,0.0,845200000.0,900100000.0,0.436,900100000.0,845200000.0,845200000.0,1.773,1.72,1.773,3293500000.0,3012200000.0,3293500000.0,19308151861.0,23.0,21.451,742400000.0,2.067,1.0,1495300000.0,0.724,207900000.0,0.0,2763200000.0,2476850000.0,125800000.0,2304900000.0,745200000.0,1559700000.0,438700000.0,364900000.0,73800000.0,19792551861.0,98000000.0,-42600000.0,70400000.0,0.0,0.0,139000000.0,-841400000.0,-740100000.0,801100000.0,-700000.0,632900000.0,632900000.0,632900000.0,0.0,0.0,0.306,665800000.0,829500000.0,56100000.0,0.0,6.01,31.273,31.06,223400000.0,0.0,55.07,9.579,9.571,336200000.0,1208800000.0,2066300000.0,2066300000.0,169700000.0,0.184,0.21,0.341,0.409,148200000.0,496100000.0,1.0,359407152.0,359100000,369900000.0,5.754,3524300000.0,95200000.0,212300000.0,0.0,9.814,1288200000.0
37,ISRG,MRT,2012-06-30,2012-06-30,2012-06-30,2021-10-20,3600000.0,3626100000.0,3192025000.0,1703300000.0,1922800000.0,0.619,8.862,-86100000.0,484400000.0,484400000.0,544500000.0,572000000.0,4.911,0.139,0.0,0.0,0.0,0.0,168200000.0,51200000.0,0.0,0.0,0.0,810300000.0,861500000.0,0.436,861500000.0,810300000.0,810300000.0,1.611,1.563,1.611,3182400000.0,2781075000.0,3182400000.0,21660837271.0,27.0,25.143,661000000.0,1.841,1.0,1430700000.0,0.724,213400000.0,0.0,2581500000.0,2278900000.0,119400000.0,2146800000.0,728100000.0,1418700000.0,443700000.0,346800000.0,96900000.0,21986737271.0,102400000.0,0.0,111600000.0,0.0,0.0,190700000.0,-834300000.0,-748200000.0,747100000.0,-1100000.0,572000000.0,572000000.0,572000000.0,0.0,0.0,0.29,633700000.0,797000000.0,54600000.0,0.0,6.909,38.438,38.195,216100000.0,0.0,61.532,11.131,11.187,323200000.0,1185800000.0,1975200000.0,1975200000.0,155400000.0,0.179,0.206,0.356,0.41,130300000.0,478300000.0,1.0,357320709.0,359100000,371700000.0,5.5,3412700000.0,82000000.0,238300000.0,0.0,9.503,1356500000.0
38,ISRG,MRT,2012-03-31,2012-03-31,2012-03-31,2021-10-20,1500000.0,3332900000.0,2947975000.0,1436100000.0,1896800000.0,0.632,8.234,-116500000.0,325900000.0,325900000.0,513500000.0,534500000.0,4.579,0.139,0.0,0.0,0.0,0.0,160500000.0,48500000.0,0.0,0.0,0.0,753200000.0,801700000.0,0.43,801700000.0,753200000.0,753200000.0,1.512,1.47,1.512,2927300000.0,2557600000.0,2927300000.0,20850103532.0,28.0,26.007,620700000.0,1.746,1.0,1350900000.0,0.725,219500000.0,0.0,2473900000.0,2085750000.0,118800000.0,2045100000.0,645400000.0,1399700000.0,405600000.0,313600000.0,92000000.0,21315903532.0,-123900000.0,0.0,-36200000.0,0.0,0.0,29100000.0,-889400000.0,-772900000.0,737200000.0,-800000.0,534500000.0,534500000.0,534500000.0,0.0,0.0,0.287,611100000.0,739800000.0,49800000.0,0.0,7.282,39.88,39.811,210100000.0,0.0,60.194,11.433,11.478,299700000.0,1045400000.0,1864400000.0,1864400000.0,147200000.0,0.181,0.209,0.361,0.404,130600000.0,463900000.0,1.0,354117456.0,355500000,369000000.0,5.244,3113400000.0,73900000.0,218700000.0,0.0,8.758,1122500000.0
39,ISRG,MRT,2011-12-31,2011-12-31,2011-12-31,2021-10-20,900000.0,3063100000.0,2756825000.0,1466300000.0,1596800000.0,0.637,7.499,-82900000.0,465800000.0,465800000.0,483500000.0,495100000.0,4.574,0.158,0.0,0.0,0.0,0.0,154200000.0,46500000.0,0.0,0.0,0.0,709700000.0,756200000.0,0.43,756200000.0,709700000.0,709700000.0,1.403,1.369,1.403,2645600000.0,2383500000.0,2645600000.0,17756519821.0,25.0,23.481,594700000.0,1.686,1.0,1273800000.0,0.725,187900000.0,0.0,2088800000.0,1886475000.0,112100000.0,1706000000.0,563400000.0,1142600000.0,417500000.0,320600000.0,96900000.0,18054719821.0,186000000.0,0.0,-71200000.0,0.0,0.0,-12400000.0,-479000000.0,-396100000.0,677600000.0,-200000.0,495100000.0,495100000.0,495100000.0,0.0,0.0,0.282,579000000.0,694800000.0,45800000.0,0.0,6.824,36.467,36.668,197200000.0,0.0,51.446,10.274,10.328,297900000.0,901900000.0,1757300000.0,1757300000.0,140200000.0,0.18,0.208,0.376,0.404,126200000.0,438800000.0,1.0,350948097.0,352800000,361800000.0,4.981,2875200000.0,75300000.0,214600000.0,0.0,8.15,1145700000.0
40,ISRG,MRT,2011-09-30,2011-09-30,2011-09-30,2021-10-20,1500000.0,2746000000.0,2588650000.0,1311900000.0,1434100000.0,0.637,6.732,-77100000.0,298200000.0,298200000.0,456800000.0,465100000.0,4.618,0.159,0.0,0.0,0.0,0.0,143700000.0,44800000.0,0.0,0.0,0.0,663800000.0,708600000.0,0.43,708600000.0,663800000.0,663800000.0,1.319,1.286,1.319,2369000000.0,2231450000.0,2369000000.0,13855201504.0,21.0,19.553,528500000.0,1.502,1.0,1193000000.0,0.723,192300000.0,0.0,1971400000.0,1777725000.0,108600000.0,1589100000.0,612400000.0,976700000.0,377000000.0,284100000.0,92900000.0,14237201504.0,-83800000.0,0.0,-281700000.0,0.0,0.0,-227900000.0,-461500000.0,-384400000.0,605600000.0,0.0,465100000.0,465100000.0,465100000.0,0.0,0.0,0.282,544000000.0,649000000.0,43200000.0,0.0,6.01,30.611,30.687,196000000.0,0.0,40.476,8.63,8.633,265100000.0,750700000.0,1649800000.0,1649800000.0,131400000.0,0.18,0.208,0.373,0.402,122700000.0,412600000.0,1.0,351748143.0,351900000,360900000.0,4.688,2553700000.0,73900000.0,198700000.0,0.0,7.257,1027800000.0
41,ISRG,MRT,2011-06-30,2011-06-30,2011-06-30,2021-10-20,2600000.0,2649900000.0,2490100000.0,1365300000.0,1284600000.0,0.621,6.487,-112700000.0,382000000.0,382000000.0,429400000.0,429300000.0,4.983,0.158,0.0,0.0,0.0,0.0,134300000.0,43600000.0,0.0,0.0,0.0,620100000.0,663700000.0,0.429,663700000.0,620100000.0,620100000.0,1.216,1.184,1.216,2288500000.0,2141275000.0,2288500000.0,14169643168.0,23.0,21.349,448300000.0,1.271,1.0,1118100000.0,0.723,185000000.0,0.0,1808900000.0,1663625000.0,100100000.0,1440000000.0,611900000.0,828100000.0,361400000.0,274000000.0,87400000.0,14619443168.0,-38000000.0,0.0,-232900000.0,0.0,0.0,-190200000.0,-409900000.0,-297200000.0,561000000.0,1100000.0,429300000.0,429300000.0,429300000.0,0.0,0.0,0.277,515900000.0,602200000.0,37500000.0,0.0,6.388,34.054,34.001,194200000.0,0.0,41.346,9.447,9.426,250300000.0,798500000.0,1547500000.0,1547500000.0,122900000.0,0.172,0.2,0.373,0.401,123000000.0,393000000.0,1.0,353591649.0,352800000,352800000.0,4.386,2464900000.0,81300000.0,190800000.0,0.0,6.987,1091300000.0
42,ISRG,MRT,2011-03-31,2011-03-31,2011-03-31,2021-10-20,-700000.0,2568300000.0,2388400000.0,1483600000.0,1084700000.0,0.617,6.34,-94500000.0,449800000.0,449800000.0,404200000.0,400600000.0,5.88,0.151,0.0,0.0,0.0,0.0,130300000.0,42200000.0,0.0,0.0,0.0,592100000.0,634300000.0,0.431,634300000.0,592100000.0,592100000.0,1.134,1.104,1.134,2230900000.0,2050250000.0,2230900000.0,12680627092.0,21.0,19.992,441100000.0,1.253,1.0,1068300000.0,0.726,189400000.0,0.0,1676800000.0,1566225000.0,93300000.0,1307200000.0,640000000.0,667200000.0,337400000.0,252300000.0,85100000.0,12960427092.0,136200000.0,0.0,-102100000.0,0.0,0.0,-55400000.0,-344500000.0,-250000000.0,535600000.0,500000.0,400600000.0,400600000.0,400600000.0,0.0,0.0,0.272,494500000.0,573800000.0,43200000.0,0.0,5.81,32.353,32.673,162600000.0,0.0,37.051,8.802,8.855,259900000.0,812000000.0,1472500000.0,1472500000.0,119400000.0,0.168,0.195,0.378,0.402,118400000.0,375100000.0,1.0,349798608.0,351900000,361800000.0,4.184,2378900000.0,73900000.0,191500000.0,0.0,6.76,1231300000.0
43,ISRG,MRT,2010-12-31,2010-12-31,2010-12-31,2021-10-20,1600000.0,2390400000.0,2250475000.0,1275800000.0,1114600000.0,0.628,5.775,-96000000.0,279800000.0,279800000.0,383000000.0,381800000.0,4.66,0.173,0.0,0.0,0.0,0.0,126100000.0,40400000.0,0.0,0.0,0.0,572300000.0,612700000.0,0.434,612700000.0,572300000.0,572300000.0,1.082,1.052,1.082,2037400000.0,1935025000.0,2037400000.0,9745873850.0,17.0,15.906,449800000.0,1.275,1.0,1030000000.0,0.729,183000000.0,0.0,1653800000.0,1488550000.0,86800000.0,1329100000.0,630600000.0,698500000.0,353000000.0,273800000.0,79200000.0,10127873850.0,58400000.0,0.0,-57500000.0,0.0,0.0,7700000.0,-494300000.0,-398300000.0,545800000.0,-800000.0,381800000.0,381800000.0,381800000.0,0.0,0.0,0.27,474800000.0,555200000.0,35600000.0,0.0,4.971,26.527,26.468,159800000.0,0.0,28.639,7.168,7.151,246800000.0,718900000.0,1413000000.0,1413000000.0,116000000.0,0.17,0.197,0.384,0.405,110300000.0,358800000.0,1.0,353640600.0,352800000,362700000.0,4.005,2207400000.0,81800000.0,190500000.0,0.0,6.257,1002000000.0
44,ISRG,MRT,2010-09-30,2010-09-30,2010-09-30,2021-10-20,700000.0,2351800000.0,2105300000.0,1301500000.0,1050300000.0,0.64,5.664,-94300000.0,382000000.0,382000000.0,365700000.0,338200000.0,4.869,0.171,0.0,0.0,0.0,0.0,116800000.0,38300000.0,0.0,0.0,0.0,547700000.0,586000000.0,0.435,586000000.0,547700000.0,547700000.0,0.964,0.934,0.964,2008300000.0,1810000000.0,2008300000.0,10745877783.0,20.0,18.338,432600000.0,1.22,1.0,981100000.0,0.728,187500000.0,0.0,1515000000.0,1379750000.0,85000000.0,1238600000.0,598900000.0,639700000.0,343500000.0,267300000.0,76200000.0,11165877783.0,175900000.0,0.0,99000000.0,0.0,0.0,171200000.0,-521700000.0,-427400000.0,526900000.0,-500000.0,338200000.0,338200000.0,338200000.0,0.0,0.0,0.251,451200000.0,529900000.0,35700000.0,0.0,5.56,33.016,32.704,156600000.0,0.0,31.527,8.291,8.301,207900000.0,720100000.0,1346800000.0,1346800000.0,109200000.0,0.161,0.187,0.397,0.407,104800000.0,342000000.0,1.0,354172482.0,354600000,364500000.0,3.798,2164300000.0,72600000.0,209500000.0,0.0,6.103,1034200000.0
45,ISRG,MRT,2010-06-30,2010-06-30,2010-06-30,2021-10-20,700000.0,2243100000.0,1926802750.0,1264100000.0,979000000.0,0.666,5.441,-49600000.0,420000000.0,420000000.0,353000000.0,316100000.0,5.196,0.166,0.0,0.0,0.0,0.0,107600000.0,36900000.0,0.0,0.0,0.0,519400000.0,556300000.0,0.434,556300000.0,519400000.0,519400000.0,0.908,0.879,0.908,1924400000.0,1655490500.0,1924400000.0,12047993751.0,23.0,21.657,460600000.0,1.302,1.0,929500000.0,0.725,160500000.0,0.0,1419300000.0,1269816500.0,74000000.0,1168200000.0,547900000.0,620300000.0,318700000.0,243300000.0,75400000.0,12361593751.0,246600000.0,0.0,162600000.0,0.0,0.0,233600000.0,-496300000.0,-446700000.0,510200000.0,-900000.0,316100000.0,316100000.0,316100000.0,0.0,0.0,0.246,427200000.0,502300000.0,41600000.0,0.0,6.424,39.107,38.622,144400000.0,0.0,35.069,9.639,9.672,194700000.0,685700000.0,1282500000.0,1282500000.0,106900000.0,0.164,0.191,0.409,0.405,99300000.0,320300000.0,1.0,352494594.0,353700000,364500000.0,3.626,2082600000.0,60400000.0,203300000.0,0.0,5.888,1020800000.0
46,ISRG,MRT,2010-03-31,2010-03-31,2010-03-31,2021-10-20,2200000.0,2016600000.0,1741348250.0,1019500000.0,997100000.0,0.685,5.069,-42100000.0,313600000.0,313600000.0,329500000.0,289800000.0,5.866,0.139,0.0,0.0,0.0,0.0,103300000.0,36100000.0,0.0,0.0,0.0,479900000.0,516000000.0,0.433,516000000.0,479900000.0,479900000.0,0.84,0.816,0.84,1770000000.0,1492186500.0,1770000000.0,13183171139.0,27.0,25.549,375600000.0,1.076,1.0,862900000.0,0.724,163100000.0,0.0,1366100000.0,1158523750.0,68500000.0,1081900000.0,429800000.0,652100000.0,246600000.0,173800000.0,72800000.0,13404608139.0,217000000.0,0.0,145600000.0,0.0,0.0,202900000.0,-403800000.0,-361700000.0,417700000.0,200000.0,289800000.0,289800000.0,289800000.0,0.0,0.0,0.243,400800000.0,462100000.0,34400000.0,0.0,7.573,46.255,46.049,132900000.0,0.0,38.681,11.242,11.328,180200000.0,597000000.0,1192400000.0,1192400000.0,101800000.0,0.166,0.194,0.414,0.402,94700000.0,299000000.0,1.0,346541445.0,349200000,361800000.0,3.415,1853500000.0,55700000.0,190100000.0,0.0,5.308,845700000.0
47,ISRG,MRT,2009-12-31,2009-12-31,2009-12-31,2021-10-20,1300000.0,1809700000.0,1583711500.0,847100000.0,962600000.0,0.664,4.46,-53400000.0,221400000.0,221400000.0,301100000.0,232600000.0,4.177,0.177,0.0,0.0,0.0,0.0,99400000.0,34600000.0,0.0,0.0,0.0,396100000.0,430700000.0,0.409,430700000.0,396100000.0,396100000.0,0.674,0.659,0.674,1537300000.0,1343466500.0,1537300000.0,11382461990.0,29.0,26.428,338800000.0,0.983,1.0,751100000.0,0.714,166900000.0,0.0,1218600000.0,1053912500.0,57600000.0,950600000.0,334000000.0,616600000.0,272400000.0,202800000.0,69600000.0,11588556990.0,26800000.0,0.0,-91300000.0,0.0,0.0,-66200000.0,-299500000.0,-246100000.0,392200000.0,300000.0,232600000.0,232600000.0,232600000.0,0.0,0.0,0.221,373700000.0,377400000.0,27600000.0,0.0,7.538,49.822,50.021,125700000.0,0.0,33.714,11.014,11.045,205400000.0,511700000.0,1052200000.0,1052200000.0,95100000.0,0.147,0.173,0.376,0.376,95500000.0,278600000.0,1.0,343726767.0,344700000,344700000.0,3.053,1642800000.0,60700000.0,163500000.0,0.0,4.766,644300000.0
48,ISRG,MRT,2009-09-30,2009-09-30,2009-09-30,2021-10-20,1205000.0,1637811000.0,1499942500.0,781225000.0,856586000.0,0.64,4.054,-68669000.0,206095000.0,206095000.0,277363000.0,205743000.0,4.209,0.178,0.0,0.0,0.0,0.0,90697000.0,33421000.0,0.0,0.0,0.0,351759000.0,385180000.0,0.401,385180000.0,351759000.0,351759000.0,0.596,0.584,0.596,1390262000.0,1275833000.0,1390262000.0,9774943323.0,28.0,25.378,292936000.0,0.854,1.0,683263000.0,0.711,170851000.0,0.0,1075266000.0,986392750.0,56646000.0,817889000.0,306702000.0,511187000.0,247549000.0,185599000.0,61950000.0,9948364323.0,-21489000.0,0.0,-113593000.0,0.0,0.0,-103884000.0,-279479000.0,-210810000.0,361605000.0,269000.0,205743000.0,205743000.0,205743000.0,0.0,0.0,0.214,351561000.0,331702000.0,24968000.0,0.0,7.156,48.353,48.891,122865000.0,0.0,29.139,10.356,10.401,186530000.0,434164000.0,960626000.0,960626000.0,90191000.0,0.137,0.161,0.357,0.366,92766000.0,261370000.0,1.0,341411931.0,342900000,352800000.0,2.801,1466960000.0,60257000.0,146016000.0,0.0,4.278,595626000.0
49,ISRG,MRT,2009-06-30,2009-06-30,2009-06-30,2021-10-20,794000.0,1501282000.0,1431657500.0,638058000.0,863224000.0,0.64,3.727,-94265000.0,173421000.0,173421000.0,262680000.0,198837000.0,3.565,0.181,0.0,0.0,0.0,0.0,88215000.0,31306000.0,0.0,0.0,0.0,332585000.0,363891000.0,0.397,363891000.0,332585000.0,332585000.0,0.572,0.562,0.572,1271184000.0,1224124500.0,1271184000.0,6098604698.0,18.0,16.759,252850000.0,0.741,1.0,653838000.0,0.713,174732000.0,0.0,974129000.0,923049500.0,59247000.0,728640000.0,207241000.0,521399000.0,230098000.0,179000000.0,51098000.0,6195209698.0,-49598000.0,0.0,-116618000.0,0.0,0.0,-97898000.0,-298300000.0,-204035000.0,347115000.0,-515000.0,198837000.0,198837000.0,198837000.0,0.0,0.0,0.217,341604000.0,312234000.0,26555000.0,0.0,4.874,31.157,31.791,122584000.0,0.0,18.184,6.76,6.768,175216000.0,369640000.0,916518000.0,916518000.0,87442000.0,0.139,0.162,0.36,0.363,89580000.0,254162000.0,1.0,340687323.0,341100000,347400000.0,2.687,1326550000.0,53423000.0,133748000.0,0.0,3.889,459058000.0
50,ISRG,MRT,2009-03-31,2009-03-31,2009-03-31,2021-10-20,-977000.0,1386053000.0,1364183750.0,564504000.0,821549000.0,0.641,3.357,-126551000.0,96605000.0,96605000.0,255413000.0,187619000.0,3.464,0.179,0.0,0.0,0.0,0.0,96861000.0,28472000.0,0.0,0.0,0.0,311787000.0,340259000.0,0.389,340259000.0,311787000.0,311787000.0,0.536,0.524,0.536,1175120000.0,1174825250.0,1175120000.0,3542158251.0,11.0,10.41,202365000.0,0.578,1.0,619694000.0,0.708,178816000.0,0.0,947655000.0,861718500.0,64383000.0,725078000.0,243411000.0,481667000.0,210933000.0,162977000.0,47956000.0,3736781251.0,-134183000.0,0.0,-114719000.0,0.0,0.0,-80660000.0,-381542000.0,-254991000.0,328916000.0,-897000.0,187619000.0,187619000.0,187619000.0,0.0,0.0,0.214,328765000.0,290929000.0,21209000.0,0.0,3.18,19.917,19.768,122571000.0,0.0,10.596,4.27,4.239,139341000.0,307252000.0,875107000.0,875107000.0,84399000.0,0.138,0.16,0.362,0.356,86521000.0,244366000.0,1.0,352674405.0,350100000,353700000.0,2.5,1207237000.0,47823000.0,124168000.0,0.0,3.448,401527000.0
51,ISRG,MRT,2008-12-31,2008-12-31,2008-12-31,2021-10-20,-2943000.0,1474624000.0,1298491750.0,703890000.0,770734000.0,0.674,3.618,-106000000.0,194623000.0,194623000.0,254100000.0,204300000.0,4.279,0.164,0.0,0.0,0.0,0.0,79252000.0,25100000.0,0.0,0.0,0.0,335200000.0,360300000.0,0.412,360300000.0,335200000.0,335200000.0,0.584,0.569,0.584,1266766000.0,1126498000.0,1266766000.0,4739447462.0,14.0,13.154,172200000.0,0.492,1.0,620800000.0,0.71,166964000.0,0.0,948521000.0,784926750.0,63460000.0,707250000.0,256746000.0,450504000.0,207858000.0,164516000.0,43342000.0,4967061462.0,71800000.0,0.0,44700000.0,0.0,0.0,98000000.0,-304500000.0,-198500000.0,278200000.0,100000.0,204300000.0,204300000.0,204300000.0,0.0,0.0,0.234,310000000.0,310800000.0,20501000.0,0.0,3.921,24.313,24.161,117021000.0,0.0,14.11,5.677,5.646,170107000.0,397824000.0,874900000.0,874900000.0,79400000.0,0.157,0.181,0.427,0.383,79200000.0,230600000.0,1.0,352024200.0,350100000,350100000.0,2.499,1307660000.0,45357000.0,130900000.0,0.0,3.735,539374000.0
52,ISRG,MRT,2008-09-30,2008-09-30,2008-09-30,2021-10-20,-10892000.0,1364671000.0,1189835250.0,651564000.0,713107000.0,0.7,3.37,-94866000.0,227614000.0,227614000.0,242183000.0,202710000.0,4.437,0.153,0.0,0.0,0.0,0.0,72801000.0,21300000.0,0.0,0.0,0.0,328754000.0,350054000.0,0.42,350054000.0,328754000.0,328754000.0,0.583,0.564,0.583,1183428000.0,1031975000.0,1183428000.0,9135699655.0,28.0,26.098,174141000.0,0.496,1.0,590638000.0,0.709,168322000.0,0.0,821893000.0,710593750.0,52498000.0,593817000.0,180608000.0,413209000.0,181243000.0,146842000.0,34401000.0,9358722655.0,141221000.0,0.0,56361000.0,0.0,0.0,124875000.0,-253012000.0,-158146000.0,269007000.0,351000.0,202710000.0,202710000.0,202710000.0,0.0,0.0,0.243,289158000.0,301480000.0,26159000.0,0.0,7.908,46.168,45.927,98081000.0,0.0,26.776,11.237,11.289,173708000.0,347066000.0,832821000.0,832821000.0,74632000.0,0.17,0.196,0.463,0.395,60842000.0,214526000.0,1.0,349524873.0,351135000,360972000.0,2.372,1196349000.0,38973000.0,126044000.0,0.0,3.407,504722000.0
53,ISRG,MRT,2008-06-30,2008-06-30,2008-06-30,2021-10-20,-5739000.0,1231387000.0,1076729250.0,559540000.0,671847000.0,0.7,3.078,-68939000.0,223023000.0,223023000.0,224200000.0,186035000.0,4.324,0.147,0.0,0.0,0.0,0.0,66053000.0,17901000.0,0.0,0.0,0.0,305336000.0,323237000.0,0.429,323237000.0,305336000.0,305336000.0,0.539,0.52,0.539,1073987000.0,936155750.0,1073987000.0,10196085161.0,33.0,31.544,167212000.0,0.479,1.0,529533000.0,0.703,150142000.0,0.0,728805000.0,656494250.0,42594000.0,516759000.0,116614000.0,400145000.0,157400000.0,129417000.0,27983000.0,10426893161.0,157311000.0,0.0,59040000.0,0.0,0.0,128517000.0,-208339000.0,-139400000.0,236151000.0,982000.0,186035000.0,186035000.0,186035000.0,0.0,0.0,0.247,259097000.0,270436000.0,20018000.0,0.0,9.709,56.048,55.535,94568000.0,0.0,29.933,13.834,13.858,162088000.0,289472000.0,753733000.0,753733000.0,67100000.0,0.173,0.199,0.465,0.405,55141000.0,191997000.0,1.0,348337188.0,348957000,359820000.0,2.16,1081245000.0,32459000.0,119301000.0,0.0,3.099,430123000.0
54,ISRG,MRT,2008-03-31,2008-03-31,2008-03-31,2021-10-20,-754000.0,1123285000.0,971057000.0,582012000.0,541273000.0,0.695,2.827,-28251000.0,230808000.0,230808000.0,207208000.0,165516000.0,4.88,0.144,0.0,0.0,0.0,0.0,60131000.0,14803000.0,0.0,0.0,0.0,271699000.0,286502000.0,0.425,286502000.0,271699000.0,271699000.0,0.482,0.466,0.482,981811000.0,845496250.0,981811000.0,12355656099.0,45.0,43.126,183451000.0,0.528,1.0,467585000.0,0.693,132725000.0,0.0,640488000.0,606389250.0,38832000.0,468846000.0,156160000.0,312686000.0,141474000.0,119264000.0,22210000.0,12478481099.0,178053000.0,0.0,61338000.0,0.0,0.0,130980000.0,-165527000.0,-137276000.0,211702000.0,898000.0,165516000.0,165516000.0,165516000.0,0.0,0.0,0.245,230311000.0,237274000.0,24042000.0,0.0,12.71,75.391,74.769,71905000.0,0.0,36.039,18.492,18.545,135690000.0,238290000.0,674793000.0,674793000.0,56935000.0,0.17,0.196,0.448,0.403,44402000.0,173376000.0,1.0,346250439.0,347238000,358623000.0,1.943,990560000.0,28310000.0,106183000.0,0.0,2.853,462748000.0
55,ISRG,MRT,2007-12-31,2007-12-31,2007-12-31,2021-10-20,530000.0,1039998000.0,871277750.0,609591000.0,430407000.0,0.69,2.61,-24007000.0,122825000.0,122825000.0,186542000.0,144537000.0,4.626,0.17,0.0,0.0,0.0,0.0,54692000.0,13027000.0,0.0,0.0,0.0,237234000.0,250261000.0,0.417,250261000.0,237234000.0,237234000.0,0.424,0.411,0.424,888674000.0,760852500.0,888674000.0,12255171817.0,52.0,48.97,181680000.0,0.534,1.0,414286000.0,0.69,134214000.0,0.0,651189000.0,563958500.0,32416000.0,512556000.0,304642000.0,207914000.0,151324000.0,131770000.0,19554000.0,12341564817.0,88435000.0,0.0,55979000.0,0.0,0.0,118847000.0,-236400000.0,-212393000.0,205687000.0,301000.0,144537000.0,144537000.0,144537000.0,0.0,0.0,0.241,207544000.0,206742000.0,29791000.0,0.0,13.888,85.387,84.644,68093000.0,0.0,35.889,20.541,20.338,130370000.0,193509000.0,600828000.0,600828000.0,48859000.0,0.166,0.19,0.421,0.395,38815000.0,158685000.0,1.0,343882611.0,340479000,340479000.0,1.765,905784000.0,24577000.0,92697000.0,0.0,2.66,477821000.0
56,ISRG,MRT,2007-09-30,2007-09-30,2007-09-30,2021-10-20,200000.0,912247000.0,779225750.0,538702000.0,373545000.0,0.672,2.338,-15979000.0,86393000.0,86393000.0,169918000.0,119025000.0,5.197,0.14,0.0,0.0,0.0,0.0,47624000.0,12349000.0,0.0,0.0,0.0,195047000.0,207396000.0,0.396,207396000.0,195047000.0,195047000.0,0.352,0.341,0.352,800151000.0,686110250.0,800151000.0,8618938270.0,44.0,41.558,134622000.0,0.393,1.0,354031000.0,0.676,116695000.0,0.0,605495000.0,509331000.0,26773000.0,447096000.0,282565000.0,164531000.0,112096000.0,103664000.0,8432000.0,8684650270.0,32948000.0,0.0,44907000.0,0.0,0.0,100249000.0,-218247000.0,-202268000.0,150601000.0,345000.0,119025000.0,119025000.0,119025000.0,0.0,0.0,0.227,185225000.0,168806000.0,22260000.0,0.0,10.854,72.965,72.601,64153000.0,0.0,25.556,16.575,16.695,120456000.0,144356000.0,523949000.0,523949000.0,41183000.0,0.153,0.173,0.383,0.372,43154000.0,144042000.0,1.0,339834141.0,342297000,353439000.0,1.531,795552000.0,36211000.0,76022000.0,0.0,2.324,435038000.0
57,ISRG,MRT,2007-06-30,2007-06-30,2007-06-30,2021-10-20,1222000.0,808698000.0,704662250.0,455500000.0,353198000.0,0.657,2.1,-12982000.0,65712000.0,65712000.0,155083000.0,95369000.0,4.981,0.137,0.0,0.0,0.0,0.0,42301000.0,11566000.0,0.0,0.0,0.0,157661000.0,169227000.0,0.366,169227000.0,157661000.0,157661000.0,0.284,0.276,0.284,711349000.0,621984000.0,711349000.0,5146976744.0,33.0,30.415,124743000.0,0.368,1.0,307794000.0,0.665,123162000.0,0.0,528385000.0,448675500.0,24040000.0,381800000.0,240174000.0,141626000.0,97349000.0,91439000.0,5910000.0,5199731744.0,34651000.0,0.0,27780000.0,0.0,0.0,74258000.0,-177540000.0,-164558000.0,137725000.0,208000.0,95369000.0,95369000.0,95369000.0,0.0,0.0,0.206,167300000.0,140494000.0,16214000.0,0.0,7.31,54.522,54.292,62040000.0,0.0,15.419,11.234,11.283,105649000.0,103437000.0,462877000.0,462877000.0,34843000.0,0.135,0.153,0.351,0.341,44289000.0,132457000.0,1.0,337231287.0,338724000,347913000.0,1.367,685536000.0,34118000.0,62292000.0,0.0,2.024,364061000.0
58,ISRG,MRT,2007-03-31,2007-03-31,2007-03-31,2021-10-20,1496000.0,724168000.0,643947250.0,407378000.0,316790000.0,0.636,1.917,-16655000.0,52755000.0,52755000.0,136990000.0,81388000.0,5.287,0.126,0.0,0.0,0.0,0.0,38975000.0,10687000.0,0.0,0.0,0.0,135158000.0,145845000.0,0.356,145845000.0,135158000.0,135158000.0,0.244,0.237,0.244,643236000.0,569914250.0,643236000.0,4480402381.0,33.0,30.72,100443000.0,0.299,1.0,272663000.0,0.666,123591000.0,0.0,470765000.0,402180500.0,26261000.0,332071000.0,221944000.0,110127000.0,80932000.0,77057000.0,3875000.0,4514792381.0,47539000.0,0.0,22335000.0,0.0,0.0,57842000.0,-127609000.0,-110954000.0,117098000.0,208000.0,81388000.0,81388000.0,81388000.0,0.0,0.0,0.199,152695000.0,119968000.0,14165000.0,0.0,7.019,55.472,55.36,60278000.0,0.0,13.508,11.021,11.066,90482000.0,72774000.0,409653000.0,409653000.0,31856000.0,0.126,0.143,0.336,0.33,35218000.0,120839000.0,1.0,334236501.0,335601000,345582000.0,1.221,600577000.0,30937000.0,53770000.0,0.0,1.79,330321000.0
59,ISRG,MRT,2006-12-31,2006-12-31,2006-12-31,2021-10-20,705000.0,671790000.0,594031000.0,374451000.0,297339000.0,0.627,1.784,-18054000.0,34390000.0,34390000.0,124846000.0,72044000.0,4.642,0.139,0.0,0.0,0.0,0.0,37385000.0,10009000.0,0.0,0.0,0.0,120138000.0,130147000.0,0.349,130147000.0,120138000.0,120138000.0,0.218,0.21,0.218,589705000.0,526278000.0,589705000.0,3490021065.0,29.0,26.816,81791000.0,0.247,1.0,247836000.0,0.665,124054000.0,0.0,432679000.0,367956500.0,24295000.0,295906000.0,205353000.0,90553000.0,82085000.0,80667000.0,1418000.0,3543466065.0,28882000.0,0.0,19143000.0,0.0,0.0,42183000.0,-113353000.0,-95299000.0,99845000.0,207000.0,72044000.0,72044000.0,72044000.0,0.0,0.0,0.193,140481000.0,107355000.0,11092000.0,0.0,6.009,49.185,48.879,59939000.0,0.0,10.656,9.508,9.453,94680000.0,51020000.0,372682000.0,372682000.0,29778000.0,0.121,0.137,0.327,0.322,30490000.0,110703000.0,1.0,332546346.0,330633000,330633000.0,1.127,547736000.0,31677000.0,48094000.0,0.0,1.657,293784000.0
60,ISRG,MRT,2006-09-30,2006-09-30,2006-09-30,2021-10-20,-691000.0,613993000.0,551480250.0,319254000.0,294739000.0,0.602,1.638,-39352000.0,53445000.0,53445000.0,110756000.0,97929000.0,4.628,0.129,0.0,0.0,0.0,0.0,34117000.0,8762000.0,0.0,0.0,0.0,105950000.0,114712000.0,0.345,114712000.0,105950000.0,105950000.0,0.302,0.288,0.302,543646000.0,489499500.0,543646000.0,3848709707.0,36.0,33.551,59235000.0,0.178,1.0,221453000.0,0.667,128696000.0,0.0,362873000.0,336812000.0,22330000.0,238852000.0,148363000.0,90489000.0,70347000.0,68979000.0,1368000.0,3879770707.0,44716000.0,0.0,28090000.0,-34000.0,0.0,42899000.0,-96793000.0,-57236000.0,98587000.0,23000.0,97929000.0,97929000.0,97929000.0,0.0,0.0,0.295,126033000.0,95420000.0,10187000.0,0.0,7.137,39.618,38.797,58739000.0,0.0,11.717,11.679,11.705,71679000.0,27379000.0,332209000.0,332209000.0,25596000.0,0.178,0.2,0.315,0.319,23415000.0,100437000.0,1.0,331132635.0,331875000,343656000.0,1.001,485297000.0,30455000.0,8021000.0,0.0,1.462,250275000.0
61,ISRG,MRT,2006-06-30,2006-06-30,2006-06-30,2021-10-20,-1659000.0,565838000.0,504960750.0,276202000.0,289636000.0,0.589,1.524,-38615000.0,31061000.0,31061000.0,95914000.0,101386000.0,4.479,0.125,0.0,0.0,0.0,0.0,30775000.0,7798000.0,0.0,0.0,0.0,99567000.0,107365000.0,0.361,107365000.0,99567000.0,99567000.0,0.316,0.299,0.316,503070000.0,448742500.0,503070000.0,4199496570.0,42.0,39.114,45247000.0,0.137,1.0,201337000.0,0.677,130707000.0,0.0,342405000.0,302623250.0,24638000.0,212714000.0,129457000.0,83257000.0,62768000.0,61665000.0,1103000.0,4204712570.0,23089000.0,0.0,35421000.0,-170000.0,0.0,40784000.0,-101567000.0,-62748000.0,83862000.0,10000.0,101386000.0,101386000.0,101386000.0,0.0,0.0,0.341,110584000.0,90753000.0,5769000.0,0.0,8.358,41.472,40.436,58841000.0,0.0,12.778,14.145,14.192,70530000.0,10116000.0,297251000.0,297251000.0,22204000.0,0.201,0.226,0.329,0.335,7752000.0,88380000.0,1.0,329064462.0,330156000,343116000.0,0.9,435131000.0,27864000.0,-1819000.0,0.0,1.318,214537000.0
62,ISRG,MRT,2006-03-31,2006-03-31,2006-03-31,2021-10-20,-1547000.0,524503000.0,460881750.0,267365000.0,257138000.0,0.571,1.432,-34147000.0,5216000.0,5216000.0,84995000.0,99488000.0,4.857,0.119,0.0,0.0,0.0,0.0,27797000.0,7239000.0,0.0,0.0,0.0,88097000.0,95336000.0,0.363,95336000.0,88097000.0,88097000.0,0.312,0.294,0.312,468691000.0,409977500.0,468691000.0,4297659432.0,49.0,45.079,40408000.0,0.123,1.0,177987000.0,0.677,130375000.0,0.0,333869000.0,265240500.0,20368000.0,216275000.0,160231000.0,56044000.0,55812000.0,55043000.0,769000.0,4303486432.0,-5809000.0,0.0,32434000.0,-346000.0,0.0,32088000.0,-112393000.0,-78042000.0,74555000.0,-59000.0,99488000.0,99488000.0,99488000.0,0.0,0.0,0.378,96403000.0,81584000.0,9144000.0,0.0,9.182,43.256,42.023,53861000.0,0.0,13.111,16.364,16.323,56975000.0,-6566000.0,262982000.0,262982000.0,19354000.0,0.216,0.243,0.332,0.335,6750000.0,77049000.0,1.0,328232016.0,327411000,340416000.0,0.803,394128000.0,32760000.0,-11391000.0,0.0,1.204,212322000.0
63,ISRG,MRT,2005-12-31,2005-12-31,2005-12-31,2021-10-20,-1477000.0,501587000.0,422056000.0,208655000.0,292932000.0,0.539,1.402,-31044000.0,5508000.0,5508000.0,73769000.0,94134000.0,3.598,0.133,0.0,0.0,0.0,0.0,25313000.0,6732000.0,0.0,0.0,0.0,73807000.0,80539000.0,0.354,80539000.0,73807000.0,73807000.0,0.298,0.279,0.298,442591000.0,375354000.0,442591000.0,4150955667.0,56.0,51.54,39743000.0,0.126,1.0,153569000.0,0.676,129991000.0,0.0,308101000.0,224492000.0,15170000.0,197231000.0,123679000.0,73552000.0,58996000.0,57987000.0,1009000.0,4159968667.0,-263000.0,0.0,32924000.0,-608000.0,0.0,32316000.0,-103307000.0,-72263000.0,70787000.0,-59000.0,94134000.0,94134000.0,94134000.0,0.0,0.0,0.414,84797000.0,68772000.0,7950000.0,0.0,9.399,44.192,43.725,52225000.0,0.0,13.03,18.299,18.091,52849000.0,-20989000.0,227338000.0,227338000.0,17354000.0,0.223,0.251,0.329,0.325,1686000.0,67443000.0,1.0,319260834.0,315630000,315630000.0,0.72,371596000.0,40758000.0,-20327000.0,0.0,1.177,150668000.0
64,ISRG,MRT,2005-09-30,2005-09-30,2005-09-30,2021-10-20,-1409000.0,427915000.0,385216500.0,250861000.0,177054000.0,0.52,1.203,-6444000.0,9048000.0,9048000.0,65627000.0,56290000.0,5.428,0.124,35000.0,35000.0,0.0,35000.0,20917000.0,6910000.0,0.0,0.0,0.0,60411000.0,67321000.0,0.336,67321000.0,60411000.0,60411000.0,0.18,0.17,0.18,380618000.0,343439250.0,380618000.0,2551584113.0,42.0,37.902,46161000.0,0.146,1.0,134811000.0,0.673,146571000.0,0.0,226118000.0,187618000.0,12220000.0,180691000.0,180691000.0,0.0,47297000.0,46213000.0,1084000.0,2559704113.0,-2539000.0,0.0,24082000.0,-830000.0,0.0,23252000.0,-78557000.0,-72011000.0,52605000.0,161000.0,56290000.0,56290000.0,56290000.0,0.0,0.0,0.281,78603000.0,56208000.0,7497000.0,0.0,6.725,45.474,45.241,29451000.0,0.0,8.143,12.771,12.854,43756000.0,-70515000.0,200438000.0,200438000.0,17328000.0,0.146,0.164,0.322,0.301,1849000.0,61275000.0,1.0,314331246.0,316386000,342117000.0,0.634,281344000.0,0.0,4121000.0,0.0,0.889,204648000.0
65,ISRG,MRT,2005-06-30,2005-06-30,2005-06-30,2021-10-20,-854000.0,389522000.0,362443500.0,211995000.0,177527000.0,0.483,1.111,-5660000.0,8291000.0,8291000.0,59641000.0,41683000.0,5.192,0.119,171000.0,171000.0,0.0,171000.0,18733000.0,6991000.0,0.0,0.0,0.0,44151000.0,51142000.0,0.292,51142000.0,44151000.0,44151000.0,0.134,0.128,0.134,348010000.0,323228250.0,348010000.0,1609547252.0,36.0,31.472,36470000.0,0.116,1.0,115416000.0,0.659,147695000.0,0.0,192874000.0,166092000.0,8836000.0,150570000.0,150570000.0,0.0,41512000.0,40833000.0,679000.0,1620544252.0,-258000.0,0.0,17003000.0,-963000.0,0.0,16040000.0,-58613000.0,-52850000.0,42130000.0,185000.0,41683000.0,41683000.0,41683000.0,0.0,0.0,0.238,74730000.0,40686000.0,5382000.0,0.0,4.657,38.878,38.673,29291000.0,0.0,5.182,9.257,9.269,39646000.0,-91235000.0,175057000.0,175057000.0,17376000.0,0.115,0.129,0.266,0.252,964000.0,57354000.0,1.0,312712227.0,313110000,335196000.0,0.559,241827000.0,0.0,2468000.0,0.0,0.772,171162000.0
66,ISRG,MRT,2005-03-31,2005-03-31,2005-03-31,2021-10-20,-1189000.0,369200000.0,345678000.0,192689000.0,176511000.0,0.444,1.063,-22930000.0,11344000.0,11344000.0,53941000.0,31729000.0,5.039,0.118,347000.0,347000.0,0.0,347000.0,17282000.0,7060000.0,0.0,0.0,0.0,32952000.0,40012000.0,0.261,40012000.0,32952000.0,32952000.0,0.103,0.099,0.103,330197000.0,308457500.0,330197000.0,1571648293.0,48.0,39.279,20648000.0,0.066,1.0,99417000.0,0.648,149087000.0,0.0,170875000.0,150942000.0,7566000.0,138427000.0,138427000.0,0.0,39003000.0,38241000.0,762000.0,1577334293.0,-2321000.0,0.0,16075000.0,-1086000.0,0.0,14989000.0,-61070000.0,-38075000.0,43578000.0,182000.0,31729000.0,31729000.0,31729000.0,0.0,0.0,0.207,69602000.0,29815000.0,6482000.0,0.0,4.777,49.713,49.051,26857000.0,0.0,5.052,10.285,10.234,31407000.0,-105964000.0,153358000.0,153358000.0,16647000.0,0.092,0.103,0.218,0.215,519000.0,52955000.0,1.0,312206040.0,310653000,333189000.0,0.494,220113000.0,0.0,1223000.0,0.0,0.709,154448000.0
67,ISRG,MRT,2004-12-31,2004-12-31,2004-12-31,2021-10-20,-392000.0,354229000.0,332462750.0,176684000.0,177545000.0,0.417,1.039,-22439000.0,6295000.0,6295000.0,50813000.0,23478000.0,4.603,0.125,609000.0,609000.0,0.0,609000.0,15877000.0,7234000.0,0.0,0.0,0.0,24204000.0,31438000.0,0.226,31438000.0,24204000.0,24204000.0,0.078,0.074,0.078,314932000.0,296947000.0,314932000.0,1349387977.0,56.0,42.922,7876000.0,0.026,1.0,87990000.0,0.634,149553000.0,0.0,160605000.0,138895000.0,5966000.0,126267000.0,126267000.0,0.0,39297000.0,38385000.0,912000.0,1360313977.0,-5564000.0,0.0,13233000.0,-1116000.0,0.0,12117000.0,-48153000.0,-25714000.0,30315000.0,157000.0,23478000.0,23478000.0,23478000.0,0.0,0.0,0.169,66806000.0,21184000.0,4485000.0,0.0,4.319,57.94,57.009,27065000.0,0.0,4.447,9.8,9.714,35443000.0,-114936000.0,138803000.0,138803000.0,17812000.0,0.071,0.079,0.174,0.174,534000.0,48994000.0,1.0,305917686.0,303237000,303237000.0,0.458,204676000.0,0.0,726000.0,0.0,0.675,138299000.0
68,ISRG,MRT,2004-09-30,2004-09-30,2004-09-30,2021-10-20,-32000.0,336823000.0,322654000.0,158064000.0,178759000.0,0.376,0.985,-25187000.0,11791000.0,11791000.0,53481000.0,6941000.0,4.407,0.124,865000.0,813000.0,52000.0,865000.0,15169000.0,5040000.0,0.0,0.0,0.0,7509000.0,12549000.0,0.104,12549000.0,7509000.0,7306000.0,0.018,0.016,0.018,299774000.0,287953250.0,299774000.0,825535226.0,110.0,65.785,1478000.0,0.005,1.0,67722000.0,0.559,150020000.0,203000.0,140014000.0,128673250.0,6596000.0,109947000.0,109947000.0,0.0,37049000.0,35863000.0,1186000.0,833154226.0,2625000.0,-1773000.0,88614000.0,-1241000.0,0.0,87373000.0,-111518000.0,-84920000.0,26665000.0,105000.0,6941000.0,6941000.0,6941000.0,0.0,0.0,0.057,63098000.0,4624000.0,5214000.0,0.0,2.779,120.034,152.778,27779000.0,0.0,2.75,6.874,6.907,26361000.0,-126618000.0,121203000.0,121203000.0,18304000.0,0.022,0.024,0.058,0.062,420000.0,44794000.0,1.0,302965173.0,304407000,317745000.0,0.398,186803000.0,0.0,365000.0,0.0,0.614,122201000.0
69,ISRG,MRT,2004-06-30,2004-06-30,2004-06-30,2021-10-20,-287000.0,322460000.0,298139250.0,141947000.0,180513000.0,0.366,0.957,-25329000.0,8753000.0,8753000.0,52039000.0,-2525000.0,4.425,0.116,1134000.0,904000.0,230000.0,1134000.0,14551000.0,5419000.0,0.0,0.0,0.0,-2023000.0,3396000.0,0.031,3396000.0,-2023000.0,-2226000.0,-0.016,-0.017,-0.016,288927000.0,264171500.0,288927000.0,624081917.0,-308.0,183.77,-19217000.0,-0.064,1.0,57064000.0,0.523,150487000.0,203000.0,132274000.0,104554750.0,7162000.0,98184000.0,98184000.0,0.0,33533000.0,32080000.0,1453000.0,636555917.0,2535000.0,-1773000.0,87687000.0,-1345000.0,0.0,86342000.0,-89990000.0,-63250000.0,6112000.0,71000.0,-2525000.0,-2525000.0,-2525000.0,0.0,0.0,-0.023,61590000.0,-4526000.0,4311000.0,0.0,2.203,-252.101,-131.944,29012000.0,0.0,2.111,5.834,5.844,24705000.0,-132731000.0,109103000.0,109103000.0,18076000.0,-0.008,-0.01,-0.019,-0.019,503000.0,43514000.0,1.0,301526487.0,302031000,307890000.0,0.361,171973000.0,0.0,299000.0,0.0,0.569,109867000.0
70,ISRG,MRT,2004-03-31,2004-03-31,2004-03-31,2021-10-20,1092000.0,316339000.0,278895000.0,154693000.0,161646000.0,0.357,0.949,-5167000.0,13907000.0,13907000.0,49375000.0,-6478000.0,5.118,0.113,1433000.0,998000.0,435000.0,1433000.0,13989000.0,5110000.0,0.0,0.0,0.0,-6239000.0,-1129000.0,-0.011,-1129000.0,-6239000.0,-6442000.0,-0.026,-0.027,-0.026,284155000.0,243083750.0,284155000.0,554975641.0,-89.0,-491.564,-7990000.0,-0.027,1.0,50124000.0,0.504,150954000.0,203000.0,122687000.0,80982500.0,7983000.0,102489000.0,102489000.0,0.0,32184000.0,30224000.0,1960000.0,565415641.0,2557000.0,-5861000.0,86723000.0,-1532000.0,0.0,85191000.0,-79856000.0,-69152000.0,-2823000.0,45000.0,-6478000.0,-6478000.0,-6478000.0,0.0,0.0,-0.065,58587000.0,-8463000.0,4670000.0,0.0,1.99,-87.282,-72.521,9384000.0,0.0,1.886,5.683,5.676,27324000.0,-137561000.0,99499000.0,99499000.0,18077000.0,-0.023,-0.027,-0.077,-0.063,561000.0,40510000.0,1.0,299866869.0,299538000,307233000.0,0.332,165385000.0,0.0,36000.0,0.0,0.552,124469000.0
71,ISRG,MRT,2003-12-31,2003-12-31,2003-12-31,2021-10-20,878000.0,314994000.0,222164250.0,151948000.0,163046000.0,0.413,1.312,-4975000.0,12165000.0,12165000.0,47646000.0,-9623000.0,4.517,0.129,1725000.0,1030000.0,695000.0,1725000.0,12493000.0,4151000.0,0.0,0.0,0.0,-9420000.0,-5269000.0,-0.057,-5269000.0,-9420000.0,-9623000.0,-0.046,-0.046,-0.046,278957000.0,187634750.0,278957000.0,540133541.0,-57.0,-102.512,-12829000.0,-0.06,1.0,44029000.0,0.48,151195000.0,203000.0,119718000.0,60488500.0,8788000.0,101614000.0,101614000.0,0.0,36037000.0,33641000.0,2396000.0,550505541.0,3283000.0,-5861000.0,83957000.0,-1624000.0,0.0,82333000.0,-71176000.0,-60465000.0,-7854000.0,-20000.0,-9623000.0,-9623000.0,-9623000.0,0.0,0.0,-0.105,55909000.0,-11880000.0,5894000.0,0.0,1.973,-57.207,-41.28,10288000.0,0.0,1.899,6.005,4.404,26820000.0,-138414000.0,91675000.0,91675000.0,16190000.0,-0.043,-0.051,-0.156,-0.103,700000.0,39719000.0,1.0,289909296.0,212634000,212634000.0,0.431,163799000.0,0.0,0.0,0.0,0.77,118307000.0
72,ISRG,MRT,2003-09-30,2003-09-30,2003-09-30,2021-10-20,816000.0,238764000.0,166370750.0,74834000.0,163930000.0,0.512,0.846,-2322000.0,12478000.0,12478000.0,42637000.0,-7369000.0,2.343,0.167,2106000.0,1156000.0,950000.0,2106000.0,10051000.0,5230000.0,0.0,0.0,0.0,-7170000.0,-1940000.0,-0.023,-1940000.0,-7170000.0,-7369000.0,-0.037,-0.037,-0.037,204647000.0,133815500.0,204647000.0,429763225.0,-60.0,-221.527,-12540000.0,-0.052,1.0,42589000.0,0.5,152912000.0,199000.0,43540000.0,44932000.0,12746000.0,22971000.0,22971000.0,0.0,34117000.0,31940000.0,2177000.0,444965225.0,-9697000.0,-4088000.0,5286000.0,-1072000.0,0.0,4214000.0,-3556000.0,3739000.0,-10218000.0,-137000.0,-7369000.0,-7369000.0,-7369000.0,0.0,0.0,-0.086,51852000.0,-9263000.0,11420000.0,0.0,2.174,-60.383,-50.06,10688000.0,0.0,1.852,5.221,5.257,23656000.0,-133559000.0,85226000.0,85226000.0,15483000.0,-0.044,-0.055,-0.16,-0.084,499000.0,36369000.0,1.0,240233175.0,241902000,241902000.0,0.352,85852000.0,0.0,0.0,0.0,0.355,42894000.0
73,ISRG,MRT,2003-06-30,2003-06-30,2003-06-30,2021-10-20,1027000.0,245483000.0,129893500.0,80352000.0,165131000.0,0.608,1.223,-2052000.0,17681000.0,17681000.0,39648000.0,-10480000.0,2.071,0.2,2479000.0,1244000.0,1235000.0,2479000.0,8008000.0,3579000.0,0.0,0.0,0.0,-10281000.0,-6702000.0,-0.085,-6702000.0,-10281000.0,-10480000.0,-0.062,-0.062,-0.062,204576000.0,99121000.0,204576000.0,258224961.0,-25.0,-38.53,-11880000.0,-0.071,1.0,39266000.0,0.498,153501000.0,199000.0,37985000.0,46490750.0,13601000.0,25169000.0,25169000.0,0.0,40907000.0,38795000.0,2112000.0,278033961.0,-18177000.0,-4088000.0,2593000.0,486000.0,0.0,3079000.0,-11413000.0,-4388000.0,-9828000.0,-15000.0,-10480000.0,-10480000.0,-10480000.0,0.0,0.0,-0.133,51708000.0,-12442000.0,17204000.0,0.0,1.359,-26.53,-26.846,11630000.0,0.0,1.664,3.523,3.527,21855000.0,-130206000.0,78914000.0,78914000.0,14966000.0,-0.081,-0.106,-0.221,-0.13,564000.0,36742000.0,1.0,167043100.0,167220000,170757000.0,0.472,91982000.0,0.0,0.0,0.0,0.55,41557000.0
74,ISRG,MRT,2003-03-31,2003-03-31,2003-03-31,2021-10-20,1106000.0,89416000.0,91906500.0,76223000.0,13193000.0,0.836,0.376,-2103000.0,22774000.0,22774000.0,40108000.0,-15097000.0,2.986,0.434,2965000.0,1434000.0,1531000.0,2965000.0,6140000.0,3171000.0,0.0,0.0,0.0,-14898000.0,-11727000.0,-0.153,-11727000.0,-14898000.0,-15097000.0,-0.091,-0.091,-0.091,62359000.0,65609000.0,62359000.0,224248165.0,-15.0,-19.122,-15138000.0,-0.091,1.0,36740000.0,0.478,3370000.0,199000.0,40711000.0,48670000.0,8282000.0,22235000.0,22235000.0,0.0,27057000.0,25526000.0,1531000.0,238506165.0,2454000.0,0.0,2408000.0,96000.0,0.0,2504000.0,13027000.0,16015000.0,-13035000.0,-42000.0,-15097000.0,-15097000.0,-15097000.0,0.0,0.0,-0.196,53979000.0,-17239000.0,10142000.0,0.0,3.825,-15.798,-15.775,9823000.0,0.0,1.436,3.104,3.099,20895000.0,-131084000.0,76848000.0,76848000.0,15984000.0,-0.164,-0.23,-0.306,-0.194,601000.0,37995000.0,1.0,166142066.0,165879000,165879000.0,0.463,86046000.0,0.0,0.0,0.0,0.519,50697000.0
75,ISRG,MRT,2002-12-31,2002-12-31,2002-12-31,2021-10-20,1638000.0,91820000.0,93424500.0,77833000.0,13987000.0,0.771,0.388,-5766000.0,9007000.0,9007000.0,38121000.0,-18421000.0,2.982,0.442,3349000.0,1511000.0,1838000.0,3349000.0,4838000.0,3106000.0,0.0,0.0,0.0,-18222000.0,-15116000.0,-0.21,-15116000.0,-18222000.0,-18421000.0,-0.112,-0.112,-0.112,63680000.0,68377500.0,63680000.0,210290359.0,-12.0,-13.912,-19914000.0,-0.121,1.0,33901000.0,0.471,2568000.0,199000.0,57492000.0,55026250.0,8738000.0,41832000.0,41832000.0,0.0,28140000.0,26102000.0,2038000.0,225452359.0,-2435000.0,0.0,2058000.0,947000.0,0.0,3005000.0,8617000.0,15338000.0,-14148000.0,91000.0,-18421000.0,-18421000.0,-18421000.0,0.0,0.0,-0.256,54120000.0,-20219000.0,9282000.0,0.0,3.54,-12.239,-12.222,10388000.0,0.0,1.369,3.13,3.118,16887000.0,-128791000.0,72022000.0,72022000.0,16793000.0,-0.197,-0.269,-0.331,-0.253,663000.0,37327000.0,1.0,164697340.0,164061000,164061000.0,0.439,89252000.0,0.0,0.0,0.0,0.544,51731000.0
76,ISRG,MRT,2002-09-30,2002-09-30,2002-09-30,2021-10-20,1458000.0,92855000.0,95559750.0,79442000.0,13413000.0,0.7,0.401,-6938000.0,18340000.0,18340000.0,36272000.0,-20073000.0,3.153,0.41,3178000.0,1386000.0,1792000.0,3178000.0,4515000.0,2362000.0,0.0,0.0,0.0,-19805000.0,-17443000.0,-0.261,-17443000.0,-19805000.0,-20073000.0,-0.121,-0.121,-0.121,65869000.0,72030750.0,65869000.0,269321392.0,-14.0,-15.44,-18815000.0,-0.115,1.0,30618000.0,0.458,2724000.0,268000.0,49775000.0,57571000.0,9871000.0,30165000.0,30165000.0,0.0,26986000.0,25194000.0,1792000.0,291200392.0,3101000.0,0.0,2032000.0,312000.0,0.0,2344000.0,12650000.0,19588000.0,-11877000.0,-16000.0,-20073000.0,-20073000.0,-20073000.0,0.0,0.0,-0.3,52901000.0,-22283000.0,9099000.0,0.0,4.421,-14.507,-14.674,10689000.0,0.0,1.776,4.353,4.36,19044000.0,-126191000.0,66890000.0,66890000.0,16558000.0,-0.21,-0.279,-0.344,-0.296,802000.0,36343000.0,1.0,164005227.0,164250000,164250000.0,0.407,90131000.0,0.0,0.0,0.0,0.549,54248000.0
77,ISRG,MRT,2002-06-30,2002-06-30,2002-06-30,2021-10-20,660000.0,93535000.0,97449000.0,79513000.0,14022000.0,0.623,0.431,-7345000.0,23872000.0,23872000.0,33682000.0,-18407000.0,3.608,0.326,1993000.0,1022000.0,971000.0,1993000.0,3706000.0,2749000.0,0.0,0.0,0.0,-18139000.0,-15390000.0,-0.254,-15390000.0,-18139000.0,-18407000.0,-0.111,-0.111,-0.111,70528000.0,76165000.0,70528000.0,302662055.0,-17.0,-19.666,-20494000.0,-0.125,1.0,26988000.0,0.445,2918000.0,268000.0,46702000.0,59655750.0,7230000.0,31499000.0,31499000.0,0.0,23007000.0,22036000.0,971000.0,308128055.0,9768000.0,0.0,1848000.0,-889000.0,0.0,959000.0,22083000.0,29428000.0,-13149000.0,-125000.0,-18407000.0,-18407000.0,-18407000.0,0.0,0.0,-0.303,48263000.0,-21275000.0,8033000.0,0.0,4.369,-16.74,-16.957,11104000.0,0.0,1.882,5.079,5.079,15213000.0,-119727000.0,60670000.0,60670000.0,16161000.0,-0.189,-0.242,-0.304,-0.299,966000.0,32102000.0,1.0,163704398.0,163728000,163728000.0,0.371,90617000.0,0.0,0.0,0.0,0.553,57477000.0
78,ISRG,MRT,2002-03-31,2002-03-31,2002-03-31,2021-10-20,92000.0,95488000.0,99816000.0,81251000.0,14237000.0,0.541,0.449,-7910000.0,8335000.0,8335000.0,31116000.0,-18911000.0,3.911,0.3,2869000.0,1587000.0,1282000.0,2869000.0,3624000.0,2532000.0,0.0,0.0,0.0,-18643000.0,-16111000.0,-0.298,-16111000.0,-18643000.0,-18911000.0,-0.114,-0.114,-0.114,73433000.0,79954500.0,73433000.0,318529604.0,-17.0,-19.771,-21871000.0,-0.134,1.0,22887000.0,0.424,3113000.0,268000.0,66136000.0,63520000.0,6242000.0,48294000.0,48294000.0,0.0,22055000.0,20773000.0,1282000.0,340282604.0,4045000.0,0.0,2555000.0,-676000.0,0.0,1879000.0,16161000.0,24071000.0,-13961000.0,-34000.0,-18911000.0,-18911000.0,-18911000.0,0.0,0.0,-0.35,44836000.0,-21949000.0,9184000.0,0.0,4.634,-17.994,-18.324,11124000.0,0.0,2.089,6.301,6.32,15492000.0,-115987000.0,54003000.0,54003000.0,14852000.0,-0.189,-0.237,-0.293,-0.345,1196000.0,29984000.0,1.0,162901246.0,163386000,163386000.0,0.331,92375000.0,0.0,0.0,0.0,0.565,60478000.0
79,ISRG,MRT,2001-12-31,2001-12-31,2001-12-31,2021-10-20,551000.0,100361000.0,102195500.0,89219000.0,11142000.0,0.506,0.486,-5491000.0,10487000.0,10487000.0,30172000.0,-16700000.0,4.189,0.282,2402000.0,1631000.0,771000.0,2402000.0,3870000.0,2337000.0,0.0,0.0,0.0,-16432000.0,-14095000.0,-0.273,-14095000.0,-16432000.0,-16700000.0,-0.103,-0.103,-0.103,78293000.0,83818000.0,78293000.0,341335778.0,-21.0,-24.217,-23968000.0,-0.149,1.0,21501000.0,0.416,3308000.0,268000.0,67671000.0,66071750.0,6182000.0,56174000.0,56174000.0,0.0,22068000.0,21297000.0,771000.0,363088778.0,-2790000.0,0.0,2249000.0,-1478000.0,0.0,771000.0,14992000.0,20483000.0,-18477000.0,-76000.0,-16700000.0,-16700000.0,-16700000.0,0.0,0.0,-0.323,41884000.0,-20383000.0,8300000.0,0.0,4.638,-21.742,-21.64,7834000.0,0.0,2.229,7.027,6.952,13248000.0,-110370000.0,51673000.0,51673000.0,13851000.0,-0.163,-0.199,-0.249,-0.318,1597000.0,28033000.0,1.0,162901246.0,161172000,161172000.0,0.321,97053000.0,0.0,0.0,0.0,0.602,67922000.0
80,ISRG,MRT,2001-09-30,2001-09-30,2001-09-30,2021-10-20,756000.0,100412000.0,105210500.0,90149000.0,10263000.0,0.441,0.508,-4997000.0,24619000.0,24619000.0,26260000.0,-17430000.0,5.29,0.219,2866000.0,1903000.0,963000.0,2866000.0,3434000.0,2865000.0,0.0,0.0,0.0,-17026000.0,-14161000.0,-0.305,-14161000.0,-17026000.0,-17430000.0,-0.1,-0.1,-0.1,82406000.0,86927250.0,82406000.0,203381390.0,-12.0,-14.362,-26347000.0,-0.162,1.0,20106000.0,0.434,3502000.0,404000.0,58114000.0,66586000.0,7595000.0,39655000.0,39655000.0,0.0,18006000.0,17043000.0,963000.0,223983390.0,-1346000.0,0.0,2377000.0,-316000.0,0.0,2061000.0,17943000.0,22940000.0,-21350000.0,0.0,-17430000.0,-17430000.0,-17430000.0,0.0,0.0,-0.376,41749000.0,-21643000.0,6182000.0,0.0,2.718,-12.85,-13.867,6761000.0,0.0,1.387,4.831,4.852,15557000.0,-106118000.0,46366000.0,46366000.0,13170000.0,-0.166,-0.201,-0.256,-0.367,2108000.0,28579000.0,1.0,161526483.0,162252000,162252000.0,0.286,96910000.0,0.0,0.0,0.0,0.597,73106000.0
81,ISRG,MRT,2001-06-30,2001-06-30,2001-06-30,2021-10-20,225000.0,103003000.0,107874250.0,92732000.0,10271000.0,0.402,0.534,-4732000.0,23484000.0,23484000.0,25218000.0,-16652000.0,5.605,0.202,2882000.0,2110000.0,772000.0,2882000.0,2198000.0,2612000.0,0.0,0.0,0.0,-16248000.0,-13636000.0,-0.314,-13636000.0,-16248000.0,-16652000.0,-0.098,-0.098,-0.098,85686000.0,89944000.0,85686000.0,473385295.0,-29.0,-34.716,-20464000.0,-0.128,1.0,18146000.0,0.418,3697000.0,404000.0,62159000.0,70290250.0,6791000.0,50987000.0,50987000.0,0.0,17317000.0,16545000.0,772000.0,483510295.0,-17000000.0,0.0,7982000.0,-902000.0,0.0,7080000.0,-8348000.0,-3616000.0,-15732000.0,0.0,-16652000.0,-16652000.0,-16652000.0,0.0,0.0,-0.384,39371000.0,-21225000.0,6935000.0,0.0,5.643,-29.036,-30.635,6574000.0,0.0,3.002,11.15,11.108,9686000.0,-101320000.0,43364000.0,43364000.0,12849000.0,-0.154,-0.185,-0.231,-0.375,2557000.0,26522000.0,1.0,161050802.0,160447500,160447500.0,0.27,99306000.0,0.0,0.0,0.0,0.619,76187000.0
82,ISRG,MRT,2001-03-31,2001-03-31,2001-03-31,2021-10-20,387000.0,105006000.0,108766500.0,95311000.0,9695000.0,0.329,0.558,-7362000.0,13670000.0,13670000.0,22062000.0,-16898000.0,6.508,0.181,3545000.0,2072000.0,1473000.0,3545000.0,2340000.0,2416000.0,0.0,0.0,0.0,-16494000.0,-14078000.0,-0.394,-14078000.0,-16494000.0,-16898000.0,-0.122,-0.122,-0.122,88887000.0,91343250.0,88887000.0,156068247.0,-9.0,-11.086,-25945000.0,-0.163,1.0,13709000.0,0.383,3892000.0,404000.0,76343000.0,68905750.0,6523000.0,63246000.0,63246000.0,0.0,16119000.0,14646000.0,1473000.0,174845247.0,-25376000.0,0.0,48310000.0,-707000.0,0.0,47603000.0,-54396000.0,-47034000.0,-18583000.0,0.0,-16898000.0,-16898000.0,-16898000.0,0.0,0.0,-0.472,35167000.0,-21458000.0,5540000.0,0.0,1.967,-10.347,-8.889,5803000.0,0.0,1.084,4.888,4.83,10266000.0,-97077000.0,35771000.0,35771000.0,12335000.0,-0.155,-0.185,-0.239,-0.461,2844000.0,22832000.0,1.0,161230248.0,159304500,159304500.0,0.225,101114000.0,0.0,0.0,0.0,0.635,80665000.0
83,ISRG,MRT,2000-12-31,2000-12-31,2000-12-31,2021-10-20,134000.0,112421000.0,98785250.0,103666000.0,8755000.0,0.27,0.847,-6555000.0,22657000.0,22657000.0,18031000.0,-18523000.0,5.228,0.239,3880000.0,2019000.0,1861000.0,3880000.0,3552000.0,2179000.0,0.0,0.0,0.0,-18119000.0,-15940000.0,-0.599,-15940000.0,-18119000.0,-18523000.0,-0.173,-0.173,-0.173,90730000.0,82205000.0,90730000.0,280534927.0,-15.0,-17.599,-19359000.0,-0.181,1.0,8593000.0,0.323,4086000.0,404000.0,69728000.0,54822750.0,6076000.0,66784000.0,66784000.0,0.0,21691000.0,19830000.0,1861000.0,303317927.0,18551000.0,0.0,47676000.0,-259000.0,0.0,82173000.0,-50818000.0,-44263000.0,-12804000.0,0.0,-18523000.0,-18523000.0,-18523000.0,0.0,0.0,-0.696,30870000.0,-22277000.0,7128000.0,0.0,3.343,-16.375,-10.918,4669000.0,0.0,1.889,11.393,7.597,6444000.0,-93670000.0,26624000.0,26624000.0,11734000.0,-0.188,-0.225,-0.331,-0.681,2573000.0,19136000.0,1.0,160580079.0,107082000,107082000.0,0.249,108335000.0,0.0,0.0,0.0,1.012,83836000.0
84,ISRG,MRT,2000-09-30,2000-09-30,2000-09-30,2021-10-20,-121000.0,111067000.0,79293750.0,102947000.0,8120000.0,0.242,0.606,-5503000.0,25965000.0,25965000.0,13846000.0,-18753000.0,6.705,0.176,3182000.0,1941000.0,1241000.0,3182000.0,3727000.0,1906000.0,0.0,0.0,0.0,-18641000.0,-16735000.0,-0.872,-16735000.0,-18641000.0,-18753000.0,-0.496,-0.496,-0.496,94473000.0,65075250.0,94473000.0,382530706.0,-21.0,-22.858,-21699000.0,-0.139,1.0,5351000.0,0.279,0.0,112000.0,72931000.0,43582000.0,5256000.0,61718000.0,61718000.0,0.0,16594000.0,15353000.0,1241000.0,419230706.0,20392000.0,0.0,47565000.0,-1332000.0,0.0,80988000.0,-44400000.0,-38897000.0,-16196000.0,0.0,-18753000.0,-18753000.0,-18753000.0,0.0,0.0,-0.977,26797000.0,-21446000.0,5225000.0,0.0,4.438,-22.355,-5.264,3839000.0,0.0,2.611,21.838,21.218,8373000.0,-88689000.0,19197000.0,19197000.0,11613000.0,-0.237,-0.288,-0.428,-0.971,1990000.0,15184000.0,1.0,160556440.0,155992500,155992500.0,0.123,111067000.0,0.0,0.0,0.0,0.712,87594000.0
85,ISRG,MRT,2000-06-30,2000-06-30,2000-06-30,2021-10-20,-290000.0,106572000.0,,98435000.0,8137000.0,,1.024,-5189000.0,40484000.0,40484000.0,12066000.0,-19101000.0,7.428,0.167,3784000.0,1746000.0,2038000.0,3784000.0,2744000.0,1697000.0,0.0,0.0,0.0,-18876000.0,-17179000.0,-1.175,-17179000.0,-18876000.0,-19101000.0,-0.662,-0.662,-0.662,91283000.0,,91283000.0,290671684.0,-15.0,-16.92,-20950000.0,-0.235,1.0,2552000.0,0.175,0.0,225000.0,56621000.0,,4796000.0,46856000.0,46856000.0,0.0,15289000.0,13251000.0,2038000.0,325465684.0,36926000.0,0.0,41285000.0,-604000.0,0.0,75430000.0,-22743000.0,-17554000.0,-15761000.0,0.0,-19101000.0,-19101000.0,-19101000.0,0.0,0.0,-1.307,23250000.0,-20698000.0,4825000.0,0.0,3.565,-17.039,-3.169,3672000.0,0.0,2.098,22.265,12.792,5285000.0,-84669000.0,14618000.0,14618000.0,10813000.0,,,,-1.291,1400000.0,12437000.0,1.0,155147836.0,89136000,89136000.0,0.164,106572000.0,0.0,0.0,0.0,1.196,85184000.0
86,ISRG,MRT,2000-03-31,2000-03-31,2000-03-31,2021-10-20,-240000.0,65081000.0,49768000.0,62002000.0,3079000.0,0.264,2.086,-1377000.0,39046000.0,39046000.0,11806000.0,-17886000.0,6.034,0.244,4252000.0,1781000.0,2471000.0,4252000.0,2102000.0,1455000.0,0.0,,0.0,-17568000.0,-16113000.0,-1.228,-16113000.0,-17568000.0,-17886000.0,-0.767,-0.767,-0.767,52334000.0,37272500.0,52334000.0,,,,-17887000.0,-0.713,1.0,1320000.0,0.101,0.0,318000.0,20011000.0,22388000.0,3573000.0,15585000.0,15585000.0,0.0,12747000.0,10276000.0,2471000.0,,15921000.0,0.0,150000.0,1146000.0,0.0,38643000.0,-6212000.0,-4835000.0,-16510000.0,0.0,-17886000.0,-17886000.0,-17886000.0,0.0,0.0,-1.363,20487000.0,-19167000.0,3455000.0,0.0,,,,3079000.0,0.0,,,,2780000.0,-80179000.0,13126000.0,13126000.0,9798000.0,-0.359,-0.48,-0.785,-1.338,908000.0,10689000.0,1.0,155147836.0,25083000,25083000.0,0.523,65081000.0,0.0,0.0,0.0,2.595,51726000.0
87,ISRG,MRT,1999-12-31,1999-12-31,1999-12-31,2021-10-20,-233000.0,34455000.0,31311000.0,31746000.0,2709000.0,0.326,1.02,-931000.0,4106000.0,4106000.0,9273000.0,-18415000.0,3.265,0.551,4139000.0,1618000.0,2521000.0,4139000.0,2130000.0,1439000.0,0.0,,0.0,-18009000.0,-16570000.0,-1.626,-16570000.0,-18009000.0,-18415000.0,-0.847,-0.847,-0.847,22211000.0,21403500.0,22211000.0,,,,-16858000.0,-0.774,1.0,919000.0,0.09,0.0,406000.0,24765000.0,20473500.0,2861000.0,22154000.0,22154000.0,0.0,12244000.0,9723000.0,2521000.0,,-6063000.0,0.0,72000.0,822000.0,0.0,20177000.0,-10313000.0,-9382000.0,-15927000.0,0.0,-18415000.0,-18415000.0,-18415000.0,0.0,0.0,-1.807,20468000.0,-19549000.0,2722000.0,0.0,,,,2709000.0,0.0,,,,2044000.0,-75147000.0,10192000.0,10192000.0,11130000.0,-0.588,-0.86,-0.88,-1.767,804000.0,9338000.0,1.0,,21766500,21766500.0,0.468,34455000.0,0.0,0.0,0.0,1.583,22023000.0
88,ISRG,MRT,1999-09-30,1999-09-30,1999-09-30,2021-10-20,,,,,,,,,,,,,,,,,,,,,,,0.0,,,,,,,,,,,,,,,,,,1.0,,,,,,,,,,,,,,,,,,,,,,,,,,,,,,,,,,,,,,,,,,,,,,,,,,,,,,1.0,,22486500,,,,,,,,
89,ISRG,MRT,1999-06-30,1999-06-30,1999-06-30,2021-10-20,,,,,,,,,,,,,,,,,,,,,,,0.0,,,,,,,,,,,,,,,,,,1.0,,,,,,,,,,,,,,,,,,,,,,,,,,,,,,,,,,,,,,,,,,,,,,,,,,,,,,1.0,,20920500,,,,,,,,
90,ISRG,MRT,1999-03-31,1999-03-31,1999-03-31,2021-10-20,-233000.0,34455000.0,,31746000.0,2709000.0,,1.13,,4106000.0,4106000.0,,,3.265,0.551,4139000.0,1618000.0,2521000.0,4139000.0,2130000.0,,0.0,,0.0,,,,,,,,,,22211000.0,,22211000.0,,,,,,1.0,,,0.0,,24765000.0,,2861000.0,22154000.0,22154000.0,0.0,12244000.0,9723000.0,2521000.0,,,,,,,,,,,,,,,,,,,,2722000.0,,,,,2709000.0,,,,,2044000.0,-75147000.0,,,,,,,,,,1.0,,19660118,,,34455000.0,0.0,,0.0,1.753,22023000.0
91,ISRG,MRT,1998-12-31,1998-12-31,1998-12-31,2021-10-20,46000.0,28167000.0,,24950000.0,3217000.0,,1.265,-1681000.0,10169000.0,10169000.0,0.0,-29443000.0,4.861,0.368,3317000.0,879000.0,2438000.0,3317000.0,765000.0,1268000.0,0.0,,0.0,-29228000.0,-27960000.0,,-27960000.0,-29228000.0,-29443000.0,-1.809,-1.809,-1.809,20596000.0,,20596000.0,,,,-32756000.0,-2.011,1.0,0.0,,0.0,215000.0,16182000.0,,1259000.0,13051000.0,13051000.0,0.0,7571000.0,5133000.0,2438000.0,,-6865000.0,0.0,159000.0,2162000.0,0.0,23256000.0,954000.0,2635000.0,-31075000.0,0.0,-29443000.0,-29443000.0,-29443000.0,0.0,0.0,,30773000.0,-30773000.0,2256000.0,0.0,,,,3217000.0,0.0,,,,0.0,-56732000.0,0.0,0.0,23208000.0,,,,,1568000.0,7565000.0,1.0,,16285500,16285500.0,0.0,28167000.0,0.0,0.0,0.0,1.73,19817000.0
92,ISRG,MRT,1997-12-31,1997-12-31,1997-12-31,2021-10-20,,,,,,,,-2785000.0,,,0.0,-23602000.0,,,,,,,,706000.0,,,0.0,-23472000.0,-22766000.0,,-22766000.0,-23472000.0,-23602000.0,-2.498,-2.498,-2.498,,,,,,,-17710000.0,-1.874,1.0,0.0,,,130000.0,,,,,,,,,,,15540000.0,0.0,861000.0,1155000.0,0.0,48890000.0,-18425000.0,-15640000.0,-14925000.0,0.0,-23602000.0,-23602000.0,-23602000.0,0.0,0.0,,24716000.0,-24716000.0,,0.0,,,,,0.0,,,,,,0.0,0.0,14282000.0,,,,,1428000.0,4434000.0,1.0,,9448222,9448222.0,0.0,,,0.0,,,
