None,ticker,dimension,calendardate,datekey,reportperiod,lastupdated,accoci,assets,assetsavg,assetsc,assetsnc,assetturnover,bvps,capex,cashneq,cashnequsd,cor,consolinc,currentratio,de,debt,debtc,debtnc,debtusd,deferredrev,depamor,deposits,divyield,dps,ebit,ebitda,ebitdamargin,ebitdausd,ebitusd,ebt,eps,epsdil,epsusd,equity,equityavg,equityusd,ev,evebit,evebitda,fcf,fcfps,fxusd,gp,grossmargin,intangibles,intexp,invcap,invcapavg,inventory,investments,investmentsc,investmentsnc,liabilities,liabilitiesc,liabilitiesnc,marketcap,ncf,ncfbus,ncfcommon,ncfdebt,ncfdiv,ncff,ncfi,ncfinv,ncfo,ncfx,netinc,netinccmn,netinccmnusd,netincdis,netincnci,netmargin,opex,opinc,payables,payoutratio,pb,pe,pe1,ppnenet,prefdivis,price,ps,ps1,receivables,retearn,revenue,revenueusd,rnd,roa,roe,roic,ros,sbcomp,sgna,sharefactor,sharesbas,shareswa,shareswadil,sps,tangibles,taxassets,taxexp,taxliabilities,tbvps,workingcapital
0,ACAS,MRY,2015-12-31,2015-12-31,2015-12-31,2020-02-18,-148000000.0,6240000000.0,7631750000.0,,,0.088,18.046,0.0,529000000.0,529000000.0,0.0,-187000000.0,,0.294,1253000000.0,,,1253000000.0,0.0,0.0,0.0,0.0,0.0,44000000.0,44000000.0,0.066,44000000.0,44000000.0,-35000000.0,-0.7,-0.7,-0.7,4822000000.0,5252750000.0,4822000000.0,5943620408.0,135.0,135.082,270000000.0,1.01,1.0,671000000.0,1.0,0.0,79000000.0,6964000000.0,9191500000.0,0.0,4998000000.0,,,1418000000.0,,,3635620408.0,-179000000.0,0.0,-437000000.0,-443000000.0,0.0,-864000000.0,415000000.0,405000000.0,270000000.0,-14000000.0,-187000000.0,-187000000.0,-187000000.0,0.0,0.0,-0.279,214000000.0,457000000.0,0.0,0.0,0.754,-19.442,-19.7,0.0,0.0,13.79,5.418,5.491,421000000.0,-879000000.0,671000000.0,671000000.0,0.0,-0.025,-0.036,0.005,0.066,26000000.0,201000000.0,1.0,263641799.0,267200000.0,267200000.0,2.511,6240000000.0,198000000.0,152000000.0,0.0,23.353,
1,ACAS,MRY,2014-12-31,2014-12-31,2014-12-31,2020-02-18,-272000000.0,7640000000.0,6836000000.0,,,0.069,20.403,0.0,843000000.0,843000000.0,0.0,434000000.0,,0.396,1703000000.0,,,1703000000.0,0.0,0.0,0.0,0.0,0.0,552000000.0,552000000.0,1.172,552000000.0,552000000.0,498000000.0,1.62,1.55,1.62,5472000000.0,5324000000.0,5472000000.0,4671857472.0,8.0,8.464,145000000.0,0.541,1.0,471000000.0,1.0,0.0,54000000.0,8500000000.0,7420000000.0,0.0,6280000000.0,,,2168000000.0,,,3939857472.0,304000000.0,0.0,-99000000.0,772000000.0,0.0,663000000.0,-504000000.0,-480000000.0,145000000.0,0.0,434000000.0,434000000.0,434000000.0,0.0,0.0,0.921,234000000.0,237000000.0,0.0,0.0,0.72,9.078,9.019,0.0,0.0,14.61,8.365,8.319,50000000.0,-505000000.0,471000000.0,471000000.0,0.0,0.063,0.082,0.074,1.172,48000000.0,229000000.0,1.0,269668547.0,268200000.0,280700000.0,1.756,7640000000.0,354000000.0,64000000.0,0.0,28.486,
2,ACAS,MRY,2013-12-31,2013-12-31,2013-12-31,2020-02-18,-399000000.0,6009000000.0,6235750000.0,,,0.078,17.579,0.0,389000000.0,389000000.0,0.0,184000000.0,,0.172,791000000.0,,,791000000.0,0.0,0.0,0.0,0.0,0.0,281000000.0,281000000.0,0.577,281000000.0,281000000.0,237000000.0,0.63,0.61,0.63,5126000000.0,5448250000.0,5126000000.0,4514950164.0,16.0,16.067,193000000.0,0.662,1.0,487000000.0,1.0,0.0,44000000.0,6411000000.0,6473000000.0,0.0,5072000000.0,,,883000000.0,,,4417950164.0,-16000000.0,0.0,-530000000.0,14000000.0,0.0,-382000000.0,173000000.0,197000000.0,193000000.0,0.0,184000000.0,184000000.0,184000000.0,0.0,0.0,0.378,211000000.0,276000000.0,0.0,0.0,0.862,24.011,24.825,0.0,0.0,15.64,9.072,9.365,38000000.0,-774000000.0,487000000.0,487000000.0,0.0,0.03,0.034,0.043,0.577,32000000.0,211000000.0,1.0,282477632.0,291600000.0,303900000.0,1.67,6009000000.0,414000000.0,53000000.0,0.0,20.607,
3,ACAS,MRY,2012-12-31,2012-12-31,2012-12-31,2020-02-18,-482000000.0,6319000000.0,6332750000.0,,,0.102,16.95,0.0,471000000.0,471000000.0,0.0,1136000000.0,,0.164,775000000.0,,,775000000.0,0.0,0.0,0.0,0.0,0.0,1176000000.0,1176000000.0,1.82,1176000000.0,1176000000.0,1117000000.0,3.55,3.44,3.55,5429000000.0,5299750000.0,5429000000.0,4273341202.0,4.0,3.634,164000000.0,0.512,1.0,646000000.0,1.0,0.0,59000000.0,6623000000.0,6803000000.0,0.0,5265000000.0,,,890000000.0,,,3795341202.0,127000000.0,0.0,-326000000.0,-536000000.0,0.0,-860000000.0,823000000.0,833000000.0,164000000.0,0.0,1136000000.0,1136000000.0,1136000000.0,0.0,0.0,1.759,204000000.0,442000000.0,0.0,0.0,0.699,3.341,3.386,0.0,0.0,12.021,5.875,5.96,39000000.0,-875000000.0,646000000.0,646000000.0,0.0,0.179,0.214,0.173,1.82,44000000.0,204000000.0,1.0,315739046.0,320300000.0,330300000.0,2.017,6319000000.0,455000000.0,-19000000.0,0.0,19.728,
4,ACAS,MRY,2011-12-31,2011-12-31,2011-12-31,2020-02-18,-1494000000.0,5961000000.0,5997250000.0,,,0.099,13.268,0.0,284000000.0,284000000.0,0.0,974000000.0,,0.306,1251000000.0,,,1251000000.0,0.0,7000000.0,0.0,0.0,0.0,636000000.0,643000000.0,1.088,643000000.0,636000000.0,546000000.0,2.83,2.74,2.83,4563000000.0,4309000000.0,4563000000.0,3567512561.0,6.0,5.548,174000000.0,0.506,1.0,591000000.0,1.0,0.0,90000000.0,6928000000.0,7272250000.0,0.0,5130000000.0,,,1398000000.0,,,2320512561.0,-65000000.0,0.0,-123000000.0,-1008000000.0,0.0,-1026000000.0,787000000.0,791000000.0,174000000.0,0.0,974000000.0,974000000.0,974000000.0,0.0,0.0,1.648,198000000.0,393000000.0,0.0,0.0,0.509,2.382,2.378,0.0,0.0,6.73,3.926,3.916,42000000.0,-999000000.0,591000000.0,591000000.0,0.0,0.162,0.226,0.087,1.076,45000000.0,198000000.0,1.0,344801272.0,343900000.0,355300000.0,1.719,5961000000.0,428000000.0,-428000000.0,0.0,17.334,
5,ACAS,MRY,2010-12-31,2010-12-31,2010-12-31,2020-02-18,-2330000000.0,6084000000.0,6258500000.0,,,0.096,11.255,0.0,454000000.0,454000000.0,0.0,998000000.0,,0.659,2259000000.0,,,2259000000.0,0.0,14000000.0,0.0,0.0,0.0,1175000000.0,1189000000.0,1.982,1189000000.0,1175000000.0,998000000.0,3.06,3.02,3.06,3668000000.0,3144500000.0,3668000000.0,4858922304.0,4.0,4.087,87000000.0,0.267,1.0,600000000.0,1.0,0.0,177000000.0,7889000000.0,8702000000.0,0.0,5475000000.0,,,2416000000.0,,,2579922304.0,-566000000.0,0.0,298000000.0,-1996000000.0,0.0,-1698000000.0,1045000000.0,1047000000.0,87000000.0,0.0,998000000.0,998000000.0,998000000.0,0.0,0.0,1.663,198000000.0,402000000.0,0.0,0.0,0.703,2.585,2.471,0.0,0.0,7.56,4.3,4.106,0.0,-1136000000.0,600000000.0,600000000.0,0.0,0.159,0.317,0.135,1.958,42000000.0,198000000.0,1.0,341259564.0,325900000.0,330900000.0,1.841,6084000000.0,0.0,0.0,0.0,18.668,
6,ACAS,MRY,2009-12-31,2009-12-31,2009-12-31,2020-02-18,-3700000000.0,6672000000.0,6794750000.0,,,0.103,9.66,0.0,931000000.0,931000000.0,0.0,-910000000.0,,1.865,4142000000.0,,,4142000000.0,0.0,18000000.0,0.0,0.439,1.07,-674000000.0,-656000000.0,-0.941,-656000000.0,-674000000.0,-930000000.0,-3.77,-3.77,-3.77,2329000000.0,2265750000.0,2329000000.0,4387251227.0,-7.0,-6.688,165000000.0,0.684,1.0,697000000.0,1.0,0.0,256000000.0,9883000000.0,10599000000.0,0.0,5575000000.0,,,4343000000.0,,,685251227.0,626000000.0,-65000000.0,0.0,-288000000.0,-24000000.0,-358000000.0,819000000.0,894000000.0,165000000.0,0.0,-910000000.0,-910000000.0,-910000000.0,0.0,0.0,-1.306,306000000.0,391000000.0,0.0,-0.284,0.294,-0.753,-0.647,0.0,0.0,2.44,0.983,0.844,0.0,-709000000.0,697000000.0,697000000.0,0.0,-0.134,-0.402,-0.064,-0.967,86000000.0,306000000.0,1.0,280840667.0,241100000.0,241100000.0,2.891,6672000000.0,0.0,-20000000.0,0.0,27.673,
7,ACAS,MRY,2008-12-31,2008-12-31,2008-12-31,2020-02-18,-3468000000.0,7910000000.0,9607750000.0,,,0.109,15.488,0.0,280000000.0,280000000.0,0.0,-3115000000.0,,1.507,4428000000.0,,,4428000000.0,0.0,18000000.0,0.0,0.954,3.09,-2858000000.0,-2840000000.0,-2.702,-2840000000.0,-2858000000.0,-3078000000.0,-15.29,-15.29,-15.29,3155000000.0,4882750000.0,3155000000.0,4782881444.0,-2.0,-1.684,383000000.0,1.88,1.0,1051000000.0,1.0,0.0,220000000.0,12058000000.0,13609500000.0,0.0,7427000000.0,,,4755000000.0,,,669881444.0,66000000.0,0.0,378000000.0,-66000000.0,-819000000.0,-588000000.0,271000000.0,255000000.0,383000000.0,0.0,-3115000000.0,-3115000000.0,-3115000000.0,0.0,0.0,-2.964,301000000.0,750000000.0,0.0,-0.202,0.212,-0.215,-0.212,0.0,0.0,3.24,0.637,0.628,0.0,76000000.0,1051000000.0,1051000000.0,0.0,-0.324,-0.638,-0.21,-2.719,81000000.0,301000000.0,1.0,206753532.0,203700000.0,203700000.0,5.16,7910000000.0,0.0,37000000.0,0.0,38.832,
8,ACAS,MRY,2007-12-31,2007-12-31,2007-12-31,2020-02-18,172000000.0,11732000000.0,11119750000.0,,,0.112,37.039,-35000000.0,544000000.0,544000000.0,0.0,700000000.0,,0.821,4824000000.0,,,4824000000.0,0.0,8000000.0,0.0,0.113,3.72,993000000.0,1001000000.0,0.807,1001000000.0,993000000.0,706000000.0,4.03,3.96,4.03,6441000000.0,6063750000.0,6441000000.0,10518525361.0,11.0,10.508,458000000.0,2.634,1.0,1240000000.0,1.0,0.0,287000000.0,16012000000.0,15463000000.0,0.0,10928000000.0,,,5291000000.0,,,6187525361.0,73000000.0,-7000000.0,1920000000.0,723000000.0,-542000000.0,2087000000.0,-2507000000.0,-2546000000.0,493000000.0,0.0,700000000.0,700000000.0,700000000.0,0.0,0.0,0.565,353000000.0,887000000.0,195000000.0,0.923,0.961,8.839,8.179,0.0,0.0,32.96,4.99,4.622,0.0,254000000.0,1240000000.0,1240000000.0,0.0,0.063,0.115,0.064,0.801,71000000.0,353000000.0,1.0,187728318.0,173900000.0,176900000.0,7.131,11732000000.0,0.0,6000000.0,0.0,67.464,
9,ACAS,MRY,2006-12-31,2006-12-31,2006-12-31,2020-02-18,280000000.0,8609000000.0,7418299000.0,,,0.116,32.139,-25000000.0,310000000.0,310000000.0,0.0,896000000.0,,0.983,3926000000.0,,,3926000000.0,0.0,4000000.0,0.0,0.072,3.33,1097000000.0,1101000000.0,1.28,1101000000.0,1097000000.0,907000000.0,6.63,6.55,6.63,4342000000.0,3829306750.0,4342000000.0,10114777335.0,9.0,9.187,381000000.0,2.82,1.0,860000000.0,1.0,0.0,190000000.0,12225000000.0,10558403000.0,0.0,8076000000.0,,,4267000000.0,,,6669557335.0,-20000000.0,0.0,940000000.0,1448000000.0,-298000000.0,1963000000.0,-2389000000.0,-2455000000.0,406000000.0,0.0,896000000.0,896000000.0,896000000.0,0.0,0.0,1.042,234000000.0,626000000.0,130000000.0,0.502,1.536,7.444,6.977,0.0,0.0,46.26,7.755,7.267,0.0,88000000.0,860000000.0,860000000.0,0.0,0.121,0.234,0.104,1.276,35000000.0,234000000.0,1.0,144175472.0,135100000.0,136800000.0,6.366,8609000000.0,0.0,11000000.0,0.0,63.723,
10,ACAS,MRY,2005-12-31,2005-12-31,2005-12-31,2020-02-18,-17000000.0,5449000000.0,4643528000.0,,,0.12,29.184,-8000000.0,219000000.0,219000000.0,0.0,365000000.0,,0.88,2467000000.0,,,2467000000.0,0.0,0.0,0.0,0.085,3.08,479000000.0,479000000.0,0.863,479000000.0,479000000.0,378000000.0,3.68,3.6,3.68,2898000000.0,2403415750.0,2898000000.0,5979026797.0,12.0,12.482,294000000.0,2.961,1.0,555000000.0,1.0,0.0,101000000.0,7697000000.0,6557226000.0,0.0,5119000000.0,,,2551000000.0,,,3938748797.0,39000000.0,0.0,914000000.0,912000000.0,-274000000.0,1552000000.0,-1815000000.0,-1841000000.0,302000000.0,0.0,365000000.0,365000000.0,365000000.0,0.0,0.0,0.658,127000000.0,428000000.0,3000000.0,0.837,1.359,10.791,9.84,0.0,0.0,36.21,7.097,6.479,0.0,-22000000.0,555000000.0,555000000.0,0.0,0.079,0.152,0.073,0.863,14000000.0,127000000.0,1.0,108775167.0,99300000.0,101400000.0,5.589,5449000000.0,0.0,13000000.0,0.0,54.874,
11,ACAS,MRY,2004-12-31,2004-12-31,2004-12-31,2020-02-18,-31957000.0,3491427000.0,2839575750.0,,,0.118,24.508,-2000000.0,200262000.0,200262000.0,0.0,281000000.0,,0.865,1560978000.0,,,1560978000.0,0.0,0.0,0.0,0.087,2.91,320000000.0,320000000.0,0.952,320000000.0,320000000.0,283000000.0,3.69,3.63,3.69,1872426000.0,1578723500.0,1872426000.0,3875006213.0,12.0,12.109,196000000.0,2.565,1.0,336000000.0,1.0,0.0,37000000.0,4852143000.0,3891996500.0,0.0,3221688000.0,,,1619001000.0,,,2855786213.0,50000000.0,0.0,613000000.0,641000000.0,-213000000.0,1041000000.0,-1189000000.0,-1189000000.0,198000000.0,0.0,281000000.0,281000000.0,281000000.0,0.0,0.0,0.836,77000000.0,259000000.0,5322000.0,0.789,1.525,10.163,9.038,0.0,0.0,33.35,8.499,7.583,0.0,-63032000.0,336000000.0,336000000.0,0.0,0.099,0.178,0.082,0.952,10000000.0,77000000.0,1.0,85630771.0,76400000.0,77600000.0,4.398,3491427000.0,0.0,2000000.0,0.0,45.699,
12,ACAS,MRY,2003-12-31,2003-12-31,2003-12-31,2020-02-18,-131171000.0,2068328000.0,1668962250.0,,,0.124,21.524,-2237000.0,83955000.0,83955000.0,0.0,117984000.0,,0.759,840211000.0,,,840211000.0,0.0,1135000.0,0.0,0.094,2.79,136498000.0,137633000.0,0.667,137633000.0,136498000.0,117984000.0,2.16,2.15,2.16,1175915000.0,973203000.0,1175915000.0,2373684630.0,17.0,17.246,115213000.0,2.109,1.0,206280000.0,1.0,0.0,18514000.0,2824584000.0,2281532750.0,0.0,1938347000.0,,,892413000.0,,,1698504630.0,-5060000.0,0.0,523582000.0,210305000.0,-153044000.0,533042000.0,-655552000.0,-653315000.0,117450000.0,0.0,117984000.0,117984000.0,117984000.0,0.0,0.0,0.572,47063000.0,159217000.0,3957000.0,1.292,1.444,14.396,13.764,0.0,0.0,29.73,8.234,7.874,0.0,-23685000.0,206280000.0,206280000.0,0.0,0.071,0.121,0.06,0.662,2584000.0,47063000.0,1.0,57131000.0,54632000.0,54996000.0,3.776,2068328000.0,0.0,0.0,0.0,37.859,
13,ACAS,MRY,2002-12-31,2002-12-31,2002-12-31,2020-02-18,-86446000.0,1318523000.0,1150887750.0,,,0.128,17.445,-1478000.0,41214000.0,41214000.0,0.0,20061000.0,,0.917,619964000.0,,,619964000.0,0.0,821000.0,0.0,0.119,2.57,34382000.0,35203000.0,0.239,35203000.0,34382000.0,20061000.0,0.51,0.5,0.51,687659000.0,644078500.0,687659000.0,1367332630.0,40.0,38.841,70996000.0,1.801,1.0,147022000.0,1.0,0.0,14321000.0,1897273000.0,1621555000.0,0.0,1248459000.0,,,630864000.0,,,873466630.0,-1088000.0,0.0,125428000.0,340557000.0,-105293000.0,360692000.0,-434254000.0,-432776000.0,72474000.0,0.0,20061000.0,20061000.0,20061000.0,0.0,0.0,0.136,30152000.0,116870000.0,869000.0,5.039,1.27,43.541,42.333,0.0,0.0,21.59,5.941,5.788,0.0,-29459000.0,147022000.0,147022000.0,0.0,0.017,0.031,0.021,0.234,0.0,30152000.0,1.0,40457000.0,39418000.0,39880000.0,3.73,1318523000.0,0.0,0.0,0.0,33.45,
14,ACAS,MRY,2001-12-31,2001-12-31,2001-12-31,2020-02-18,-28440000.0,904184000.0,752043000.0,,,0.139,20.334,-1215000.0,14168000.0,14168000.0,0.0,18605000.0,,0.412,251141000.0,,,251141000.0,0.0,582000.0,0.0,0.081,2.3,28948000.0,29530000.0,0.283,29530000.0,28948000.0,18605000.0,0.59,0.58,0.59,640265000.0,553778750.0,640265000.0,1147753676.0,40.0,38.867,35824000.0,1.138,1.0,104237000.0,1.0,0.0,10343000.0,1141157000.0,923550250.0,0.0,858266000.0,,,263919000.0,,,1011042676.0,4497000.0,0.0,226333000.0,95620000.0,-76252000.0,243316000.0,-275858000.0,-274643000.0,37039000.0,0.0,18605000.0,18605000.0,18605000.0,0.0,0.0,0.178,22269000.0,81968000.0,3420000.0,3.898,1.579,54.343,48.051,0.0,0.0,28.35,9.699,8.564,0.0,-3823000.0,104237000.0,104237000.0,0.0,0.025,0.034,0.031,0.278,0.0,22269000.0,1.0,35662881.0,31487000.0,32001000.0,3.31,904184000.0,0.0,0.0,0.0,28.716,
15,ACAS,MRY,2000-12-31,2000-12-31,2000-12-31,2020-02-18,23784000.0,613999000.0,532988750.0,,,0.131,19.942,-1100000.0,11569000.0,11569000.0,0.0,-4373000.0,,0.379,155202000.0,,,155202000.0,0.0,354000.0,0.0,0.086,2.17,3318000.0,3672000.0,0.052,3672000.0,3318000.0,-6373000.0,-0.2,-0.2,-0.2,445167000.0,406487500.0,445167000.0,728849890.0,220.0,198.489,34231000.0,1.533,1.0,70052000.0,1.0,0.0,9691000.0,757632000.0,636325250.0,0.0,585746000.0,,,168832000.0,,,625376890.0,6881000.0,0.0,185318000.0,74414000.0,-44050000.0,212298000.0,-240748000.0,-239648000.0,35331000.0,0.0,-4373000.0,-4373000.0,-4373000.0,0.0,0.0,-0.062,17691000.0,52361000.0,6163000.0,-10.85,1.405,-143.009,-125.95,0.0,0.0,25.19,8.927,8.027,0.0,-95000.0,70052000.0,70052000.0,0.0,-0.008,-0.011,0.005,0.047,0.0,17691000.0,1.0,24826395.0,22323000.0,22748000.0,3.138,613999000.0,0.0,-2000000.0,0.0,27.505,
16,ACAS,MRY,1999-12-31,1999-12-31,1999-12-31,2020-02-18,77612000.0,395372000.0,321413000.0,,,0.123,22.682,0.0,2037000.0,2037000.0,0.0,97201000.0,,0.268,78545000.0,,,78545000.0,0.0,0.0,0.0,0.076,1.74,101005000.0,101005000.0,2.561,101005000.0,101005000.0,96289000.0,7.07,1.68,7.07,311745000.0,217915250.0,311745000.0,439245200.0,4.0,4.349,19185000.0,1.396,1.0,39435000.0,1.0,0.0,4716000.0,471880000.0,405462000.0,0.0,382447000.0,,,83627000.0,,,414591200.0,-3359000.0,0.0,87286000.0,41118000.0,-26158000.0,102246000.0,-124790000.0,-124790000.0,19185000.0,0.0,97201000.0,97201000.0,97201000.0,0.0,0.0,2.465,11649000.0,27786000.0,547000.0,0.246,1.33,4.265,3.218,0.0,0.0,22.75,10.513,7.929,2331000.0,1080000.0,39435000.0,39435000.0,0.0,0.302,0.446,0.249,2.561,0.0,11649000.0,1.0,18223789.0,13744000.0,14294000.0,2.869,395372000.0,0.0,-912000.0,0.0,28.767,
17,ACAS,MRY,1998-12-31,1998-12-31,1998-12-31,2020-02-18,7783000.0,270019000.0,198696000.0,,,0.085,13.799,0.0,6149000.0,6149000.0,0.0,16915000.0,,0.768,115948000.0,,,115948000.0,0.0,0.0,0.0,0.078,1.34,16972000.0,16972000.0,1.0,16972000.0,16972000.0,16915000.0,1.53,1.53,1.53,152723000.0,151773500.0,152723000.0,228790852.0,13.0,13.48,11711000.0,1.058,1.0,16979000.0,1.0,0.0,57000.0,379818000.0,238811000.0,0.0,261369000.0,,,117296000.0,,,190694852.0,-2713000.0,0.0,5000.0,115911000.0,-13628000.0,102288000.0,-116712000.0,-116712000.0,11711000.0,0.0,16915000.0,16915000.0,16915000.0,0.0,0.0,0.996,1652000.0,15327000.0,1222000.0,0.876,1.249,11.274,11.275,0.0,0.0,17.25,11.231,11.245,778000.0,-116000.0,16979000.0,16979000.0,0.0,0.085,0.111,0.071,1.0,0.0,1652000.0,1.0,11054774.0,11068000.0,11424000.0,1.534,270019000.0,0.0,0.0,0.0,24.396,
18,ACAS,MRY,1996-12-31,1996-12-31,1996-12-31,2020-02-18,0.0,5432265.0,,,,,,-39000.0,322664.0,322664.0,0.0,209000.0,,0.611,429684.0,,,429684.0,0.0,38000.0,0.0,,0.0,401000.0,439000.0,0.16,439000.0,401000.0,368000.0,,,,3371651.0,,3371651.0,,,,-233000.0,,1.0,2746000.0,1.0,0.0,33000.0,5539285.0,,0.0,3980421.0,,,2060614.0,,,,-36000.0,0.0,1000.0,265000.0,0.0,272000.0,-114000.0,-75000.0,-194000.0,0.0,209000.0,209000.0,209000.0,0.0,0.0,0.076,2828000.0,-82000.0,400394.0,,,,,120514.0,0.0,,,,917625.0,2053702.0,2746000.0,2746000.0,0.0,,,,0.146,0.0,2565000.0,1.0,,,,,5432265.0,52225.0,159000.0,1230536.0,,
19,ACAS,MRY,1995-12-31,1995-12-31,1995-12-31,2020-02-18,,,,,,,,-20304.0,,,0.0,157386.0,,,,,,,,35415.0,,,0.0,251804.0,287219.0,0.106,287219.0,251804.0,214767.0,,,,,,,,,,188777.0,,1.0,2705632.0,1.0,,37037.0,,,,,,,,,,,155795.0,0.0,0.0,-77500.0,0.0,-92456.0,39170.0,59474.0,209081.0,0.0,157386.0,157386.0,157386.0,0.0,0.0,0.058,2890672.0,-185040.0,,,,,,,0.0,,,,,,2705632.0,2705632.0,0.0,,,,0.093,216827.0,2552974.0,1.0,,,,,,,57381.0,,,
0,ACAS,MRQ,2016-09-30,2016-09-30,2016-09-30,2020-02-18,-395000000.0,4700000000.0,,,,,21.294,0.0,1057000000.0,1057000000.0,0.0,141000000.0,,0.027,0.0,,,0.0,0.0,0.0,0.0,0.0,0.0,138000000.0,138000000.0,1.468,138000000.0,138000000.0,133000000.0,0.66,0.63,0.66,4576000000.0,,4576000000.0,3513290242.0,103.0,103.332,52000000.0,0.242,1.0,94000000.0,1.0,0.0,5000000.0,3643000000.0,,0.0,3294000000.0,,,124000000.0,,,3643290242.0,143000000.0,0.0,11000000.0,-797000000.0,0.0,-786000000.0,877000000.0,877000000.0,52000000.0,1000000.0,141000000.0,141000000.0,141000000.0,0.0,0.0,1.5,37000000.0,57000000.0,0.0,0.0,0.796,-60.722,-422.75,0.0,0.0,16.91,6.381,6.364,15000000.0,-443000000.0,94000000.0,94000000.0,0.0,,,,,3000000.0,35000000.0,1.0,215451818.0,214900000.0,225100000.0,0.437,4700000000.0,256000000.0,-8000000.0,0.0,21.871,
1,ACAS,MRQ,2016-06-30,2016-06-30,2016-06-30,2020-02-18,-342000000.0,5334000000.0,,,,,20.397,0.0,914000000.0,914000000.0,0.0,106000000.0,,0.207,784000000.0,,,784000000.0,0.0,0.0,0.0,0.0,0.0,95000000.0,95000000.0,0.669,95000000.0,95000000.0,80000000.0,0.49,0.47,0.49,4418000000.0,,4418000000.0,3947306053.0,-34.0,-34.029,73000000.0,0.337,1.0,142000000.0,1.0,0.0,15000000.0,5204000000.0,,0.0,4062000000.0,,,916000000.0,,,3456306053.0,518000000.0,0.0,-167000000.0,-104000000.0,0.0,-267000000.0,712000000.0,715000000.0,73000000.0,-1000000.0,106000000.0,106000000.0,106000000.0,0.0,0.0,0.746,56000000.0,86000000.0,0.0,0.0,0.782,-14.522,-18.845,0.0,0.0,15.83,5.293,5.251,40000000.0,-640000000.0,142000000.0,142000000.0,0.0,,,,,4000000.0,54000000.0,1.0,218338980.0,216600000.0,226700000.0,0.656,5334000000.0,235000000.0,-26000000.0,0.0,24.626,
2,ACAS,MRQ,2016-03-31,2016-03-31,2016-03-31,2020-02-18,-206000000.0,5515000000.0,,,,,19.064,0.0,396000000.0,396000000.0,0.0,-80000000.0,,0.231,887000000.0,,,887000000.0,0.0,0.0,0.0,0.0,0.0,-62000000.0,-62000000.0,-0.383,-62000000.0,-62000000.0,-77000000.0,-0.34,-0.34,-0.34,4480000000.0,,4480000000.0,4375704378.0,-39.0,-39.421,50000000.0,0.213,1.0,162000000.0,1.0,0.0,15000000.0,6006000000.0,,0.0,4737000000.0,,,1035000000.0,,,3647704378.0,-119000000.0,0.0,-293000000.0,-368000000.0,0.0,-657000000.0,488000000.0,488000000.0,50000000.0,0.0,-80000000.0,-80000000.0,-80000000.0,0.0,0.0,-0.494,53000000.0,109000000.0,0.0,0.0,0.814,-12.935,-13.855,0.0,0.0,15.24,5.372,5.275,86000000.0,-877000000.0,162000000.0,162000000.0,0.0,,,,,7000000.0,51000000.0,1.0,239350681.0,235000000.0,235000000.0,0.689,5515000000.0,212000000.0,3000000.0,0.0,23.468,
3,ACAS,MRQ,2015-12-31,2015-12-31,2015-12-31,2020-02-18,-148000000.0,6240000000.0,,,,,18.719,0.0,529000000.0,529000000.0,0.0,-227000000.0,,0.294,1253000000.0,,,1253000000.0,0.0,0.0,0.0,0.0,0.0,-137000000.0,-137000000.0,-0.792,-137000000.0,-137000000.0,-158000000.0,-0.85,-0.84,-0.85,4822000000.0,,4822000000.0,5943620408.0,135.0,135.082,125000000.0,0.485,1.0,173000000.0,1.0,0.0,21000000.0,6964000000.0,,0.0,4998000000.0,,,1418000000.0,,,3635620408.0,241000000.0,0.0,-271000000.0,-1391000000.0,0.0,-1623000000.0,1739000000.0,1729000000.0,125000000.0,-2000000.0,-227000000.0,-227000000.0,-227000000.0,0.0,0.0,-1.312,57000000.0,116000000.0,0.0,0.0,0.754,-19.442,-19.7,0.0,0.0,13.79,5.418,5.491,421000000.0,-879000000.0,173000000.0,173000000.0,0.0,,,,,6000000.0,55000000.0,1.0,263641799.0,257600000.0,225200000.0,0.672,6240000000.0,198000000.0,69000000.0,0.0,24.224,
4,ACAS,MRQ,2015-09-30,2015-09-30,2015-09-30,2020-02-18,-2000000.0,8168000000.0,,,,,19.824,0.0,341000000.0,341000000.0,0.0,-37000000.0,,0.539,2649000000.0,,,2649000000.0,0.0,0.0,0.0,0.0,0.0,-12000000.0,-12000000.0,-0.068,-12000000.0,-12000000.0,-33000000.0,-0.14,-0.14,-0.14,5307000000.0,,5307000000.0,5065478382.0,16.0,16.5,73000000.0,0.273,1.0,176000000.0,1.0,0.0,21000000.0,10476000000.0,,0.0,7106000000.0,,,2861000000.0,,,3310478382.0,-30000000.0,0.0,-125000000.0,541000000.0,0.0,401000000.0,-504000000.0,-505000000.0,73000000.0,0.0,-37000000.0,-37000000.0,-37000000.0,0.0,0.0,-0.21,47000000.0,129000000.0,0.0,0.0,0.624,42.442,41.931,0.0,0.0,12.16,5.046,4.962,357000000.0,-806000000.0,176000000.0,176000000.0,0.0,,,,,5000000.0,44000000.0,1.0,272243288.0,267700000.0,267700000.0,0.657,8168000000.0,263000000.0,4000000.0,0.0,30.512,
5,ACAS,MRQ,2015-06-30,2015-06-30,2015-06-30,2020-02-18,46000000.0,8085000000.0,,,,,20.029,0.0,352000000.0,352000000.0,0.0,62000000.0,,0.482,2107000000.0,,,2107000000.0,0.0,0.0,0.0,0.0,0.0,100000000.0,100000000.0,0.595,100000000.0,100000000.0,80000000.0,0.23,0.22,0.23,5456000000.0,,5456000000.0,5178074690.0,11.0,11.481,84000000.0,0.308,1.0,168000000.0,1.0,0.0,20000000.0,9840000000.0,,0.0,7260000000.0,,,2629000000.0,,,3726074690.0,-202000000.0,0.0,-58000000.0,103000000.0,0.0,46000000.0,-332000000.0,-334000000.0,84000000.0,7000000.0,62000000.0,62000000.0,62000000.0,0.0,0.0,0.369,51000000.0,117000000.0,0.0,0.0,0.683,16.271,15.756,0.0,0.0,13.55,6.118,6.061,50000000.0,-824000000.0,168000000.0,168000000.0,0.0,,,,,8000000.0,47000000.0,1.0,274987062.0,272400000.0,283400000.0,0.617,8085000000.0,264000000.0,18000000.0,0.0,29.681,
6,ACAS,MRQ,2015-03-31,2015-03-31,2015-03-31,2020-02-18,-190000000.0,8034000000.0,,,,,20.015,0.0,550000000.0,550000000.0,0.0,15000000.0,,0.481,2002000000.0,,,2002000000.0,0.0,0.0,0.0,0.0,0.0,93000000.0,93000000.0,0.604,93000000.0,93000000.0,76000000.0,0.06,0.05,0.06,5426000000.0,,5426000000.0,4881688932.0,9.0,8.702,-12000000.0,-0.044,1.0,154000000.0,1.0,0.0,17000000.0,9486000000.0,,0.0,7035000000.0,,,2608000000.0,,,4021688932.0,-188000000.0,0.0,17000000.0,304000000.0,0.0,312000000.0,-488000000.0,-485000000.0,-12000000.0,-19000000.0,15000000.0,15000000.0,15000000.0,0.0,0.0,0.097,59000000.0,95000000.0,0.0,0.0,0.741,10.611,10.343,0.0,0.0,14.79,7.434,7.411,40000000.0,-668000000.0,154000000.0,154000000.0,0.0,,,,,7000000.0,55000000.0,1.0,271919468.0,271100000.0,282900000.0,0.568,8034000000.0,276000000.0,61000000.0,0.0,29.635,
7,ACAS,MRQ,2014-12-31,2014-12-31,2014-12-31,2020-02-18,-272000000.0,7640000000.0,,,,,20.357,0.0,843000000.0,843000000.0,0.0,38000000.0,,0.396,1703000000.0,,,1703000000.0,0.0,0.0,0.0,0.0,0.0,126000000.0,126000000.0,0.797,126000000.0,126000000.0,109000000.0,0.14,0.14,0.14,5472000000.0,,5472000000.0,4671857472.0,8.0,8.464,56000000.0,0.208,1.0,158000000.0,1.0,0.0,17000000.0,8500000000.0,,0.0,6280000000.0,,,2168000000.0,,,3939857472.0,155000000.0,0.0,14000000.0,182000000.0,0.0,203000000.0,-104000000.0,-80000000.0,56000000.0,0.0,38000000.0,38000000.0,38000000.0,0.0,0.0,0.241,81000000.0,77000000.0,0.0,0.0,0.72,9.078,9.019,0.0,0.0,14.61,8.365,8.319,50000000.0,-505000000.0,158000000.0,158000000.0,0.0,,,,,19000000.0,76000000.0,1.0,269668547.0,268800000.0,281000000.0,0.588,7640000000.0,354000000.0,71000000.0,0.0,28.423,
8,ACAS,MRQ,2014-09-30,2014-09-30,2014-09-30,2020-02-18,-110000000.0,7176000000.0,,,,,20.371,0.0,650000000.0,650000000.0,0.0,114000000.0,,0.319,1382000000.0,,,1382000000.0,0.0,0.0,0.0,0.0,0.0,132000000.0,132000000.0,1.023,132000000.0,132000000.0,118000000.0,0.43,0.41,0.43,5441000000.0,,5441000000.0,4329427217.0,16.0,16.095,42000000.0,0.157,1.0,129000000.0,1.0,0.0,14000000.0,7908000000.0,,0.0,5929000000.0,,,1735000000.0,,,3803427217.0,329000000.0,0.0,8000000.0,590000000.0,0.0,576000000.0,-289000000.0,-291000000.0,42000000.0,0.0,114000000.0,114000000.0,114000000.0,0.0,0.0,0.884,49000000.0,80000000.0,0.0,0.0,0.699,17.773,15.91,0.0,0.0,14.16,8.825,8.775,37000000.0,-667000000.0,129000000.0,129000000.0,0.0,,,,,11000000.0,49000000.0,1.0,268603617.0,267100000.0,279900000.0,0.483,7176000000.0,434000000.0,4000000.0,0.0,26.866,
9,ACAS,MRQ,2014-06-30,2014-06-30,2014-06-30,2020-02-18,-162000000.0,6394000000.0,,,,,19.929,0.0,265000000.0,265000000.0,0.0,212000000.0,,0.205,791000000.0,,,791000000.0,0.0,0.0,0.0,0.0,0.0,210000000.0,210000000.0,2.1,210000000.0,210000000.0,199000000.0,0.8,0.76,0.8,5305000000.0,,5305000000.0,4315121228.0,25.0,25.235,39000000.0,0.147,1.0,100000000.0,1.0,0.0,11000000.0,6920000000.0,,0.0,5511000000.0,,,1089000000.0,,,4097121228.0,-333000000.0,0.0,3000000.0,0.0,0.0,-1000000.0,-371000000.0,-370000000.0,39000000.0,0.0,212000000.0,212000000.0,212000000.0,0.0,0.0,2.12,48000000.0,52000000.0,0.0,0.0,0.772,41.385,33.239,0.0,0.0,15.29,10.042,9.976,38000000.0,-729000000.0,100000000.0,100000000.0,0.0,,,,,8000000.0,48000000.0,1.0,267960839.0,266200000.0,278500000.0,0.376,6394000000.0,431000000.0,-13000000.0,0.0,24.02,
10,ACAS,MRQ,2014-03-31,2014-03-31,2014-03-31,2020-02-18,-355000000.0,6134000000.0,,,,,18.759,0.0,572000000.0,572000000.0,0.0,70000000.0,,0.208,790000000.0,,,790000000.0,0.0,0.0,0.0,0.0,0.0,84000000.0,84000000.0,1.0,84000000.0,84000000.0,72000000.0,0.26,0.25,0.26,5078000000.0,,5078000000.0,4755986599.0,-4756.0,-1585.329,8000000.0,0.03,1.0,84000000.0,1.0,0.0,12000000.0,6352000000.0,,0.0,5020000000.0,,,1056000000.0,,,4353986599.0,153000000.0,0.0,-124000000.0,0.0,0.0,-115000000.0,260000000.0,261000000.0,8000000.0,0.0,70000000.0,70000000.0,70000000.0,0.0,0.0,0.833,56000000.0,28000000.0,0.0,0.0,0.857,-47.326,-58.5,0.0,0.0,15.795,9.941,9.762,32000000.0,-748000000.0,84000000.0,84000000.0,0.0,,,,,10000000.0,56000000.0,1.0,275656005.0,270700000.0,283400000.0,0.31,6134000000.0,419000000.0,2000000.0,0.0,22.66,
11,ACAS,MRQ,2013-12-31,2013-12-31,2013-12-31,2020-02-18,-399000000.0,6009000000.0,,,,,18.492,0.0,389000000.0,389000000.0,0.0,-182000000.0,,0.172,791000000.0,,,791000000.0,0.0,0.0,0.0,0.0,0.0,-157000000.0,-157000000.0,-1.331,-157000000.0,-157000000.0,-169000000.0,-0.6,-0.58,-0.6,5126000000.0,,5126000000.0,4514950164.0,16.0,16.067,57000000.0,0.206,1.0,118000000.0,1.0,0.0,12000000.0,6411000000.0,,0.0,5072000000.0,,,883000000.0,,,4417950164.0,-318000000.0,0.0,-123000000.0,-119000000.0,0.0,-116000000.0,-259000000.0,-257000000.0,57000000.0,0.0,-182000000.0,-182000000.0,-182000000.0,0.0,0.0,-1.542,54000000.0,64000000.0,0.0,0.0,0.862,24.011,24.825,0.0,0.0,15.64,9.072,9.365,38000000.0,-774000000.0,118000000.0,118000000.0,0.0,,,,,8000000.0,54000000.0,1.0,282477632.0,277200000.0,290100000.0,0.426,6009000000.0,414000000.0,13000000.0,0.0,21.677,
12,ACAS,MRQ,2013-09-30,2013-09-30,2013-09-30,2020-02-18,-160000000.0,6271000000.0,,,,,18.914,0.0,694000000.0,694000000.0,0.0,-1000000.0,,0.157,791000000.0,,,791000000.0,0.0,0.0,0.0,0.0,0.0,34000000.0,34000000.0,0.321,34000000.0,34000000.0,24000000.0,0.0,0.0,0.0,5419000000.0,,5419000000.0,4254839708.0,7.0,6.786,50000000.0,0.175,1.0,106000000.0,1.0,0.0,10000000.0,6368000000.0,,0.0,5035000000.0,,,852000000.0,,,4053839708.0,326000000.0,0.0,-170000000.0,295000000.0,0.0,11000000.0,265000000.0,264000000.0,50000000.0,0.0,-1000000.0,-1000000.0,-1000000.0,0.0,0.0,-0.009,49000000.0,57000000.0,0.0,,0.748,8.29,8.488,0.0,0.0,13.75,7.384,7.176,41000000.0,-831000000.0,106000000.0,106000000.0,0.0,,,,,9000000.0,49000000.0,1.0,294824706.0,286500000.0,286500000.0,0.37,6271000000.0,422000000.0,25000000.0,0.0,21.888,
13,ACAS,MRQ,2013-06-30,2013-06-30,2013-06-30,2020-02-18,-175000000.0,6260000000.0,,,,,18.753,0.0,413000000.0,413000000.0,0.0,21000000.0,,0.122,614000000.0,,,614000000.0,0.0,-2000000.0,0.0,0.0,0.0,38000000.0,36000000.0,0.277,36000000.0,38000000.0,27000000.0,0.07,0.07,0.07,5579000000.0,,5579000000.0,4089223051.0,5.0,4.862,36000000.0,0.121,1.0,130000000.0,1.0,0.0,11000000.0,6461000000.0,,0.0,5281000000.0,,,681000000.0,,,3840223051.0,-53000000.0,0.0,-121000000.0,-49000000.0,0.0,-139000000.0,50000000.0,57000000.0,36000000.0,0.0,21000000.0,21000000.0,21000000.0,0.0,0.0,0.162,54000000.0,76000000.0,0.0,0.0,0.688,5.598,5.656,0.0,0.0,12.67,6.433,6.314,48000000.0,-815000000.0,130000000.0,130000000.0,0.0,,,,,8000000.0,54000000.0,1.0,303095742.0,297500000.0,309700000.0,0.437,6260000000.0,443000000.0,6000000.0,0.0,21.042,
14,ACAS,MRQ,2013-03-31,2013-03-31,2013-03-31,2020-02-18,-174000000.0,6403000000.0,,,,,18.563,0.0,413000000.0,413000000.0,0.0,346000000.0,,0.129,662000000.0,,,662000000.0,0.0,2000000.0,0.0,0.0,0.0,366000000.0,368000000.0,2.767,368000000.0,366000000.0,355000000.0,1.13,1.09,1.13,5669000000.0,,5669000000.0,4834420566.0,5.0,5.284,50000000.0,0.164,1.0,133000000.0,1.0,0.0,11000000.0,6652000000.0,,0.0,5411000000.0,,,734000000.0,,,4530420566.0,29000000.0,0.0,-116000000.0,-113000000.0,0.0,-138000000.0,117000000.0,133000000.0,50000000.0,0.0,346000000.0,346000000.0,346000000.0,0.0,0.0,2.602,54000000.0,79000000.0,0.0,0.0,0.799,5.023,5.033,0.0,0.0,14.595,7.191,7.075,48000000.0,-837000000.0,133000000.0,133000000.0,0.0,,,,,7000000.0,54000000.0,1.0,310409083.0,305400000.0,317900000.0,0.435,6403000000.0,452000000.0,9000000.0,0.0,20.966,
15,ACAS,MRQ,2012-12-31,2012-12-31,2012-12-31,2020-02-18,-482000000.0,6319000000.0,,,,,17.541,0.0,471000000.0,471000000.0,0.0,123000000.0,,0.164,775000000.0,,,775000000.0,0.0,-5000000.0,0.0,0.0,0.0,194000000.0,189000000.0,1.05,189000000.0,194000000.0,182000000.0,0.42,0.4,0.42,5429000000.0,,5429000000.0,4273341202.0,4.0,3.634,47000000.0,0.152,1.0,180000000.0,1.0,0.0,12000000.0,6623000000.0,,0.0,5265000000.0,,,890000000.0,,,3795341202.0,27000000.0,0.0,-87000000.0,-72000000.0,0.0,-227000000.0,207000000.0,208000000.0,47000000.0,0.0,123000000.0,123000000.0,123000000.0,0.0,0.0,0.683,53000000.0,127000000.0,0.0,0.0,0.699,3.341,3.386,0.0,0.0,12.021,5.875,5.96,39000000.0,-875000000.0,180000000.0,180000000.0,0.0,,,,,10000000.0,53000000.0,1.0,315739046.0,309500000.0,320400000.0,0.582,6319000000.0,455000000.0,59000000.0,0.0,20.417,
16,ACAS,MRQ,2012-09-30,2012-09-30,2012-09-30,2020-02-18,-507000000.0,6266000000.0,,,,,16.991,0.0,325000000.0,325000000.0,0.0,196000000.0,,0.166,803000000.0,,,803000000.0,0.0,2000000.0,0.0,0.0,0.0,246000000.0,248000000.0,1.61,248000000.0,246000000.0,231000000.0,0.62,0.6,0.62,5376000000.0,,5376000000.0,4169833751.0,4.0,3.546,32000000.0,0.101,1.0,154000000.0,1.0,0.0,15000000.0,6744000000.0,,0.0,5309000000.0,,,890000000.0,,,3684833751.0,-2000000.0,0.0,-115000000.0,-154000000.0,0.0,-129000000.0,95000000.0,99000000.0,32000000.0,0.0,196000000.0,196000000.0,196000000.0,0.0,0.0,1.273,49000000.0,105000000.0,0.0,0.0,0.685,2.293,2.35,0.0,0.0,11.35,5.886,5.737,0.0,-973000000.0,154000000.0,154000000.0,0.0,,,,,10000000.0,49000000.0,1.0,324654956.0,316400000.0,327300000.0,0.487,6266000000.0,511000000.0,35000000.0,0.0,19.804,
17,ACAS,MRQ,2012-06-30,2012-06-30,2012-06-30,2020-02-18,-631000000.0,6325000000.0,,,,,16.271,0.0,456000000.0,456000000.0,0.0,237000000.0,,0.198,941000000.0,,,941000000.0,0.0,1000000.0,0.0,0.0,0.0,109000000.0,110000000.0,0.675,110000000.0,109000000.0,93000000.0,0.73,0.71,0.73,5280000000.0,,5280000000.0,3959981442.0,8.0,8.165,39000000.0,0.12,1.0,163000000.0,1.0,0.0,16000000.0,6810000000.0,,0.0,5220000000.0,,,1045000000.0,,,3345981442.0,-7000000.0,0.0,-83000000.0,-192000000.0,0.0,-219000000.0,173000000.0,176000000.0,39000000.0,0.0,237000000.0,237000000.0,237000000.0,0.0,0.0,1.454,50000000.0,113000000.0,0.0,0.0,0.634,3.533,3.505,0.0,0.0,10.06,5.558,5.423,0.0,-1045000000.0,163000000.0,163000000.0,0.0,,,,,12000000.0,50000000.0,1.0,332602529.0,324500000.0,333900000.0,0.502,6325000000.0,541000000.0,-144000000.0,0.0,19.492,
18,ACAS,MRQ,2012-03-31,2012-03-31,2012-03-31,2020-02-18,-855000000.0,6421000000.0,,,,,15.455,0.0,518000000.0,518000000.0,0.0,580000000.0,,0.256,1132000000.0,,,1132000000.0,0.0,2000000.0,0.0,0.0,0.0,627000000.0,629000000.0,4.221,629000000.0,627000000.0,611000000.0,1.75,1.71,1.75,5114000000.0,,5114000000.0,3888557913.0,5.0,4.819,46000000.0,0.139,1.0,149000000.0,1.0,0.0,16000000.0,7035000000.0,,0.0,5379000000.0,,,1307000000.0,,,2921557913.0,109000000.0,0.0,-41000000.0,-118000000.0,0.0,-285000000.0,348000000.0,350000000.0,46000000.0,0.0,580000000.0,580000000.0,580000000.0,0.0,0.0,3.893,52000000.0,97000000.0,0.0,0.0,0.571,2.609,2.614,0.0,0.0,8.68,5.028,4.944,0.0,-1058000000.0,149000000.0,149000000.0,0.0,,,,,12000000.0,52000000.0,1.0,336585013.0,330900000.0,339600000.0,0.45,6421000000.0,396000000.0,31000000.0,0.0,19.405,
19,ACAS,MRQ,2011-12-31,2011-12-31,2011-12-31,2020-02-18,-1494000000.0,5961000000.0,,,,,13.54,0.0,284000000.0,284000000.0,0.0,594000000.0,,0.306,1251000000.0,,,1251000000.0,0.0,2000000.0,0.0,0.0,0.0,187000000.0,189000000.0,1.181,189000000.0,187000000.0,166000000.0,1.73,1.68,1.73,4563000000.0,,4563000000.0,3567512561.0,6.0,5.548,39000000.0,0.116,1.0,160000000.0,1.0,0.0,21000000.0,6928000000.0,,0.0,5130000000.0,,,1398000000.0,,,2320512561.0,17000000.0,0.0,-58000000.0,-268000000.0,0.0,-321000000.0,299000000.0,302000000.0,39000000.0,0.0,594000000.0,594000000.0,594000000.0,0.0,0.0,3.712,55000000.0,105000000.0,0.0,0.0,0.509,2.382,2.378,0.0,0.0,6.73,3.926,3.916,42000000.0,-999000000.0,160000000.0,160000000.0,0.0,,,,,12000000.0,55000000.0,1.0,344801272.0,337000000.0,343900000.0,0.475,5961000000.0,428000000.0,-428000000.0,0.0,17.688,
20,ACAS,MRQ,2011-09-30,2011-09-30,2011-09-30,2020-02-18,-1950000000.0,5692000000.0,,,,,11.63,0.0,272000000.0,272000000.0,0.0,-464000000.0,,0.417,1519000000.0,,,1519000000.0,0.0,1000000.0,0.0,0.0,0.0,-444000000.0,-443000000.0,-3.408,-443000000.0,-444000000.0,-464000000.0,-1.34,-1.34,-1.34,4016000000.0,,4016000000.0,3753080055.0,4.0,4.339,50000000.0,0.145,1.0,130000000.0,1.0,0.0,20000000.0,6939000000.0,,0.0,5295000000.0,,,1676000000.0,,,2413080055.0,1000000.0,0.0,-74000000.0,-192000000.0,0.0,-165000000.0,116000000.0,117000000.0,50000000.0,0.0,-464000000.0,-464000000.0,-464000000.0,0.0,0.0,-3.569,45000000.0,85000000.0,0.0,0.0,0.601,3.171,3.072,0.0,0.0,6.82,4.204,4.103,0.0,-1137000000.0,130000000.0,130000000.0,0.0,,,,,13000000.0,45000000.0,1.0,353824055.0,345300000.0,345300000.0,0.376,5692000000.0,0.0,0.0,0.0,16.484,
21,ACAS,MRQ,2011-06-30,2011-06-30,2011-06-30,2020-02-18,-1388000000.0,6333000000.0,,,,,13.075,0.0,302000000.0,302000000.0,0.0,410000000.0,,0.395,1642000000.0,,,1642000000.0,0.0,2000000.0,0.0,0.0,0.0,430000000.0,432000000.0,3.042,432000000.0,430000000.0,410000000.0,1.18,1.13,1.18,4541000000.0,,4541000000.0,5047974730.0,3.0,3.374,43000000.0,0.124,1.0,142000000.0,1.0,0.0,20000000.0,7673000000.0,,0.0,5909000000.0,,,1792000000.0,,,3501974730.0,88000000.0,0.0,5000000.0,-118000000.0,0.0,-114000000.0,159000000.0,165000000.0,43000000.0,0.0,410000000.0,410000000.0,410000000.0,0.0,0.0,2.887,51000000.0,91000000.0,0.0,0.0,0.771,2.549,2.489,0.0,0.0,9.93,5.976,5.885,0.0,-1234000000.0,142000000.0,142000000.0,0.0,,,,,10000000.0,51000000.0,1.0,352666136.0,347300000.0,361600000.0,0.409,6333000000.0,0.0,0.0,0.0,18.235,
22,ACAS,MRQ,2011-03-31,2011-03-31,2011-03-31,2020-02-18,-1976000000.0,6003000000.0,,,,,11.893,0.0,196000000.0,196000000.0,0.0,434000000.0,,0.458,1742000000.0,,,1742000000.0,0.0,2000000.0,0.0,0.0,0.0,463000000.0,465000000.0,2.925,465000000.0,463000000.0,434000000.0,1.25,1.21,1.25,4116000000.0,,4116000000.0,5291445157.0,4.0,3.766,42000000.0,0.121,1.0,159000000.0,1.0,0.0,29000000.0,7549000000.0,,0.0,5652000000.0,,,1887000000.0,,,3486445157.0,-171000000.0,0.0,4000000.0,-430000000.0,0.0,-426000000.0,213000000.0,207000000.0,42000000.0,0.0,434000000.0,434000000.0,434000000.0,0.0,0.0,2.73,47000000.0,112000000.0,0.0,0.0,0.847,2.8,2.708,0.0,0.0,9.91,5.86,5.764,0.0,-1056000000.0,159000000.0,159000000.0,0.0,,,,,10000000.0,47000000.0,1.0,351810813.0,346100000.0,358400000.0,0.459,6003000000.0,0.0,0.0,0.0,17.345,
23,ACAS,MRQ,2010-12-31,2010-12-31,2010-12-31,2020-02-18,-2330000000.0,6084000000.0,,,,,10.638,0.0,454000000.0,454000000.0,0.0,381000000.0,,0.659,2259000000.0,,,2259000000.0,0.0,2000000.0,0.0,0.0,0.0,409000000.0,411000000.0,2.874,411000000.0,409000000.0,381000000.0,1.13,1.11,1.13,3668000000.0,,3668000000.0,4858922304.0,4.0,4.087,40000000.0,0.116,1.0,143000000.0,1.0,0.0,28000000.0,7889000000.0,,0.0,5475000000.0,,,2416000000.0,,,2579922304.0,160000000.0,0.0,3000000.0,-347000000.0,0.0,-312000000.0,432000000.0,416000000.0,40000000.0,0.0,381000000.0,381000000.0,381000000.0,0.0,0.0,2.664,48000000.0,95000000.0,0.0,0.0,0.703,2.585,2.471,0.0,0.0,7.56,4.3,4.106,0.0,-1136000000.0,143000000.0,143000000.0,0.0,,,,,12000000.0,48000000.0,1.0,341259564.0,344800000.0,353100000.0,0.415,6084000000.0,0.0,0.0,0.0,17.645,
24,ACAS,MRQ,2010-09-30,2010-09-30,2010-09-30,2020-02-18,-2706000000.0,5972000000.0,,,,,9.523,0.0,238000000.0,238000000.0,0.0,149000000.0,,0.826,2517000000.0,,,2517000000.0,0.0,3000000.0,0.0,0.0,0.0,185000000.0,188000000.0,1.324,188000000.0,185000000.0,149000000.0,0.43,0.43,0.43,3271000000.0,,3271000000.0,4542611983.0,5.0,4.827,48000000.0,0.14,1.0,142000000.0,1.0,0.0,36000000.0,8251000000.0,,0.0,5566000000.0,,,2701000000.0,,,1979611983.0,-67000000.0,0.0,-1000000.0,-407000000.0,0.0,-351000000.0,236000000.0,219000000.0,48000000.0,0.0,149000000.0,149000000.0,149000000.0,0.0,0.0,1.049,47000000.0,95000000.0,0.0,0.0,0.605,2.734,2.192,0.0,0.0,5.81,3.162,3.188,0.0,-1086000000.0,142000000.0,142000000.0,0.0,,,,,10000000.0,47000000.0,1.0,340724954.0,343500000.0,348000000.0,0.413,5972000000.0,0.0,0.0,0.0,17.386,
25,ACAS,MRQ,2010-06-30,2010-06-30,2010-06-30,2020-02-18,-2864000000.0,6221000000.0,,,,,9.408,0.0,361000000.0,361000000.0,0.0,281000000.0,,0.998,2924000000.0,,,2924000000.0,0.0,4000000.0,0.0,0.0,0.0,337000000.0,341000000.0,2.258,341000000.0,337000000.0,281000000.0,0.85,0.84,0.85,3113000000.0,,3113000000.0,4764020938.0,5.0,5.173,-22000000.0,-0.066,1.0,151000000.0,1.0,0.0,56000000.0,8784000000.0,,0.0,5694000000.0,,,3108000000.0,,,1637020938.0,-644000000.0,0.0,296000000.0,-1129000000.0,0.0,-939000000.0,317000000.0,335000000.0,-22000000.0,0.0,281000000.0,281000000.0,281000000.0,0.0,0.0,1.861,49000000.0,102000000.0,0.0,0.0,0.526,2.511,1.913,0.0,0.0,4.82,2.418,2.356,0.0,-1077000000.0,151000000.0,151000000.0,0.0,,,,,10000000.0,49000000.0,1.0,339630900.0,330900000.0,335700000.0,0.456,6221000000.0,0.0,0.0,0.0,18.8,
26,ACAS,MRQ,2010-03-31,2010-03-31,2010-03-31,2020-02-18,-3436000000.0,6757000000.0,,,,,8.904,0.0,899000000.0,899000000.0,0.0,187000000.0,,1.675,4026000000.0,,,4026000000.0,0.0,5000000.0,0.0,0.211,0.0,244000000.0,249000000.0,1.518,249000000.0,244000000.0,187000000.0,0.66,0.65,0.66,2526000000.0,,2526000000.0,4639257301.0,71.0,54.579,21000000.0,0.074,1.0,164000000.0,1.0,0.0,57000000.0,9884000000.0,,0.0,5698000000.0,,,4231000000.0,,,1428257301.0,-15000000.0,0.0,0.0,-113000000.0,0.0,-96000000.0,60000000.0,77000000.0,21000000.0,0.0,187000000.0,187000000.0,187000000.0,0.0,0.0,1.14,54000000.0,110000000.0,0.0,0.0,0.565,-8.115,-5.976,0.0,0.0,5.08,2.145,2.164,0.0,-786000000.0,164000000.0,164000000.0,0.0,,,,,10000000.0,54000000.0,1.0,281153012.0,283700000.0,286000000.0,0.578,6757000000.0,0.0,0.0,0.0,23.817,
27,ACAS,MRQ,2009-12-31,2009-12-31,2009-12-31,2020-02-18,-3700000000.0,6672000000.0,,,,,8.209,0.0,931000000.0,931000000.0,0.0,107000000.0,,1.865,4142000000.0,,,4142000000.0,0.0,7000000.0,0.0,0.439,0.0,156000000.0,163000000.0,0.964,163000000.0,156000000.0,97000000.0,0.71,0.71,0.71,2329000000.0,,2329000000.0,4387251227.0,-7.0,-6.688,45000000.0,0.159,1.0,169000000.0,1.0,0.0,59000000.0,9883000000.0,,0.0,5575000000.0,,,4343000000.0,,,685251227.0,390000000.0,0.0,0.0,-137000000.0,0.0,-103000000.0,448000000.0,478000000.0,45000000.0,0.0,107000000.0,107000000.0,107000000.0,0.0,0.0,0.633,96000000.0,73000000.0,0.0,0.0,0.294,-0.753,-0.647,0.0,0.0,2.44,0.983,0.844,0.0,-709000000.0,169000000.0,169000000.0,0.0,,,,,34000000.0,96000000.0,1.0,280840667.0,283700000.0,283700000.0,0.596,6672000000.0,0.0,-10000000.0,0.0,23.518,
28,ACAS,MRQ,2009-09-30,2009-09-30,2009-09-30,2020-02-18,-4090000000.0,6668000000.0,,,,,8.538,1000000.0,577000000.0,577000000.0,0.0,77000000.0,,2.045,4279000000.0,,,4279000000.0,0.0,5000000.0,0.0,0.656,0.0,163000000.0,168000000.0,0.87,168000000.0,163000000.0,78000000.0,0.3,0.27,0.3,2190000000.0,,2190000000.0,4780181701.0,-2.0,-1.998,32000000.0,0.125,1.0,193000000.0,1.0,0.0,85000000.0,10370000000.0,,0.0,5902000000.0,,,4478000000.0,,,697181701.0,262000000.0,0.0,0.0,-80000000.0,-24000000.0,-167000000.0,398000000.0,350000000.0,31000000.0,0.0,77000000.0,77000000.0,77000000.0,0.0,0.0,0.399,70000000.0,123000000.0,0.0,0.0,0.318,-0.258,-0.247,0.0,0.0,3.23,0.935,1.111,0.0,-550000000.0,193000000.0,193000000.0,0.0,,,,,18000000.0,70000000.0,1.0,215845728.0,256500000.0,284300000.0,0.752,6668000000.0,0.0,1000000.0,0.0,25.996,
29,ACAS,MRQ,2009-06-30,2009-06-30,2009-06-30,2020-02-18,-4201000000.0,6628000000.0,,,,,8.71,0.0,238000000.0,238000000.0,0.0,-547000000.0,,2.507,4321000000.0,,,4321000000.0,0.0,3000000.0,0.0,0.66,1.07,-498000000.0,-495000000.0,-3.536,-495000000.0,-498000000.0,-558000000.0,-2.52,-2.52,-2.52,1890000000.0,,1890000000.0,4912601488.0,-2.0,-1.609,58000000.0,0.267,1.0,140000000.0,1.0,0.0,60000000.0,10711000000.0,,0.0,6193000000.0,,,4738000000.0,,,691601488.0,95000000.0,0.0,0.0,-44000000.0,0.0,-49000000.0,86000000.0,103000000.0,58000000.0,0.0,-547000000.0,-547000000.0,-547000000.0,0.0,0.0,-3.907,64000000.0,76000000.0,231000000.0,-0.425,0.366,-0.208,-0.2,0.0,0.0,3.21,0.832,0.838,0.0,-516000000.0,140000000.0,140000000.0,0.0,,,,,17000000.0,64000000.0,1.0,215452177.0,217000000.0,217000000.0,0.645,6628000000.0,0.0,-11000000.0,0.0,30.544,
30,ACAS,MRQ,2009-03-31,2009-03-31,2009-03-31,2020-02-18,-3960000000.0,7211000000.0,,,,,12.846,-1000000.0,156000000.0,156000000.0,0.0,-547000000.0,,1.717,4377000000.0,,,4377000000.0,0.0,3000000.0,0.0,1.112,0.0,-495000000.0,-492000000.0,-2.523,-492000000.0,-495000000.0,-547000000.0,-2.65,-2.65,-2.65,2654000000.0,,2654000000.0,4530838768.0,-2.0,-1.753,30000000.0,0.145,1.0,195000000.0,1.0,0.0,52000000.0,11432000000.0,,0.0,6849000000.0,,,4557000000.0,,,382838768.0,-121000000.0,-65000000.0,0.0,-27000000.0,0.0,-39000000.0,-113000000.0,-37000000.0,31000000.0,0.0,-547000000.0,-547000000.0,-547000000.0,0.0,0.0,-2.805,79000000.0,116000000.0,0.0,0.0,0.144,-0.134,-0.135,0.0,0.0,1.87,0.401,0.405,0.0,21000000.0,195000000.0,195000000.0,0.0,,,,,17000000.0,79000000.0,1.0,204726614.0,206600000.0,206600000.0,0.944,7211000000.0,0.0,0.0,0.0,34.903,
31,ACAS,MRQ,2008-12-31,2008-12-31,2008-12-31,2020-02-18,-3468000000.0,7910000000.0,,,,,15.242,7000000.0,280000000.0,280000000.0,0.0,-1684000000.0,,1.507,4428000000.0,,,4428000000.0,0.0,9000000.0,0.0,0.954,1.05,-1582000000.0,-1573000000.0,-7.216,-1573000000.0,-1582000000.0,-1641000000.0,-8.23,-8.23,-8.23,3155000000.0,,3155000000.0,4782881444.0,-2.0,-1.684,151000000.0,0.729,1.0,218000000.0,1.0,0.0,59000000.0,12058000000.0,,0.0,7427000000.0,,,4755000000.0,,,669881444.0,-111000000.0,0.0,-20000000.0,-50000000.0,-218000000.0,-367000000.0,112000000.0,151000000.0,144000000.0,0.0,-1684000000.0,-1684000000.0,-1684000000.0,0.0,0.0,-7.725,72000000.0,146000000.0,0.0,-0.128,0.212,-0.215,-0.212,0.0,0.0,3.24,0.637,0.628,0.0,76000000.0,218000000.0,218000000.0,0.0,,,,,18000000.0,72000000.0,1.0,206753532.0,207000000.0,207000000.0,1.053,7910000000.0,0.0,43000000.0,0.0,38.213,
32,ACAS,MRQ,2008-09-30,2008-09-30,2008-09-30,2020-02-18,-1787000000.0,9846000000.0,,,,,24.32,-1000000.0,429000000.0,429000000.0,0.0,-548000000.0,,0.945,4542000000.0,,,4542000000.0,0.0,3000000.0,0.0,0.119,0.0,-496000000.0,-493000000.0,-1.773,-493000000.0,-496000000.0,-546000000.0,-2.63,-2.63,-2.63,5061000000.0,,5061000000.0,9264701887.0,-6.0,-6.497,97000000.0,0.466,1.0,278000000.0,1.0,0.0,50000000.0,13959000000.0,,0.0,9097000000.0,,,4785000000.0,,,5280701887.0,58000000.0,0.0,-20000000.0,343000000.0,-197000000.0,-41000000.0,1000000.0,-33000000.0,98000000.0,0.0,-548000000.0,-548000000.0,-548000000.0,0.0,0.0,-1.971,73000000.0,205000000.0,0.0,0.0,1.043,-3.155,-2.932,0.0,0.0,25.51,4.449,4.472,0.0,275000000.0,278000000.0,278000000.0,0.0,,,,,20000000.0,73000000.0,1.0,207005170.0,208100000.0,208100000.0,1.336,9846000000.0,0.0,2000000.0,0.0,47.314,
33,ACAS,MRQ,2008-06-30,2008-06-30,2008-06-30,2020-02-18,-1089000000.0,10456000000.0,,,,,27.378,-2000000.0,491000000.0,491000000.0,0.0,-70000000.0,,0.868,4475000000.0,,,4475000000.0,0.0,3000000.0,0.0,0.167,1.03,-29000000.0,-26000000.0,-0.099,-26000000.0,-29000000.0,-77000000.0,-0.34,-0.34,-0.34,5596000000.0,,5596000000.0,8584854987.0,-10.0,-10.232,149000000.0,0.729,1.0,263000000.0,1.0,0.0,48000000.0,14440000000.0,,0.0,9687000000.0,,,4860000000.0,,,4822854987.0,225000000.0,0.0,147000000.0,396000000.0,-203000000.0,385000000.0,-311000000.0,-311000000.0,151000000.0,0.0,-70000000.0,-70000000.0,-70000000.0,0.0,0.0,-0.266,77000000.0,186000000.0,209000000.0,-3.029,0.862,-4.365,-3.988,0.0,0.0,23.77,3.956,3.986,0.0,226000000.0,263000000.0,263000000.0,0.0,,,,,20000000.0,77000000.0,1.0,202896718.0,204400000.0,204400000.0,1.287,10456000000.0,0.0,-7000000.0,0.0,51.155,
34,ACAS,MRQ,2008-03-31,2008-03-31,2008-03-31,2020-02-18,-825000000.0,10219000000.0,,,,,29.298,-4000000.0,317000000.0,317000000.0,0.0,-813000000.0,,0.787,4079000000.0,,,4079000000.0,0.0,3000000.0,0.0,0.112,1.01,-751000000.0,-748000000.0,-2.562,-748000000.0,-751000000.0,-814000000.0,-4.16,-4.16,-4.16,5719000000.0,,5719000000.0,10944312557.0,228.0,185.497,-14000000.0,-0.072,1.0,292000000.0,1.0,0.0,63000000.0,13981000000.0,,0.0,9639000000.0,,,4500000000.0,,,6664312557.0,-106000000.0,0.0,271000000.0,-755000000.0,-201000000.0,-565000000.0,469000000.0,448000000.0,-10000000.0,0.0,-813000000.0,-813000000.0,-813000000.0,0.0,0.0,-2.784,79000000.0,213000000.0,196000000.0,-0.243,1.165,-26.981,-40.188,0.0,0.0,34.16,5.198,5.201,0.0,241000000.0,292000000.0,292000000.0,0.0,,,,,23000000.0,79000000.0,1.0,195091117.0,195200000.0,195200000.0,1.496,10219000000.0,0.0,-1000000.0,0.0,52.351,
35,ACAS,MRQ,2007-12-31,2007-12-31,2007-12-31,2020-02-18,172000000.0,11732000000.0,,,,,33.776,-5000000.0,544000000.0,544000000.0,0.0,-243000000.0,,0.821,4824000000.0,,,4824000000.0,0.0,8000000.0,0.0,0.113,1.0,-167000000.0,-159000000.0,-0.449,-159000000.0,-167000000.0,-240000000.0,-1.57,-1.54,-1.57,6441000000.0,,6441000000.0,10518525361.0,11.0,10.508,178000000.0,0.933,1.0,354000000.0,1.0,0.0,73000000.0,16012000000.0,,0.0,10928000000.0,,,5291000000.0,,,6187525361.0,51000000.0,0.0,291000000.0,118000000.0,-160000000.0,130000000.0,-262000000.0,-268000000.0,183000000.0,0.0,-243000000.0,-243000000.0,-243000000.0,0.0,0.0,-0.686,104000000.0,250000000.0,195000000.0,-0.637,0.961,8.839,8.179,0.0,0.0,32.96,4.99,4.622,0.0,254000000.0,354000000.0,354000000.0,0.0,,,,,23000000.0,104000000.0,1.0,187728318.0,190700000.0,193400000.0,1.856,11732000000.0,0.0,3000000.0,0.0,61.521,
36,ACAS,MRQ,2007-09-30,2007-09-30,2007-09-30,2020-02-18,633000000.0,11469000000.0,,,,,35.107,-10000000.0,216000000.0,216000000.0,0.0,21000000.0,,0.749,4547000000.0,,,4547000000.0,0.0,0.0,0.0,0.084,0.92,94000000.0,94000000.0,0.303,94000000.0,94000000.0,15000000.0,0.11,0.11,0.11,6558000000.0,,6558000000.0,13027368202.0,9.0,8.531,109000000.0,0.584,1.0,310000000.0,1.0,0.0,79000000.0,15800000000.0,,0.0,10974000000.0,,,4911000000.0,,,8030368202.0,-80000000.0,0.0,205000000.0,-830000000.0,-139000000.0,-686000000.0,487000000.0,481000000.0,119000000.0,0.0,21000000.0,21000000.0,21000000.0,0.0,0.0,0.068,84000000.0,226000000.0,172000000.0,8.364,1.225,6.399,5.375,0.0,0.0,42.73,7.107,7.064,0.0,219000000.0,310000000.0,310000000.0,0.0,,,,,16000000.0,84000000.0,1.0,187932792.0,186800000.0,189300000.0,1.66,11469000000.0,0.0,-6000000.0,0.0,61.397,
37,ACAS,MRQ,2007-06-30,2007-06-30,2007-06-30,2020-02-18,836000000.0,12151000000.0,,,,,39.219,-12000000.0,374000000.0,374000000.0,0.0,788000000.0,,0.877,5371000000.0,,,5371000000.0,0.0,0.0,0.0,0.083,0.91,872000000.0,872000000.0,2.675,872000000.0,872000000.0,799000000.0,4.77,4.68,4.77,6475000000.0,,6475000000.0,10634217955.0,7.0,6.54,96000000.0,0.581,1.0,326000000.0,1.0,0.0,73000000.0,17148000000.0,,0.0,11516000000.0,,,5676000000.0,,,6869217955.0,26000000.0,-7000000.0,1010000000.0,1355000000.0,-125000000.0,2123000000.0,-2205000000.0,-2234000000.0,108000000.0,0.0,788000000.0,788000000.0,788000000.0,0.0,0.0,2.417,89000000.0,237000000.0,151000000.0,0.191,1.061,5.029,4.848,0.0,0.0,42.52,6.536,6.679,0.0,167000000.0,326000000.0,326000000.0,0.0,,,,,14000000.0,89000000.0,1.0,161552633.0,165100000.0,168500000.0,1.975,12151000000.0,0.0,11000000.0,0.0,73.598,
38,ACAS,MRQ,2007-03-31,2007-03-31,2007-03-31,2020-02-18,287000000.0,9127000000.0,,,,,31.31,-8000000.0,241000000.0,241000000.0,0.0,134000000.0,,0.909,4006000000.0,,,4006000000.0,0.0,0.0,0.0,0.077,0.89,194000000.0,194000000.0,0.776,194000000.0,194000000.0,132000000.0,0.88,0.86,0.88,4781000000.0,,4781000000.0,10402647612.0,10.0,9.526,75000000.0,0.491,1.0,250000000.0,1.0,0.0,62000000.0,12892000000.0,,0.0,8653000000.0,,,4346000000.0,,,6786647612.0,76000000.0,0.0,414000000.0,80000000.0,-118000000.0,520000000.0,-527000000.0,-525000000.0,83000000.0,0.0,134000000.0,134000000.0,134000000.0,0.0,0.0,0.536,76000000.0,174000000.0,137000000.0,1.011,1.42,7.819,7.17,0.0,0.0,44.31,7.243,7.221,0.0,79000000.0,250000000.0,250000000.0,0.0,,,,,18000000.0,76000000.0,1.0,153162889.0,152700000.0,156100000.0,1.637,9127000000.0,0.0,-2000000.0,0.0,59.771,
39,ACAS,MRQ,2006-12-31,2006-12-31,2006-12-31,2020-02-18,280000000.0,8609000000.0,,,,,29.883,-9000000.0,310000000.0,310000000.0,0.0,312000000.0,,0.983,3926000000.0,,,3926000000.0,0.0,4000000.0,0.0,0.072,0.88,363000000.0,367000000.0,1.504,367000000.0,363000000.0,305000000.0,2.19,2.16,2.19,4342000000.0,,4342000000.0,10114777335.0,9.0,9.187,144000000.0,0.991,1.0,244000000.0,1.0,0.0,58000000.0,12225000000.0,,0.0,8076000000.0,,,4267000000.0,,,6669557335.0,43000000.0,0.0,117000000.0,326000000.0,-111000000.0,208000000.0,-318000000.0,-341000000.0,153000000.0,0.0,312000000.0,312000000.0,312000000.0,0.0,0.0,1.279,80000000.0,164000000.0,130000000.0,0.402,1.536,7.444,6.977,0.0,0.0,46.26,7.755,7.267,0.0,88000000.0,244000000.0,244000000.0,0.0,,,,,11000000.0,80000000.0,1.0,144175472.0,145300000.0,148500000.0,1.679,8609000000.0,0.0,-7000000.0,0.0,59.25,
40,ACAS,MRQ,2006-09-30,2006-09-30,2006-09-30,2020-02-18,136087000.0,7855432000.0,,,,,28.388,-4000000.0,158444000.0,158444000.0,0.0,132000000.0,,0.954,3603664000.0,,,3603664000.0,0.0,0.0,0.0,0.083,0.83,193000000.0,193000000.0,0.835,193000000.0,193000000.0,138000000.0,0.93,0.92,0.93,4019676000.0,,4019676000.0,8744412742.0,10.0,10.257,84000000.0,0.593,1.0,231000000.0,1.0,0.0,55000000.0,11300652000.0,,0.0,7534836000.0,,,3835756000.0,,,5612438742.0,-138000000.0,0.0,151000000.0,226000000.0,-98000000.0,221000000.0,-447000000.0,-489000000.0,88000000.0,0.0,132000000.0,132000000.0,132000000.0,0.0,0.0,0.571,60000000.0,171000000.0,118476000.0,0.892,1.396,8.454,7.664,0.0,0.0,39.47,7.107,7.078,0.0,76168000.0,231000000.0,231000000.0,0.0,,,,,10000000.0,60000000.0,1.0,142195053.0,141600000.0,143300000.0,1.631,7855432000.0,0.0,6000000.0,0.0,55.476,
41,ACAS,MRQ,2006-06-30,2006-06-30,2006-06-30,2020-02-18,166237000.0,7408622000.0,,,,,28.767,-7000000.0,238327000.0,238327000.0,0.0,290000000.0,,0.932,3370301000.0,,,3370301000.0,0.0,0.0,0.0,0.096,0.82,338000000.0,338000000.0,1.594,338000000.0,338000000.0,297000000.0,2.18,2.16,2.18,3834601000.0,,3834601000.0,6836103038.0,9.0,8.72,130000000.0,0.975,1.0,212000000.0,1.0,0.0,41000000.0,10540596000.0,,0.0,7040351000.0,,,3574021000.0,,,4468881038.0,104000000.0,0.0,516000000.0,844000000.0,-86000000.0,1291000000.0,-1324000000.0,-1330000000.0,137000000.0,0.0,290000000.0,290000000.0,290000000.0,0.0,0.0,1.368,55000000.0,157000000.0,110097000.0,0.376,1.165,7.139,6.514,0.0,0.0,33.48,6.317,6.309,0.0,32519000.0,212000000.0,212000000.0,0.0,,,,,11000000.0,55000000.0,1.0,133479123.0,133300000.0,134200000.0,1.59,7408622000.0,0.0,7000000.0,0.0,55.579,
42,ACAS,MRQ,2006-03-31,2006-03-31,2006-03-31,2020-02-18,6631000.0,5800142000.0,,,,,26.03,-5000000.0,151860000.0,151860000.0,0.0,162000000.0,,0.858,2519082000.0,,,2519082000.0,0.0,0.0,0.0,0.09,0.8,204000000.0,204000000.0,1.179,204000000.0,204000000.0,168000000.0,1.35,1.34,1.35,3120950000.0,,3120950000.0,6450751227.0,12.0,11.675,23000000.0,0.192,1.0,173000000.0,1.0,0.0,36000000.0,8167364000.0,,0.0,5513230000.0,,,2679192000.0,,,4202797227.0,-29000000.0,0.0,156000000.0,52000000.0,-3000000.0,243000000.0,-300000000.0,-295000000.0,28000000.0,0.0,162000000.0,162000000.0,162000000.0,0.0,0.0,0.936,38000000.0,135000000.0,96601000.0,0.593,1.347,10.119,9.253,0.0,0.0,35.16,6.701,6.722,0.0,19498000.0,173000000.0,173000000.0,0.0,,,,,3000000.0,38000000.0,1.0,119533482.0,119900000.0,121100000.0,1.443,5800142000.0,0.0,6000000.0,0.0,48.375,
43,ACAS,MRQ,2005-12-31,2005-12-31,2005-12-31,2020-02-18,-17000000.0,5449000000.0,,,,,26.051,-3995000.0,219000000.0,219000000.0,0.0,79914000.0,,0.88,2467000000.0,,,2467000000.0,0.0,-1482000.0,0.0,0.085,0.82,119021000.0,117539000.0,0.677,117539000.0,119021000.0,85246000.0,0.69,0.68,0.69,2898000000.0,,2898000000.0,5979026797.0,12.0,12.482,130683000.0,1.175,1.0,173661000.0,1.0,0.0,33775000.0,7697000000.0,,0.0,5119000000.0,,,2551000000.0,,,3938748797.0,-18758000.0,0.0,341617000.0,186914000.0,-147046000.0,381485000.0,-534921000.0,-564926000.0,134678000.0,0.0,79914000.0,79914000.0,79914000.0,0.0,0.0,0.46,43841000.0,129820000.0,3000000.0,1.188,1.359,10.791,9.84,0.0,0.0,36.21,7.097,6.479,0.0,-22000000.0,173661000.0,173661000.0,0.0,,,,,4111000.0,43841000.0,1.0,108775167.0,111243000.0,112839000.0,1.561,5449000000.0,0.0,5332000.0,0.0,48.983,
44,ACAS,MRQ,2005-09-30,2005-09-30,2005-09-30,2020-02-18,-1705000.0,4971699000.0,,,,,24.716,-1269000.0,226628000.0,226628000.0,0.0,94057000.0,,0.965,2266906000.0,,,2266906000.0,0.0,582000.0,0.0,0.083,0.78,123830000.0,124412000.0,0.836,124412000.0,123830000.0,95941000.0,0.92,0.9,0.92,2530122000.0,,2530122000.0,5500114244.0,12.0,11.653,38587000.0,0.377,1.0,148752000.0,1.0,0.0,27889000.0,7011977000.0,,0.0,4585004000.0,,,2441577000.0,,,3711729244.0,12571000.0,0.0,309846000.0,298827000.0,-64727000.0,507863000.0,-535148000.0,-533879000.0,39856000.0,0.0,94057000.0,94057000.0,94057000.0,0.0,0.0,0.632,33053000.0,115699000.0,81325000.0,0.848,1.467,9.717,8.749,0.0,0.0,36.66,7.529,7.613,0.0,-25313000.0,148752000.0,148752000.0,0.0,,,,,3545000.0,33053000.0,1.0,101247388.0,102366000.0,104499000.0,1.453,4971699000.0,0.0,1884000.0,0.0,48.568,
45,ACAS,MRQ,2005-06-30,2005-06-30,2005-06-30,2020-02-18,-13311000.0,4333633000.0,,,,,23.408,-2090000.0,209366000.0,209366000.0,0.0,79349000.0,,0.971,1997751000.0,,,1997751000.0,0.0,499000.0,0.0,0.083,0.75,106098000.0,106597000.0,0.809,106597000.0,106098000.0,84108000.0,0.84,0.82,0.84,2198386000.0,,2198386000.0,4920626451.0,12.0,11.71,90589000.0,0.965,1.0,131732000.0,1.0,0.0,21990000.0,6122018000.0,,0.0,4042635000.0,,,2135247000.0,,,3342497451.0,13437000.0,0.0,197115000.0,251465000.0,-57133000.0,355422000.0,-434664000.0,-432574000.0,92679000.0,0.0,79349000.0,79349000.0,79349000.0,0.0,0.0,0.602,31509000.0,100223000.0,70136000.0,0.893,1.52,9.59,8.983,0.0,0.0,36.11,7.837,7.952,0.0,-26445000.0,131732000.0,131732000.0,0.0,,,,,3148000.0,31509000.0,1.0,92564316.0,93915000.0,96731000.0,1.403,4333633000.0,0.0,4759000.0,0.0,46.144,
46,ACAS,MRQ,2005-03-31,2005-03-31,2005-03-31,2020-02-18,11010000.0,3819780000.0,,,,,22.194,-646000.0,159904000.0,159904000.0,0.0,111680000.0,,0.922,1738033000.0,,,1738033000.0,0.0,401000.0,0.0,0.094,0.73,130051000.0,130452000.0,1.293,130452000.0,130051000.0,112705000.0,1.25,1.22,1.25,1987155000.0,,1987155000.0,4193494444.0,10.0,10.242,34141000.0,0.381,1.0,100855000.0,1.0,0.0,17346000.0,5397909000.0,,0.0,3581160000.0,,,1832625000.0,,,2832778444.0,31750000.0,0.0,65422000.0,174794000.0,-5094000.0,307230000.0,-310267000.0,-309621000.0,34787000.0,0.0,111680000.0,111680000.0,111680000.0,0.0,0.0,1.107,18597000.0,82258000.0,65817000.0,0.584,1.426,7.911,7.106,0.0,0.0,31.41,7.649,7.594,0.0,-60136000.0,100855000.0,100855000.0,0.0,,,,,3196000.0,18597000.0,1.0,90187152.0,89534000.0,91401000.0,1.126,3819780000.0,0.0,1025000.0,0.0,42.663,
47,ACAS,MRQ,2004-12-31,2004-12-31,2004-12-31,2020-02-18,-31957000.0,3491427000.0,,,,,21.848,-340000.0,200262000.0,200262000.0,0.0,96899000.0,,0.865,1560978000.0,,,1560978000.0,0.0,-1089000.0,0.0,0.087,0.79,111614000.0,110525000.0,0.99,110525000.0,111614000.0,97530000.0,1.18,1.15,1.18,1872426000.0,,1872426000.0,3875006213.0,12.0,12.109,71608000.0,0.836,1.0,111626000.0,1.0,0.0,14084000.0,4852143000.0,,0.0,3221688000.0,,,1619001000.0,,,2855786213.0,-33641000.0,0.0,137003000.0,289463000.0,-114543000.0,323825000.0,-429414000.0,-431074000.0,71948000.0,0.0,96899000.0,96899000.0,96899000.0,0.0,0.0,0.868,32122000.0,79504000.0,5322000.0,0.669,1.525,10.163,9.038,0.0,0.0,33.35,8.499,7.583,0.0,-63032000.0,111626000.0,111626000.0,0.0,,,,,4579000.0,32122000.0,1.0,85630771.0,85703000.0,87728000.0,1.302,3491427000.0,0.0,631000.0,0.0,40.739,
48,ACAS,MRQ,2004-09-30,2004-09-30,2004-09-30,2020-02-18,-34815000.0,2990377000.0,,,,,20.961,-486000.0,179498000.0,179498000.0,0.0,60599000.0,,0.767,1198718000.0,,,1198718000.0,0.0,383000.0,0.0,0.092,0.72,72256000.0,72639000.0,0.883,72639000.0,72256000.0,61913000.0,0.75,0.74,0.75,1692214000.0,,1692214000.0,3519976555.0,13.0,12.47,43886000.0,0.544,1.0,82266000.0,1.0,0.0,10343000.0,4009597000.0,,0.0,2757084000.0,,,1298163000.0,,,2543858555.0,28045000.0,0.0,196518000.0,64778000.0,-48122000.0,216819000.0,-233146000.0,-232660000.0,44372000.0,0.0,60599000.0,60599000.0,60599000.0,0.0,0.0,0.737,15891000.0,66375000.0,58462000.0,0.96,1.503,10.166,8.516,0.0,0.0,31.34,8.74,8.692,0.0,-89623000.0,82266000.0,82266000.0,0.0,,,,,2141000.0,15891000.0,1.0,81169705.0,80730000.0,81700000.0,1.019,2990377000.0,0.0,1314000.0,0.0,37.042,
49,ACAS,MRQ,2004-06-30,2004-06-30,2004-06-30,2020-02-18,-52502000.0,2704738000.0,,,,,20.699,-703000.0,155098000.0,155098000.0,0.0,88899000.0,,0.816,1131216000.0,,,1131216000.0,0.0,383000.0,0.0,0.101,0.7,95427000.0,95810000.0,1.268,95810000.0,95427000.0,88899000.0,1.24,1.22,1.24,1489459000.0,,1489459000.0,2794044290.0,12.0,11.601,54502000.0,0.757,1.0,75578000.0,1.0,0.0,6528000.0,3680856000.0,,0.0,2494229000.0,,,1215279000.0,,,1940415290.0,54939000.0,0.0,184564000.0,230558000.0,0.0,358991000.0,-359257000.0,-358554000.0,55205000.0,0.0,88899000.0,88899000.0,88899000.0,0.0,0.0,1.176,16051000.0,59527000.0,48476000.0,0.565,1.303,8.977,8.217,0.0,0.0,28.02,7.403,7.692,0.0,-74073000.0,75578000.0,75578000.0,0.0,,,,,1912000.0,14139000.0,1.0,69251081.0,71959000.0,72583000.0,1.05,2704738000.0,0.0,0.0,0.0,37.587,
50,ACAS,MRQ,2004-03-31,2004-03-31,2004-03-31,2020-02-18,-81528000.0,2171761000.0,,,,,18.783,-471000.0,44028000.0,44028000.0,0.0,34603000.0,,0.723,897657000.0,,,897657000.0,0.0,323000.0,0.0,0.085,0.7,40648000.0,40971000.0,0.616,40971000.0,40648000.0,34603000.0,0.52,0.51,0.52,1260795000.0,,1260795000.0,2976922741.0,17.0,16.981,26004000.0,0.387,1.0,66530000.0,1.0,0.0,6045000.0,3025390000.0,,0.0,2079603000.0,,,910966000.0,,,2220666741.0,657000.0,0.0,94915000.0,56201000.0,-50335000.0,141365000.0,-167183000.0,-166712000.0,26475000.0,0.0,34603000.0,34603000.0,34603000.0,0.0,0.0,0.52,12991000.0,53539000.0,0.0,1.346,1.761,14.461,12.543,0.0,0.0,33.24,9.666,9.712,0.0,-85470000.0,66530000.0,66530000.0,0.0,,,,,1368000.0,11623000.0,1.0,66807062.0,67126000.0,68269000.0,0.991,2171761000.0,0.0,0.0,0.0,32.353,
51,ACAS,MRQ,2003-12-31,2003-12-31,2003-12-31,2020-02-18,-131171000.0,2068328000.0,,,,,19.182,-476000.0,83955000.0,83955000.0,0.0,66143000.0,,0.759,840211000.0,,,840211000.0,0.0,361000.0,0.0,0.094,0.75,72501000.0,72862000.0,1.092,72862000.0,72501000.0,66143000.0,1.17,1.17,1.17,1175915000.0,,1175915000.0,2373684630.0,17.0,17.246,44044000.0,0.718,1.0,66693000.0,1.0,0.0,6358000.0,2824584000.0,,0.0,1938347000.0,,,892413000.0,,,1698504630.0,-44766000.0,0.0,229846000.0,107362000.0,-82874000.0,216428000.0,-305714000.0,-305238000.0,44520000.0,0.0,66143000.0,66143000.0,66143000.0,0.0,0.0,0.992,17567000.0,49126000.0,3957000.0,0.641,1.444,14.396,13.764,0.0,0.0,29.73,8.234,7.874,0.0,-23685000.0,66693000.0,66693000.0,0.0,,,,,1644000.0,18507000.0,1.0,57131000.0,61304000.0,62034000.0,1.088,2068328000.0,0.0,0.0,0.0,33.739,
52,ACAS,MRQ,2003-09-30,2003-09-30,2003-09-30,2020-02-18,-152113000.0,1705413000.0,,,,,16.88,-395000.0,52786000.0,52786000.0,0.0,26507000.0,,0.84,727966000.0,,,727966000.0,0.0,274000.0,0.0,0.11,0.69,30919000.0,31193000.0,0.585,31193000.0,30919000.0,26507000.0,0.48,0.48,0.48,927059000.0,,927059000.0,1925485060.0,23.0,22.415,29783000.0,0.542,1.0,53318000.0,1.0,0.0,4412000.0,2380593000.0,,0.0,1570419000.0,,,778354000.0,,,1365336060.0,2444000.0,5500000.0,47676000.0,104277000.0,-12000.0,142046000.0,-169780000.0,-174885000.0,30178000.0,0.0,26507000.0,26507000.0,26507000.0,0.0,0.0,0.497,12292000.0,41026000.0,37892000.0,1.438,1.473,20.21,18.552,0.0,0.0,24.86,7.564,7.563,0.0,-19435000.0,53318000.0,53318000.0,0.0,,,,,705000.0,11587000.0,1.0,54921000.0,54919000.0,55252000.0,0.971,1705413000.0,0.0,0.0,0.0,31.053,
53,ACAS,MRQ,2003-06-30,2003-06-30,2003-06-30,2020-02-18,-154289000.0,1508248000.0,,,,,16.234,-826000.0,50342000.0,50342000.0,0.0,26309000.0,,0.695,610491000.0,,,610491000.0,0.0,240000.0,0.0,0.108,0.68,30042000.0,30282000.0,0.701,30282000.0,30042000.0,26309000.0,0.48,0.48,0.48,890014000.0,,890014000.0,1831294200.0,40.0,38.808,23629000.0,0.431,1.0,43205000.0,1.0,0.0,3733000.0,2068397000.0,,0.0,1403689000.0,,,618234000.0,,,1372597200.0,21720000.0,-5500000.0,785000.0,131791000.0,-37154000.0,99127000.0,-101862000.0,-95536000.0,24455000.0,0.0,26309000.0,26309000.0,26309000.0,0.0,0.0,0.609,8914000.0,34291000.0,0.0,1.417,1.542,46.488,43.895,0.0,0.0,25.02,8.245,8.24,0.0,-5862000.0,43205000.0,43205000.0,0.0,,,,,235000.0,8679000.0,1.0,54860000.0,54824000.0,55033000.0,0.788,1508248000.0,0.0,0.0,0.0,27.511,
54,ACAS,MRQ,2003-03-31,2003-03-31,2003-03-31,2020-02-18,-125830000.0,1393860000.0,,,,,18.986,-540000.0,28622000.0,28622000.0,0.0,-975000.0,,0.549,487319000.0,,,487319000.0,0.0,260000.0,0.0,0.118,0.67,3036000.0,3296000.0,0.077,3296000.0,3036000.0,-975000.0,-0.02,-0.02,-0.02,899824000.0,,899824000.0,1686228000.0,53.0,51.814,17757000.0,0.375,1.0,43064000.0,1.0,0.0,4011000.0,1852557000.0,,0.0,1303778000.0,,,494036000.0,,,1079344000.0,15542000.0,0.0,245275000.0,-133125000.0,-33004000.0,75441000.0,-78196000.0,-77656000.0,18297000.0,0.0,-975000.0,-975000.0,-975000.0,0.0,0.0,-0.023,8290000.0,34774000.0,0.0,-33.5,1.2,69.775,54.634,0.0,0.0,22.4,6.855,6.743,0.0,-23321000.0,43064000.0,43064000.0,0.0,,,,,0.0,8290000.0,1.0,48185000.0,47393000.0,47578000.0,0.909,1393860000.0,0.0,0.0,0.0,29.411,
55,ACAS,MRQ,2002-12-31,2002-12-31,2002-12-31,2020-02-18,-86446000.0,1318523000.0,,,,,16.405,-529000.0,41214000.0,41214000.0,0.0,15716000.0,,0.917,619964000.0,,,619964000.0,0.0,274000.0,0.0,0.119,0.69,20858000.0,21132000.0,0.516,21132000.0,20858000.0,15716000.0,0.4,0.39,0.4,687659000.0,,687659000.0,1367332630.0,40.0,38.841,23603000.0,0.563,1.0,40927000.0,1.0,0.0,5142000.0,1897273000.0,,0.0,1248459000.0,,,630864000.0,,,873466630.0,-16512000.0,0.0,50501000.0,72603000.0,-55251000.0,71424000.0,-112068000.0,-111539000.0,24132000.0,0.0,15716000.0,15716000.0,15716000.0,0.0,0.0,0.384,7833000.0,33094000.0,869000.0,1.725,1.27,43.541,42.333,0.0,0.0,21.59,5.941,5.788,0.0,-29459000.0,40927000.0,40927000.0,0.0,,,,,0.0,7833000.0,1.0,40457000.0,41917000.0,41899000.0,0.976,1318523000.0,0.0,0.0,0.0,31.456,
56,ACAS,MRQ,2002-09-30,2002-09-30,2002-09-30,2020-02-18,-75072000.0,1214390000.0,,,,,16.157,-372000.0,30940000.0,30940000.0,0.0,-11524000.0,,0.867,524806000.0,,,524806000.0,0.0,210000.0,0.0,0.135,0.66,-7731000.0,-7521000.0,-0.191,-7521000.0,-7731000.0,-11524000.0,-0.29,-0.29,-0.29,650624000.0,,650624000.0,1239727555.0,36.0,35.499,22422000.0,0.557,1.0,39276000.0,1.0,0.0,3793000.0,1708256000.0,,0.0,1140652000.0,,,563766000.0,,,780199555.0,26618000.0,0.0,74785000.0,58688000.0,2000.0,128877000.0,-125053000.0,-124681000.0,22794000.0,0.0,-11524000.0,-11524000.0,-11524000.0,0.0,0.0,-0.293,8785000.0,30491000.0,26898000.0,-2.276,1.199,33.54,25.808,0.0,0.0,18.84,5.723,5.565,0.0,-27003000.0,39276000.0,39276000.0,0.0,,,,,0.0,8785000.0,1.0,41411866.0,40269000.0,40658000.0,0.975,1214390000.0,0.0,0.0,0.0,30.157,
57,ACAS,MRQ,2002-06-30,2002-06-30,2002-06-30,2020-02-18,-60312000.0,1086919000.0,,,,,16.267,-415000.0,3692000.0,3692000.0,0.0,12252000.0,,0.768,463220000.0,,,463220000.0,0.0,235000.0,0.0,0.089,0.63,15402000.0,15637000.0,0.458,15637000.0,15402000.0,12252000.0,0.32,0.32,0.32,614941000.0,,614941000.0,1405850896.0,33.0,32.435,14101000.0,0.373,1.0,34178000.0,1.0,0.0,3150000.0,1546447000.0,,0.0,1048081000.0,,,471978000.0,,,1055325896.0,2018000.0,0.0,30000.0,106413000.0,-23939000.0,83531000.0,-96029000.0,-95614000.0,14516000.0,0.0,12252000.0,12252000.0,12252000.0,0.0,0.0,0.358,6380000.0,27798000.0,0.0,1.969,1.716,31.831,28.32,0.0,0.0,27.47,8.616,8.478,0.0,-3342000.0,34178000.0,34178000.0,0.0,,,,,0.0,6380000.0,1.0,38417397.0,37802000.0,38712000.0,0.904,1086919000.0,0.0,0.0,0.0,28.753,
58,ACAS,MRQ,2002-03-31,2002-03-31,2002-03-31,2020-02-18,-48131000.0,983719000.0,,,,,16.626,-162000.0,2041000.0,2041000.0,0.0,3617000.0,,0.579,352566000.0,,,352566000.0,0.0,102000.0,0.0,0.076,0.59,5853000.0,5955000.0,0.182,5955000.0,5853000.0,3617000.0,0.1,0.09,0.1,623090000.0,,623090000.0,1240833796.0,30.0,29.62,10870000.0,0.29,1.0,32641000.0,1.0,0.0,2236000.0,1334244000.0,,0.0,950211000.0,,,360629000.0,,,1104122796.0,-13212000.0,0.0,112000.0,102853000.0,-26105000.0,76860000.0,-101104000.0,-100942000.0,11032000.0,0.0,3617000.0,3617000.0,3617000.0,0.0,0.0,0.111,7154000.0,25487000.0,0.0,5.9,1.772,34.34,29.486,0.0,0.0,30.96,9.67,10.161,0.0,-3515000.0,32641000.0,32641000.0,0.0,,,,,0.0,7154000.0,1.0,35662881.0,37477000.0,38374000.0,0.871,983719000.0,0.0,0.0,0.0,26.249,
59,ACAS,MRQ,2001-12-31,2001-12-31,2001-12-31,2020-02-18,-28440000.0,904184000.0,,,,,17.92,-105000.0,14168000.0,14168000.0,0.0,18917000.0,,0.412,251141000.0,,,251141000.0,0.0,96000.0,0.0,0.081,0.66,20756000.0,20852000.0,0.69,20852000.0,20756000.0,18917000.0,0.6,0.59,0.6,640265000.0,,640265000.0,1147753676.0,40.0,38.867,4337000.0,0.121,1.0,30229000.0,1.0,0.0,1839000.0,1141157000.0,,0.0,858266000.0,,,263919000.0,,,1011042676.0,-9817000.0,0.0,51336000.0,117467000.0,-33755000.0,104449000.0,-118708000.0,-96594000.0,4442000.0,0.0,18917000.0,18917000.0,18917000.0,0.0,0.0,0.626,6962000.0,23267000.0,3420000.0,1.1,1.579,54.343,48.051,0.0,0.0,28.35,9.699,8.564,0.0,-3823000.0,30229000.0,30229000.0,0.0,,,,,0.0,6962000.0,1.0,35662881.0,35729000.0,36300000.0,0.846,904184000.0,0.0,0.0,0.0,25.307,
60,ACAS,MRQ,2001-09-30,2001-09-30,2001-09-30,2020-02-18,-26155000.0,783654000.0,,,,,17.451,-1110000.0,25883000.0,25883000.0,0.0,-1632000.0,,0.322,162594000.0,,,162594000.0,0.0,486000.0,0.0,0.087,0.56,413000.0,899000.0,0.035,899000.0,413000.0,-1632000.0,-0.05,-0.05,-0.05,592725000.0,,592725000.0,1052145520.0,539.0,376.708,10138000.0,0.298,1.0,25440000.0,1.0,0.0,2045000.0,920365000.0,,0.0,727181000.0,,,190929000.0,,,923045520.0,23608000.0,0.0,48968000.0,30614000.0,529000.0,80111000.0,-67751000.0,-75050000.0,11248000.0,0.0,-1632000.0,-1632000.0,-1632000.0,0.0,0.0,-0.064,4282000.0,21158000.0,19968000.0,-11.2,1.557,-116.974,-74.027,0.0,0.0,27.39,9.167,9.239,12631000.0,-136000.0,25440000.0,25440000.0,0.0,,,,,0.0,4282000.0,1.0,33700092.0,33965000.0,34524000.0,0.749,783654000.0,0.0,0.0,0.0,23.072,
61,ACAS,MRQ,2001-06-30,2001-06-30,2001-06-30,2020-02-18,-5305000.0,697062000.0,,,,,19.628,0.0,2225000.0,2225000.0,0.0,11251000.0,,0.254,131325000.0,,,131325000.0,0.0,0.0,0.0,0.082,0.55,14186000.0,14186000.0,0.548,14186000.0,14186000.0,11251000.0,0.4,0.39,0.4,556089000.0,,556089000.0,977282924.0,-41.0,-41.934,12314000.0,0.435,1.0,25876000.0,1.0,0.0,2935000.0,826162000.0,,0.0,668632000.0,,,140973000.0,,,794037924.0,-2469000.0,0.0,126029000.0,-56557000.0,-21864000.0,47608000.0,-62391000.0,-70822000.0,12314000.0,0.0,11251000.0,11251000.0,11251000.0,0.0,0.0,0.435,6908000.0,18968000.0,0.0,1.375,1.428,-23.657,-19.486,0.0,0.0,28.06,8.611,8.621,11307000.0,287000.0,25876000.0,25876000.0,0.0,,,,,0.0,6908000.0,1.0,28297859.0,28331000.0,28883000.0,0.913,697062000.0,0.0,0.0,0.0,24.604,
62,ACAS,MRQ,2001-03-31,2001-03-31,2001-03-31,2020-02-18,-722000.0,623272000.0,,,,,15.294,0.0,4676000.0,4676000.0,0.0,-9902000.0,,0.463,187921000.0,,,187921000.0,0.0,0.0,0.0,0.088,0.53,-6378000.0,-6378000.0,-0.281,-6378000.0,-6378000.0,-9902000.0,-0.36,0.53,-0.36,426036000.0,,426036000.0,735056489.0,-30.0,-30.89,9035000.0,0.324,1.0,22693000.0,1.0,0.0,3524000.0,806517000.0,,0.0,590581000.0,,,197236000.0,,,631583489.0,-6825000.0,0.0,0.0,4096000.0,-21162000.0,11148000.0,-27008000.0,-32177000.0,9035000.0,0.0,-9902000.0,-9902000.0,-9902000.0,0.0,0.0,-0.436,4117000.0,18576000.0,0.0,-1.472,1.482,-18.804,-19.721,0.0,0.0,25.44,7.776,8.724,13548000.0,-189000.0,22693000.0,22693000.0,0.0,,,,,0.0,4117000.0,1.0,24826395.0,27856000.0,28278000.0,0.815,623272000.0,0.0,0.0,0.0,22.375,
63,ACAS,MRQ,2000-12-31,2000-12-31,2000-12-31,2020-02-18,23784000.0,613999000.0,,,,,16.654,-1100000.0,11569000.0,11569000.0,0.0,-7608000.0,,0.379,155202000.0,,,155202000.0,0.0,354000.0,0.0,0.086,0.74,-6268000.0,-5914000.0,-0.222,-5914000.0,-6268000.0,-9608000.0,-0.36,-1.64,-0.36,445167000.0,,445167000.0,728849890.0,220.0,198.489,13696000.0,0.512,1.0,26685000.0,1.0,0.0,3340000.0,757632000.0,,0.0,585746000.0,,,168832000.0,,,625376890.0,-23222000.0,0.0,61959000.0,17346000.0,-26308000.0,49613000.0,-87631000.0,-85369000.0,14796000.0,0.0,-7608000.0,-7608000.0,-7608000.0,0.0,0.0,-0.285,14430000.0,12255000.0,6163000.0,-2.056,1.405,-143.009,-125.95,0.0,0.0,25.19,8.927,8.027,0.0,-95000.0,26685000.0,26685000.0,0.0,,,,,0.0,14430000.0,1.0,24826395.0,26730000.0,26912000.0,0.998,613999000.0,0.0,-2000000.0,0.0,22.97,
64,ACAS,MRQ,2000-09-30,2000-09-30,2000-09-30,2020-02-18,45642000.0,563520000.0,,,,,16.818,0.0,32140000.0,32140000.0,0.0,-27306000.0,,0.376,135613000.0,,,135613000.0,0.0,0.0,0.0,0.08,0.49,-25199000.0,-25199000.0,-1.486,-25199000.0,-25199000.0,-27306000.0,-1.12,0.5,-1.12,409663000.0,,409663000.0,638200453.0,8.0,7.604,9825000.0,0.403,1.0,16956000.0,1.0,0.0,2107000.0,666993000.0,,0.0,512008000.0,,,153857000.0,,,584595453.0,28706000.0,0.0,1022000.0,78574000.0,0.0,79596000.0,-60715000.0,-61633000.0,9825000.0,0.0,-27306000.0,-27306000.0,-27306000.0,0.0,0.0,-1.61,1209000.0,15747000.0,11905000.0,-0.438,1.427,7.59,4.163,0.0,0.0,23.69,9.746,9.62,9244000.0,7289000.0,16956000.0,16956000.0,0.0,,,,,0.0,1209000.0,1.0,24676887.0,24359000.0,24872000.0,0.696,563520000.0,0.0,0.0,0.0,23.134,
65,ACAS,MRQ,2000-06-30,2000-06-30,2000-06-30,2020-02-18,89583000.0,509600000.0,,,,,21.992,0.0,3434000.0,3434000.0,0.0,11229000.0,,0.138,57039000.0,,,57039000.0,0.0,0.0,0.0,0.077,0.49,13695000.0,13695000.0,0.92,13695000.0,13695000.0,11229000.0,0.55,0.54,0.55,447854000.0,,447854000.0,548925179.0,5.0,4.547,7956000.0,0.391,1.0,14893000.0,1.0,0.0,2466000.0,563205000.0,,0.0,489355000.0,,,61746000.0,,,436290179.0,-1143000.0,0.0,122337000.0,-60173000.0,-9166000.0,52998000.0,-62097000.0,-62292000.0,7956000.0,0.0,11229000.0,11229000.0,11229000.0,0.0,0.0,0.754,1414000.0,13479000.0,0.0,0.891,0.974,3.808,3.184,0.0,0.0,23.88,8.363,9.321,7584000.0,2457000.0,14893000.0,14893000.0,0.0,,,,,0.0,1414000.0,1.0,18270108.0,20364000.0,20878000.0,0.731,509600000.0,0.0,0.0,0.0,25.025,
66,ACAS,MRQ,2000-03-31,2000-03-31,2000-03-31,2020-02-18,88380000.0,444836000.0,,,,,18.127,0.0,4577000.0,4577000.0,0.0,19314000.0,,0.376,117212000.0,,,117212000.0,0.0,0.0,0.0,0.07,0.45,21093000.0,21093000.0,1.831,21093000.0,21093000.0,19314000.0,1.08,0.47,1.08,323266000.0,,323266000.0,539787109.0,5.0,4.723,2754000.0,0.154,1.0,11518000.0,1.0,0.0,1779000.0,557471000.0,,0.0,424123000.0,,,121570000.0,,,463279109.0,2540000.0,0.0,0.0,38667000.0,-8576000.0,30091000.0,-30305000.0,-30354000.0,2754000.0,0.0,19314000.0,19314000.0,19314000.0,0.0,0.0,1.677,635000.0,10883000.0,0.0,0.417,1.433,4.231,3.379,0.0,0.0,25.38,10.426,10.186,6495000.0,1409000.0,11518000.0,11518000.0,0.0,,,,,0.0,635000.0,1.0,18253708.0,17833000.0,18351000.0,0.646,444836000.0,0.0,0.0,0.0,24.945,
67,ACAS,MRQ,1999-12-31,1999-12-31,1999-12-31,2020-02-18,77612000.0,395372000.0,,,,,22.682,0.0,2037000.0,2037000.0,0.0,73781000.0,,0.268,78545000.0,,,78545000.0,0.0,0.0,0.0,0.076,0.47,74340000.0,74340000.0,4.474,74340000.0,74340000.0,72869000.0,5.18,-0.13,5.18,311745000.0,,311745000.0,439245200.0,4.0,4.349,10221000.0,0.744,1.0,16617000.0,1.0,0.0,1471000.0,471880000.0,,0.0,382447000.0,,,83627000.0,,,414591200.0,-42396000.0,0.0,-2086000.0,8289000.0,-15560000.0,-9357000.0,-43260000.0,-44529000.0,10221000.0,0.0,73781000.0,73781000.0,73781000.0,0.0,0.0,4.44,9705000.0,6912000.0,547000.0,0.091,1.33,4.265,3.218,0.0,0.0,22.75,10.513,7.929,2331000.0,1080000.0,16617000.0,16617000.0,0.0,,,,,0.0,9705000.0,1.0,18223789.0,13744000.0,14294000.0,1.209,395372000.0,0.0,-912000.0,0.0,28.767,
68,ACAS,MRQ,1999-09-30,1999-09-30,1999-09-30,2020-02-18,13860000.0,326234000.0,,,,,16.717,0.0,45186000.0,45186000.0,0.0,10234000.0,,0.312,69840000.0,,,69840000.0,0.0,0.0,0.0,0.095,0.43,11583000.0,11583000.0,1.267,11583000.0,11583000.0,10234000.0,0.69,0.66,0.69,248567000.0,,248567000.0,442969613.0,14.0,13.663,1323000.0,0.089,1.0,9143000.0,1.0,0.0,1349000.0,350888000.0,,0.0,270154000.0,,,77667000.0,,,313795613.0,31468000.0,0.0,89372000.0,-19370000.0,330000.0,70332000.0,-40187000.0,-38918000.0,1323000.0,0.0,10234000.0,10234000.0,10234000.0,0.0,0.0,1.119,793000.0,8350000.0,7827000.0,0.623,1.262,10.777,7.708,0.0,0.0,18.5,11.183,9.803,3614000.0,-60000.0,9143000.0,9143000.0,0.0,,,,,0.0,793000.0,1.0,16961925.0,14869000.0,15619000.0,0.615,326234000.0,0.0,0.0,0.0,21.941,
69,ACAS,MRQ,1999-06-30,1999-06-30,1999-06-30,2020-02-18,10290000.0,300495000.0,,,,,13.993,0.0,13718000.0,13718000.0,0.0,6161000.0,,0.929,142892000.0,,,142892000.0,0.0,0.0,0.0,0.09,0.43,7263000.0,7263000.0,1.015,7263000.0,7263000.0,6161000.0,0.56,0.53,0.56,155803000.0,,155803000.0,308846136.0,12.0,12.036,4093000.0,0.368,1.0,7155000.0,1.0,0.0,1102000.0,429669000.0,,0.0,280372000.0,,,144692000.0,,,202986136.0,12487000.0,0.0,-188000.0,42798000.0,-5151000.0,37459000.0,-29065000.0,-29065000.0,4093000.0,0.0,6161000.0,6161000.0,6161000.0,0.0,0.0,0.861,548000.0,6607000.0,1800000.0,0.768,1.303,8.562,8.488,0.0,0.0,18.25,8.572,8.581,1758000.0,856000.0,7155000.0,7155000.0,0.0,,,,,0.0,548000.0,1.0,11122528.0,11134000.0,11717000.0,0.643,300495000.0,0.0,0.0,0.0,26.989,
70,ACAS,MRQ,1999-03-31,1999-03-31,1999-03-31,2020-02-18,9764000.0,263551000.0,,,,,14.051,0.0,1231000.0,1231000.0,0.0,7024000.0,,0.694,107091000.0,,,107091000.0,0.0,0.0,0.0,0.088,0.41,7818000.0,7818000.0,1.199,7818000.0,7818000.0,7024000.0,0.63,0.62,0.63,155546000.0,,155546000.0,300046579.0,14.0,13.755,3548000.0,0.321,1.0,6520000.0,1.0,0.0,794000.0,369411000.0,,0.0,257480000.0,,,108005000.0,,,190247579.0,-4918000.0,0.0,188000.0,9401000.0,-5777000.0,3812000.0,-12278000.0,-12278000.0,3548000.0,0.0,7024000.0,7024000.0,7024000.0,0.0,0.0,1.077,604000.0,5916000.0,914000.0,0.651,1.223,9.076,9.016,0.0,0.0,17.13,9.414,9.384,1818000.0,372000.0,6520000.0,6520000.0,0.0,,,,,0.0,604000.0,1.0,11106105.0,11070000.0,11279000.0,0.589,263551000.0,0.0,0.0,0.0,23.808,
71,ACAS,MRQ,1998-12-31,1998-12-31,1998-12-31,2020-02-18,7783000.0,270019000.0,,,,,13.802,0.0,6149000.0,6149000.0,0.0,5699000.0,,0.768,115948000.0,,,115948000.0,0.0,0.0,0.0,0.078,0.48,5756000.0,5756000.0,1.098,5756000.0,5756000.0,5699000.0,0.52,0.56,0.52,152723000.0,,152723000.0,228790852.0,13.0,13.48,3535000.0,0.319,1.0,5242000.0,1.0,0.0,57000.0,379818000.0,,0.0,261369000.0,,,117296000.0,,,190694852.0,-748000.0,0.0,-91000.0,70874000.0,-4106000.0,66677000.0,-70960000.0,-70960000.0,3535000.0,0.0,5699000.0,5699000.0,5699000.0,0.0,0.0,1.087,342000.0,4900000.0,1222000.0,0.923,1.249,11.274,11.275,0.0,0.0,17.25,11.231,11.245,778000.0,-116000.0,5242000.0,5242000.0,0.0,,,,,0.0,342000.0,1.0,11054774.0,11065000.0,11064000.0,0.474,270019000.0,0.0,0.0,0.0,24.403,
72,ACAS,MRQ,1998-09-30,1998-09-30,1998-09-30,2020-02-18,6599000.0,197579000.0,,,,,13.771,0.0,6897000.0,6897000.0,0.0,4824000.0,,0.296,44993000.0,,,44993000.0,0.0,0.0,0.0,0.066,0.32,4824000.0,4824000.0,1.013,4824000.0,4824000.0,4824000.0,0.44,0.42,0.44,152442000.0,,152442000.0,202228338.0,15.0,14.812,2626000.0,0.237,1.0,4762000.0,1.0,0.0,0.0,235675000.0,,0.0,189046000.0,,,45137000.0,,,179203338.0,5180000.0,0.0,96000.0,20325000.0,-3544000.0,16877000.0,-14323000.0,-14323000.0,2626000.0,0.0,4824000.0,4824000.0,4824000.0,0.0,0.0,1.013,496000.0,4266000.0,144000.0,0.727,1.176,13.126,13.056,0.0,0.0,16.19,12.329,12.33,28000.0,696000.0,4762000.0,4762000.0,0.0,,,,,0.0,496000.0,1.0,11068767.0,11070000.0,11461000.0,0.43,197579000.0,0.0,0.0,0.0,17.848,
73,ACAS,MRQ,1998-06-30,1998-06-30,1998-06-30,2020-02-18,5676000.0,176155000.0,,,,,13.648,0.0,1717000.0,1717000.0,0.0,3415000.0,,0.166,24742000.0,,,24742000.0,0.0,0.0,0.0,0.033,0.29,3415000.0,3415000.0,0.927,3415000.0,3415000.0,3415000.0,0.31,0.29,0.31,151067000.0,,151067000.0,242793389.0,28.0,27.478,3853000.0,0.348,1.0,3684000.0,1.0,0.0,0.0,199180000.0,,0.0,173615000.0,,,25088000.0,,,253253389.0,-8743000.0,0.0,0.0,24712000.0,-3211000.0,21501000.0,-34097000.0,-34097000.0,3853000.0,0.0,3415000.0,3415000.0,3415000.0,0.0,0.0,0.927,372000.0,3312000.0,346000.0,0.935,1.676,28.818,,0.0,0.0,22.88,23.598,23.598,0.0,340000.0,3684000.0,3684000.0,0.0,,,,,0.0,372000.0,1.0,11068767.0,11069000.0,11689000.0,0.333,176155000.0,0.0,0.0,0.0,15.914,
74,ACAS,MRQ,1998-03-31,1998-03-31,1998-03-31,2020-02-18,5684000.0,151031000.0,,,,,13.629,0.0,10460000.0,10460000.0,0.0,2977000.0,,0.001,0.0,,,0.0,0.0,0.0,0.0,0.021,0.25,2977000.0,2977000.0,0.904,2977000.0,2977000.0,2977000.0,0.27,0.26,0.27,150862000.0,,150862000.0,236089398.0,22.0,21.923,1697000.0,0.153,1.0,3292000.0,1.0,0.0,0.0,140571000.0,,0.0,138682000.0,,,169000.0,,,244951814.0,1598000.0,0.0,0.0,0.0,-2767000.0,-2767000.0,2668000.0,2668000.0,1697000.0,0.0,2977000.0,2977000.0,2977000.0,0.0,0.0,0.904,444000.0,2848000.0,169000.0,0.926,1.624,28.243,,0.0,0.0,22.13,29.459,29.459,712000.0,127000.0,3292000.0,3292000.0,0.0,,,,,0.0,444000.0,1.0,11068767.0,11069000.0,11480000.0,0.297,151031000.0,0.0,0.0,0.0,13.645,
75,ACAS,MRQ,1997-12-31,1997-12-31,1997-12-31,2020-02-18,5656000.0,150705000.0,,,,,13.61,0.0,8862000.0,8862000.0,0.0,2437000.0,,0.0,0.0,,,0.0,0.0,0.0,0.0,0.012,0.21,2437000.0,2437000.0,0.871,2437000.0,2437000.0,2437000.0,0.22,0.21,0.22,150652000.0,,150652000.0,,,,13000.0,0.001,1.0,2797000.0,1.0,0.0,0.0,141843000.0,,0.0,140284000.0,,,53000.0,,,,-4434000.0,0.0,0.0,0.0,-2325000.0,-2325000.0,-2122000.0,-2122000.0,13000.0,0.0,2437000.0,2437000.0,2437000.0,0.0,0.0,0.871,551000.0,2246000.0,53000.0,0.955,,,,0.0,0.0,18.13,,35.22,861000.0,-55000.0,2797000.0,2797000.0,0.0,,,,,0.0,551000.0,1.0,,11069000.0,11405000.0,0.253,150705000.0,0.0,0.0,0.0,13.615,
76,ACAS,MRQ,1997-09-30,1997-09-30,1997-09-30,2020-02-18,,,,,,,,-8000.0,,,0.0,-41000.0,,,,,,,,11000.0,,0.0,0.0,-4000.0,7000.0,0.007,7000.0,-4000.0,-64000.0,,,,,,,,,,12000.0,,1.0,959000.0,1.0,,60000.0,,,,,,,,,,,12615000.0,0.0,143608000.0,-1020000.0,0.0,142549000.0,-129954000.0,-129946000.0,20000.0,0.0,-41000.0,-41000.0,-41000.0,0.0,0.0,-0.043,952000.0,7000.0,,,,,,,0.0,20.0,,,,,959000.0,959000.0,0.0,,,,,-7000.0,1096000.0,1.0,,,,,,,-23000.0,,,
77,ACAS,MRQ,1997-06-30,1997-06-30,1997-06-30,2020-02-18,,,,,,,,0.0,,,0.0,3300000.0,,,,,,,,13000.0,,,0.0,5335000.0,5348000.0,4.221,5348000.0,5335000.0,5335000.0,,,,,,,,,,350000.0,,1.0,1267000.0,1.0,,0.0,,,,,,,,,,,530000.0,0.0,0.0,609000.0,0.0,574000.0,0.0,0.0,350000.0,0.0,3300000.0,3300000.0,3300000.0,0.0,0.0,2.605,1052000.0,215000.0,,,,,,,0.0,,,,,,1267000.0,1267000.0,0.0,,,,,-36000.0,1052000.0,1.0,,,,,,,2035000.0,,,
78,ACAS,MRQ,1997-03-31,1997-03-31,1997-03-31,2020-02-18,,,,,,,,0.0,,,0.0,184000.0,,,,,,,,9000.0,,,0.0,300000.0,309000.0,0.458,309000.0,300000.0,300000.0,,,,,,,,,,-104000.0,,1.0,675000.0,1.0,,0.0,,,,,,,,,,,-127000.0,0.0,0.0,-19000.0,0.0,-23000.0,0.0,0.0,-104000.0,0.0,184000.0,184000.0,184000.0,0.0,0.0,0.273,587000.0,88000.0,,,,,,,0.0,,,,,,675000.0,675000.0,0.0,,,,,43000.0,587000.0,1.0,,,,,,,116000.0,,,
79,ACAS,MRQ,1996-12-31,1996-12-31,1996-12-31,2020-02-18,0.0,5432265.0,,,,,,,322664.0,322664.0,,,,0.611,429684.0,,,429684.0,0.0,,0.0,,0.0,,,,,,,,,,3371651.0,,3371651.0,,,,,,1.0,,,0.0,,5539285.0,,0.0,3980421.0,,,2060614.0,,,,,,,,,,,,,,,,,,,,,,400394.0,,,,,120514.0,,,,,917625.0,2053702.0,,,,,,,,,,1.0,,,,,5432265.0,52225.0,,1230536.0,,
0,ACAS,MRT,2016-09-30,2016-09-30,2016-09-30,2020-02-18,-395000000.0,4700000000.0,5447250000.0,,,0.105,21.294,0.0,1057000000.0,1057000000.0,0.0,-60000000.0,,0.027,0.0,,,0.0,0.0,0.0,0.0,0.0,0.0,34000000.0,34000000.0,0.06,34000000.0,34000000.0,-22000000.0,-0.04,-0.08,-0.04,4576000000.0,4574000000.0,4576000000.0,3513290242.0,103.0,103.332,300000000.0,1.396,1.0,571000000.0,1.0,0.0,56000000.0,3643000000.0,5454250000.0,0.0,3294000000.0,,,124000000.0,,,3643290242.0,783000000.0,0.0,-720000000.0,-2660000000.0,0.0,-3333000000.0,3816000000.0,3809000000.0,300000000.0,-2000000.0,-60000000.0,-60000000.0,-60000000.0,0.0,0.0,-0.105,203000000.0,368000000.0,0.0,0.0,0.796,-60.722,-422.75,0.0,0.0,16.91,6.381,6.364,15000000.0,-443000000.0,571000000.0,571000000.0,0.0,-0.011,-0.013,0.006,0.06,20000000.0,195000000.0,1.0,215451818.0,214900000.0,225100000.0,2.657,4700000000.0,256000000.0,38000000.0,0.0,21.871,
1,ACAS,MRT,2016-06-30,2016-06-30,2016-06-30,2020-02-18,-342000000.0,5334000000.0,6314250000.0,,,0.103,20.397,0.0,914000000.0,914000000.0,0.0,-238000000.0,,0.207,784000000.0,,,784000000.0,0.0,0.0,0.0,0.0,0.0,-116000000.0,-116000000.0,-0.178,-116000000.0,-116000000.0,-188000000.0,-0.84,-0.85,-0.84,4418000000.0,4756750000.0,4418000000.0,3947306053.0,-34.0,-34.029,321000000.0,1.482,1.0,653000000.0,1.0,0.0,72000000.0,5204000000.0,7162500000.0,0.0,4062000000.0,,,916000000.0,,,3456306053.0,610000000.0,0.0,-856000000.0,-1322000000.0,0.0,-2146000000.0,2435000000.0,2427000000.0,321000000.0,-3000000.0,-238000000.0,-238000000.0,-238000000.0,0.0,0.0,-0.364,213000000.0,440000000.0,0.0,0.0,0.782,-14.522,-18.845,0.0,0.0,15.83,5.293,5.251,40000000.0,-640000000.0,653000000.0,653000000.0,0.0,-0.038,-0.05,-0.016,-0.178,22000000.0,204000000.0,1.0,218338980.0,216600000.0,226700000.0,3.015,5334000000.0,235000000.0,50000000.0,0.0,24.626,
2,ACAS,MRT,2016-03-31,2016-03-31,2016-03-31,2020-02-18,-206000000.0,5515000000.0,7002000000.0,,,0.097,19.064,0.0,396000000.0,396000000.0,0.0,-282000000.0,,0.231,887000000.0,,,887000000.0,0.0,0.0,0.0,0.0,0.0,-111000000.0,-111000000.0,-0.163,-111000000.0,-111000000.0,-188000000.0,-1.1,-1.1,-1.1,4480000000.0,5016250000.0,4480000000.0,4375704378.0,-39.0,-39.421,332000000.0,1.413,1.0,679000000.0,1.0,0.0,77000000.0,6006000000.0,8321500000.0,0.0,4737000000.0,,,1035000000.0,,,3647704378.0,-110000000.0,0.0,-747000000.0,-1115000000.0,0.0,-1833000000.0,1391000000.0,1378000000.0,332000000.0,5000000.0,-282000000.0,-282000000.0,-282000000.0,0.0,0.0,-0.415,208000000.0,471000000.0,0.0,0.0,0.814,-12.935,-13.855,0.0,0.0,15.24,5.372,5.275,86000000.0,-877000000.0,679000000.0,679000000.0,0.0,-0.04,-0.056,-0.013,-0.163,26000000.0,197000000.0,1.0,239350681.0,235000000.0,235000000.0,2.889,5515000000.0,212000000.0,94000000.0,0.0,23.468,
3,ACAS,MRT,2015-12-31,2015-12-31,2015-12-31,2020-02-18,-148000000.0,6240000000.0,7631750000.0,,,0.088,18.046,0.0,529000000.0,529000000.0,0.0,-187000000.0,,0.294,1253000000.0,,,1253000000.0,0.0,0.0,0.0,0.0,0.0,44000000.0,44000000.0,0.066,44000000.0,44000000.0,-35000000.0,-0.7,-0.7,-0.7,4822000000.0,5252750000.0,4822000000.0,5943620408.0,135.0,135.082,270000000.0,1.01,1.0,671000000.0,1.0,0.0,79000000.0,6964000000.0,9191500000.0,0.0,4998000000.0,,,1418000000.0,,,3635620408.0,-179000000.0,0.0,-437000000.0,-443000000.0,0.0,-864000000.0,415000000.0,405000000.0,270000000.0,-14000000.0,-187000000.0,-187000000.0,-187000000.0,0.0,0.0,-0.279,214000000.0,457000000.0,0.0,0.0,0.754,-19.442,-19.7,0.0,0.0,13.79,5.418,5.491,421000000.0,-879000000.0,671000000.0,671000000.0,0.0,-0.025,-0.036,0.005,0.066,26000000.0,201000000.0,1.0,263641799.0,267200000.0,267200000.0,2.511,6240000000.0,198000000.0,152000000.0,0.0,23.353,
4,ACAS,MRT,2015-09-30,2015-09-30,2015-09-30,2020-02-18,-2000000.0,8168000000.0,7981750000.0,,,0.082,19.824,0.0,341000000.0,341000000.0,0.0,78000000.0,,0.539,2649000000.0,,,2649000000.0,0.0,0.0,0.0,0.0,0.0,307000000.0,307000000.0,0.468,307000000.0,307000000.0,232000000.0,0.29,0.27,0.29,5307000000.0,5415250000.0,5307000000.0,5065478382.0,16.0,16.5,201000000.0,0.751,1.0,656000000.0,1.0,0.0,75000000.0,10476000000.0,9575500000.0,0.0,7106000000.0,,,2861000000.0,,,3310478382.0,-265000000.0,0.0,-152000000.0,1130000000.0,0.0,962000000.0,-1428000000.0,-1404000000.0,201000000.0,-12000000.0,78000000.0,78000000.0,78000000.0,0.0,0.0,0.119,238000000.0,418000000.0,0.0,0.0,0.624,42.442,41.931,0.0,0.0,12.16,5.046,4.962,357000000.0,-806000000.0,656000000.0,656000000.0,0.0,0.01,0.014,0.032,0.468,39000000.0,222000000.0,1.0,272243288.0,267700000.0,267700000.0,2.451,8168000000.0,263000000.0,154000000.0,0.0,30.512,
5,ACAS,MRT,2015-06-30,2015-06-30,2015-06-30,2020-02-18,46000000.0,8085000000.0,7733750000.0,,,0.079,20.029,0.0,352000000.0,352000000.0,0.0,229000000.0,,0.482,2107000000.0,,,2107000000.0,0.0,0.0,0.0,0.0,0.0,451000000.0,451000000.0,0.741,451000000.0,451000000.0,383000000.0,0.86,0.82,0.86,5456000000.0,5448750000.0,5456000000.0,5178074690.0,11.0,11.481,170000000.0,0.624,1.0,609000000.0,1.0,0.0,68000000.0,9840000000.0,8933500000.0,0.0,7260000000.0,,,2629000000.0,,,3726074690.0,94000000.0,0.0,-19000000.0,1179000000.0,0.0,1137000000.0,-1213000000.0,-1190000000.0,170000000.0,-12000000.0,229000000.0,229000000.0,229000000.0,0.0,0.0,0.376,240000000.0,369000000.0,0.0,0.0,0.683,16.271,15.756,0.0,0.0,13.55,6.118,6.061,50000000.0,-824000000.0,609000000.0,609000000.0,0.0,0.03,0.042,0.05,0.741,45000000.0,227000000.0,1.0,274987062.0,272400000.0,283400000.0,2.236,8085000000.0,264000000.0,154000000.0,0.0,29.681,
6,ACAS,MRT,2015-03-31,2015-03-31,2015-03-31,2020-02-18,-190000000.0,8034000000.0,7311000000.0,,,0.074,20.015,0.0,550000000.0,550000000.0,0.0,379000000.0,,0.481,2002000000.0,,,2002000000.0,0.0,0.0,0.0,0.0,0.0,561000000.0,561000000.0,1.037,561000000.0,561000000.0,502000000.0,1.43,1.36,1.43,5426000000.0,5411000000.0,5426000000.0,4881688932.0,9.0,8.702,125000000.0,0.461,1.0,541000000.0,1.0,0.0,59000000.0,9486000000.0,8203500000.0,0.0,7035000000.0,,,2608000000.0,,,4021688932.0,-37000000.0,0.0,42000000.0,1076000000.0,0.0,1090000000.0,-1252000000.0,-1226000000.0,125000000.0,-19000000.0,379000000.0,379000000.0,379000000.0,0.0,0.0,0.701,237000000.0,304000000.0,0.0,0.0,0.741,10.611,10.343,0.0,0.0,14.79,7.434,7.411,40000000.0,-668000000.0,541000000.0,541000000.0,0.0,0.052,0.07,0.068,1.037,45000000.0,228000000.0,1.0,271919468.0,271100000.0,282900000.0,1.996,8034000000.0,276000000.0,123000000.0,0.0,29.635,
7,ACAS,MRT,2014-12-31,2014-12-31,2014-12-31,2020-02-18,-272000000.0,7640000000.0,6836000000.0,,,0.069,20.403,0.0,843000000.0,843000000.0,0.0,434000000.0,,0.396,1703000000.0,,,1703000000.0,0.0,0.0,0.0,0.0,0.0,552000000.0,552000000.0,1.172,552000000.0,552000000.0,498000000.0,1.62,1.55,1.62,5472000000.0,5324000000.0,5472000000.0,4671857472.0,8.0,8.464,145000000.0,0.541,1.0,471000000.0,1.0,0.0,54000000.0,8500000000.0,7420000000.0,0.0,6280000000.0,,,2168000000.0,,,3939857472.0,304000000.0,0.0,-99000000.0,772000000.0,0.0,663000000.0,-504000000.0,-480000000.0,145000000.0,0.0,434000000.0,434000000.0,434000000.0,0.0,0.0,0.921,234000000.0,237000000.0,0.0,0.0,0.72,9.078,9.019,0.0,0.0,14.61,8.365,8.319,50000000.0,-505000000.0,471000000.0,471000000.0,0.0,0.063,0.082,0.074,1.172,48000000.0,229000000.0,1.0,269668547.0,268200000.0,280700000.0,1.756,7640000000.0,354000000.0,64000000.0,0.0,28.486,
8,ACAS,MRT,2014-09-30,2014-09-30,2014-09-30,2020-02-18,-110000000.0,7176000000.0,6428250000.0,,,0.067,20.371,0.0,650000000.0,650000000.0,0.0,214000000.0,,0.319,1382000000.0,,,1382000000.0,0.0,0.0,0.0,0.0,0.0,269000000.0,269000000.0,0.624,269000000.0,269000000.0,220000000.0,0.89,0.84,0.89,5441000000.0,5237500000.0,5441000000.0,4329427217.0,16.0,16.095,146000000.0,0.547,1.0,431000000.0,1.0,0.0,49000000.0,7908000000.0,6897750000.0,0.0,5929000000.0,,,1735000000.0,,,3803427217.0,-169000000.0,0.0,-236000000.0,471000000.0,0.0,344000000.0,-659000000.0,-657000000.0,146000000.0,0.0,214000000.0,214000000.0,214000000.0,0.0,0.0,0.497,207000000.0,224000000.0,0.0,0.0,0.699,17.773,15.91,0.0,0.0,14.16,8.825,8.775,37000000.0,-667000000.0,431000000.0,431000000.0,0.0,0.033,0.041,0.039,0.624,37000000.0,207000000.0,1.0,268603617.0,267100000.0,279900000.0,1.614,7176000000.0,434000000.0,6000000.0,0.0,26.866,
9,ACAS,MRT,2014-06-30,2014-06-30,2014-06-30,2020-02-18,-162000000.0,6394000000.0,6202000000.0,,,0.066,19.929,0.0,265000000.0,265000000.0,0.0,99000000.0,,0.205,791000000.0,,,791000000.0,0.0,0.0,0.0,0.0,0.0,171000000.0,171000000.0,0.419,171000000.0,171000000.0,126000000.0,0.46,0.43,0.46,5305000000.0,5232000000.0,5305000000.0,4315121228.0,25.0,25.235,154000000.0,0.579,1.0,408000000.0,1.0,0.0,45000000.0,6920000000.0,6512750000.0,0.0,5511000000.0,,,1089000000.0,,,4097121228.0,-172000000.0,0.0,-414000000.0,176000000.0,0.0,-221000000.0,-105000000.0,-102000000.0,154000000.0,0.0,99000000.0,99000000.0,99000000.0,0.0,0.0,0.243,207000000.0,201000000.0,0.0,0.0,0.772,41.385,33.239,0.0,0.0,15.29,10.042,9.976,38000000.0,-729000000.0,408000000.0,408000000.0,0.0,0.016,0.019,0.026,0.419,35000000.0,207000000.0,1.0,267960839.0,266200000.0,278500000.0,1.533,6394000000.0,431000000.0,27000000.0,0.0,24.02,
10,ACAS,MRT,2014-03-31,2014-03-31,2014-03-31,2020-02-18,-355000000.0,6134000000.0,6168500000.0,,,0.071,18.759,0.0,572000000.0,572000000.0,0.0,-92000000.0,,0.208,790000000.0,,,790000000.0,0.0,-2000000.0,0.0,0.0,0.0,-1000000.0,-3000000.0,-0.007,-3000000.0,-1000000.0,-46000000.0,-0.27,-0.26,-0.27,5078000000.0,5300500000.0,5078000000.0,4755986599.0,-4756.0,-1585.329,151000000.0,0.558,1.0,438000000.0,1.0,0.0,45000000.0,6352000000.0,6398000000.0,0.0,5020000000.0,,,1056000000.0,,,4353986599.0,108000000.0,0.0,-538000000.0,127000000.0,0.0,-359000000.0,316000000.0,325000000.0,151000000.0,0.0,-92000000.0,-92000000.0,-92000000.0,0.0,0.0,-0.21,213000000.0,225000000.0,0.0,0.0,0.857,-47.326,-58.5,0.0,0.0,15.795,9.941,9.762,32000000.0,-748000000.0,438000000.0,438000000.0,0.0,-0.015,-0.017,0.0,-0.002,35000000.0,213000000.0,1.0,275656005.0,270700000.0,283400000.0,1.618,6134000000.0,419000000.0,46000000.0,0.0,22.66,
11,ACAS,MRT,2013-12-31,2013-12-31,2013-12-31,2020-02-18,-399000000.0,6009000000.0,6235750000.0,,,0.078,17.579,0.0,389000000.0,389000000.0,0.0,184000000.0,,0.172,791000000.0,,,791000000.0,0.0,0.0,0.0,0.0,0.0,281000000.0,281000000.0,0.577,281000000.0,281000000.0,237000000.0,0.63,0.61,0.63,5126000000.0,5448250000.0,5126000000.0,4514950164.0,16.0,16.067,193000000.0,0.662,1.0,487000000.0,1.0,0.0,44000000.0,6411000000.0,6473000000.0,0.0,5072000000.0,,,883000000.0,,,4417950164.0,-16000000.0,0.0,-530000000.0,14000000.0,0.0,-382000000.0,173000000.0,197000000.0,193000000.0,0.0,184000000.0,184000000.0,184000000.0,0.0,0.0,0.378,211000000.0,276000000.0,0.0,0.0,0.862,24.011,24.825,0.0,0.0,15.64,9.072,9.365,38000000.0,-774000000.0,487000000.0,487000000.0,0.0,0.03,0.034,0.043,0.577,32000000.0,211000000.0,1.0,282477632.0,291600000.0,303900000.0,1.67,6009000000.0,414000000.0,53000000.0,0.0,20.607,
12,ACAS,MRT,2013-09-30,2013-09-30,2013-09-30,2020-02-18,-160000000.0,6271000000.0,6313250000.0,,,0.087,18.914,0.0,694000000.0,694000000.0,0.0,489000000.0,,0.157,791000000.0,,,791000000.0,0.0,-5000000.0,0.0,0.0,0.0,632000000.0,627000000.0,1.142,627000000.0,632000000.0,588000000.0,1.62,1.56,1.62,5419000000.0,5524000000.0,5419000000.0,4254839708.0,7.0,6.786,183000000.0,0.639,1.0,549000000.0,1.0,0.0,44000000.0,6368000000.0,6526000000.0,0.0,5035000000.0,,,852000000.0,,,4053839708.0,329000000.0,0.0,-494000000.0,61000000.0,0.0,-493000000.0,639000000.0,662000000.0,183000000.0,0.0,489000000.0,489000000.0,489000000.0,0.0,0.0,0.891,210000000.0,339000000.0,0.0,0.0,0.748,8.29,8.488,0.0,0.0,13.75,7.384,7.176,41000000.0,-831000000.0,549000000.0,549000000.0,0.0,0.077,0.089,0.097,1.151,34000000.0,210000000.0,1.0,294824706.0,286500000.0,286500000.0,1.916,6271000000.0,422000000.0,99000000.0,0.0,21.888,
13,ACAS,MRT,2013-06-30,2013-06-30,2013-06-30,2020-02-18,-175000000.0,6260000000.0,6312000000.0,,,0.095,18.753,0.0,413000000.0,413000000.0,0.0,686000000.0,,0.122,614000000.0,,,614000000.0,0.0,-3000000.0,0.0,0.0,0.0,844000000.0,841000000.0,1.409,841000000.0,844000000.0,795000000.0,2.24,2.16,2.24,5579000000.0,5513250000.0,5579000000.0,4089223051.0,5.0,4.862,165000000.0,0.555,1.0,597000000.0,1.0,0.0,49000000.0,6461000000.0,6620000000.0,0.0,5281000000.0,,,681000000.0,,,3840223051.0,1000000.0,0.0,-439000000.0,-388000000.0,0.0,-633000000.0,469000000.0,497000000.0,165000000.0,0.0,686000000.0,686000000.0,686000000.0,0.0,0.0,1.149,210000000.0,387000000.0,0.0,0.0,0.688,5.598,5.656,0.0,0.0,12.67,6.433,6.314,48000000.0,-815000000.0,597000000.0,597000000.0,0.0,0.109,0.124,0.127,1.414,35000000.0,210000000.0,1.0,303095742.0,297500000.0,309700000.0,2.007,6260000000.0,443000000.0,109000000.0,0.0,21.042,
14,ACAS,MRT,2013-03-31,2013-03-31,2013-03-31,2020-02-18,-174000000.0,6403000000.0,6328250000.0,,,0.1,18.563,0.0,413000000.0,413000000.0,0.0,902000000.0,,0.129,662000000.0,,,662000000.0,0.0,0.0,0.0,0.0,0.0,915000000.0,915000000.0,1.452,915000000.0,915000000.0,861000000.0,2.9,2.8,2.9,5669000000.0,5438500000.0,5669000000.0,4834420566.0,5.0,5.284,168000000.0,0.55,1.0,630000000.0,1.0,0.0,54000000.0,6652000000.0,6707250000.0,0.0,5411000000.0,,,734000000.0,,,4530420566.0,47000000.0,0.0,-401000000.0,-531000000.0,0.0,-713000000.0,592000000.0,616000000.0,168000000.0,0.0,902000000.0,902000000.0,902000000.0,0.0,0.0,1.432,206000000.0,424000000.0,0.0,0.0,0.799,5.023,5.033,0.0,0.0,14.595,7.191,7.075,48000000.0,-837000000.0,630000000.0,630000000.0,0.0,0.143,0.166,0.136,1.452,39000000.0,206000000.0,1.0,310409083.0,305400000.0,317900000.0,2.063,6403000000.0,452000000.0,-41000000.0,0.0,20.966,
15,ACAS,MRT,2012-12-31,2012-12-31,2012-12-31,2020-02-18,-482000000.0,6319000000.0,6332750000.0,,,0.102,16.95,0.0,471000000.0,471000000.0,0.0,1136000000.0,,0.164,775000000.0,,,775000000.0,0.0,0.0,0.0,0.0,0.0,1176000000.0,1176000000.0,1.82,1176000000.0,1176000000.0,1117000000.0,3.55,3.44,3.55,5429000000.0,5299750000.0,5429000000.0,4273341202.0,4.0,3.634,164000000.0,0.512,1.0,646000000.0,1.0,0.0,59000000.0,6623000000.0,6803000000.0,0.0,5265000000.0,,,890000000.0,,,3795341202.0,127000000.0,0.0,-326000000.0,-536000000.0,0.0,-860000000.0,823000000.0,833000000.0,164000000.0,0.0,1136000000.0,1136000000.0,1136000000.0,0.0,0.0,1.759,204000000.0,442000000.0,0.0,0.0,0.699,3.341,3.386,0.0,0.0,12.021,5.875,5.96,39000000.0,-875000000.0,646000000.0,646000000.0,0.0,0.179,0.214,0.173,1.82,44000000.0,204000000.0,1.0,315739046.0,320300000.0,330300000.0,2.017,6319000000.0,455000000.0,-19000000.0,0.0,19.728,
16,ACAS,MRT,2012-09-30,2012-09-30,2012-09-30,2020-02-18,-507000000.0,6266000000.0,6243250000.0,,,0.1,16.991,0.0,325000000.0,325000000.0,0.0,1607000000.0,,0.166,803000000.0,,,803000000.0,0.0,7000000.0,0.0,0.0,0.0,1169000000.0,1176000000.0,1.879,1176000000.0,1169000000.0,1101000000.0,4.83,4.7,4.83,5376000000.0,5083250000.0,5376000000.0,4169833751.0,4.0,3.546,156000000.0,0.493,1.0,626000000.0,1.0,0.0,68000000.0,6744000000.0,6879250000.0,0.0,5309000000.0,,,890000000.0,,,3684833751.0,117000000.0,0.0,-297000000.0,-732000000.0,0.0,-954000000.0,915000000.0,927000000.0,156000000.0,0.0,1607000000.0,1607000000.0,1607000000.0,0.0,0.0,2.567,206000000.0,420000000.0,0.0,0.0,0.685,2.293,2.35,0.0,0.0,11.35,5.886,5.737,0.0,-973000000.0,626000000.0,626000000.0,0.0,0.257,0.316,0.17,1.867,46000000.0,206000000.0,1.0,324654956.0,316400000.0,327300000.0,1.979,6266000000.0,511000000.0,-506000000.0,0.0,19.804,
17,ACAS,MRT,2012-06-30,2012-06-30,2012-06-30,2020-02-18,-631000000.0,6325000000.0,6099750000.0,,,0.099,16.271,0.0,456000000.0,456000000.0,0.0,947000000.0,,0.198,941000000.0,,,941000000.0,0.0,6000000.0,0.0,0.0,0.0,479000000.0,485000000.0,0.806,485000000.0,479000000.0,406000000.0,2.87,2.76,2.87,5280000000.0,4743250000.0,5280000000.0,3959981442.0,8.0,8.165,174000000.0,0.536,1.0,602000000.0,1.0,0.0,73000000.0,6810000000.0,6928000000.0,0.0,5220000000.0,,,1045000000.0,,,3345981442.0,120000000.0,0.0,-256000000.0,-770000000.0,0.0,-990000000.0,936000000.0,945000000.0,174000000.0,0.0,947000000.0,947000000.0,947000000.0,0.0,0.0,1.573,202000000.0,400000000.0,0.0,0.0,0.634,3.533,3.505,0.0,0.0,10.06,5.558,5.423,0.0,-1045000000.0,602000000.0,602000000.0,0.0,0.155,0.2,0.069,0.796,49000000.0,202000000.0,1.0,332602529.0,324500000.0,333900000.0,1.855,6325000000.0,541000000.0,-541000000.0,0.0,19.492,
18,ACAS,MRT,2012-03-31,2012-03-31,2012-03-31,2020-02-18,-855000000.0,6421000000.0,6101750000.0,,,0.095,15.455,0.0,518000000.0,518000000.0,0.0,1120000000.0,,0.256,1132000000.0,,,1132000000.0,0.0,7000000.0,0.0,0.0,0.0,800000000.0,807000000.0,1.389,807000000.0,800000000.0,723000000.0,3.32,3.18,3.32,5114000000.0,4558500000.0,5114000000.0,3888557913.0,5.0,4.819,178000000.0,0.538,1.0,581000000.0,1.0,0.0,77000000.0,7035000000.0,7143750000.0,0.0,5379000000.0,,,1307000000.0,,,2921557913.0,215000000.0,0.0,-168000000.0,-696000000.0,0.0,-885000000.0,922000000.0,934000000.0,178000000.0,0.0,1120000000.0,1120000000.0,1120000000.0,0.0,0.0,1.928,203000000.0,378000000.0,0.0,0.0,0.571,2.609,2.614,0.0,0.0,8.68,5.028,4.944,0.0,-1058000000.0,581000000.0,581000000.0,0.0,0.184,0.246,0.112,1.377,47000000.0,203000000.0,1.0,336585013.0,330900000.0,339600000.0,1.756,6421000000.0,396000000.0,-397000000.0,0.0,19.405,
19,ACAS,MRT,2011-12-31,2011-12-31,2011-12-31,2020-02-18,-1494000000.0,5961000000.0,5997250000.0,,,0.099,13.268,0.0,284000000.0,284000000.0,0.0,974000000.0,,0.306,1251000000.0,,,1251000000.0,0.0,7000000.0,0.0,0.0,0.0,636000000.0,643000000.0,1.088,643000000.0,636000000.0,546000000.0,2.83,2.74,2.83,4563000000.0,4309000000.0,4563000000.0,3567512561.0,6.0,5.548,174000000.0,0.506,1.0,591000000.0,1.0,0.0,90000000.0,6928000000.0,7272250000.0,0.0,5130000000.0,,,1398000000.0,,,2320512561.0,-65000000.0,0.0,-123000000.0,-1008000000.0,0.0,-1026000000.0,787000000.0,791000000.0,174000000.0,0.0,974000000.0,974000000.0,974000000.0,0.0,0.0,1.648,198000000.0,393000000.0,0.0,0.0,0.509,2.382,2.378,0.0,0.0,6.73,3.926,3.916,42000000.0,-999000000.0,591000000.0,591000000.0,0.0,0.162,0.226,0.087,1.076,45000000.0,198000000.0,1.0,344801272.0,343900000.0,355300000.0,1.719,5961000000.0,428000000.0,-428000000.0,0.0,17.334,
20,ACAS,MRT,2011-09-30,2011-09-30,2011-09-30,2020-02-18,-1950000000.0,5692000000.0,6028000000.0,,,0.095,11.63,0.0,272000000.0,272000000.0,0.0,761000000.0,,0.417,1519000000.0,,,1519000000.0,0.0,7000000.0,0.0,0.0,0.0,858000000.0,865000000.0,1.507,865000000.0,858000000.0,761000000.0,2.22,2.11,2.22,4016000000.0,4085250000.0,4016000000.0,3753080055.0,4.0,4.339,175000000.0,0.507,1.0,574000000.0,1.0,0.0,97000000.0,6939000000.0,7512500000.0,0.0,5295000000.0,,,1676000000.0,,,2413080055.0,78000000.0,0.0,-62000000.0,-1087000000.0,0.0,-1017000000.0,920000000.0,905000000.0,175000000.0,0.0,761000000.0,761000000.0,761000000.0,0.0,0.0,1.326,191000000.0,383000000.0,0.0,0.0,0.601,3.171,3.072,0.0,0.0,6.82,4.204,4.103,0.0,-1137000000.0,574000000.0,574000000.0,0.0,0.126,0.186,0.114,1.495,45000000.0,191000000.0,1.0,353824055.0,345300000.0,345300000.0,1.662,5692000000.0,0.0,0.0,0.0,16.484,
21,ACAS,MRT,2011-06-30,2011-06-30,2011-06-30,2020-02-18,-1388000000.0,6333000000.0,6098000000.0,,,0.096,13.075,0.0,302000000.0,302000000.0,0.0,1374000000.0,,0.395,1642000000.0,,,1642000000.0,0.0,9000000.0,0.0,0.0,0.0,1487000000.0,1496000000.0,2.553,1496000000.0,1487000000.0,1374000000.0,3.99,3.88,3.99,4541000000.0,3899000000.0,4541000000.0,5047974730.0,3.0,3.374,173000000.0,0.498,1.0,586000000.0,1.0,0.0,113000000.0,7673000000.0,7840500000.0,0.0,5909000000.0,,,1792000000.0,,,3501974730.0,10000000.0,0.0,11000000.0,-1302000000.0,0.0,-1203000000.0,1040000000.0,1007000000.0,173000000.0,0.0,1374000000.0,1374000000.0,1374000000.0,0.0,0.0,2.345,193000000.0,393000000.0,0.0,0.0,0.771,2.549,2.489,0.0,0.0,9.93,5.976,5.885,0.0,-1234000000.0,586000000.0,586000000.0,0.0,0.225,0.352,0.19,2.538,42000000.0,193000000.0,1.0,352666136.0,347300000.0,361600000.0,1.687,6333000000.0,0.0,0.0,0.0,18.235,
22,ACAS,MRT,2011-03-31,2011-03-31,2011-03-31,2020-02-18,-1976000000.0,6003000000.0,6070000000.0,,,0.098,11.893,0.0,196000000.0,196000000.0,0.0,1245000000.0,,0.458,1742000000.0,,,1742000000.0,0.0,11000000.0,0.0,0.0,0.0,1394000000.0,1405000000.0,2.361,1405000000.0,1394000000.0,1245000000.0,3.66,3.59,3.66,4116000000.0,3542000000.0,4116000000.0,5291445157.0,4.0,3.766,108000000.0,0.312,1.0,595000000.0,1.0,0.0,149000000.0,7549000000.0,8118250000.0,0.0,5652000000.0,,,1887000000.0,,,3486445157.0,-722000000.0,0.0,302000000.0,-2313000000.0,0.0,-2028000000.0,1198000000.0,1177000000.0,108000000.0,0.0,1245000000.0,1245000000.0,1245000000.0,0.0,0.0,2.092,191000000.0,404000000.0,0.0,0.0,0.847,2.8,2.708,0.0,0.0,9.91,5.86,5.764,0.0,-1056000000.0,595000000.0,595000000.0,0.0,0.205,0.351,0.172,2.343,42000000.0,191000000.0,1.0,351810813.0,346100000.0,358400000.0,1.719,6003000000.0,0.0,0.0,0.0,17.345,
23,ACAS,MRT,2010-12-31,2010-12-31,2010-12-31,2020-02-18,-2330000000.0,6084000000.0,6258500000.0,,,0.096,11.255,0.0,454000000.0,454000000.0,0.0,998000000.0,,0.659,2259000000.0,,,2259000000.0,0.0,14000000.0,0.0,0.0,0.0,1175000000.0,1189000000.0,1.982,1189000000.0,1175000000.0,998000000.0,3.06,3.02,3.06,3668000000.0,3144500000.0,3668000000.0,4858922304.0,4.0,4.087,87000000.0,0.267,1.0,600000000.0,1.0,0.0,177000000.0,7889000000.0,8702000000.0,0.0,5475000000.0,,,2416000000.0,,,2579922304.0,-566000000.0,0.0,298000000.0,-1996000000.0,0.0,-1698000000.0,1045000000.0,1047000000.0,87000000.0,0.0,998000000.0,998000000.0,998000000.0,0.0,0.0,1.663,198000000.0,402000000.0,0.0,0.0,0.703,2.585,2.471,0.0,0.0,7.56,4.3,4.106,0.0,-1136000000.0,600000000.0,600000000.0,0.0,0.159,0.317,0.135,1.958,42000000.0,198000000.0,1.0,341259564.0,325900000.0,330900000.0,1.841,6084000000.0,0.0,0.0,0.0,18.668,
24,ACAS,MRT,2010-09-30,2010-09-30,2010-09-30,2020-02-18,-2706000000.0,5972000000.0,6405500000.0,,,0.098,9.523,0.0,238000000.0,238000000.0,0.0,724000000.0,,0.826,2517000000.0,,,2517000000.0,0.0,19000000.0,0.0,0.0,0.0,922000000.0,941000000.0,1.503,941000000.0,922000000.0,714000000.0,2.65,2.63,2.65,3271000000.0,2809750000.0,3271000000.0,4542611983.0,5.0,4.827,92000000.0,0.268,1.0,626000000.0,1.0,0.0,208000000.0,8251000000.0,9200500000.0,0.0,5566000000.0,,,2701000000.0,,,1979611983.0,-336000000.0,0.0,295000000.0,-1786000000.0,0.0,-1489000000.0,1061000000.0,1109000000.0,92000000.0,0.0,724000000.0,724000000.0,724000000.0,0.0,0.0,1.157,246000000.0,380000000.0,0.0,0.0,0.605,2.734,2.192,0.0,0.0,5.81,3.162,3.188,0.0,-1086000000.0,626000000.0,626000000.0,0.0,0.113,0.258,0.1,1.473,64000000.0,246000000.0,1.0,340724954.0,343500000.0,348000000.0,1.822,5972000000.0,0.0,-10000000.0,0.0,17.386,
25,ACAS,MRT,2010-06-30,2010-06-30,2010-06-30,2020-02-18,-2864000000.0,6221000000.0,6579500000.0,,,0.103,9.408,1000000.0,361000000.0,361000000.0,0.0,652000000.0,,0.998,2924000000.0,,,2924000000.0,0.0,21000000.0,0.0,0.0,0.0,900000000.0,921000000.0,1.36,921000000.0,900000000.0,643000000.0,2.52,2.47,2.52,3113000000.0,2539500000.0,3113000000.0,4764020938.0,5.0,5.173,76000000.0,0.23,1.0,677000000.0,1.0,0.0,257000000.0,8784000000.0,9730250000.0,0.0,5694000000.0,,,3108000000.0,,,1637020938.0,-7000000.0,0.0,296000000.0,-1459000000.0,-24000000.0,-1305000000.0,1223000000.0,1240000000.0,75000000.0,0.0,652000000.0,652000000.0,652000000.0,0.0,0.0,0.963,269000000.0,408000000.0,0.0,0.0,0.526,2.511,1.913,0.0,0.0,4.82,2.418,2.356,0.0,-1077000000.0,677000000.0,677000000.0,0.0,0.099,0.257,0.092,1.329,72000000.0,269000000.0,1.0,339630900.0,330900000.0,335700000.0,2.046,6221000000.0,0.0,-9000000.0,0.0,18.8,
26,ACAS,MRT,2010-03-31,2010-03-31,2010-03-31,2020-02-18,-3436000000.0,6757000000.0,6681250000.0,,,0.1,8.904,1000000.0,899000000.0,899000000.0,0.0,-176000000.0,,1.675,4026000000.0,,,4026000000.0,0.0,20000000.0,0.0,0.211,1.07,65000000.0,85000000.0,0.128,85000000.0,65000000.0,-196000000.0,-0.85,-0.89,-0.85,2526000000.0,2233750000.0,2526000000.0,4639257301.0,71.0,54.579,156000000.0,0.55,1.0,666000000.0,1.0,0.0,261000000.0,9884000000.0,10212000000.0,0.0,5698000000.0,,,4231000000.0,,,1428257301.0,732000000.0,0.0,0.0,-374000000.0,-24000000.0,-415000000.0,992000000.0,1008000000.0,155000000.0,0.0,-176000000.0,-176000000.0,-176000000.0,0.0,0.0,-0.264,284000000.0,382000000.0,0.0,-1.259,0.565,-8.115,-5.976,0.0,0.0,5.08,2.145,2.164,0.0,-786000000.0,666000000.0,666000000.0,0.0,-0.026,-0.079,0.006,0.098,79000000.0,284000000.0,1.0,281153012.0,283700000.0,286000000.0,2.348,6757000000.0,0.0,-20000000.0,0.0,23.817,
27,ACAS,MRT,2009-12-31,2009-12-31,2009-12-31,2020-02-18,-3700000000.0,6672000000.0,6794750000.0,,,0.103,9.66,0.0,931000000.0,931000000.0,0.0,-910000000.0,,1.865,4142000000.0,,,4142000000.0,0.0,18000000.0,0.0,0.439,1.07,-674000000.0,-656000000.0,-0.941,-656000000.0,-674000000.0,-930000000.0,-3.77,-3.77,-3.77,2329000000.0,2265750000.0,2329000000.0,4387251227.0,-7.0,-6.688,165000000.0,0.684,1.0,697000000.0,1.0,0.0,256000000.0,9883000000.0,10599000000.0,0.0,5575000000.0,,,4343000000.0,,,685251227.0,626000000.0,-65000000.0,0.0,-288000000.0,-24000000.0,-358000000.0,819000000.0,894000000.0,165000000.0,0.0,-910000000.0,-910000000.0,-910000000.0,0.0,0.0,-1.306,306000000.0,391000000.0,0.0,-0.284,0.294,-0.753,-0.647,0.0,0.0,2.44,0.983,0.844,0.0,-709000000.0,697000000.0,697000000.0,0.0,-0.134,-0.402,-0.064,-0.967,86000000.0,306000000.0,1.0,280840667.0,241100000.0,241100000.0,2.891,6672000000.0,0.0,-20000000.0,0.0,27.673,
28,ACAS,MRT,2009-09-30,2009-09-30,2009-09-30,2020-02-18,-4090000000.0,6668000000.0,7104250000.0,,,0.105,8.538,7000000.0,577000000.0,577000000.0,0.0,-2701000000.0,,2.045,4279000000.0,,,4279000000.0,0.0,20000000.0,0.0,0.656,2.12,-2412000000.0,-2392000000.0,-3.206,-2392000000.0,-2412000000.0,-2668000000.0,-13.1,-13.13,-13.1,2190000000.0,2472250000.0,2190000000.0,4780181701.0,-2.0,-1.998,271000000.0,1.057,1.0,746000000.0,1.0,0.0,256000000.0,10370000000.0,11142750000.0,0.0,5902000000.0,,,4478000000.0,,,697181701.0,125000000.0,-65000000.0,-20000000.0,-201000000.0,-242000000.0,-622000000.0,483000000.0,567000000.0,264000000.0,0.0,-2701000000.0,-2701000000.0,-2701000000.0,0.0,0.0,-3.621,285000000.0,461000000.0,0.0,-0.162,0.318,-0.258,-0.247,0.0,0.0,3.23,0.935,1.111,0.0,-550000000.0,746000000.0,746000000.0,0.0,-0.38,-1.093,-0.216,-3.233,70000000.0,285000000.0,1.0,215845728.0,256500000.0,284300000.0,2.908,6668000000.0,0.0,33000000.0,0.0,25.996,
29,ACAS,MRT,2009-06-30,2009-06-30,2009-06-30,2020-02-18,-4201000000.0,6628000000.0,7898750000.0,,,0.105,8.71,5000000.0,238000000.0,238000000.0,0.0,-3326000000.0,,2.507,4321000000.0,,,4321000000.0,0.0,18000000.0,0.0,0.66,2.12,-3071000000.0,-3053000000.0,-3.674,-3053000000.0,-3071000000.0,-3292000000.0,-16.03,-16.03,-16.03,1890000000.0,3190000000.0,1890000000.0,4912601488.0,-2.0,-1.609,336000000.0,1.548,1.0,831000000.0,1.0,0.0,221000000.0,10711000000.0,12040000000.0,0.0,6193000000.0,,,4738000000.0,,,691601488.0,-79000000.0,-65000000.0,-40000000.0,222000000.0,-415000000.0,-496000000.0,86000000.0,184000000.0,331000000.0,0.0,-3326000000.0,-3326000000.0,-3326000000.0,0.0,0.0,-4.002,288000000.0,543000000.0,231000000.0,-0.132,0.366,-0.208,-0.2,0.0,0.0,3.21,0.832,0.838,0.0,-516000000.0,831000000.0,831000000.0,0.0,-0.421,-1.043,-0.255,-3.696,72000000.0,288000000.0,1.0,215452177.0,217000000.0,217000000.0,3.829,6628000000.0,0.0,34000000.0,0.0,30.544,
30,ACAS,MRT,2009-03-31,2009-03-31,2009-03-31,2020-02-18,-3960000000.0,7211000000.0,8855750000.0,,,0.108,12.846,3000000.0,156000000.0,156000000.0,0.0,-2849000000.0,,1.717,4377000000.0,,,4377000000.0,0.0,18000000.0,0.0,1.112,2.08,-2602000000.0,-2584000000.0,-2.709,-2584000000.0,-2602000000.0,-2811000000.0,-13.85,-13.85,-13.85,2654000000.0,4116500000.0,2654000000.0,4530838768.0,-2.0,-1.753,427000000.0,2.067,1.0,954000000.0,1.0,0.0,209000000.0,11432000000.0,12972250000.0,0.0,6849000000.0,,,4557000000.0,,,382838768.0,51000000.0,-65000000.0,107000000.0,662000000.0,-618000000.0,-62000000.0,-311000000.0,-230000000.0,424000000.0,0.0,-2849000000.0,-2849000000.0,-2849000000.0,0.0,0.0,-2.986,301000000.0,653000000.0,0.0,-0.15,0.144,-0.134,-0.135,0.0,0.0,1.87,0.401,0.405,0.0,21000000.0,954000000.0,954000000.0,0.0,-0.322,-0.692,-0.201,-2.727,75000000.0,301000000.0,1.0,204726614.0,206600000.0,206600000.0,4.618,7211000000.0,0.0,38000000.0,0.0,34.903,
31,ACAS,MRT,2008-12-31,2008-12-31,2008-12-31,2020-02-18,-3468000000.0,7910000000.0,9607750000.0,,,0.109,15.488,0.0,280000000.0,280000000.0,0.0,-3115000000.0,,1.507,4428000000.0,,,4428000000.0,0.0,18000000.0,0.0,0.954,3.09,-2858000000.0,-2840000000.0,-2.702,-2840000000.0,-2858000000.0,-3078000000.0,-15.29,-15.29,-15.29,3155000000.0,4882750000.0,3155000000.0,4782881444.0,-2.0,-1.684,383000000.0,1.88,1.0,1051000000.0,1.0,0.0,220000000.0,12058000000.0,13609500000.0,0.0,7427000000.0,,,4755000000.0,,,669881444.0,66000000.0,0.0,378000000.0,-66000000.0,-819000000.0,-588000000.0,271000000.0,255000000.0,383000000.0,0.0,-3115000000.0,-3115000000.0,-3115000000.0,0.0,0.0,-2.964,301000000.0,750000000.0,0.0,-0.202,0.212,-0.215,-0.212,0.0,0.0,3.24,0.637,0.628,0.0,76000000.0,1051000000.0,1051000000.0,0.0,-0.324,-0.638,-0.21,-2.719,81000000.0,301000000.0,1.0,206753532.0,203700000.0,203700000.0,5.16,7910000000.0,0.0,37000000.0,0.0,38.832,
32,ACAS,MRT,2008-09-30,2008-09-30,2008-09-30,2020-02-18,-1787000000.0,9846000000.0,10563250000.0,,,0.112,24.32,-12000000.0,429000000.0,429000000.0,0.0,-1674000000.0,,0.945,4542000000.0,,,4542000000.0,0.0,17000000.0,0.0,0.119,3.04,-1443000000.0,-1426000000.0,-1.201,-1426000000.0,-1443000000.0,-1677000000.0,-8.7,-8.67,-8.7,5061000000.0,5704250000.0,5061000000.0,9264701887.0,-6.0,-6.497,410000000.0,1.97,1.0,1187000000.0,1.0,0.0,234000000.0,13959000000.0,14598000000.0,0.0,9097000000.0,,,4785000000.0,,,5280701887.0,228000000.0,0.0,689000000.0,102000000.0,-761000000.0,-91000000.0,-103000000.0,-164000000.0,422000000.0,0.0,-1674000000.0,-1674000000.0,-1674000000.0,0.0,0.0,-1.41,333000000.0,854000000.0,0.0,-0.349,1.043,-3.155,-2.932,0.0,0.0,25.51,4.449,4.472,0.0,275000000.0,1187000000.0,1187000000.0,0.0,-0.158,-0.293,-0.099,-1.216,86000000.0,333000000.0,1.0,207005170.0,208100000.0,208100000.0,5.704,9846000000.0,0.0,-3000000.0,0.0,47.314,
33,ACAS,MRT,2008-06-30,2008-06-30,2008-06-30,2020-02-18,-1089000000.0,10456000000.0,10969000000.0,,,0.111,27.378,-21000000.0,491000000.0,491000000.0,0.0,-1105000000.0,,0.868,4475000000.0,,,4475000000.0,0.0,14000000.0,0.0,0.167,3.96,-853000000.0,-839000000.0,-0.688,-839000000.0,-853000000.0,-1116000000.0,-5.96,-5.93,-5.96,5596000000.0,6078500000.0,5596000000.0,8584854987.0,-10.0,-10.232,422000000.0,2.065,1.0,1219000000.0,1.0,0.0,263000000.0,14440000000.0,15058250000.0,0.0,9687000000.0,,,4860000000.0,,,4822854987.0,90000000.0,0.0,914000000.0,-1071000000.0,-703000000.0,-736000000.0,383000000.0,350000000.0,443000000.0,0.0,-1105000000.0,-1105000000.0,-1105000000.0,0.0,0.0,-0.906,344000000.0,875000000.0,209000000.0,-0.664,0.862,-4.365,-3.988,0.0,0.0,23.77,3.956,3.986,0.0,226000000.0,1219000000.0,1219000000.0,0.0,-0.101,-0.182,-0.057,-0.7,82000000.0,344000000.0,1.0,202896718.0,204400000.0,204400000.0,5.964,10456000000.0,0.0,-11000000.0,0.0,51.155,
34,ACAS,MRT,2008-03-31,2008-03-31,2008-03-31,2020-02-18,-825000000.0,10219000000.0,11392750000.0,,,0.113,29.298,-31000000.0,317000000.0,317000000.0,0.0,-247000000.0,,0.787,4079000000.0,,,4079000000.0,0.0,11000000.0,0.0,0.112,3.84,48000000.0,59000000.0,0.046,59000000.0,48000000.0,-240000000.0,-0.85,-0.91,-0.85,5719000000.0,6298250000.0,5719000000.0,10944312557.0,228.0,185.497,369000000.0,1.89,1.0,1282000000.0,1.0,0.0,288000000.0,13981000000.0,15735250000.0,0.0,9639000000.0,,,4500000000.0,,,6664312557.0,-109000000.0,-7000000.0,1777000000.0,-112000000.0,-625000000.0,1002000000.0,-1511000000.0,-1573000000.0,400000000.0,0.0,-247000000.0,-247000000.0,-247000000.0,0.0,0.0,-0.193,356000000.0,926000000.0,196000000.0,-4.518,1.165,-26.981,-40.188,0.0,0.0,34.16,5.198,5.201,0.0,241000000.0,1282000000.0,1282000000.0,0.0,-0.022,-0.039,0.003,0.037,76000000.0,356000000.0,1.0,195091117.0,195200000.0,195200000.0,6.568,10219000000.0,0.0,7000000.0,0.0,52.351,
35,ACAS,MRT,2007-12-31,2007-12-31,2007-12-31,2020-02-18,172000000.0,11732000000.0,11119750000.0,,,0.112,37.039,-35000000.0,544000000.0,544000000.0,0.0,700000000.0,,0.821,4824000000.0,,,4824000000.0,0.0,8000000.0,0.0,0.113,3.72,993000000.0,1001000000.0,0.807,1001000000.0,993000000.0,706000000.0,4.03,3.96,4.03,6441000000.0,6063750000.0,6441000000.0,10518525361.0,11.0,10.508,458000000.0,2.634,1.0,1240000000.0,1.0,0.0,287000000.0,16012000000.0,15463000000.0,0.0,10928000000.0,,,5291000000.0,,,6187525361.0,73000000.0,-7000000.0,1920000000.0,723000000.0,-542000000.0,2087000000.0,-2507000000.0,-2546000000.0,493000000.0,0.0,700000000.0,700000000.0,700000000.0,0.0,0.0,0.565,353000000.0,887000000.0,195000000.0,0.923,0.961,8.839,8.179,0.0,0.0,32.96,4.99,4.622,0.0,254000000.0,1240000000.0,1240000000.0,0.0,0.063,0.115,0.064,0.801,71000000.0,353000000.0,1.0,187728318.0,173900000.0,176900000.0,7.131,11732000000.0,0.0,6000000.0,0.0,67.464,
36,ACAS,MRT,2007-09-30,2007-09-30,2007-09-30,2020-02-18,633000000.0,11469000000.0,10339000000.0,,,0.109,35.107,-39000000.0,216000000.0,216000000.0,0.0,1255000000.0,,0.749,4547000000.0,,,4547000000.0,0.0,4000000.0,0.0,0.084,3.6,1523000000.0,1527000000.0,1.351,1527000000.0,1523000000.0,1251000000.0,7.95,7.81,7.95,6558000000.0,5539000000.0,6558000000.0,13027368202.0,9.0,8.531,424000000.0,2.27,1.0,1130000000.0,1.0,0.0,272000000.0,15800000000.0,14516250000.0,0.0,10974000000.0,,,4911000000.0,,,8030368202.0,65000000.0,-7000000.0,1746000000.0,931000000.0,-493000000.0,2165000000.0,-2563000000.0,-2619000000.0,463000000.0,0.0,1255000000.0,1255000000.0,1255000000.0,0.0,0.0,1.111,329000000.0,801000000.0,172000000.0,0.453,1.225,6.399,5.375,0.0,0.0,42.73,7.107,7.064,0.0,219000000.0,1130000000.0,1130000000.0,0.0,0.121,0.227,0.105,1.348,59000000.0,329000000.0,1.0,187932792.0,186800000.0,189300000.0,6.049,11469000000.0,0.0,-4000000.0,0.0,61.397,
37,ACAS,MRT,2007-06-30,2007-06-30,2007-06-30,2020-02-18,836000000.0,12151000000.0,9435608000.0,,,0.111,39.219,-33000000.0,374000000.0,374000000.0,0.0,1366000000.0,,0.877,5371000000.0,,,5371000000.0,0.0,4000000.0,0.0,0.083,3.51,1622000000.0,1626000000.0,1.547,1626000000.0,1622000000.0,1374000000.0,8.77,8.62,8.77,6475000000.0,4904419000.0,6475000000.0,10634217955.0,7.0,6.54,399000000.0,2.417,1.0,1051000000.0,1.0,0.0,248000000.0,17148000000.0,13391413000.0,0.0,11516000000.0,,,5676000000.0,,,6869217955.0,7000000.0,-7000000.0,1692000000.0,1987000000.0,-452000000.0,3072000000.0,-3497000000.0,-3589000000.0,432000000.0,0.0,1366000000.0,1366000000.0,1366000000.0,0.0,0.0,1.3,305000000.0,746000000.0,151000000.0,0.4,1.061,5.029,4.848,0.0,0.0,42.52,6.536,6.679,0.0,167000000.0,1051000000.0,1051000000.0,0.0,0.145,0.279,0.121,1.543,53000000.0,305000000.0,1.0,161552633.0,165100000.0,168500000.0,6.366,12151000000.0,0.0,8000000.0,0.0,73.598,
38,ACAS,MRT,2007-03-31,2007-03-31,2007-03-31,2020-02-18,287000000.0,9127000000.0,8250013500.0,,,0.114,31.31,-28000000.0,241000000.0,241000000.0,0.0,868000000.0,,0.909,4006000000.0,,,4006000000.0,0.0,4000000.0,0.0,0.077,3.42,1088000000.0,1092000000.0,1.165,1092000000.0,1088000000.0,872000000.0,6.18,6.1,6.18,4781000000.0,4244319250.0,4781000000.0,10402647612.0,10.0,9.526,433000000.0,2.836,1.0,937000000.0,1.0,0.0,216000000.0,12892000000.0,11739562000.0,0.0,8653000000.0,,,4346000000.0,,,6786647612.0,85000000.0,0.0,1198000000.0,1476000000.0,-413000000.0,2240000000.0,-2616000000.0,-2685000000.0,461000000.0,0.0,868000000.0,868000000.0,868000000.0,0.0,0.0,0.926,271000000.0,666000000.0,137000000.0,0.553,1.42,7.819,7.17,0.0,0.0,44.31,7.243,7.221,0.0,79000000.0,937000000.0,937000000.0,0.0,0.105,0.205,0.093,1.161,50000000.0,271000000.0,1.0,153162889.0,152700000.0,156100000.0,6.136,9127000000.0,0.0,4000000.0,0.0,59.771,
39,ACAS,MRT,2006-12-31,2006-12-31,2006-12-31,2020-02-18,280000000.0,8609000000.0,7418299000.0,,,0.116,32.139,-25000000.0,310000000.0,310000000.0,0.0,896000000.0,,0.983,3926000000.0,,,3926000000.0,0.0,4000000.0,0.0,0.072,3.33,1097000000.0,1101000000.0,1.28,1101000000.0,1097000000.0,907000000.0,6.63,6.55,6.63,4342000000.0,3829306750.0,4342000000.0,10114777335.0,9.0,9.187,381000000.0,2.82,1.0,860000000.0,1.0,0.0,190000000.0,12225000000.0,10558403000.0,0.0,8076000000.0,,,4267000000.0,,,6669557335.0,-20000000.0,0.0,940000000.0,1448000000.0,-298000000.0,1963000000.0,-2389000000.0,-2455000000.0,406000000.0,0.0,896000000.0,896000000.0,896000000.0,0.0,0.0,1.042,234000000.0,626000000.0,130000000.0,0.502,1.536,7.444,6.977,0.0,0.0,46.26,7.755,7.267,0.0,88000000.0,860000000.0,860000000.0,0.0,0.121,0.234,0.104,1.276,35000000.0,234000000.0,1.0,144175472.0,135100000.0,136800000.0,6.366,8609000000.0,0.0,11000000.0,0.0,63.723,
40,ACAS,MRT,2006-09-30,2006-09-30,2006-09-30,2020-02-18,136087000.0,7855432000.0,6628299000.0,,,0.119,28.388,-19995000.0,158444000.0,158444000.0,0.0,663914000.0,,0.954,3603664000.0,,,3603664000.0,0.0,-1482000.0,0.0,0.083,3.27,854021000.0,852539000.0,1.08,852539000.0,854021000.0,688246000.0,5.15,5.1,5.15,4019676000.0,3468306750.0,4019676000.0,8744412742.0,10.0,10.257,367683000.0,2.597,1.0,789661000.0,1.0,0.0,165775000.0,11300652000.0,9426403000.0,0.0,7534836000.0,,,3835756000.0,,,5612438742.0,-81758000.0,0.0,1164617000.0,1308914000.0,-334046000.0,2136485000.0,-2605921000.0,-2678926000.0,387678000.0,0.0,663914000.0,663914000.0,663914000.0,0.0,0.0,0.841,196841000.0,592820000.0,118476000.0,0.635,1.396,8.454,7.664,0.0,0.0,39.47,7.107,7.078,0.0,76168000.0,789661000.0,789661000.0,0.0,0.1,0.191,0.091,1.082,28111000.0,196841000.0,1.0,142195053.0,141600000.0,143300000.0,5.577,7855432000.0,0.0,24332000.0,0.0,55.476,
41,ACAS,MRT,2006-06-30,2006-06-30,2006-06-30,2020-02-18,166237000.0,7408622000.0,5907365750.0,,,0.12,28.767,-17264000.0,238327000.0,238327000.0,0.0,625971000.0,,0.932,3370301000.0,,,3370301000.0,0.0,-900000.0,0.0,0.096,3.22,784851000.0,783951000.0,1.108,783951000.0,784851000.0,646187000.0,5.14,5.08,5.14,3834601000.0,3095918250.0,3834601000.0,6836103038.0,9.0,8.72,322270000.0,2.418,1.0,707413000.0,1.0,0.0,138664000.0,10540596000.0,8354234250.0,0.0,7040351000.0,,,3574021000.0,,,4468881038.0,68813000.0,0.0,1323463000.0,1381741000.0,-300773000.0,2423348000.0,-2694069000.0,-2723805000.0,339534000.0,0.0,625971000.0,625971000.0,625971000.0,0.0,0.0,0.885,169894000.0,537519000.0,110097000.0,0.626,1.165,7.139,6.514,0.0,0.0,33.48,6.317,6.309,0.0,32519000.0,707413000.0,707413000.0,0.0,0.106,0.202,0.094,1.109,21656000.0,169894000.0,1.0,133479123.0,133300000.0,134200000.0,5.307,7408622000.0,0.0,20216000.0,0.0,55.579,
42,ACAS,MRT,2006-03-31,2006-03-31,2006-03-31,2020-02-18,6631000.0,5800142000.0,5138618500.0,,,0.122,26.03,-12354000.0,151860000.0,151860000.0,0.0,415320000.0,,0.858,2519082000.0,,,2519082000.0,0.0,-401000.0,0.0,0.09,3.15,552949000.0,552548000.0,0.881,552548000.0,552949000.0,433295000.0,3.8,3.74,3.8,3120950000.0,2686864500.0,3120950000.0,6450751227.0,12.0,11.675,282859000.0,2.359,1.0,627145000.0,1.0,0.0,119654000.0,8167364000.0,7249589750.0,0.0,5513230000.0,,,2679192000.0,,,4202797227.0,-21750000.0,0.0,1004578000.0,789206000.0,-271906000.0,1487770000.0,-1804733000.0,-1826379000.0,295213000.0,0.0,415320000.0,415320000.0,415320000.0,0.0,0.0,0.662,146403000.0,480742000.0,96601000.0,0.829,1.347,10.119,9.253,0.0,0.0,35.16,6.701,6.722,0.0,19498000.0,627145000.0,627145000.0,0.0,0.081,0.155,0.076,0.882,13804000.0,146403000.0,1.0,119533482.0,119900000.0,121100000.0,5.231,5800142000.0,0.0,17975000.0,0.0,48.375,
43,ACAS,MRT,2005-12-31,2005-12-31,2005-12-31,2020-02-18,-17000000.0,5449000000.0,4643528000.0,,,0.12,29.184,-8000000.0,219000000.0,219000000.0,0.0,365000000.0,,0.88,2467000000.0,,,2467000000.0,0.0,0.0,0.0,0.085,3.08,479000000.0,479000000.0,0.863,479000000.0,479000000.0,378000000.0,3.68,3.6,3.68,2898000000.0,2403415750.0,2898000000.0,5979026797.0,12.0,12.482,294000000.0,2.961,1.0,555000000.0,1.0,0.0,101000000.0,7697000000.0,6557226000.0,0.0,5119000000.0,,,2551000000.0,,,3938748797.0,39000000.0,0.0,914000000.0,912000000.0,-274000000.0,1552000000.0,-1815000000.0,-1841000000.0,302000000.0,0.0,365000000.0,365000000.0,365000000.0,0.0,0.0,0.658,127000000.0,428000000.0,3000000.0,0.837,1.359,10.791,9.84,0.0,0.0,36.21,7.097,6.479,0.0,-22000000.0,555000000.0,555000000.0,0.0,0.079,0.152,0.073,0.863,14000000.0,127000000.0,1.0,108775167.0,99300000.0,101400000.0,5.589,5449000000.0,0.0,13000000.0,0.0,54.874,
44,ACAS,MRT,2005-09-30,2005-09-30,2005-09-30,2020-02-18,-1705000.0,4971699000.0,4154134750.0,,,0.119,24.716,-4345000.0,226628000.0,226628000.0,0.0,381985000.0,,0.965,2266906000.0,,,2266906000.0,0.0,393000.0,0.0,0.083,3.05,471593000.0,471986000.0,0.957,471986000.0,471593000.0,390284000.0,4.19,4.09,4.19,2530122000.0,2147022250.0,2530122000.0,5500114244.0,12.0,11.653,234925000.0,2.295,1.0,492965000.0,1.0,0.0,81309000.0,7011977000.0,5846011750.0,0.0,4585004000.0,,,2441577000.0,,,3711729244.0,24117000.0,0.0,709386000.0,1014549000.0,-241497000.0,1494340000.0,-1709493000.0,-1707148000.0,239270000.0,0.0,381985000.0,381985000.0,381985000.0,0.0,0.0,0.775,115281000.0,377684000.0,81325000.0,0.728,1.467,9.717,8.749,0.0,0.0,36.66,7.529,7.613,0.0,-25313000.0,492965000.0,492965000.0,0.0,0.092,0.178,0.081,0.957,14468000.0,115281000.0,1.0,101247388.0,102366000.0,104499000.0,4.816,4971699000.0,0.0,8299000.0,0.0,48.568,
45,ACAS,MRT,2005-06-30,2005-06-30,2005-06-30,2020-02-18,-13311000.0,4333633000.0,3658804250.0,,,0.117,23.408,-3562000.0,209366000.0,209366000.0,0.0,348527000.0,,0.971,1997751000.0,,,1997751000.0,0.0,194000.0,0.0,0.083,2.99,420019000.0,420213000.0,0.985,420213000.0,420019000.0,356256000.0,4.02,3.93,4.02,2198386000.0,1937545250.0,2198386000.0,4920626451.0,12.0,11.71,240224000.0,2.558,1.0,426479000.0,1.0,0.0,63763000.0,6122018000.0,5095416750.0,0.0,4042635000.0,,,2135247000.0,,,3342497451.0,39591000.0,0.0,596058000.0,780500000.0,-224892000.0,1203296000.0,-1407491000.0,-1405929000.0,243786000.0,0.0,348527000.0,348527000.0,348527000.0,0.0,0.0,0.817,98119000.0,328360000.0,70136000.0,0.744,1.52,9.59,8.983,0.0,0.0,36.11,7.837,7.952,0.0,-26445000.0,426479000.0,426479000.0,0.0,0.095,0.18,0.082,0.985,13064000.0,98119000.0,1.0,92564316.0,93915000.0,96731000.0,4.541,4333633000.0,0.0,7729000.0,0.0,46.144,
46,ACAS,MRT,2005-03-31,2005-03-31,2005-03-31,2020-02-18,11010000.0,3819780000.0,3251580500.0,,,0.114,22.194,-2175000.0,159904000.0,159904000.0,0.0,358077000.0,,0.922,1738033000.0,,,1738033000.0,0.0,78000.0,0.0,0.094,2.94,409348000.0,409426000.0,1.106,409426000.0,409348000.0,361047000.0,4.42,4.33,4.42,1987155000.0,1760313500.0,1987155000.0,4193494444.0,10.0,10.242,204137000.0,2.28,1.0,370325000.0,1.0,0.0,48301000.0,5397909000.0,4485126250.0,0.0,3581160000.0,,,1832625000.0,,,2832778444.0,81093000.0,0.0,583507000.0,759593000.0,-167759000.0,1206865000.0,-1332084000.0,-1331909000.0,206312000.0,0.0,358077000.0,358077000.0,358077000.0,0.0,0.0,0.967,82661000.0,287664000.0,65817000.0,0.665,1.426,7.911,7.106,0.0,0.0,31.41,7.649,7.594,0.0,-60136000.0,370325000.0,370325000.0,0.0,0.11,0.203,0.091,1.105,11828000.0,80749000.0,1.0,90187152.0,89534000.0,91401000.0,4.136,3819780000.0,0.0,2970000.0,0.0,42.663,
47,ACAS,MRT,2004-12-31,2004-12-31,2004-12-31,2020-02-18,-31957000.0,3491427000.0,2839575750.0,,,0.118,24.508,-2000000.0,200262000.0,200262000.0,0.0,281000000.0,,0.865,1560978000.0,,,1560978000.0,0.0,0.0,0.0,0.087,2.91,320000000.0,320000000.0,0.952,320000000.0,320000000.0,283000000.0,3.69,3.63,3.69,1872426000.0,1578723500.0,1872426000.0,3875006213.0,12.0,12.109,196000000.0,2.565,1.0,336000000.0,1.0,0.0,37000000.0,4852143000.0,3891996500.0,0.0,3221688000.0,,,1619001000.0,,,2855786213.0,50000000.0,0.0,613000000.0,641000000.0,-213000000.0,1041000000.0,-1189000000.0,-1189000000.0,198000000.0,0.0,281000000.0,281000000.0,281000000.0,0.0,0.0,0.836,77000000.0,259000000.0,5322000.0,0.789,1.525,10.163,9.038,0.0,0.0,33.35,8.499,7.583,0.0,-63032000.0,336000000.0,336000000.0,0.0,0.099,0.178,0.082,0.952,10000000.0,77000000.0,1.0,85630771.0,76400000.0,77600000.0,4.398,3491427000.0,0.0,2000000.0,0.0,45.699,
48,ACAS,MRT,2004-09-30,2004-09-30,2004-09-30,2020-02-18,-34815000.0,2990377000.0,2483801000.0,,,0.117,20.961,-2136000.0,179498000.0,179498000.0,0.0,250244000.0,,0.767,1198718000.0,,,1198718000.0,0.0,1450000.0,0.0,0.092,2.87,280832000.0,282282000.0,0.97,282282000.0,280832000.0,251558000.0,3.68,3.64,3.68,1692214000.0,1404595750.0,1692214000.0,3519976555.0,13.0,12.47,168436000.0,2.086,1.0,291067000.0,1.0,0.0,29274000.0,4009597000.0,3385106750.0,0.0,2757084000.0,,,1298163000.0,,,2543858555.0,38875000.0,0.0,705843000.0,458899000.0,-181331000.0,933603000.0,-1065300000.0,-1063164000.0,170572000.0,0.0,250244000.0,250244000.0,250244000.0,0.0,0.0,0.86,62500000.0,228567000.0,58462000.0,0.78,1.503,10.166,8.516,0.0,0.0,31.34,8.74,8.692,0.0,-89623000.0,291067000.0,291067000.0,0.0,0.101,0.178,0.083,0.965,7065000.0,60160000.0,1.0,81169705.0,80730000.0,81700000.0,3.605,2990377000.0,0.0,1314000.0,0.0,37.042,
49,ACAS,MRT,2004-06-30,2004-06-30,2004-06-30,2020-02-18,-52502000.0,2704738000.0,2162560000.0,,,0.121,20.699,-2045000.0,155098000.0,155098000.0,0.0,216152000.0,,0.816,1131216000.0,,,1131216000.0,0.0,1341000.0,0.0,0.101,2.84,239495000.0,240836000.0,0.919,240836000.0,239495000.0,216152000.0,3.41,3.38,3.41,1489459000.0,1213307000.0,1489459000.0,2794044290.0,12.0,11.601,154333000.0,2.145,1.0,262119000.0,1.0,0.0,23343000.0,3680856000.0,2977855750.0,0.0,2494229000.0,,,1215279000.0,,,1940415290.0,13274000.0,5500000.0,557001000.0,498398000.0,-133221000.0,858830000.0,-1001934000.0,-1005389000.0,156378000.0,0.0,216152000.0,216152000.0,216152000.0,0.0,0.0,0.825,58901000.0,203218000.0,48476000.0,0.833,1.303,8.977,8.217,0.0,0.0,28.02,7.403,7.692,0.0,-74073000.0,262119000.0,262119000.0,0.0,0.1,0.178,0.08,0.914,5629000.0,55856000.0,1.0,69251081.0,71959000.0,72583000.0,3.643,2704738000.0,0.0,0.0,0.0,37.587,
50,ACAS,MRT,2004-03-31,2004-03-31,2004-03-31,2020-02-18,-81528000.0,2171761000.0,1863437500.0,,,0.123,18.783,-2168000.0,44028000.0,44028000.0,0.0,153562000.0,,0.723,897657000.0,,,897657000.0,0.0,1198000.0,0.0,0.085,2.82,174110000.0,175308000.0,0.763,175308000.0,174110000.0,153562000.0,2.65,2.64,2.65,1260795000.0,1063445750.0,1260795000.0,2976922741.0,17.0,16.981,123460000.0,1.839,1.0,229746000.0,1.0,0.0,20548000.0,3025390000.0,2574741000.0,0.0,2079603000.0,,,910966000.0,,,2220666741.0,-19945000.0,0.0,373222000.0,399631000.0,-170375000.0,598966000.0,-744539000.0,-742371000.0,125628000.0,0.0,153562000.0,153562000.0,153562000.0,0.0,0.0,0.668,51764000.0,177982000.0,0.0,1.064,1.761,14.461,12.543,0.0,0.0,33.24,9.666,9.712,0.0,-85470000.0,229746000.0,229746000.0,0.0,0.082,0.144,0.068,0.758,3952000.0,50396000.0,1.0,66807062.0,67126000.0,68269000.0,3.423,2171761000.0,0.0,0.0,0.0,32.353,
51,ACAS,MRT,2003-12-31,2003-12-31,2003-12-31,2020-02-18,-131171000.0,2068328000.0,1668962250.0,,,0.124,21.524,-2237000.0,83955000.0,83955000.0,0.0,117984000.0,,0.759,840211000.0,,,840211000.0,0.0,1135000.0,0.0,0.094,2.79,136498000.0,137633000.0,0.667,137633000.0,136498000.0,117984000.0,2.16,2.15,2.16,1175915000.0,973203000.0,1175915000.0,2373684630.0,17.0,17.246,115213000.0,2.109,1.0,206280000.0,1.0,0.0,18514000.0,2824584000.0,2281532750.0,0.0,1938347000.0,,,892413000.0,,,1698504630.0,-5060000.0,0.0,523582000.0,210305000.0,-153044000.0,533042000.0,-655552000.0,-653315000.0,117450000.0,0.0,117984000.0,117984000.0,117984000.0,0.0,0.0,0.572,47063000.0,159217000.0,3957000.0,1.292,1.444,14.396,13.764,0.0,0.0,29.73,8.234,7.874,0.0,-23685000.0,206280000.0,206280000.0,0.0,0.071,0.121,0.06,0.662,2584000.0,47063000.0,1.0,57131000.0,54632000.0,54996000.0,3.776,2068328000.0,0.0,0.0,0.0,37.859,
52,ACAS,MRT,2003-09-30,2003-09-30,2003-09-30,2020-02-18,-152113000.0,1705413000.0,1481511000.0,,,0.122,16.88,-2290000.0,52786000.0,52786000.0,0.0,67557000.0,,0.84,727966000.0,,,727966000.0,0.0,1048000.0,0.0,0.11,2.73,84855000.0,85903000.0,0.476,85903000.0,84855000.0,67557000.0,1.34,1.33,1.34,927059000.0,851139000.0,927059000.0,1925485060.0,23.0,22.415,94772000.0,1.726,1.0,180514000.0,1.0,0.0,17298000.0,2380593000.0,2049705000.0,0.0,1570419000.0,,,778354000.0,,,1365336060.0,23194000.0,0.0,344237000.0,175546000.0,-125421000.0,388038000.0,-461906000.0,-459616000.0,97062000.0,0.0,67557000.0,67557000.0,67557000.0,0.0,0.0,0.374,37329000.0,143185000.0,37892000.0,2.037,1.473,20.21,18.552,0.0,0.0,24.86,7.564,7.563,0.0,-19435000.0,180514000.0,180514000.0,0.0,0.046,0.079,0.041,0.47,940000.0,36389000.0,1.0,54921000.0,54919000.0,55252000.0,3.287,1705413000.0,0.0,0.0,0.0,31.053,
53,ACAS,MRT,2003-06-30,2003-06-30,2003-06-30,2020-02-18,-154289000.0,1508248000.0,1358755250.0,,,0.123,16.234,-2267000.0,50342000.0,50342000.0,0.0,29526000.0,,0.695,610491000.0,,,610491000.0,0.0,984000.0,0.0,0.108,2.7,46205000.0,47189000.0,0.283,47189000.0,46205000.0,29526000.0,0.57,0.56,0.57,890014000.0,782030250.0,890014000.0,1831294200.0,40.0,38.808,87411000.0,1.594,1.0,166472000.0,1.0,0.0,16679000.0,2068397000.0,1881620750.0,0.0,1403689000.0,,,618234000.0,,,1372597200.0,47368000.0,-5500000.0,371346000.0,129957000.0,-125407000.0,374869000.0,-417179000.0,-409412000.0,89678000.0,0.0,29526000.0,29526000.0,29526000.0,0.0,0.0,0.177,33822000.0,132650000.0,0.0,4.737,1.542,46.488,43.895,0.0,0.0,25.02,8.245,8.24,0.0,-5862000.0,166472000.0,166472000.0,0.0,0.022,0.038,0.025,0.278,235000.0,33587000.0,1.0,54860000.0,54824000.0,55033000.0,3.036,1508248000.0,0.0,0.0,0.0,27.511,
54,ACAS,MRT,2003-03-31,2003-03-31,2003-03-31,2020-02-18,-125830000.0,1393860000.0,1253423000.0,,,0.126,18.986,-1856000.0,28622000.0,28622000.0,0.0,15469000.0,,0.549,487319000.0,,,487319000.0,0.0,979000.0,0.0,0.118,2.65,31565000.0,32544000.0,0.207,32544000.0,31565000.0,15469000.0,0.41,0.4,0.41,899824000.0,713262000.0,899824000.0,1686228000.0,53.0,51.814,77883000.0,1.643,1.0,157445000.0,1.0,0.0,16096000.0,1852557000.0,1751133250.0,0.0,1303778000.0,,,494036000.0,,,1079344000.0,27666000.0,0.0,370591000.0,104579000.0,-112192000.0,359273000.0,-411346000.0,-409490000.0,79739000.0,0.0,15469000.0,15469000.0,15469000.0,0.0,0.0,0.098,31288000.0,126157000.0,0.0,6.463,1.2,69.775,54.634,0.0,0.0,22.4,6.855,6.743,0.0,-23321000.0,157445000.0,157445000.0,0.0,0.012,0.022,0.018,0.2,0.0,31288000.0,1.0,48185000.0,47393000.0,47578000.0,3.322,1393860000.0,0.0,0.0,0.0,29.411,
55,ACAS,MRT,2002-12-31,2002-12-31,2002-12-31,2020-02-18,-86446000.0,1318523000.0,1150887750.0,,,0.128,17.445,-1478000.0,41214000.0,41214000.0,0.0,20061000.0,,0.917,619964000.0,,,619964000.0,0.0,821000.0,0.0,0.119,2.57,34382000.0,35203000.0,0.239,35203000.0,34382000.0,20061000.0,0.51,0.5,0.51,687659000.0,644078500.0,687659000.0,1367332630.0,40.0,38.841,70996000.0,1.801,1.0,147022000.0,1.0,0.0,14321000.0,1897273000.0,1621555000.0,0.0,1248459000.0,,,630864000.0,,,873466630.0,-1088000.0,0.0,125428000.0,340557000.0,-105293000.0,360692000.0,-434254000.0,-432776000.0,72474000.0,0.0,20061000.0,20061000.0,20061000.0,0.0,0.0,0.136,30152000.0,116870000.0,869000.0,5.039,1.27,43.541,42.333,0.0,0.0,21.59,5.941,5.788,0.0,-29459000.0,147022000.0,147022000.0,0.0,0.017,0.031,0.021,0.234,0.0,30152000.0,1.0,40457000.0,39418000.0,39880000.0,3.73,1318523000.0,0.0,0.0,0.0,33.45,
56,ACAS,MRT,2002-09-30,2002-09-30,2002-09-30,2020-02-18,-75072000.0,1214390000.0,1047303000.0,,,0.13,16.157,-1054000.0,30940000.0,30940000.0,0.0,23262000.0,,0.867,524806000.0,,,524806000.0,0.0,643000.0,0.0,0.135,2.54,34280000.0,34923000.0,0.256,34923000.0,34280000.0,23262000.0,0.73,0.71,0.73,650624000.0,632230000.0,650624000.0,1239727555.0,36.0,35.499,51730000.0,1.285,1.0,136324000.0,1.0,0.0,11018000.0,1708256000.0,1432526000.0,0.0,1140652000.0,,,563766000.0,,,780199555.0,5607000.0,0.0,126263000.0,385421000.0,-83797000.0,393717000.0,-440894000.0,-417831000.0,52784000.0,0.0,23262000.0,23262000.0,23262000.0,0.0,0.0,0.171,29281000.0,107043000.0,26898000.0,3.479,1.199,33.54,25.808,0.0,0.0,18.84,5.723,5.565,0.0,-27003000.0,136324000.0,136324000.0,0.0,0.022,0.037,0.024,0.251,0.0,29281000.0,1.0,41411866.0,40269000.0,40658000.0,3.385,1214390000.0,0.0,0.0,0.0,30.157,
57,ACAS,MRT,2002-06-30,2002-06-30,2002-06-30,2020-02-18,-60312000.0,1086919000.0,939619000.0,,,0.13,16.267,-1792000.0,3692000.0,3692000.0,0.0,33154000.0,,0.768,463220000.0,,,463220000.0,0.0,919000.0,0.0,0.089,2.44,42424000.0,43343000.0,0.354,43343000.0,42424000.0,33154000.0,0.97,0.95,0.97,614941000.0,617755250.0,614941000.0,1405850896.0,33.0,32.435,39446000.0,1.043,1.0,122488000.0,1.0,0.0,9270000.0,1546447000.0,1235553250.0,0.0,1048081000.0,,,471978000.0,,,1055325896.0,2597000.0,0.0,100446000.0,357347000.0,-83270000.0,344951000.0,-383592000.0,-368200000.0,41238000.0,0.0,33154000.0,33154000.0,33154000.0,0.0,0.0,0.271,24778000.0,97710000.0,0.0,2.515,1.716,31.831,28.32,0.0,0.0,27.47,8.616,8.478,0.0,-3342000.0,122488000.0,122488000.0,0.0,0.035,0.054,0.034,0.346,0.0,24778000.0,1.0,38417397.0,37802000.0,38712000.0,3.24,1086919000.0,0.0,0.0,0.0,28.753,
58,ACAS,MRT,2002-03-31,2002-03-31,2002-03-31,2020-02-18,-48131000.0,983719000.0,842154750.0,,,0.136,16.626,-1377000.0,2041000.0,2041000.0,0.0,32153000.0,,0.579,352566000.0,,,352566000.0,0.0,684000.0,0.0,0.076,2.36,41208000.0,41892000.0,0.367,41892000.0,41208000.0,32153000.0,1.05,1.02,1.05,623090000.0,603042250.0,623090000.0,1240833796.0,30.0,29.62,37659000.0,1.005,1.0,114186000.0,1.0,0.0,9055000.0,1334244000.0,1055482000.0,0.0,950211000.0,,,360629000.0,,,1104122796.0,-1890000.0,0.0,226445000.0,194377000.0,-81195000.0,309028000.0,-349954000.0,-343408000.0,39036000.0,0.0,32153000.0,32153000.0,32153000.0,0.0,0.0,0.282,25306000.0,88880000.0,0.0,2.248,1.772,34.34,29.486,0.0,0.0,30.96,9.67,10.161,0.0,-3515000.0,114186000.0,114186000.0,0.0,0.038,0.053,0.039,0.361,0.0,25306000.0,1.0,35662881.0,37477000.0,38374000.0,3.047,983719000.0,0.0,0.0,0.0,26.249,
59,ACAS,MRT,2001-12-31,2001-12-31,2001-12-31,2020-02-18,-28440000.0,904184000.0,752043000.0,,,0.139,20.334,-1215000.0,14168000.0,14168000.0,0.0,18605000.0,,0.412,251141000.0,,,251141000.0,0.0,582000.0,0.0,0.081,2.3,28948000.0,29530000.0,0.283,29530000.0,28948000.0,18605000.0,0.59,0.58,0.59,640265000.0,553778750.0,640265000.0,1147753676.0,40.0,38.867,35824000.0,1.138,1.0,104237000.0,1.0,0.0,10343000.0,1141157000.0,923550250.0,0.0,858266000.0,,,263919000.0,,,1011042676.0,4497000.0,0.0,226333000.0,95620000.0,-76252000.0,243316000.0,-275858000.0,-274643000.0,37039000.0,0.0,18605000.0,18605000.0,18605000.0,0.0,0.0,0.178,22269000.0,81968000.0,3420000.0,3.898,1.579,54.343,48.051,0.0,0.0,28.35,9.699,8.564,0.0,-3823000.0,104237000.0,104237000.0,0.0,0.025,0.034,0.031,0.278,0.0,22269000.0,1.0,35662881.0,31487000.0,32001000.0,3.31,904184000.0,0.0,0.0,0.0,28.716,
60,ACAS,MRT,2001-09-30,2001-09-30,2001-09-30,2020-02-18,-26155000.0,783654000.0,679496750.0,,,0.148,17.451,-2210000.0,25883000.0,25883000.0,0.0,-7891000.0,,0.322,162594000.0,,,162594000.0,0.0,840000.0,0.0,0.087,2.38,1953000.0,2793000.0,0.028,2793000.0,1953000.0,-9891000.0,-0.37,-0.77,-0.37,592725000.0,505004250.0,592725000.0,1052145520.0,539.0,376.708,45183000.0,1.33,1.0,100694000.0,1.0,0.0,11844000.0,920365000.0,827669000.0,0.0,727181000.0,,,190929000.0,,,923045520.0,-8908000.0,0.0,236956000.0,-4501000.0,-68805000.0,188480000.0,-244781000.0,-263418000.0,47393000.0,0.0,-7891000.0,-7891000.0,-7891000.0,0.0,0.0,-0.078,29737000.0,70957000.0,19968000.0,-6.432,1.557,-116.974,-74.027,0.0,0.0,27.39,9.167,9.239,12631000.0,-136000.0,100694000.0,100694000.0,0.0,-0.012,-0.016,0.002,0.019,0.0,29737000.0,1.0,33700092.0,33965000.0,34524000.0,2.965,783654000.0,0.0,-2000000.0,0.0,23.072,
61,ACAS,MRT,2001-06-30,2001-06-30,2001-06-30,2020-02-18,-5305000.0,697062000.0,624463250.0,,,0.148,19.628,-1100000.0,2225000.0,2225000.0,0.0,-33565000.0,,0.254,131325000.0,,,131325000.0,0.0,354000.0,0.0,0.082,2.31,-23659000.0,-23305000.0,-0.253,-23305000.0,-23659000.0,-35565000.0,-1.44,-0.22,-1.44,556089000.0,459238750.0,556089000.0,977282924.0,-41.0,-41.934,44870000.0,1.584,1.0,92210000.0,1.0,0.0,11906000.0,826162000.0,764326000.0,0.0,668632000.0,,,140973000.0,,,794037924.0,-3810000.0,0.0,189010000.0,43459000.0,-69334000.0,187965000.0,-237745000.0,-250001000.0,45970000.0,0.0,-33565000.0,-33565000.0,-33565000.0,0.0,0.0,-0.364,26664000.0,65546000.0,0.0,-1.604,1.428,-23.657,-19.486,0.0,0.0,28.06,8.611,8.621,11307000.0,287000.0,92210000.0,92210000.0,0.0,-0.054,-0.073,-0.031,-0.257,0.0,26664000.0,1.0,28297859.0,28331000.0,28883000.0,3.255,697062000.0,0.0,-2000000.0,0.0,24.604,
62,ACAS,MRT,2001-03-31,2001-03-31,2001-03-31,2020-02-18,-722000.0,623272000.0,577597750.0,,,0.141,15.294,-1100000.0,4676000.0,4676000.0,0.0,-33587000.0,,0.463,187921000.0,,,187921000.0,0.0,354000.0,0.0,0.088,2.25,-24150000.0,-23796000.0,-0.293,-23796000.0,-24150000.0,-35587000.0,-1.29,-0.07,-1.29,426036000.0,432180000.0,426036000.0,735056489.0,-30.0,-30.89,40512000.0,1.454,1.0,81227000.0,1.0,0.0,11437000.0,806517000.0,698586750.0,0.0,590581000.0,,,197236000.0,,,631583489.0,-2484000.0,0.0,185318000.0,39843000.0,-56636000.0,193355000.0,-237451000.0,-241471000.0,41612000.0,0.0,-33587000.0,-33587000.0,-33587000.0,0.0,0.0,-0.413,21170000.0,60057000.0,0.0,-1.744,1.482,-18.804,-19.721,0.0,0.0,25.44,7.776,8.724,13548000.0,-189000.0,81227000.0,81227000.0,0.0,-0.058,-0.078,-0.035,-0.297,0.0,21170000.0,1.0,24826395.0,27856000.0,28278000.0,2.916,623272000.0,0.0,-2000000.0,0.0,22.375,
63,ACAS,MRT,2000-12-31,2000-12-31,2000-12-31,2020-02-18,23784000.0,613999000.0,532988750.0,,,0.131,19.942,-1100000.0,11569000.0,11569000.0,0.0,-4373000.0,,0.379,155202000.0,,,155202000.0,0.0,354000.0,0.0,0.086,2.17,3318000.0,3672000.0,0.052,3672000.0,3318000.0,-6373000.0,-0.2,-0.2,-0.2,445167000.0,406487500.0,445167000.0,728849890.0,220.0,198.489,34231000.0,1.533,1.0,70052000.0,1.0,0.0,9691000.0,757632000.0,636325250.0,0.0,585746000.0,,,168832000.0,,,625376890.0,6881000.0,0.0,185318000.0,74414000.0,-44050000.0,212298000.0,-240748000.0,-239648000.0,35331000.0,0.0,-4373000.0,-4373000.0,-4373000.0,0.0,0.0,-0.062,17691000.0,52361000.0,6163000.0,-10.85,1.405,-143.009,-125.95,0.0,0.0,25.19,8.927,8.027,0.0,-95000.0,70052000.0,70052000.0,0.0,-0.008,-0.011,0.005,0.047,0.0,17691000.0,1.0,24826395.0,22323000.0,22748000.0,3.138,613999000.0,0.0,-2000000.0,0.0,27.505,
64,ACAS,MRT,2000-09-30,2000-09-30,2000-09-30,2020-02-18,45642000.0,563520000.0,478332000.0,,,0.125,16.818,0.0,32140000.0,32140000.0,0.0,77018000.0,,0.376,135613000.0,,,135613000.0,0.0,0.0,0.0,0.08,1.9,83929000.0,83929000.0,1.399,83929000.0,83929000.0,76106000.0,5.69,1.38,5.69,409663000.0,373132000.0,409663000.0,638200453.0,8.0,7.604,30756000.0,1.263,1.0,59984000.0,1.0,0.0,7823000.0,666993000.0,564887250.0,0.0,512008000.0,,,153857000.0,,,584595453.0,-12293000.0,0.0,121273000.0,65357000.0,-33302000.0,153328000.0,-196377000.0,-198808000.0,30756000.0,0.0,77018000.0,77018000.0,77018000.0,0.0,0.0,1.284,12963000.0,47021000.0,11905000.0,0.334,1.427,7.59,4.163,0.0,0.0,23.69,9.746,9.62,9244000.0,7289000.0,59984000.0,59984000.0,0.0,0.161,0.206,0.149,1.399,0.0,12963000.0,1.0,24676887.0,24359000.0,24872000.0,2.462,563520000.0,0.0,-912000.0,0.0,23.134,
65,ACAS,MRT,2000-06-30,2000-06-30,2000-06-30,2020-02-18,89583000.0,509600000.0,419010500.0,,,0.125,21.992,0.0,3434000.0,3434000.0,0.0,114558000.0,,0.138,57039000.0,,,57039000.0,0.0,0.0,0.0,0.077,1.84,120711000.0,120711000.0,2.314,120711000.0,120711000.0,113646000.0,7.5,1.54,7.5,447854000.0,332858000.0,447854000.0,548925179.0,5.0,4.547,22254000.0,1.093,1.0,52171000.0,1.0,0.0,7065000.0,563205000.0,485861000.0,0.0,489355000.0,,,61746000.0,,,436290179.0,-9531000.0,0.0,209623000.0,-32587000.0,-32972000.0,144064000.0,-175849000.0,-176093000.0,22254000.0,0.0,114558000.0,114558000.0,114558000.0,0.0,0.0,2.196,12547000.0,39624000.0,0.0,0.245,0.974,3.808,3.184,0.0,0.0,23.88,8.363,9.321,7584000.0,2457000.0,52171000.0,52171000.0,0.0,0.273,0.344,0.248,2.314,0.0,12547000.0,1.0,18270108.0,20364000.0,20878000.0,2.562,509600000.0,0.0,-912000.0,0.0,25.025,
66,ACAS,MRT,2000-03-31,2000-03-31,2000-03-31,2020-02-18,88380000.0,444836000.0,366734250.0,,,0.121,18.127,0.0,4577000.0,4577000.0,0.0,109490000.0,,0.376,117212000.0,,,117212000.0,0.0,0.0,0.0,0.07,1.78,114279000.0,114279000.0,2.572,114279000.0,114279000.0,108578000.0,7.51,1.53,7.51,323266000.0,259845250.0,323266000.0,539787109.0,5.0,4.723,18391000.0,1.031,1.0,44433000.0,1.0,0.0,5701000.0,557471000.0,452477000.0,0.0,424123000.0,,,121570000.0,,,463279109.0,4099000.0,0.0,87098000.0,70384000.0,-28957000.0,128525000.0,-142817000.0,-142866000.0,18391000.0,0.0,109490000.0,109490000.0,109490000.0,0.0,0.0,2.464,11681000.0,32752000.0,0.0,0.237,1.433,4.231,3.379,0.0,0.0,25.38,10.426,10.186,6495000.0,1409000.0,44433000.0,44433000.0,0.0,0.299,0.421,0.253,2.572,0.0,11681000.0,1.0,18253708.0,17833000.0,18351000.0,2.492,444836000.0,0.0,-912000.0,0.0,24.945,
67,ACAS,MRT,1999-12-31,1999-12-31,1999-12-31,2020-02-18,77612000.0,395372000.0,321413000.0,,,0.123,22.682,0.0,2037000.0,2037000.0,0.0,97201000.0,,0.268,78545000.0,,,78545000.0,0.0,0.0,0.0,0.076,1.74,101005000.0,101005000.0,2.561,101005000.0,101005000.0,96289000.0,7.07,1.68,7.07,311745000.0,217915250.0,311745000.0,439245200.0,4.0,4.349,19185000.0,1.396,1.0,39435000.0,1.0,0.0,4716000.0,471880000.0,405462000.0,0.0,382447000.0,,,83627000.0,,,414591200.0,-3359000.0,0.0,87286000.0,41118000.0,-26158000.0,102246000.0,-124790000.0,-124790000.0,19185000.0,0.0,97201000.0,97201000.0,97201000.0,0.0,0.0,2.465,11649000.0,27786000.0,547000.0,0.246,1.33,4.265,3.218,0.0,0.0,22.75,10.513,7.929,2331000.0,1080000.0,39435000.0,39435000.0,0.0,0.302,0.446,0.249,2.561,0.0,11649000.0,1.0,18223789.0,13744000.0,14294000.0,2.869,395372000.0,0.0,-912000.0,0.0,28.767,
68,ACAS,MRT,1999-09-30,1999-09-30,1999-09-30,2020-02-18,13860000.0,326234000.0,290074750.0,,,0.097,16.717,0.0,45186000.0,45186000.0,0.0,29118000.0,,0.312,69840000.0,,,69840000.0,0.0,0.0,0.0,0.095,1.75,32420000.0,32420000.0,1.155,32420000.0,32420000.0,29118000.0,2.4,2.37,2.4,248567000.0,178159750.0,248567000.0,442969613.0,14.0,13.663,12499000.0,0.841,1.0,28060000.0,1.0,0.0,3302000.0,350888000.0,382446500.0,0.0,270154000.0,,,77667000.0,,,313795613.0,38289000.0,0.0,89281000.0,103703000.0,-14704000.0,178280000.0,-152490000.0,-151221000.0,12499000.0,0.0,29118000.0,29118000.0,29118000.0,0.0,0.0,1.038,2287000.0,25773000.0,7827000.0,0.729,1.262,10.777,7.708,0.0,0.0,18.5,11.183,9.803,3614000.0,-60000.0,28060000.0,28060000.0,0.0,0.1,0.163,0.085,1.155,0.0,2287000.0,1.0,16961925.0,14869000.0,15619000.0,1.887,326234000.0,0.0,0.0,0.0,21.941,
69,ACAS,MRT,1999-06-30,1999-06-30,1999-06-30,2020-02-18,10290000.0,300495000.0,257911000.0,,,0.092,13.993,0.0,13718000.0,13718000.0,0.0,23708000.0,,0.929,142892000.0,,,142892000.0,0.0,0.0,0.0,0.09,1.64,25661000.0,25661000.0,1.084,25661000.0,25661000.0,23708000.0,2.15,2.13,2.15,155803000.0,154128500.0,155803000.0,308846136.0,12.0,12.036,13802000.0,1.24,1.0,23679000.0,1.0,0.0,1953000.0,429669000.0,353643250.0,0.0,280372000.0,,,144692000.0,,,202986136.0,12001000.0,0.0,5000.0,143398000.0,-18578000.0,124825000.0,-126626000.0,-126626000.0,13802000.0,0.0,23708000.0,23708000.0,23708000.0,0.0,0.0,1.001,1990000.0,21689000.0,1800000.0,0.763,1.303,8.562,8.488,0.0,0.0,18.25,8.572,8.581,1758000.0,856000.0,23679000.0,23679000.0,0.0,0.092,0.154,0.073,1.084,0.0,1990000.0,1.0,11122528.0,11134000.0,11717000.0,2.127,300495000.0,0.0,0.0,0.0,26.989,
70,ACAS,MRT,1999-03-31,1999-03-31,1999-03-31,2020-02-18,9764000.0,263551000.0,226826000.0,,,0.089,14.051,0.0,1231000.0,1231000.0,0.0,20962000.0,,0.694,107091000.0,,,107091000.0,0.0,0.0,0.0,0.088,1.5,21813000.0,21813000.0,1.079,21813000.0,21813000.0,20962000.0,1.9,1.89,1.9,155546000.0,152944500.0,155546000.0,300046579.0,14.0,13.755,13562000.0,1.225,1.0,20208000.0,1.0,0.0,851000.0,369411000.0,296021000.0,0.0,257480000.0,,,108005000.0,,,190247579.0,-9229000.0,0.0,193000.0,125312000.0,-16638000.0,108867000.0,-131658000.0,-131658000.0,13562000.0,0.0,20962000.0,20962000.0,20962000.0,0.0,0.0,1.037,1814000.0,18394000.0,914000.0,0.789,1.223,9.076,9.016,0.0,0.0,17.13,9.414,9.384,1818000.0,372000.0,20208000.0,20208000.0,0.0,0.092,0.137,0.074,1.079,0.0,1814000.0,1.0,11106105.0,11070000.0,11279000.0,1.825,263551000.0,0.0,0.0,0.0,23.808,
71,ACAS,MRT,1998-12-31,1998-12-31,1998-12-31,2020-02-18,7783000.0,270019000.0,198696000.0,,,0.085,13.799,0.0,6149000.0,6149000.0,0.0,16915000.0,,0.768,115948000.0,,,115948000.0,0.0,0.0,0.0,0.078,1.34,16972000.0,16972000.0,1.0,16972000.0,16972000.0,16915000.0,1.53,1.53,1.53,152723000.0,151773500.0,152723000.0,228790852.0,13.0,13.48,11711000.0,1.058,1.0,16979000.0,1.0,0.0,57000.0,379818000.0,238811000.0,0.0,261369000.0,,,117296000.0,,,190694852.0,-2713000.0,0.0,5000.0,115911000.0,-13628000.0,102288000.0,-116712000.0,-116712000.0,11711000.0,0.0,16915000.0,16915000.0,16915000.0,0.0,0.0,0.996,1652000.0,15327000.0,1222000.0,0.876,1.249,11.274,11.275,0.0,0.0,17.25,11.231,11.245,778000.0,-116000.0,16979000.0,16979000.0,0.0,0.085,0.111,0.071,1.0,0.0,1652000.0,1.0,11054774.0,11068000.0,11424000.0,1.534,270019000.0,0.0,0.0,0.0,24.396,
72,ACAS,MRT,1998-09-30,1998-09-30,1998-09-30,2020-02-18,6599000.0,197579000.0,168867500.0,,,0.086,13.771,0.0,6897000.0,6897000.0,0.0,13653000.0,,0.296,44993000.0,,,44993000.0,0.0,0.0,0.0,0.066,1.07,13653000.0,13653000.0,0.939,13653000.0,13653000.0,13653000.0,1.24,1.18,1.24,152442000.0,151255750.0,152442000.0,202228338.0,15.0,14.812,8189000.0,0.74,1.0,14535000.0,1.0,0.0,0.0,235675000.0,179317250.0,0.0,189046000.0,,,45137000.0,,,179203338.0,-6399000.0,0.0,96000.0,45037000.0,-11847000.0,33286000.0,-47874000.0,-47874000.0,8189000.0,0.0,13653000.0,13653000.0,13653000.0,0.0,0.0,0.939,1863000.0,12672000.0,144000.0,0.863,1.176,13.126,13.056,0.0,0.0,16.19,12.329,12.33,28000.0,696000.0,14535000.0,14535000.0,0.0,0.081,0.09,0.076,0.939,0.0,1863000.0,1.0,11068767.0,11070000.0,11461000.0,1.313,197579000.0,0.0,0.0,0.0,17.848,
73,ACAS,MRT,1998-06-30,1998-06-30,1998-06-30,2020-02-18,5676000.0,176155000.0,,,,,13.648,-8000.0,1717000.0,1717000.0,0.0,8788000.0,,0.166,24742000.0,,,24742000.0,0.0,11000.0,0.0,0.033,0.75,8825000.0,8836000.0,0.823,8836000.0,8825000.0,8765000.0,,,,151067000.0,,151067000.0,242793389.0,28.0,27.478,5575000.0,0.504,1.0,10732000.0,1.0,0.0,60000.0,199180000.0,,0.0,173615000.0,,,25088000.0,,,253253389.0,1036000.0,0.0,143608000.0,23692000.0,-8303000.0,158958000.0,-163505000.0,-163497000.0,5583000.0,0.0,8788000.0,8788000.0,8788000.0,0.0,0.0,0.819,2319000.0,8413000.0,346000.0,,1.676,28.818,,0.0,0.0,22.88,23.598,23.598,0.0,340000.0,10732000.0,10732000.0,0.0,,,,0.822,-7000.0,2463000.0,1.0,11068767.0,11069000.0,,0.97,176155000.0,0.0,-23000.0,0.0,15.914,
74,ACAS,MRT,1998-03-31,1998-03-31,1998-03-31,2020-02-18,5684000.0,151031000.0,,,,,13.63,-8000.0,10460000.0,10460000.0,0.0,8673000.0,,0.001,0.0,,,0.0,0.0,24000.0,0.0,0.021,0.46,10745000.0,10769000.0,1.295,10769000.0,10745000.0,10685000.0,,,,150862000.0,,150862000.0,236089398.0,22.0,21.923,2072000.0,0.187,1.0,8315000.0,1.0,0.0,60000.0,140571000.0,,0.0,138682000.0,,,169000.0,,,244951814.0,10309000.0,0.0,143608000.0,-411000.0,-5092000.0,138031000.0,-129408000.0,-129400000.0,2080000.0,0.0,8673000.0,8673000.0,8673000.0,0.0,0.0,1.043,2999000.0,5316000.0,169000.0,,1.624,28.243,,0.0,0.0,22.13,29.459,29.459,712000.0,127000.0,8315000.0,8315000.0,0.0,,,,1.292,-43000.0,3143000.0,1.0,11068767.0,11068767.0,,0.751,151031000.0,0.0,2012000.0,0.0,13.645,
75,ACAS,MRT,1997-12-31,1997-12-31,1997-12-31,2020-02-18,5656000.0,150705000.0,78068633.0,,,0.073,13.61,-8000.0,8862000.0,8862000.0,0.0,5880000.0,,0.0,0.0,,,0.0,0.0,33000.0,0.0,0.012,0.21,8068000.0,8101000.0,1.422,8101000.0,8068000.0,8008000.0,,,,150652000.0,77011826.0,150652000.0,,,,271000.0,0.024,1.0,5698000.0,1.0,0.0,60000.0,141843000.0,73691143.0,0.0,140284000.0,,,53000.0,,,,8584000.0,0.0,143608000.0,-430000.0,-2325000.0,140775000.0,-132076000.0,-132068000.0,279000.0,0.0,5880000.0,5880000.0,5880000.0,0.0,0.0,1.032,3142000.0,2556000.0,53000.0,,,,,0.0,0.0,18.13,,35.22,861000.0,-55000.0,5698000.0,5698000.0,0.0,0.075,0.076,0.109,1.416,0.0,3286000.0,1.0,,11069000.0,,0.515,150705000.0,0.0,2128000.0,0.0,13.615,
76,ACAS,MRT,1997-09-30,1997-09-30,1997-09-30,2020-02-18,,,,,,,,,,,,,,,,,,,,,,0.0,0.0,,,,,,,,,,,,,,,,,,1.0,,,,,,,,,,,,,,,,,,,,,,,,,,,,,,,,,,,,,,,,20.0,,,,,,,,,,,,,,1.0,,,,,,,,,,
77,ACAS,MRT,1997-06-30,1997-06-30,1997-06-30,2020-02-18,,,,,,,,,,,,,,,,,,,,,,,0.0,,,,,,,,,,,,,,,,,,1.0,,,,,,,,,,,,,,,,,,,,,,,,,,,,,,,,,,,,,,,,,,,,,,,,,,,,,,1.0,,,,,,,,,,
78,ACAS,MRT,1997-03-31,1997-03-31,1997-03-31,2020-02-18,,,,,,,,,,,,,,,,,,,,,,,0.0,,,,,,,,,,,,,,,,,,1.0,,,,,,,,,,,,,,,,,,,,,,,,,,,,,,,,,,,,,,,,,,,,,,,,,,,,,,1.0,,,,,,,,,,
79,ACAS,MRT,1996-12-31,1996-12-31,1996-12-31,2020-02-18,0.0,5432265.0,,,,,,-39000.0,322664.0,322664.0,0.0,209000.0,,0.611,429684.0,,,429684.0,0.0,38000.0,0.0,,0.0,401000.0,439000.0,0.16,439000.0,401000.0,368000.0,,,,3371651.0,,3371651.0,,,,-233000.0,,1.0,2746000.0,1.0,0.0,33000.0,5539285.0,,0.0,3980421.0,,,2060614.0,,,,-36000.0,0.0,1000.0,265000.0,0.0,272000.0,-114000.0,-75000.0,-194000.0,0.0,209000.0,209000.0,209000.0,0.0,0.0,0.076,2828000.0,-82000.0,400394.0,,,,,120514.0,0.0,,,,917625.0,2053702.0,2746000.0,2746000.0,0.0,,,,0.146,0.0,2565000.0,1.0,,,,,5432265.0,52225.0,159000.0,1230536.0,,
80,ACAS,MRT,1995-12-31,1995-12-31,1995-12-31,2020-02-18,,,,,,,,-20304.0,,,0.0,157386.0,,,,,,,,35415.0,,,0.0,251804.0,287219.0,0.106,287219.0,251804.0,214767.0,,,,,,,,,,188777.0,,1.0,2705632.0,1.0,,37037.0,,,,,,,,,,,155795.0,0.0,0.0,-77500.0,0.0,-92456.0,39170.0,59474.0,209081.0,0.0,157386.0,157386.0,157386.0,0.0,0.0,0.058,2890672.0,-185040.0,,,,,,,0.0,,,,,,2705632.0,2705632.0,0.0,,,,0.093,216827.0,2552974.0,1.0,,,,,,,57381.0,,,
