None,ticker,dimension,calendardate,datekey,reportperiod,lastupdated,accoci,assets,assetsavg,assetsc,assetsnc,assetturnover,bvps,capex,cashneq,cashnequsd,cor,consolinc,currentratio,de,debt,debtc,debtnc,debtusd,deferredrev,depamor,deposits,divyield,dps,ebit,ebitda,ebitdamargin,ebitdausd,ebitusd,ebt,eps,epsdil,epsusd,equity,equityavg,equityusd,ev,evebit,evebitda,fcf,fcfps,fxusd,gp,grossmargin,intangibles,intexp,invcap,invcapavg,inventory,investments,investmentsc,investmentsnc,liabilities,liabilitiesc,liabilitiesnc,marketcap,ncf,ncfbus,ncfcommon,ncfdebt,ncfdiv,ncff,ncfi,ncfinv,ncfo,ncfx,netinc,netinccmn,netinccmnusd,netincdis,netincnci,netmargin,opex,opinc,payables,payoutratio,pb,pe,pe1,ppnenet,prefdivis,price,ps,ps1,receivables,retearn,revenue,revenueusd,rnd,roa,roe,roic,ros,sbcomp,sgna,sharefactor,sharesbas,shareswa,shareswadil,sps,tangibles,taxassets,taxexp,taxliabilities,tbvps,workingcapital
0,EOG,MRY,2020-12-31,2020-12-31,2020-12-31,2021-08-04,-12000000.0,35805000000.0,35933693250.0,5862000000.0,29943000000.0,0.307,35.067,-3272772000.0,3329000000.0,3329000000.0,4968386000.0,-604572000.0,1.694,0.764,6111000000.0,1076000000.0,5035000000.0,6111000000.0,0.0,3400353000.0,0.0,0.028,1.413,-533788000.0,2866565000.0,0.26,2866565000.0,-533788000.0,-739054000.0,-1.04,-1.04,-1.04,20302000000.0,20577139500.0,20302000000.0,32003617052.0,-60.0,11.164,1735011000.0,2.997,1.0,6063662000.0,0.55,0.0,205266000.0,35127000000.0,35671490000.0,629000000.0,0.0,0.0,0.0,15503000000.0,3460000000.0,12043000000.0,29093083052.0,1300956000.0,0.0,39000.0,461759000.0,-820823000.0,-359025000.0,-3347506000.0,0.0,5007783000.0,-296000.0,-604572000.0,-604572000.0,-604572000.0,0.0,0.0,-0.055,6607678000.0,-544016000.0,1681000000.0,-1.359,1.433,-48.122,-47.952,28599000000.0,0.0,49.87,2.637,2.617,1522000000.0,14170000000.0,11032048000.0,11032048000.0,145788000.0,-0.017,-0.029,-0.015,-0.048,146396000.0,483823000.0,1.0,583378445.0,578949000,578949000.0,19.055,35805000000.0,25000000.0,-134482000.0,5065000000.0,61.845,2402000000.0
1,EOG,MRY,2019-12-31,2019-12-31,2019-12-31,2021-08-04,-4652000.0,37124608000.0,36270478250.0,5273339000.0,31851269000.0,0.479,37.462,-6282234000.0,2027972000.0,2027972000.0,7983920000.0,2734910000.0,1.175,0.715,5544808000.0,1383889000.0,4160919000.0,5544808000.0,0.0,3749704000.0,0.0,0.012,1.015,3730396000.0,7480100000.0,0.43,7480100000.0,3730396000.0,3545267000.0,4.73,4.71,4.73,21640716000.0,20824767250.0,21640716000.0,52707118597.0,14.0,7.046,1880946000.0,3.256,1.0,9396053000.0,0.541,0.0,185129000.0,36154456000.0,36164474500.0,767297000.0,0.0,0.0,0.0,15483892000.0,4486988000.0,10996904000.0,48728560597.0,472338000.0,0.0,-7206000.0,-917915000.0,-588200000.0,-1513321000.0,-6177173000.0,0.0,8163180000.0,-348000.0,2734910000.0,2734910000.0,2734910000.0,0.0,0.0,0.157,5697042000.0,3699011000.0,2429127000.0,0.215,2.252,17.817,17.708,30364595000.0,0.0,83.76,2.804,2.784,2001658000.0,15648604000.0,17379973000.0,17379973000.0,139881000.0,0.075,0.131,0.103,0.215,174738000.0,489397000.0,1.0,581764095.0,577670000,580777000.0,30.086,37124608000.0,154028000.0,810357000.0,5300951000.0,64.266,786351000.0
2,EOG,MRY,2018-12-31,2018-12-31,2018-12-31,2021-08-04,-1358000.0,33934474000.0,32601276750.0,5057390000.0,28877084000.0,0.53,33.585,-5849029000.0,1555634000.0,1555634000.0,7675175000.0,3419040000.0,1.356,0.752,6083262000.0,913093000.0,5170169000.0,6083262000.0,0.0,3435408000.0,0.0,0.009,0.758,4486050000.0,7921458000.0,0.459,7921458000.0,4486050000.0,4240998000.0,5.93,5.89,5.93,19364188000.0,18048922750.0,19364188000.0,55734035206.0,12.0,7.036,1919579000.0,3.329,1.0,9600224000.0,0.556,0.0,245052000.0,34733738000.0,33962775750.0,859359000.0,0.0,0.0,0.0,14570286000.0,3728364000.0,10841922000.0,50573344206.0,721406000.0,0.0,-42896000.0,-358219000.0,-438045000.0,-839103000.0,-6170162000.0,0.0,7768608000.0,-37937000.0,3419040000.0,3419040000.0,3419040000.0,0.0,0.0,0.198,5130878000.0,4469346000.0,2239850000.0,0.128,2.612,14.792,14.707,28075519000.0,0.0,87.21,2.927,2.911,1915215000.0,13543130000.0,17275399000.0,17275399000.0,148999000.0,0.105,0.189,0.132,0.26,155337000.0,426969000.0,1.0,579903041.0,576578000,580441000.0,29.962,33934474000.0,428686000.0,821958000.0,4628124000.0,58.855,1329026000.0
3,EOG,MRY,2017-12-31,2017-12-31,2017-12-31,2021-08-04,-19297000.0,29833078000.0,29278493500.0,3279108000.0,26553970000.0,0.383,28.337,-3897474000.0,834228000.0,834228000.0,5268820000.0,2582579000.0,1.203,0.832,6387071000.0,356235000.0,6030836000.0,6387071000.0,0.0,3409387000.0,0.0,0.006,0.672,935554000.0,4344941000.0,0.388,4344941000.0,935554000.0,661182000.0,4.49,4.46,4.49,16283273000.0,14508870750.0,16283273000.0,67936505109.0,73.0,15.636,367862000.0,0.64,1.0,5939500000.0,0.53,0.0,274372000.0,32660379000.0,32331310000.0,483865000.0,0.0,0.0,0.0,13549805000.0,2725542000.0,10824263000.0,62395637109.0,-765667000.0,0.0,-42568000.0,-600000000.0,-386531000.0,-1035711000.0,-3987409000.0,0.0,4265336000.0,-7883000.0,2582579000.0,2582579000.0,2582579000.0,0.0,0.0,0.23,5013098000.0,926402000.0,1847131000.0,0.15,3.832,24.16,24.033,25665037000.0,0.0,107.91,5.567,5.532,1597494000.0,10593533000.0,11208320000.0,11208320000.0,145342000.0,0.088,0.178,0.029,0.083,133849000.0,434467000.0,1.0,578219230.0,574620000,578693000.0,19.506,29833078000.0,130863000.0,-1921397000.0,3667088000.0,51.918,553566000.0
4,EOG,MRY,2016-12-31,2016-12-31,2016-12-31,2021-08-04,-19010000.0,29299201000.0,26755770750.0,3385216000.0,25913985000.0,0.286,25.266,-1463580000.0,1599895000.0,1599895000.0,3832751000.0,-1096686000.0,1.67,1.096,6986358000.0,6579000.0,6979779000.0,6986358000.0,0.0,3553417000.0,0.0,0.007,0.67,-1275824000.0,2277593000.0,0.298,2277593000.0,-1275824000.0,-1557505000.0,-1.98,-1.98,-1.98,13981581000.0,12560520500.0,13981581000.0,64217262762.0,-50.0,28.195,895483000.0,1.618,1.0,3817881000.0,0.499,0.0,281681000.0,32658373000.0,30962429750.0,350017000.0,0.0,0.0,0.0,15317620000.0,2027291000.0,13290329000.0,58279872762.0,881389000.0,54534000.0,-58829000.0,159595000.0,-372845000.0,-242722000.0,-1252944000.0,0.0,2359063000.0,17992000.0,-1096686000.0,-1096686000.0,-1096686000.0,0.0,0.0,-0.143,5043162000.0,-1225281000.0,1511826000.0,-0.338,4.168,-53.142,-51.061,25707078000.0,0.0,101.1,7.618,7.313,1216320000.0,8398118000.0,7650632000.0,7650632000.0,124953000.0,-0.041,-0.087,-0.041,-0.167,98733000.0,394815000.0,1.0,576457693.0,553384000,553384000.0,13.825,29299201000.0,28445000.0,-460819000.0,5146819000.0,52.946,1357925000.0
5,EOG,MRY,2015-12-31,2015-12-31,2015-12-31,2021-08-04,-33338000.0,26970470000.0,30706066750.0,2592244000.0,24378226000.0,0.285,23.718,-4820356000.0,718506000.0,718506000.0,4578485000.0,-4524515000.0,1.425,1.084,6655490000.0,6579000.0,6648911000.0,6655490000.0,0.0,3313644000.0,0.0,0.009,0.672,-6684163000.0,-3370519000.0,-0.385,-3370519000.0,-6684163000.0,-6921556000.0,-8.29,-8.29,-8.29,12943035000.0,15281249750.0,12943035000.0,44601293192.0,-7.0,-13.233,-1225191000.0,-2.245,1.0,4178943000.0,0.477,0.0,237393000.0,31088167000.0,33754027500.0,598935000.0,0.0,0.0,0.0,14027435000.0,1819287000.0,12208148000.0,38913772192.0,-1368707000.0,0.0,-26101000.0,737836000.0,-367005000.0,370921000.0,-5320256000.0,0.0,3595165000.0,-14537000.0,-4524515000.0,-4524515000.0,-4524515000.0,0.0,0.0,-0.517,10865022000.0,-6686079000.0,1471953000.0,-0.081,3.007,-8.601,-8.539,24210721000.0,0.0,70.79,4.444,4.411,930610000.0,9870816000.0,8757428000.0,8757428000.0,149494000.0,-0.147,-0.296,-0.198,-0.763,104519000.0,366594000.0,1.0,549707193.0,545697000,545697000.0,16.048,26970470000.0,188516000.0,-2397041000.0,4681520000.0,49.424,772957000.0
6,EOG,MRY,2014-12-31,2014-12-31,2014-12-31,2021-08-04,-23056000.0,34762687000.0,33676823000.0,5416021000.0,29346666000.0,0.536,32.593,-7677473000.0,2087213000.0,2087213000.0,6708939000.0,2915487000.0,1.6,0.963,5909933000.0,6579000.0,5903354000.0,5909933000.0,0.0,3997041000.0,0.0,0.006,0.511,5196773000.0,9193814000.0,0.51,9193814000.0,5196773000.0,4995315000.0,5.36,5.32,5.36,17712582000.0,17043545500.0,17712582000.0,54883892747.0,11.0,5.97,971682000.0,1.788,1.0,11326401000.0,0.628,0.0,201458000.0,35201099000.0,34546088000.0,706597000.0,0.0,0.0,0.0,17050105000.0,3384308000.0,13665797000.0,50455226747.0,769004000.0,0.0,-105175000.0,-10641000.0,-279695000.0,-327734000.0,-7513565000.0,0.0,8649155000.0,-38852000.0,2915487000.0,2915487000.0,2915487000.0,0.0,0.0,0.162,6084578000.0,5241823000.0,2860548000.0,0.095,2.849,17.306,17.177,29172644000.0,0.0,92.07,2.798,2.774,1779311000.0,14763098000.0,18035340000.0,18035340000.0,184388000.0,0.087,0.171,0.15,0.288,45627000.0,402010000.0,1.0,548009414.0,543443000,548539000.0,33.187,34762687000.0,91239000.0,2079828000.0,7073787000.0,63.967,2031713000.0
7,EOG,MRY,2013-12-31,2013-12-31,2013-12-31,2021-08-04,415834000.0,30574238000.0,29507818250.0,4072015000.0,26502223000.0,0.491,28.535,-6300070000.0,1318209000.0,1318209000.0,5790388000.0,2197109000.0,1.423,0.983,5913221000.0,6579000.0,5906642000.0,5913221000.0,0.0,3600976000.0,0.0,0.004,0.366,3672346000.0,7273322000.0,0.502,7273322000.0,3672346000.0,3436886000.0,4.07,4.02,4.07,15418459000.0,14605243500.0,15418459000.0,50810329816.0,14.0,6.986,1029344000.0,1.905,1.0,8696730000.0,0.6,0.0,235460000.0,32307534000.0,31401433250.0,563268000.0,0.0,0.0,0.0,15155779000.0,2861716000.0,12294063000.0,45816073816.0,441774000.0,0.0,-25054000.0,-405780000.0,-199178000.0,-573926000.0,-6314778000.0,0.0,7329414000.0,1064000.0,2197109000.0,2197109000.0,2197109000.0,0.0,0.0,0.152,5021519000.0,3675211000.0,2254418000.0,0.09,2.972,20.853,20.619,26148836000.0,0.0,83.92,3.163,3.13,1658853000.0,12168277000.0,14487118000.0,14487118000.0,161346000.0,0.074,0.15,0.117,0.253,78224000.0,348312000.0,1.0,545949402.0,540341000,546227000.0,26.811,30574238000.0,249403000.0,1239777000.0,5681719000.0,56.583,1210299000.0
8,EOG,MRY,2012-12-31,2012-12-31,2012-12-31,2021-08-04,439895000.0,27336578000.0,26730795500.0,3589884000.0,23746694000.0,0.437,24.824,-6045340000.0,876435000.0,876435000.0,4749892000.0,570279000.0,1.228,1.058,6312181000.0,406579000.0,5905602000.0,6312181000.0,0.0,3169703000.0,0.0,0.006,0.335,1494292000.0,4663995000.0,0.399,4663995000.0,1494292000.0,1280740000.0,1.07,1.05,1.07,13284764000.0,13356304500.0,13284764000.0,37912369869.0,25.0,8.129,-808563000.0,-1.511,1.0,6932744000.0,0.593,0.0,213552000.0,29848266000.0,29011208000.0,683187000.0,0.0,0.0,0.0,14051814000.0,2924058000.0,11127756000.0,32719715869.0,260709000.0,0.0,24295000.0,1229736000.0,-181080000.0,1139751000.0,-6119263000.0,0.0,5236777000.0,3444000.0,570279000.0,570279000.0,570279000.0,0.0,0.0,0.049,5452947000.0,1479797000.0,2078948000.0,0.313,2.463,57.375,56.444,23337681000.0,0.0,60.395,2.801,2.767,1656618000.0,10175631000.0,11682636000.0,11682636000.0,185569000.0,0.021,0.043,0.052,0.128,60743000.0,331545000.0,1.0,541761998.0,535155000,541524000.0,21.83,27336578000.0,29163000.0,710461000.0,4512317000.0,51.082,665826000.0
9,EOG,MRY,2011-12-31,2011-12-30,2011-12-30,2021-08-04,401746000.0,24838797000.0,24284594000.0,3253938000.0,21584859000.0,0.417,24.056,-5517675000.0,615726000.0,615726000.0,3578370000.0,1091123000.0,1.29,0.965,5009166000.0,0.0,5009166000.0,5009166000.0,0.0,2516381000.0,0.0,0.006,0.318,2120162000.0,4636543000.0,0.458,4636543000.0,2120162000.0,1909799000.0,2.075,2.05,2.075,12640904000.0,12250079000.0,12640904000.0,30325508141.0,14.0,6.541,-939265000.0,-1.787,1.0,6547745000.0,0.647,0.0,210363000.0,26709918000.0,25603254000.0,590594000.0,0.0,0.0,0.0,12197893000.0,2522319000.0,9675574000.0,26484490141.0,-173127000.0,0.0,1400256000.0,-224787000.0,-167169000.0,1008539000.0,-5754942000.0,0.0,4578410000.0,-5134000.0,1091123000.0,1091123000.0,1091123000.0,0.0,0.0,0.108,4434436000.0,2113309000.0,2033615000.0,0.153,2.095,24.273,23.737,21288824000.0,0.0,49.255,2.615,2.556,1451227000.0,9789345000.0,10126115000.0,10126115000.0,171658000.0,0.045,0.089,0.083,0.209,128345000.0,304811000.0,1.0,537701556.0,525470000,532536000.0,19.271,24838797000.0,26609000.0,818676000.0,4150313000.0,47.27,731619000.0
10,EOG,MRY,2010-12-31,2010-12-31,2010-12-31,2021-08-04,440071000.0,21624233000.0,19885960750.0,2527446000.0,19096787000.0,0.307,20.392,-4908789000.0,788853000.0,788853000.0,2107075000.0,160654000.0,1.138,1.113,5223341000.0,220000000.0,5003341000.0,5223341000.0,0.0,1941926000.0,0.0,0.007,0.305,537562000.0,2479488000.0,0.406,2479488000.0,537562000.0,407976000.0,0.32,0.315,0.32,10231632000.0,10161423000.0,10231632000.0,26960385250.0,50.0,10.873,-2200187000.0,-4.385,1.0,3992821000.0,0.655,0.0,129586000.0,23838622000.0,21540115250.0,415792000.0,0.0,0.0,0.0,11392601000.0,2220099000.0,9172502000.0,23219579250.0,103102000.0,-210000000.0,23265000.0,2433359000.0,-153240000.0,2303419000.0,-4902774000.0,0.0,2708602000.0,-6145000.0,160654000.0,160654000.0,160654000.0,0.0,0.0,0.026,3469502000.0,523319000.0,1664944000.0,0.953,2.269,144.532,142.828,18680900000.0,0.0,45.705,3.807,3.76,1113279000.0,8870179000.0,6099896000.0,6099896000.0,187381000.0,0.008,0.016,0.025,0.088,107378000.0,280474000.0,1.0,508031490.0,501752000,509000000.0,12.157,21624233000.0,64176000.0,247322000.0,3625577000.0,43.097,307347000.0
11,EOG,MRY,2009-12-31,2009-12-31,2009-12-31,2021-08-04,339720000.0,18118667000.0,17029105250.0,1839541000.0,16279126000.0,0.281,20.077,-3291009000.0,685751000.0,685751000.0,1368869000.0,546627000.0,1.367,0.812,2797000000.0,37000000.0,2760000000.0,2797000000.0,0.0,1549188000.0,0.0,0.006,0.285,972912000.0,2522100000.0,0.527,2522100000.0,972912000.0,872011000.0,1.1,1.085,1.1,9998042000.0,9472710250.0,9998042000.0,26742667279.0,27.0,10.603,-368570000.0,-0.74,1.0,3418090000.0,0.714,0.0,100901000.0,18884356000.0,17876613250.0,261723000.0,0.0,0.0,0.0,8120625000.0,1345560000.0,6775065000.0,24554178279.0,354440000.0,0.0,9479000.0,891105000.0,-142260000.0,834162000.0,-3414551000.0,0.0,2922439000.0,12390000.0,546627000.0,546627000.0,546627000.0,0.0,0.0,0.114,2447249000.0,970841000.0,979139000.0,0.259,2.456,44.919,44.227,16139225000.0,0.0,48.65,5.129,5.061,771417000.0,8866747000.0,4786959000.0,4786959000.0,169592000.0,0.032,0.058,0.054,0.203,19046000.0,248274000.0,1.0,504710756.0,497992000,503768000.0,9.613,18118667000.0,37009000.0,325384000.0,3510685000.0,36.383,493981000.0
12,EOG,MRY,2008-12-31,2008-12-31,2008-12-31,2021-08-04,27787000.0,15951226000.0,14739820500.0,2108451000.0,13842775000.0,0.484,18.273,-4811912000.0,331311000.0,331311000.0,1081834000.0,2436919000.0,1.195,0.77,1897000000.0,37000000.0,1860000000.0,1897000000.0,0.0,1326875000.0,0.0,0.007,0.232,3798197000.0,5125072000.0,0.719,5125072000.0,3798197000.0,3746539000.0,4.94,4.86,4.94,9014497000.0,8137787250.0,9014497000.0,17628102877.0,5.0,3.44,-178663000.0,-0.362,1.0,6045309000.0,0.848,0.0,51658000.0,15751999000.0,13946750250.0,187970000.0,0.0,0.0,0.0,6936729000.0,1764916000.0,5171813000.0,16617079877.0,277080000.0,0.0,54738000.0,704415000.0,-115204000.0,645105000.0,-4966518000.0,0.0,4633249000.0,-34756000.0,2436919000.0,2436476000.0,2436476000.0,0.0,0.0,0.342,2278124000.0,3767185000.0,1122209000.0,0.047,1.843,6.82,6.739,13657302000.0,443000.0,33.29,2.332,2.304,722695000.0,8466143000.0,7127143000.0,7127143000.0,193886000.0,0.165,0.299,0.272,0.533,91047000.0,243708000.0,1.0,499161306.0,493324000,501084000.0,14.447,15951226000.0,27053000.0,1309620000.0,3268018000.0,32.334,343535000.0
13,EOG,MRY,2007-12-31,2007-12-31,2007-12-31,2021-08-04,466702000.0,12088907000.0,10976933000.0,1292039000.0,10796868000.0,0.386,14.355,-3595767000.0,54231000.0,54231000.0,814117000.0,1089918000.0,0.876,0.729,1185000000.0,0.0,1185000000.0,1185000000.0,0.0,1065545000.0,0.0,0.004,0.165,1677646000.0,2743191000.0,0.647,2743191000.0,1677646000.0,1630868000.0,2.225,2.185,2.225,6990094000.0,6438873750.0,6990094000.0,22936225452.0,14.0,8.361,-694764000.0,-1.427,1.0,3425186000.0,0.808,0.0,46778000.0,11745506000.0,10612712000.0,102322000.0,0.0,0.0,0.0,5098813000.0,1474170000.0,3624643000.0,21954727452.0,-164024000.0,0.0,47682000.0,446352000.0,-84020000.0,386085000.0,-3455774000.0,0.0,2901003000.0,4662000.0,1089918000.0,1083255000.0,1083255000.0,0.0,0.0,0.256,1776790000.0,1648396000.0,1152140000.0,0.074,3.141,20.267,20.056,10429254000.0,6663000.0,44.625,5.179,5.126,835670000.0,6156721000.0,4239303000.0,4239303000.0,150445000.0,0.099,0.168,0.158,0.396,39914000.0,205210000.0,1.0,491982688.0,486938000,495274000.0,8.706,12088907000.0,143903000.0,540950000.0,2284934000.0,24.826,-182131000.0
14,EOG,MRY,2006-12-31,2006-12-31,2006-12-31,2021-08-04,176704000.0,9402160000.0,8863180750.0,1350080000.0,8052080000.0,0.443,11.58,-2830082000.0,218255000.0,218255000.0,578889000.0,1299885000.0,1.076,0.679,733442000.0,0.0,733442000.0,733442000.0,0.0,817089000.0,0.0,0.004,0.11,1955799000.0,2772888000.0,0.706,2772888000.0,1955799000.0,1912641000.0,2.665,2.62,2.665,5599671000.0,5241415000.0,5599671000.0,15438391979.0,8.0,5.568,-234063000.0,-0.484,1.0,3349752000.0,0.853,0.0,43158000.0,8662335000.0,7945574500.0,113591000.0,0.0,0.0,0.0,3802489000.0,1255012000.0,2547477000.0,15204805979.0,-425556000.0,0.0,18567000.0,-252240000.0,-60443000.0,-316348000.0,-2710373000.0,0.0,2596019000.0,5146000.0,1299885000.0,1288890000.0,1288890000.0,0.0,0.0,0.328,1446199000.0,1903553000.0,896572000.0,0.041,2.715,11.797,11.717,7944047000.0,10995000.0,31.225,3.87,3.843,754134000.0,5151034000.0,3928641000.0,3928641000.0,155008000.0,0.145,0.246,0.246,0.498,49875000.0,164981000.0,1.0,486943346.0,483564000,492200000.0,8.124,9402160000.0,94311000.0,612756000.0,1788727000.0,19.443,95068000.0
15,EOG,MRY,2005-12-31,2005-12-31,2005-12-31,2021-08-04,177137000.0,7753320000.0,6831139500.0,1563238000.0,6190082000.0,0.532,9.038,-1677034000.0,643811000.0,643811000.0,438167000.0,1259576000.0,1.334,0.796,985067000.0,126075000.0,858992000.0,985067000.0,0.0,654258000.0,0.0,0.002,0.075,2027643000.0,2681901000.0,0.738,2681901000.0,2027643000.0,1965137000.0,2.62,2.565,2.62,4316292000.0,3680202750.0,4316292000.0,18426497891.0,9.0,6.871,692392000.0,1.45,1.0,3194862000.0,0.879,0.0,62506000.0,6922535000.0,6758868750.0,63215000.0,0.0,0.0,0.0,3437028000.0,1172041000.0,2264987000.0,17724786891.0,622831000.0,0.0,64668000.0,-94143000.0,-42986000.0,-72310000.0,-1678108000.0,0.0,2369426000.0,3823000.0,1259576000.0,1252144000.0,1252144000.0,0.0,0.0,0.345,1190231000.0,2004631000.0,679548000.0,0.029,4.106,14.156,14.002,6087179000.0,7432000.0,36.685,4.879,4.823,762207000.0,3920483000.0,3633029000.0,3633029000.0,133116000.0,0.183,0.34,0.3,0.558,63067000.0,125918000.0,1.0,483161698.0,477594000,487950000.0,7.607,7753320000.0,24631000.0,705561000.0,1428149000.0,16.234,391197000.0
16,EOG,MRY,2004-12-31,2004-12-31,2004-12-31,2021-08-04,148015000.0,5798923000.0,5326384750.0,586803000.0,5212120000.0,0.426,6.3,-1403225000.0,20980000.0,20980000.0,363228000.0,624855000.0,0.928,0.969,1077622000.0,0.0,1077622000.0,1077622000.0,0.0,504403000.0,0.0,0.003,0.057,989140000.0,1493543000.0,0.658,1493543000.0,989140000.0,926012000.0,1.315,1.29,1.315,2945424000.0,2616206000.0,2945424000.0,9442585205.0,10.0,6.322,41122000.0,0.088,1.0,1907997000.0,0.84,0.0,63128000.0,6223361000.0,5798903250.0,40037000.0,0.0,0.0,0.0,2853499000.0,632204000.0,2221295000.0,8461521205.0,16537000.0,0.0,75510000.0,-31250000.0,-37595000.0,-43238000.0,-1396908000.0,0.0,1444347000.0,12336000.0,624855000.0,613963000.0,613963000.0,0.0,0.0,0.27,928802000.0,979195000.0,424581000.0,0.043,2.873,13.782,13.567,5101603000.0,10892000.0,17.84,3.726,3.672,447742000.0,2706845000.0,2271225000.0,2271225000.0,93941000.0,0.115,0.235,0.171,0.436,38959000.0,115013000.0,1.0,474300516.0,467502000,476752000.0,4.858,5798923000.0,22227000.0,301157000.0,1057403000.0,12.404,-45401000.0
17,EOG,MRY,2003-12-31,2003-12-31,2003-12-31,2021-08-04,73934000.0,4749015000.0,4371518250.0,396014000.0,4353001000.0,0.399,4.85,-1231986000.0,4443000.0,4443000.0,253757000.0,430145000.0,0.831,1.136,1108872000.0,0.0,1108872000.0,1108872000.0,0.0,441843000.0,0.0,0.004,0.045,705456000.0,1147299000.0,0.658,1147299000.0,705456000.0,646745000.0,0.915,0.9,0.915,2223381000.0,2032146000.0,2223381000.0,6139860499.0,9.0,5.352,17190000.0,0.038,1.0,1490918000.0,0.855,0.0,58711000.0,5376925000.0,4957302000.0,21922000.0,0.0,0.0,0.0,2525634000.0,476519000.0,2049115000.0,5313527499.0,-5405000.0,0.0,13843000.0,-36260000.0,-31294000.0,-57196000.0,-1207441000.0,0.0,1249176000.0,10056000.0,430145000.0,419113000.0,419113000.0,0.0,0.0,0.24,793604000.0,697314000.0,282379000.0,0.049,2.39,12.678,12.615,4248917000.0,11032000.0,11.543,3.046,3.033,295118000.0,2121214000.0,1744675000.0,1744675000.0,76358000.0,0.096,0.206,0.142,0.404,11926000.0,100403000.0,1.0,460344596.0,458388000,466074000.0,3.806,4749015000.0,39524000.0,216600000.0,876015000.0,10.36,-80505000.0
18,EOG,MRY,2002-12-31,2002-12-31,2002-12-31,2021-08-04,-49877000.0,3813568000.0,3643911500.0,394354000.0,3419214000.0,0.3,3.625,-753362000.0,9848000.0,9848000.0,226178000.0,87173000.0,1.25,1.28,1145132000.0,0.0,1145132000.0,1145132000.0,0.0,398036000.0,0.0,0.004,0.04,179326000.0,577362000.0,0.527,577362000.0,179326000.0,119672000.0,0.165,0.163,0.165,1672395000.0,1662250750.0,1672395000.0,5695337291.0,32.0,9.864,-141705000.0,-0.307,1.0,868504000.0,0.793,0.0,59654000.0,4633305000.0,4427802250.0,18928000.0,0.0,0.0,0.0,2141173000.0,315547000.0,1825626000.0,4612251291.0,7336000.0,0.0,-45699000.0,289163000.0,-29152000.0,211304000.0,-816132000.0,0.0,611657000.0,507000.0,87173000.0,76141000.0,76141000.0,0.0,0.0,0.07,687527000.0,180977000.0,201931000.0,0.242,2.758,60.575,60.485,3321548000.0,11032000.0,9.98,4.213,4.206,259308000.0,1723948000.0,1094682000.0,1094682000.0,60228000.0,0.021,0.046,0.041,0.164,5168000.0,88952000.0,1.0,462149428.0,461340000,468980000.0,2.373,3813568000.0,80015000.0,32499000.0,683680000.0,8.266,78807000.0
19,EOG,MRY,2001-12-31,2001-12-31,2001-12-31,2021-08-04,-55118000.0,3414044000.0,3255851750.0,272421000.0,3141623000.0,0.509,3.547,-965984000.0,21844000.0,21844000.0,246806000.0,398616000.0,0.876,1.078,855969000.0,0.0,855969000.0,855969000.0,0.0,392399000.0,0.0,0.004,0.039,676555000.0,1068954000.0,0.646,1068954000.0,676555000.0,631445000.0,0.838,0.825,0.838,1642686000.0,1630759000.0,1642686000.0,5206236668.0,8.0,4.87,231443000.0,0.5,1.0,1408916000.0,0.851,0.0,45110000.0,3937322000.0,3559604000.0,18871000.0,0.0,0.0,0.0,1771358000.0,310847000.0,1460511000.0,4516558668.0,-17640000.0,0.0,-95964000.0,-4155000.0,-28580000.0,-127012000.0,-1088055000.0,0.0,1197427000.0,0.0,398616000.0,387622000.0,387622000.0,0.0,0.0,0.234,733529000.0,675387000.0,219561000.0,0.047,2.749,11.652,11.668,3055910000.0,10994000.0,9.777,2.728,2.734,194624000.0,1668708000.0,1655722000.0,1655722000.0,67467000.0,0.119,0.238,0.19,0.409,7332000.0,79963000.0,1.0,461933896.0,463060000,469952000.0,3.576,3414044000.0,0.0,232829000.0,591239000.0,7.373,-38426000.0
20,EOG,MRY,2000-12-31,2000-12-31,2000-12-31,2021-08-04,-31756000.0,3001253000.0,2785393750.0,394865000.0,2606388000.0,0.535,2.952,-602638000.0,20152000.0,20152000.0,158252000.0,396931000.0,1.067,1.173,859000000.0,0.0,859000000.0,859000000.0,0.0,359265000.0,0.0,0.002,0.033,694563000.0,1053828000.0,0.707,1053828000.0,694563000.0,633557000.0,0.825,0.81,0.825,1380925000.0,1231575000.0,1380925000.0,7312534310.0,11.0,6.939,364772000.0,0.78,1.0,1331643000.0,0.894,0.0,61006000.0,3469985000.0,3413049500.0,16623000.0,0.0,0.0,0.0,1620328000.0,370116000.0,1250212000.0,6384074310.0,-4684000.0,0.0,-145633000.0,-131306000.0,-26071000.0,-304933000.0,-667161000.0,0.0,967410000.0,0.0,396931000.0,385903000.0,385903000.0,0.0,0.0,0.259,634780000.0,696863000.0,246468000.0,0.04,4.623,16.543,16.555,2525007000.0,11028000.0,13.658,4.285,4.288,342579000.0,1301067000.0,1489895000.0,1489895000.0,67196000.0,0.139,0.313,0.204,0.466,41307000.0,66932000.0,1.0,467440916.0,467736000,476408000.0,3.185,3001253000.0,0.0,236626000.0,418917000.0,6.417,24749000.0
21,EOG,MRY,1999-12-31,1999-12-31,1999-12-31,2021-08-04,-19810000.0,2610793000.0,2790089000.0,200501000.0,2410292000.0,0.302,2.008,-396450000.0,24836000.0,24836000.0,144126000.0,569094000.0,0.917,1.311,990306000.0,0.0,990306000.0,990306000.0,0.0,329668000.0,0.0,0.007,0.03,629531000.0,959199000.0,1.139,959199000.0,629531000.0,567712000.0,1.01,1.002,1.01,1129611000.0,1169018500.0,1129611000.0,3239222290.0,5.0,3.377,47069000.0,0.084,1.0,697973000.0,0.829,0.0,61819000.0,3357645000.0,3834862500.0,18816000.0,0.0,0.0,0.0,1481182000.0,218618000.0,1262564000.0,2092837290.0,18533000.0,0.0,589130000.0,-152473000.0,-17395000.0,-61621000.0,-363365000.0,0.0,443519000.0,0.0,569094000.0,568559000.0,568559000.0,0.0,0.0,0.675,679785000.0,18188000.0,172780000.0,0.03,1.853,3.681,4.347,2334928000.0,535000.0,4.39,2.485,2.933,148189000.0,930938000.0,842099000.0,842099000.0,52773000.0,0.204,0.486,0.164,0.748,1387000.0,82857000.0,1.0,476728312.0,562592000,566508000.0,1.497,2610793000.0,0.0,-1382000.0,245600000.0,4.641,-18117000.0
22,EOG,MRY,1998-12-31,1998-12-31,1998-12-31,2021-08-04,-35848000.0,3018095000.0,2870318250.0,246350000.0,2771745000.0,0.282,2.078,-680520000.0,6303000.0,6303000.0,160683000.0,56171000.0,,1.357,1142779000.0,,,1142779000.0,4198000.0,315106000.0,0.0,0.007,0.03,108861000.0,423967000.0,0.525,423967000.0,108861000.0,60282000.0,0.09,0.09,0.09,1280304000.0,1288837750.0,1280304000.0,3716387717.0,34.0,8.766,-276644000.0,-0.449,1.0,647569000.0,0.801,0.0,48579000.0,4154571000.0,3828581750.0,39581000.0,0.0,0.0,0.0,1737791000.0,,,2651241717.0,-3027000.0,0.0,-23262000.0,401504000.0,-18504000.0,352717000.0,-759620000.0,0.0,403876000.0,0.0,56171000.0,56171000.0,56171000.0,0.0,0.0,0.069,533908000.0,113661000.0,308961000.0,0.333,2.071,47.199,47.917,2676363000.0,0.0,4.312,3.28,3.287,193588000.0,838371000.0,808252000.0,808252000.0,65940000.0,0.02,0.044,0.028,0.135,270000.0,69010000.0,1.0,614780688.0,616008000,618292000.0,1.312,3018095000.0,0.0,4111000.0,280424000.0,4.899,
23,EOG,MRY,1997-12-31,1997-12-31,1997-12-31,2021-08-04,-19771000.0,2723355000.0,2590854000.0,282035000.0,2441320000.0,0.302,2.035,-626198000.0,9330000.0,9330000.0,113367000.0,121970000.0,,1.126,741275000.0,,,741275000.0,39918000.0,278179000.0,0.0,0.006,0.03,191187000.0,469366000.0,0.599,469366000.0,191187000.0,163470000.0,0.195,0.193,0.195,1281049000.0,1273069500.0,1281049000.0,,,,-95269000.0,-0.151,1.0,670134000.0,0.855,0.0,27717000.0,3455300000.0,3186049000.0,32040000.0,0.0,0.0,0.0,1442306000.0,,,3279414769.0,1686000.0,0.0,-94165000.0,279095000.0,-18938000.0,167887000.0,-697130000.0,0.0,530929000.0,0.0,121970000.0,121970000.0,121970000.0,0.0,0.0,0.156,477359000.0,192775000.0,335696000.0,0.154,2.56,26.887,27.167,2387207000.0,0.0,5.298,4.186,4.256,232099000.0,800709000.0,783501000.0,783501000.0,57696000.0,0.047,0.096,0.06,0.244,0.0,54415000.0,1.0,619049508.0,629504000,632640000.0,1.245,2723355000.0,0.0,41500000.0,316519000.0,4.326,
24,EOG,MRY,1996-12-31,1996-12-31,1996-12-31,2021-08-04,-10179000.0,2458353000.0,,325910000.0,2132443000.0,,1.979,-539330000.0,7644000.0,7644000.0,89811000.0,140008000.0,,0.943,466089000.0,,,466089000.0,56383000.0,251278000.0,0.0,0.005,0.03,203823000.0,455101000.0,0.623,455101000.0,203823000.0,190962000.0,0.22,0.217,0.22,1265090000.0,,1265090000.0,,,,-174220000.0,-0.272,1.0,640837000.0,0.877,0.0,12861000.0,2916798000.0,,20746000.0,0.0,0.0,0.0,1193263000.0,,,,-15395000.0,0.0,-21319000.0,179060000.0,-19161000.0,131055000.0,-511560000.0,0.0,365110000.0,0.0,140008000.0,140008000.0,140008000.0,0.0,0.0,0.192,432007000.0,208830000.0,317360000.0,0.136,,,28.693,2099589000.0,0.0,6.312,,5.524,277298000.0,697564000.0,730648000.0,730648000.0,55009000.0,,,,0.279,0.0,56405000.0,1.0,,639412000,646100000.0,1.143,2458353000.0,0.0,50954000.0,327502000.0,3.845,
25,EOG,MRY,1995-12-31,1995-12-31,1995-12-31,2021-08-04,,,,,,,,-445047000.0,,,69463000.0,142118000.0,,,,,,,,216047000.0,,0.005,0.03,195978000.0,412025000.0,0.635,412025000.0,195978000.0,184054000.0,0.223,0.22,0.223,,,,,,,-109692000.0,-0.171,1.0,579239000.0,0.893,,11924000.0,,,,,,,,,,,17229000.0,0.0,-7526000.0,100420000.0,-19193000.0,73168000.0,-391294000.0,0.0,335355000.0,0.0,142118000.0,142118000.0,142118000.0,0.0,0.0,0.219,383930000.0,195309000.0,,0.135,,,26.906,,0.0,6.0,,5.916,,,648702000.0,648702000.0,42044000.0,,,,0.302,0.0,56626000.0,1.0,,639668000,644528000.0,1.014,,,41936000.0,,,
0,EOG,MRQ,2021-06-30,2021-06-30,2021-06-30,2021-08-04,-15000000.0,36885000000.0,,6935000000.0,29950000000.0,,36.002,-882000000.0,3880000000.0,3880000000.0,1616000000.0,907000000.0,1.733,0.766,5378000000.0,292000000.0,5086000000.0,5378000000.0,0.0,914000000.0,0.0,0.018,0.412,1169000000.0,2083000000.0,0.503,2083000000.0,1169000000.0,1124000000.0,1.56,1.55,1.56,20881000000.0,,20881000000.0,50710011380.0,20.0,8.332,677000000.0,1.167,1.0,2523000000.0,0.61,0.0,45000000.0,34381000000.0,,516000000.0,0.0,0.0,0.0,16004000000.0,4002000000.0,12002000000.0,48696011380.0,492000000.0,0.0,7000000.0,-9000000.0,-239000000.0,-241000000.0,-828000000.0,0.0,1559000000.0,2000000.0,907000000.0,907000000.0,907000000.0,0.0,0.0,0.219,1352000000.0,1171000000.0,2012000000.0,0.264,2.332,25.916,25.674,28659000000.0,0.0,83.44,3.733,3.71,2015000000.0,14689000000.0,4139000000.0,4139000000.0,35000000.0,,,,,31000000.0,120000000.0,1.0,583605122.0,580000000,584000000.0,7.136,36885000000.0,14000000.0,217000000.0,5016000000.0,63.595,2933000000.0
1,EOG,MRQ,2021-03-31,2021-03-31,2021-03-31,2021-08-04,-14000000.0,36171000000.0,,6191000000.0,29980000000.0,,35.797,-912000000.0,3388000000.0,3388000000.0,1460000000.0,677000000.0,1.869,0.742,5402000000.0,308000000.0,5094000000.0,5402000000.0,0.0,900000000.0,0.0,0.021,0.375,928000000.0,1828000000.0,0.495,1828000000.0,928000000.0,881000000.0,1.17,1.16,1.17,20762000000.0,,20762000000.0,45108425132.0,142.0,12.464,958000000.0,1.652,1.0,2234000000.0,0.605,0.0,47000000.0,34873000000.0,,562000000.0,0.0,0.0,0.0,15409000000.0,3312000000.0,12097000000.0,42325859132.0,59000000.0,0.0,-10000000.0,-759000000.0,-219000000.0,-988000000.0,-821000000.0,0.0,1870000000.0,-2000000.0,677000000.0,677000000.0,677000000.0,0.0,0.0,0.183,1302000000.0,932000000.0,1945000000.0,0.321,2.039,682.686,604.417,28666000000.0,0.0,72.53,4.229,4.203,1828000000.0,14606000000.0,3694000000.0,3694000000.0,33000000.0,,,,,35000000.0,110000000.0,1.0,583563479.0,580000000,583000000.0,6.369,36171000000.0,4000000.0,204000000.0,5274000000.0,62.364,2879000000.0
2,EOG,MRQ,2020-12-31,2020-12-31,2020-12-31,2021-08-04,-12000000.0,35805000000.0,,5862000000.0,29943000000.0,,35.029,-838177000.0,3329000000.0,3329000000.0,1197737000.0,337466000.0,1.694,0.764,6111000000.0,1076000000.0,5035000000.0,6111000000.0,0.0,870564000.0,0.0,0.028,0.375,480881000.0,1351445000.0,0.456,1351445000.0,480881000.0,427760000.0,0.59,0.59,0.59,20302000000.0,,20302000000.0,32003617052.0,-60.0,11.164,283061000.0,0.488,1.0,1767761000.0,0.596,0.0,53121000.0,35127000000.0,,629000000.0,0.0,0.0,0.0,15503000000.0,3460000000.0,12043000000.0,29093083052.0,263372000.0,0.0,6246000.0,-6149000.0,-219581000.0,-219484000.0,-636848000.0,0.0,1121238000.0,-1534000.0,337466000.0,337466000.0,337466000.0,0.0,0.0,0.114,1280099000.0,487662000.0,1681000000.0,0.636,1.433,-48.122,-47.952,28599000000.0,0.0,49.87,2.637,2.617,1522000000.0,14170000000.0,2965498000.0,2965498000.0,40415000.0,,,,,32942000.0,113235000.0,1.0,583378445.0,579576000,579576000.0,5.117,35805000000.0,25000000.0,90294000.0,5065000000.0,61.778,2402000000.0
3,EOG,MRQ,2020-09-30,2020-09-30,2020-09-30,2021-08-04,-7930000.0,35074018000.0,,5095057000.0,29978961000.0,,34.795,-340564000.0,3065556000.0,3065556000.0,1056475000.0,-42467000.0,1.687,0.741,5976090000.0,1026188000.0,4949902000.0,5976090000.0,0.0,823050000.0,0.0,0.037,0.375,687000.0,823737000.0,0.367,823737000.0,687000.0,-52555000.0,-0.07,-0.07,-0.07,20148326000.0,,20148326000.0,24486236582.0,-172.0,7.316,872989000.0,1.508,1.0,1189009000.0,0.53,0.0,53242000.0,34964510000.0,,668541000.0,0.0,0.0,0.0,14925692000.0,3020042000.0,11905650000.0,20925833582.0,649055000.0,0.0,-9764000.0,-4864000.0,-217142000.0,-231770000.0,-334473000.0,0.0,1213553000.0,1745000.0,-42467000.0,-42467000.0,-42467000.0,0.0,0.0,-0.019,1191723000.0,-2714000.0,1245029000.0,-5.357,1.039,-68.397,-69.115,28633006000.0,0.0,35.94,1.689,1.68,1134346000.0,14051197000.0,2245484000.0,2245484000.0,38413000.0,,,,,33811000.0,124460000.0,1.0,582243561.0,579055000,579055000.0,3.878,35074018000.0,5098000.0,-10088000.0,5071901000.0,60.571,2075015000.0
4,EOG,MRQ,2020-06-30,2020-06-30,2020-06-30,2021-08-04,-6130000.0,35221671000.0,,4597391000.0,30624280000.0,,35.212,-431000000.0,2416501000.0,2416501000.0,938000000.0,-910000000.0,2.134,0.728,5976904000.0,273763000.0,5703141000.0,5976904000.0,0.0,707000000.0,0.0,0.024,0.375,-1091000000.0,-384000000.0,-0.348,-384000000.0,-1091000000.0,-1145000000.0,-1.57,-1.57,-1.57,20387557000.0,,20387557000.0,32124131371.0,46.0,7.447,-343000000.0,-0.592,1.0,165000000.0,0.15,0.0,54000000.0,36627693000.0,,676580000.0,0.0,0.0,0.0,14834114000.0,2154381000.0,12679733000.0,29486447371.0,-490000000.0,0.0,8000000.0,476000000.0,-217000000.0,267000000.0,-845000000.0,0.0,88000000.0,0.0,-910000000.0,-910000000.0,-910000000.0,0.0,0.0,-0.825,1252000000.0,-1087000000.0,1281166000.0,-0.239,1.446,83.853,83.049,29233465000.0,0.0,50.66,2.041,2.031,943354000.0,14312493000.0,1103000000.0,1103000000.0,27000000.0,,,,,40000000.0,132000000.0,1.0,582045941.0,579000000,579000000.0,1.905,35221671000.0,198804000.0,-235000000.0,5031659000.0,60.832,2443010000.0
5,EOG,MRQ,2020-03-31,2020-03-31,2020-03-31,2021-08-04,-3305000.0,37634084000.0,,6491049000.0,31143035000.0,,37.146,-1663000000.0,2906852000.0,2906852000.0,1776000000.0,10000000.0,1.508,0.753,5544536000.0,841384000.0,4703152000.0,5544536000.0,0.0,1000000000.0,0.0,0.03,0.287,76000000.0,1076000000.0,0.228,1076000000.0,76000000.0,31000000.0,0.02,0.02,0.02,21470675000.0,,21470675000.0,24424231880.0,8.0,3.595,922000000.0,1.595,1.0,2942000000.0,0.624,0.0,45000000.0,35966757000.0,,662398000.0,0.0,0.0,0.0,16163409000.0,4305011000.0,11858398000.0,20907395880.0,879000000.0,0.0,-5000000.0,-3000000.0,-167000000.0,-175000000.0,-1531000000.0,0.0,2585000000.0,0.0,10000000.0,10000000.0,10000000.0,0.0,0.0,0.002,2884000000.0,58000000.0,2892320000.0,14.35,0.974,9.911,9.841,29694054000.0,0.0,35.92,1.159,1.151,1449637000.0,15440142000.0,4718000000.0,4718000000.0,40000000.0,,,,,40000000.0,114000000.0,1.0,582054451.0,578000000,580000000.0,8.163,37634084000.0,311886000.0,21000000.0,5291311000.0,65.111,2186038000.0
6,EOG,MRQ,2019-12-31,2019-12-31,2019-12-31,2021-08-04,-4652000.0,37124608000.0,,5273339000.0,31851269000.0,,37.429,-1263411000.0,2027972000.0,2027972000.0,1907724000.0,636521000.0,1.175,0.715,5544808000.0,1383889000.0,4160919000.0,5544808000.0,0.0,959208000.0,0.0,0.012,0.287,871903000.0,1831111000.0,0.424,1831111000.0,871903000.0,831208000.0,1.1,1.1,1.1,21640716000.0,,21640716000.0,52707118597.0,14.0,7.046,543793000.0,0.941,1.0,2412522000.0,0.558,0.0,40695000.0,36154456000.0,,767297000.0,0.0,0.0,0.0,15483892000.0,4486988000.0,10996904000.0,48728560597.0,444867000.0,0.0,5474000.0,-3261000.0,-167349000.0,-165136000.0,-1197027000.0,0.0,1807204000.0,-174000.0,636521000.0,636521000.0,636521000.0,0.0,0.0,0.147,1548771000.0,863751000.0,2429127000.0,0.261,2.252,17.817,17.708,30364595000.0,0.0,83.76,2.804,2.784,2001658000.0,15648604000.0,4320246000.0,4320246000.0,36495000.0,,,,,42415000.0,125187000.0,1.0,581764095.0,578186000,579538000.0,7.472,37124608000.0,154028000.0,194687000.0,5300951000.0,64.209,786351000.0
7,EOG,MRQ,2019-09-30,2019-09-30,2019-09-30,2021-08-04,-3689000.0,36542269000.0,,4819731000.0,31722538000.0,,36.557,-1473087000.0,1583105000.0,1583105000.0,2043228000.0,615122000.0,1.077,0.73,5561663000.0,1398548000.0,4163115000.0,5561663000.0,0.0,953597000.0,0.0,0.013,0.287,837077000.0,1790674000.0,0.416,1790674000.0,837077000.0,797457000.0,1.06,1.06,1.06,21124280000.0,,21124280000.0,47512034387.0,12.0,6.16,588577000.0,1.019,1.0,2260227000.0,0.525,0.0,39620000.0,36047114000.0,,778120000.0,0.0,0.0,0.0,15417989000.0,4473713000.0,10944276000.0,43096812387.0,422620000.0,0.0,-12972000.0,-3349000.0,-166170000.0,-182469000.0,-1456466000.0,0.0,2061664000.0,-109000.0,615122000.0,615122000.0,615122000.0,0.0,0.0,0.143,1432268000.0,827959000.0,2395080000.0,0.271,2.04,14.408,14.328,30204322000.0,0.0,74.22,2.444,2.432,1927996000.0,15179381000.0,4303455000.0,4303455000.0,34540000.0,,,,,54670000.0,135758000.0,1.0,580663061.0,577839000,581271000.0,7.447,36542269000.0,137678000.0,182335000.0,5225578000.0,63.24,346018000.0
8,EOG,MRQ,2019-06-30,2019-06-30,2019-06-30,2021-08-04,-4528000.0,35751501000.0,,4495521000.0,31255980000.0,,35.726,-1560349000.0,1160485000.0,1160485000.0,2138709000.0,847841000.0,1.018,0.733,5575707000.0,1410423000.0,4165284000.0,5575707000.0,0.0,957304000.0,0.0,0.009,0.22,1139274000.0,2096578000.0,0.446,2096578000.0,1139274000.0,1089366000.0,1.47,1.46,1.47,20630276000.0,,20630276000.0,59404436133.0,13.0,7.114,1126194000.0,1.95,1.0,2558921000.0,0.545,0.0,49908000.0,35752666000.0,,853128000.0,0.0,0.0,0.0,15121225000.0,4414057000.0,10707168000.0,54063041133.0,24675000.0,0.0,6137000.0,-908115000.0,-127135000.0,-1029135000.0,-1632674000.0,0.0,2686543000.0,-59000.0,847841000.0,847841000.0,847841000.0,0.0,0.0,0.18,1428150000.0,1130771000.0,2387403000.0,0.15,2.621,15.157,15.074,29724431000.0,0.0,93.16,2.985,2.97,2001953000.0,14731609000.0,4697630000.0,4697630000.0,32522000.0,,,,,38566000.0,121780000.0,1.0,580324615.0,577460000,580247000.0,8.135,35751501000.0,122853000.0,241525000.0,5007246000.0,61.912,81464000.0
9,EOG,MRQ,2019-03-31,2019-03-31,2019-03-31,2021-08-04,-2869000.0,35663535000.0,,4907885000.0,30755650000.0,,34.483,-1985387000.0,1135810000.0,1135810000.0,1894259000.0,635426000.0,1.141,0.792,6477205000.0,1311155000.0,5166050000.0,6477205000.0,0.0,879595000.0,0.0,0.009,0.22,882142000.0,1761737000.0,0.434,1761737000.0,882142000.0,827236000.0,1.1,1.1,1.1,19903797000.0,,19903797000.0,59737093956.0,13.0,7.412,-377618000.0,-0.654,1.0,2164383000.0,0.533,0.0,54906000.0,36703662000.0,,860764000.0,0.0,0.0,0.0,15759738000.0,4301268000.0,11458470000.0,55209465956.0,-419824000.0,0.0,-5845000.0,-3190000.0,-127546000.0,-136581000.0,-1891006000.0,0.0,1607769000.0,-6000.0,635426000.0,635426000.0,635426000.0,0.0,0.0,0.157,1287853000.0,876530000.0,2452337000.0,0.2,2.774,16.163,16.078,29129003000.0,0.0,95.18,3.128,3.112,2203438000.0,14050676000.0,4058642000.0,4058642000.0,36324000.0,,,,,39087000.0,106672000.0,1.0,580053225.0,577207000,580222000.0,7.032,35663535000.0,441441000.0,191810000.0,4759696000.0,61.786,606617000.0
10,EOG,MRQ,2018-12-31,2018-12-31,2018-12-31,2021-08-04,-1358000.0,33934474000.0,,5057390000.0,28877084000.0,,33.559,-1086295000.0,1555634000.0,1555634000.0,2004494000.0,892768000.0,1.356,0.752,6083262000.0,913093000.0,5170169000.0,6083262000.0,0.0,919963000.0,0.0,0.009,0.22,1144360000.0,2064323000.0,0.451,2064323000.0,1144360000.0,1088340000.0,1.55,1.54,1.55,19364188000.0,,19364188000.0,55734035206.0,12.0,7.036,998933000.0,1.731,1.0,2570042000.0,0.562,0.0,56020000.0,34733738000.0,,859359000.0,0.0,0.0,0.0,14570286000.0,3728364000.0,10841922000.0,50573344206.0,281502000.0,0.0,3564000.0,-353167000.0,-126970000.0,-476573000.0,-1291894000.0,0.0,2085228000.0,-35259000.0,892768000.0,892768000.0,892768000.0,0.0,0.0,0.195,1446902000.0,1123140000.0,2239850000.0,0.142,2.612,14.792,14.707,28075519000.0,0.0,87.21,2.927,2.911,1915215000.0,13543130000.0,4574536000.0,4574536000.0,33862000.0,,,,,39047000.0,116904000.0,1.0,579903041.0,577019000,580438000.0,7.928,33934474000.0,428686000.0,195572000.0,4628124000.0,58.81,1329026000.0
11,EOG,MRQ,2018-09-30,2018-09-30,2018-09-30,2021-08-04,-19458000.0,33637736000.0,,4817092000.0,28820644000.0,,32.115,-1645866000.0,1274132000.0,1274132000.0,1958990000.0,1190952000.0,1.089,0.814,6434823000.0,1262874000.0,5171949000.0,6434823000.0,0.0,918180000.0,0.0,0.006,0.185,1509995000.0,2428175000.0,0.508,2428175000.0,1509995000.0,1446363000.0,2.06,2.05,2.06,18538470000.0,,18538470000.0,79315226015.0,21.0,10.992,543731000.0,0.942,1.0,2822634000.0,0.59,0.0,63632000.0,34373280000.0,,766964000.0,0.0,0.0,0.0,15099266000.0,4425147000.0,10674119000.0,73888644015.0,265917000.0,0.0,-25582000.0,-1698000.0,-107465000.0,-134717000.0,-1788650000.0,0.0,2189597000.0,-313000.0,1190952000.0,1190952000.0,1190952000.0,0.0,0.0,0.249,1315947000.0,1506687000.0,2435773000.0,0.09,3.986,14.907,14.816,27947741000.0,0.0,127.57,4.606,4.591,2151247000.0,12778104000.0,4781624000.0,4781624000.0,32823000.0,,,,,49001000.0,111284000.0,1.0,579200784.0,577254000,581559000.0,8.283,33637736000.0,337818000.0,255411000.0,4449155000.0,58.272,391945000.0
12,EOG,MRQ,2018-06-30,2018-06-30,2018-06-30,2021-08-04,-17512000.0,32092380000.0,,4231852000.0,27860528000.0,,30.292,-1678486000.0,1008215000.0,1008215000.0,2026935000.0,696731000.0,0.985,0.839,6434797000.0,1262540000.0,5172257000.0,6434797000.0,0.0,848674000.0,0.0,0.006,0.185,956380000.0,1805054000.0,0.426,1805054000.0,956380000.0,892936000.0,1.21,1.2,1.21,17452394000.0,,17452394000.0,77646372577.0,31.0,13.276,263131000.0,0.457,1.0,2211142000.0,0.522,0.0,63444000.0,33221661000.0,,670994000.0,0.0,0.0,0.0,14639986000.0,4297301000.0,10342685000.0,72027707577.0,192121000.0,0.0,-5555000.0,-1683000.0,-106584000.0,-113850000.0,-1633191000.0,0.0,1941617000.0,-2455000.0,696731000.0,696731000.0,696731000.0,0.0,0.0,0.164,1246211000.0,964931000.0,2336952000.0,0.153,4.127,18.629,18.516,27153795000.0,0.0,124.43,5.18,5.156,1907990000.0,11714656000.0,4238077000.0,4238077000.0,47478000.0,,,,,31803000.0,104083000.0,1.0,578861268.0,576135000,580375000.0,7.356,32092380000.0,381186000.0,196205000.0,4079265000.0,55.703,-65449000.0
13,EOG,MRQ,2018-03-31,2018-03-31,2018-03-31,2021-08-04,-14289000.0,30740517000.0,,3585097000.0,27155420000.0,,29.249,-1438382000.0,816094000.0,816094000.0,1684756000.0,638589000.0,1.264,0.825,6434759000.0,363155000.0,6071604000.0,6434759000.0,0.0,748591000.0,0.0,0.006,0.168,875315000.0,1623906000.0,0.441,1623906000.0,875315000.0,813359000.0,1.11,1.1,1.11,16840639000.0,,16840639000.0,66465890828.0,39.0,13.183,113784000.0,0.198,1.0,1996406000.0,0.542,0.0,61956000.0,33522424000.0,,584729000.0,0.0,0.0,0.0,13899878000.0,2836758000.0,11063120000.0,60913047828.0,-18134000.0,0.0,-15323000.0,-1671000.0,-97026000.0,-113963000.0,-1456427000.0,0.0,1552166000.0,90000.0,638589000.0,638589000.0,638589000.0,0.0,0.0,0.173,1121818000.0,874588000.0,1915651000.0,0.151,3.617,19.079,18.968,26375648000.0,0.0,105.27,4.961,4.936,1702100000.0,11125051000.0,3681162000.0,3681162000.0,34836000.0,,,,,35486000.0,94698000.0,1.0,578636343.0,575775000,579726000.0,6.393,30740517000.0,280971000.0,174770000.0,3869224000.0,53.39,748339000.0
14,EOG,MRQ,2017-12-31,2017-12-31,2017-12-31,2021-08-04,-19297000.0,29833078000.0,,3279108000.0,26553970000.0,,28.301,-1021521000.0,834228000.0,834228000.0,1531051000.0,2430468000.0,1.203,0.832,6387071000.0,356235000.0,6030836000.0,6387071000.0,0.0,881745000.0,0.0,0.006,0.168,476715000.0,1358460000.0,0.407,1358460000.0,476715000.0,413353000.0,4.23,4.2,4.23,16283273000.0,,16283273000.0,67936505109.0,73.0,15.636,306027000.0,0.532,1.0,1809388000.0,0.542,0.0,63362000.0,32660379000.0,,483865000.0,0.0,0.0,0.0,13549805000.0,2725542000.0,10824263000.0,62395637109.0,-11910000.0,0.0,-3368000.0,4897000.0,-97270000.0,-102257000.0,-1231925000.0,0.0,1327548000.0,-5276000.0,2430468000.0,2430468000.0,2430468000.0,0.0,0.0,0.728,1333476000.0,475912000.0,1847131000.0,0.04,3.832,24.16,24.033,25665037000.0,0.0,107.91,5.567,5.532,1597494000.0,10593533000.0,3340439000.0,3340439000.0,22941000.0,,,,,32312000.0,117005000.0,1.0,578219230.0,575370000,579413000.0,5.806,29833078000.0,130863000.0,-2017115000.0,3667088000.0,51.85,553566000.0
15,EOG,MRQ,2017-09-30,2017-09-30,2017-09-30,2021-08-04,-17160000.0,28805305000.0,,2763963000.0,26041342000.0,,24.222,-1077720000.0,846138000.0,846138000.0,1261684000.0,100541000.0,1.268,1.069,6387006000.0,6579000.0,6380427000.0,6387006000.0,0.0,846222000.0,0.0,0.007,0.168,215062000.0,1061284000.0,0.401,1061284000.0,215062000.0,145980000.0,0.17,0.17,0.17,13922264000.0,,13922264000.0,61199692032.0,182.0,16.424,-116357000.0,-0.202,1.0,1383160000.0,0.523,0.0,69082000.0,32166149000.0,,344016000.0,0.0,0.0,0.0,14883041000.0,2180024000.0,12703017000.0,55862331032.0,-803305000.0,0.0,-27130000.0,-601646000.0,-96277000.0,-725149000.0,-1036389000.0,0.0,961363000.0,-3130000.0,100541000.0,100541000.0,100541000.0,0.0,0.0,0.038,1168324000.0,214836000.0,1635711000.0,0.988,4.012,5724.186,4837.0,25724589000.0,0.0,96.74,5.439,5.414,1243535000.0,8259971000.0,2644844000.0,2644844000.0,30796000.0,,,,,43476000.0,111717000.0,1.0,577448119.0,574783000,578736000.0,4.601,28805305000.0,144287000.0,45439000.0,5287754000.0,50.115,583939000.0
16,EOG,MRQ,2017-06-30,2017-06-30,2017-06-30,2021-08-04,-17490000.0,29263617000.0,,3383373000.0,25880244000.0,,24.201,-898482000.0,1649443000.0,1649443000.0,1266914000.0,23053000.0,1.243,1.105,6986804000.0,606454000.0,6380350000.0,6986804000.0,0.0,865384000.0,0.0,0.007,0.168,132880000.0,998264000.0,0.382,998264000.0,132880000.0,62467000.0,0.04,0.04,0.04,13901715000.0,,13901715000.0,57694361999.0,-718.0,17.155,179894000.0,0.313,1.0,1345558000.0,0.515,0.0,70413000.0,31878724000.0,,336198000.0,0.0,0.0,0.0,15361902000.0,2722254000.0,12639648000.0,52254340999.0,102877000.0,0.0,4202000.0,-1632000.0,-96277000.0,-93707000.0,-882668000.0,0.0,1078376000.0,876000.0,23053000.0,23053000.0,23053000.0,0.0,0.0,0.009,1217650000.0,127908000.0,1615170000.0,4.2,3.759,-186.103,-181.04,25580160000.0,0.0,90.52,5.363,5.337,1114454000.0,8256359000.0,2612472000.0,2612472000.0,34711000.0,,,,,27601000.0,108507000.0,1.0,577268460.0,574439000,578483000.0,4.548,29263617000.0,108144000.0,39414000.0,5214978000.0,50.943,661119000.0
17,EOG,MRQ,2017-03-31,2017-03-31,2017-03-31,2021-08-04,-18664000.0,29211974000.0,,3394076000.0,25817898000.0,,24.268,-899751000.0,1546566000.0,1546566000.0,1209171000.0,28517000.0,1.67,1.097,6986587000.0,6579000.0,6980008000.0,6986587000.0,0.0,816036000.0,0.0,0.007,0.168,110897000.0,926933000.0,0.355,926933000.0,110897000.0,39382000.0,0.05,0.05,0.05,13928231000.0,,13928231000.0,61656432111.0,-118.0,21.128,-1702000.0,-0.003,1.0,1401394000.0,0.537,0.0,71515000.0,32619988000.0,,314194000.0,0.0,0.0,0.0,15283743000.0,2032007000.0,13251736000.0,56269969111.0,-53329000.0,0.0,-16272000.0,-1619000.0,-96707000.0,-114598000.0,-836427000.0,0.0,898049000.0,-353000.0,28517000.0,28517000.0,28517000.0,0.0,0.0,0.011,1293648000.0,107746000.0,1556875000.0,3.36,4.04,-94.35,-91.168,25606460000.0,0.0,97.55,6.318,6.286,1187112000.0,8329951000.0,2610565000.0,2610565000.0,56894000.0,,,,,30460000.0,97238000.0,1.0,576832077.0,573935000,578593000.0,4.549,29211974000.0,96735000.0,10865000.0,5167336000.0,50.898,1362069000.0
18,EOG,MRQ,2016-12-31,2016-12-31,2016-12-31,2021-08-04,-19010000.0,29299201000.0,,3385216000.0,25913985000.0,,24.458,-79355000.0,1599895000.0,1599895000.0,1102122000.0,-142352000.0,1.67,1.096,6986358000.0,6579000.0,6979779000.0,6986358000.0,0.0,862524000.0,0.0,0.007,0.168,-122685000.0,739839000.0,0.308,739839000.0,-122685000.0,-194010000.0,-0.24,-0.24,-0.24,13981581000.0,,13981581000.0,64217262762.0,-50.0,28.195,725390000.0,1.269,1.0,1299917000.0,0.541,0.0,71325000.0,32658373000.0,,350017000.0,0.0,0.0,0.0,15317620000.0,2027291000.0,13290329000.0,58279872762.0,551168000.0,54534000.0,-17471000.0,-165436000.0,-96119000.0,-270886000.0,10667000.0,0.0,804745000.0,6642000.0,-142352000.0,-142352000.0,-142352000.0,0.0,0.0,-0.059,1405404000.0,-105487000.0,1511826000.0,-0.7,4.168,-53.142,-51.061,25707078000.0,0.0,101.1,7.618,7.313,1216320000.0,8398118000.0,2402039000.0,2402039000.0,39110000.0,,,,,23732000.0,102182000.0,1.0,576457693.0,571651000,571651000.0,4.202,29299201000.0,28445000.0,-51658000.0,5146819000.0,51.254,1357925000.0
19,EOG,MRQ,2016-09-30,2016-09-30,2016-09-30,2021-08-04,-25100000.0,25554921000.0,,2737764000.0,22817157000.0,,21.536,-448621000.0,1048727000.0,1048727000.0,1022722000.0,-190000000.0,1.58,1.166,6986117000.0,6579000.0,6979538000.0,6986117000.0,0.0,899511000.0,0.0,0.007,0.168,-201392000.0,698119000.0,0.33,698119000.0,-201392000.0,-272250000.0,-0.35,-0.35,-0.35,11798312000.0,,11798312000.0,59458878690.0,-40.0,30.161,310960000.0,0.568,1.0,1095782000.0,0.517,0.0,70858000.0,29759348000.0,,429667000.0,0.0,0.0,0.0,13756609000.0,1732963000.0,12023646000.0,53252735690.0,269005000.0,0.0,-23227000.0,-1596000.0,-92690000.0,-108083000.0,-382484000.0,0.0,759581000.0,-9000.0,-190000000.0,-190000000.0,-190000000.0,0.0,0.0,-0.09,1289262000.0,-193480000.0,1296240000.0,-0.48,4.514,-42.993,-42.792,22644385000.0,0.0,96.71,7.559,7.52,920189000.0,8641704000.0,2118504000.0,2118504000.0,25455000.0,,,,,27341000.0,94397000.0,1.0,550643529.0,547838000,547838000.0,3.867,25554921000.0,137276000.0,-82250000.0,4211602000.0,46.647,1004801000.0
20,EOG,MRQ,2016-06-30,2016-06-30,2016-06-30,2021-08-04,-25264000.0,25830538000.0,,2450121000.0,23380417000.0,,22.028,-369080000.0,779722000.0,779722000.0,906964000.0,-292558000.0,1.431,1.142,6985865000.0,6579000.0,6979286000.0,6985865000.0,0.0,862491000.0,0.0,0.008,0.168,-309169000.0,553322000.0,0.312,553322000.0,-309169000.0,-380277000.0,-0.53,-0.53,-0.53,12056701000.0,,12056701000.0,52221194382.0,-7.0,-12.378,134066000.0,0.245,1.0,868776000.0,0.489,0.0,71108000.0,30324420000.0,,495826000.0,0.0,0.0,0.0,13773837000.0,1712261000.0,12061576000.0,45904067382.0,111241000.0,0.0,-8147000.0,-1591000.0,-91866000.0,-89817000.0,-312375000.0,0.0,503146000.0,10287000.0,-292558000.0,-292558000.0,-292558000.0,0.0,0.0,-0.165,1156949000.0,-288173000.0,1305651000.0,-0.317,3.807,-8.958,-8.893,23212879000.0,0.0,83.42,6.466,6.431,935592000.0,8923666000.0,1775740000.0,1775740000.0,30559000.0,,,,,15280000.0,97705000.0,1.0,550276521.0,547335000,547335000.0,3.244,25830538000.0,51592000.0,-87719000.0,4242172000.0,47.193,737860000.0
21,EOG,MRQ,2016-03-31,2016-03-31,2016-03-31,2021-08-04,-31131000.0,26338423000.0,,2365812000.0,23972611000.0,,22.691,-566524000.0,668481000.0,668481000.0,800943000.0,-471776000.0,1.528,1.123,6985608000.0,6579000.0,6979029000.0,6985608000.0,0.0,928891000.0,0.0,0.009,0.168,-642578000.0,286313000.0,0.211,286313000.0,-642578000.0,-710968000.0,-0.86,-0.86,-0.86,12405488000.0,,12405488000.0,45852294446.0,-6.0,-12.022,-274933000.0,-0.503,1.0,553406000.0,0.409,0.0,68390000.0,31107578000.0,,538926000.0,0.0,0.0,0.0,13932935000.0,1547972000.0,12384963000.0,39910536446.0,-50025000.0,0.0,-9984000.0,328218000.0,-92170000.0,226064000.0,-568752000.0,0.0,291591000.0,1072000.0,-471776000.0,-471776000.0,-471776000.0,0.0,0.0,-0.348,1191547000.0,-638141000.0,1182025000.0,-0.195,3.217,-8.269,-8.21,23801433000.0,0.0,72.58,5.121,5.092,780625000.0,9308463000.0,1354349000.0,1354349000.0,29829000.0,,,,,32380000.0,100531000.0,1.0,549883390.0,546715000,546715000.0,2.477,26338423000.0,216102000.0,-239192000.0,4513298000.0,48.176,817840000.0
22,EOG,MRQ,2015-12-31,2015-12-31,2015-12-31,2021-08-04,-33338000.0,26970470000.0,,2592244000.0,24378226000.0,,23.688,-794281000.0,718506000.0,718506000.0,957426000.0,-284296000.0,1.425,1.084,6655490000.0,6579000.0,6648911000.0,6655490000.0,0.0,769457000.0,0.0,0.009,0.168,-335833000.0,433624000.0,0.241,433624000.0,-335833000.0,-398826000.0,-0.52,-0.52,-0.52,12943035000.0,,12943035000.0,44601293192.0,-7.0,-13.233,-178468000.0,-0.327,1.0,839335000.0,0.467,0.0,62993000.0,31088167000.0,,598935000.0,0.0,0.0,0.0,14027435000.0,1819287000.0,12208148000.0,38913772192.0,-24183000.0,0.0,2351000.0,228443000.0,-92428000.0,140218000.0,-774858000.0,0.0,615813000.0,-5356000.0,-284296000.0,-284296000.0,-284296000.0,0.0,0.0,-0.158,1169088000.0,-329753000.0,1471953000.0,-0.323,3.007,-8.601,-8.539,24210721000.0,0.0,70.79,4.444,4.411,930610000.0,9870816000.0,1796761000.0,1796761000.0,34946000.0,,,,,26812000.0,109014000.0,1.0,549707193.0,546390000,546390000.0,3.288,26970470000.0,188516000.0,-114530000.0,4681520000.0,49.361,772957000.0
23,EOG,MRQ,2015-09-30,2015-09-30,2015-09-30,2021-08-04,-34979000.0,27277247000.0,,2824958000.0,24452289000.0,,24.334,-1328796000.0,742689000.0,742689000.0,1137813000.0,-4075739000.0,1.38,1.053,6430210000.0,36279000.0,6393931000.0,6430210000.0,0.0,722172000.0,0.0,0.009,0.168,-6214350000.0,-5492178000.0,-2.528,-5492178000.0,-6214350000.0,-6274921000.0,-7.47,-7.47,-7.47,13284223000.0,,13284223000.0,45012751943.0,-9.0,-28.276,-197364000.0,-0.362,1.0,1034615000.0,0.476,0.0,60571000.0,30917807000.0,,660252000.0,0.0,0.0,0.0,13993024000.0,2046961000.0,11946063000.0,39979682943.0,-624706000.0,0.0,-16574000.0,23806000.0,-91447000.0,-76370000.0,-1678216000.0,0.0,1131432000.0,-1552000.0,-4075739000.0,-4075739000.0,-4075739000.0,0.0,0.0,-1.876,7257572000.0,-6222957000.0,1561574000.0,-0.022,3.01,-10.533,-10.46,24275332000.0,0.0,72.8,3.445,3.424,1123111000.0,10247349000.0,2172428000.0,2172428000.0,31344000.0,,,,,32450000.0,90959000.0,1.0,549171469.0,545920000,545920000.0,3.979,27277247000.0,94286000.0,-2199182000.0,4756741000.0,49.966,777997000.0
24,EOG,MRQ,2015-06-30,2015-06-30,2015-06-30,2021-08-04,-28003000.0,33884096000.0,,3737718000.0,30146378000.0,,31.947,-1152798000.0,1367395000.0,1367395000.0,1204112000.0,5268000.0,1.641,0.944,6400464000.0,6579000.0,6393885000.0,6400464000.0,0.0,909227000.0,0.0,0.007,0.168,49006000.0,958233000.0,0.388,958233000.0,49006000.0,-11478000.0,0.01,0.01,0.01,17427243000.0,,17427243000.0,52832065125.0,19.0,7.879,-265425000.0,-0.487,1.0,1265589000.0,0.512,0.0,60484000.0,36639584000.0,,661162000.0,0.0,0.0,0.0,16456853000.0,2277581000.0,14179272000.0,48059215125.0,-760024000.0,0.0,-403000.0,-501514000.0,-91469000.0,-585499000.0,-1062960000.0,0.0,887373000.0,1062000.0,5268000.0,5268000.0,5268000.0,0.0,0.0,0.002,1225963000.0,39626000.0,1864483000.0,16.8,2.758,34.732,34.469,29975178000.0,0.0,87.55,3.303,3.282,1304848000.0,14414926000.0,2469701000.0,2469701000.0,43755000.0,,,,,21063000.0,82324000.0,1.0,548934496.0,545504000,549683000.0,4.527,33884096000.0,88061000.0,-16746000.0,6962995000.0,62.115,1460137000.0
25,EOG,MRQ,2015-03-31,2015-03-31,2015-03-31,2021-08-04,-36434000.0,34692454000.0,,4793368000.0,29899086000.0,,32.056,-1544481000.0,2127419000.0,2127419000.0,1279134000.0,-169748000.0,1.549,0.986,6900269000.0,506579000.0,6393690000.0,6900269000.0,0.0,912788000.0,0.0,0.006,0.168,-182986000.0,729802000.0,0.315,729802000.0,-182986000.0,-236331000.0,-0.31,-0.31,-0.31,17470498000.0,,17470498000.0,54109642325.0,14.0,6.853,-583934000.0,-1.071,1.0,1039404000.0,0.448,0.0,53345000.0,36370552000.0,,764206000.0,0.0,0.0,0.0,17221956000.0,3094752000.0,14127204000.0,50286922325.0,40206000.0,0.0,-11475000.0,987101000.0,-91661000.0,892572000.0,-1804222000.0,0.0,960547000.0,-8691000.0,-169748000.0,-169748000.0,-169748000.0,0.0,0.0,-0.073,1212399000.0,-172995000.0,2182041000.0,-0.542,2.878,24.121,23.94,29721721000.0,0.0,91.69,3.091,3.071,1266582000.0,14501816000.0,2318538000.0,2318538000.0,39449000.0,,,,,24194000.0,84297000.0,1.0,548445003.0,544998000,544998000.0,4.254,34692454000.0,79823000.0,-66583000.0,6958384000.0,63.656,1698616000.0
26,EOG,MRQ,2014-12-31,2014-12-31,2014-12-31,2021-08-04,-23056000.0,34762687000.0,,5416021000.0,29346666000.0,,32.529,-1528595000.0,2087213000.0,2087213000.0,1541673000.0,444588000.0,1.6,0.963,5909933000.0,6579000.0,5903354000.0,5909933000.0,0.0,1013930000.0,0.0,0.006,0.168,1198328000.0,2212258000.0,0.476,2212258000.0,1198328000.0,1148593000.0,0.81,0.81,0.81,17712582000.0,,17712582000.0,54883892747.0,11.0,5.97,581843000.0,1.069,1.0,3103824000.0,0.668,0.0,49735000.0,35201099000.0,,706597000.0,0.0,0.0,0.0,17050105000.0,3384308000.0,13665797000.0,50455226747.0,606068000.0,0.0,-2091000.0,-1509000.0,-92025000.0,-83671000.0,-1382448000.0,0.0,2110438000.0,-38251000.0,444588000.0,444588000.0,444588000.0,0.0,0.0,0.096,1877172000.0,1226652000.0,2860548000.0,0.207,2.849,17.306,17.177,29172644000.0,0.0,92.07,2.798,2.774,1779311000.0,14763098000.0,4645497000.0,4645497000.0,45167000.0,,,,,29818000.0,131285000.0,1.0,548009414.0,544514000,548953000.0,8.531,34762687000.0,91239000.0,704005000.0,7073787000.0,63.842,2031713000.0
27,EOG,MRQ,2014-09-30,2014-09-30,2014-09-30,2021-08-04,387725000.0,34500883000.0,,4884716000.0,29616167000.0,,32.574,-2095932000.0,1481145000.0,1481145000.0,1886039000.0,1103618000.0,1.446,0.947,5909811000.0,6579000.0,5903232000.0,5909811000.0,0.0,1040018000.0,0.0,0.004,0.125,1764824000.0,2804842000.0,0.548,2804842000.0,1764824000.0,1715120000.0,2.03,2.01,2.03,17719898000.0,,17719898000.0,58888582996.0,12.0,6.64,240537000.0,0.442,1.0,3232577000.0,0.632,0.0,49704000.0,35550803000.0,,672899000.0,0.0,0.0,0.0,16780985000.0,3378746000.0,13402239000.0,54209044996.0,251005000.0,0.0,-23993000.0,-1499000.0,-67986000.0,-69865000.0,-2018553000.0,0.0,2336469000.0,2954000.0,1103618000.0,1103618000.0,1103618000.0,0.0,0.0,0.216,1446415000.0,1786162000.0,2775342000.0,0.062,3.059,17.767,17.619,29216833000.0,0.0,99.02,3.163,3.143,2009091000.0,14410707000.0,5118616000.0,5118616000.0,48955000.0,,,,,14424000.0,96931000.0,1.0,547455514.0,543984000,549518000.0,9.409,34500883000.0,256236000.0,611502000.0,6674938000.0,63.423,1505970000.0
28,EOG,MRQ,2014-06-30,2014-06-30,2014-06-30,2021-08-04,426588000.0,33302434000.0,,4724745000.0,28577689000.0,,30.765,-2170175000.0,1230140000.0,1230140000.0,1668580000.0,706353000.0,1.336,0.993,5909678000.0,6579000.0,5903099000.0,5909678000.0,0.0,996602000.0,0.0,0.003,0.125,1152680000.0,2149282000.0,0.513,2149282000.0,1152680000.0,1100813000.0,1.3,1.29,1.3,16708388000.0,,16708388000.0,68106989826.0,17.0,8.762,-235600000.0,-0.434,1.0,2518976000.0,0.602,0.0,51867000.0,34444485000.0,,667108000.0,0.0,0.0,0.0,16594046000.0,3537487000.0,13056559000.0,63864670826.0,-437072000.0,0.0,-51179000.0,-1437000.0,-67904000.0,-84184000.0,-2289004000.0,0.0,1934575000.0,1541000.0,706353000.0,706353000.0,706353000.0,0.0,0.0,0.169,1374246000.0,1144730000.0,2661473000.0,0.096,3.822,26.5,26.32,28195431000.0,0.0,116.86,4.104,4.078,1902248000.0,13398901000.0,4187556000.0,4187556000.0,42208000.0,,,,,-6758000.0,90932000.0,1.0,546505826.0,543099000,548676000.0,7.71,33302434000.0,510034000.0,394460000.0,6390579000.0,61.319,1187258000.0
29,EOG,MRQ,2014-03-31,2014-03-31,2014-03-31,2021-08-04,402803000.0,32141288000.0,,4822476000.0,27318812000.0,,29.567,-1882771000.0,1667212000.0,1667212000.0,1612647000.0,660928000.0,1.42,1.005,5909531000.0,6579000.0,5902952000.0,5909531000.0,0.0,946491000.0,0.0,0.004,0.094,1080941000.0,2027432000.0,0.496,2027432000.0,1080941000.0,1030789000.0,1.22,1.21,1.22,16033314000.0,,16033314000.0,58172878439.0,15.0,7.623,384902000.0,0.71,1.0,2471024000.0,0.605,0.0,50152000.0,32987965000.0,,635419000.0,0.0,0.0,0.0,16107974000.0,3395642000.0,12712332000.0,53577866439.0,349003000.0,0.0,-27912000.0,-6196000.0,-51780000.0,-90014000.0,-1823560000.0,0.0,2267673000.0,-5096000.0,660928000.0,660928000.0,660928000.0,0.0,0.0,0.162,1386745000.0,1084279000.0,2647209000.0,0.077,3.342,22.671,22.497,26998437000.0,0.0,98.085,3.522,3.496,1801665000.0,12760895000.0,4083671000.0,4083671000.0,48058000.0,,,,,8143000.0,82862000.0,1.0,546239144.0,542278000,548071000.0,7.531,32141288000.0,429886000.0,369861000.0,6157702000.0,59.271,1426834000.0
30,EOG,MRQ,2013-12-31,2013-12-31,2013-12-31,2021-08-04,415834000.0,30574238000.0,,4072015000.0,26502223000.0,,28.46,-1531872000.0,1318209000.0,1318209000.0,1457111000.0,580194000.0,1.423,0.983,5913221000.0,6579000.0,5906642000.0,5913221000.0,0.0,915257000.0,0.0,0.004,0.094,971592000.0,1886849000.0,0.503,1886849000.0,971592000.0,919082000.0,1.07,1.06,1.07,15418459000.0,,15418459000.0,50810329816.0,14.0,6.986,469358000.0,0.866,1.0,2291912000.0,0.611,0.0,52510000.0,32307534000.0,,563268000.0,0.0,0.0,0.0,15155779000.0,2861716000.0,12294063000.0,45816073816.0,-608000.0,0.0,428000.0,-401462000.0,-51447000.0,-446654000.0,-1551435000.0,0.0,2001230000.0,-3749000.0,580194000.0,580194000.0,580194000.0,0.0,0.0,0.155,1311588000.0,980324000.0,2254418000.0,0.088,2.972,20.853,20.619,26148836000.0,0.0,83.92,3.163,3.13,1658853000.0,12168277000.0,3749023000.0,3749023000.0,30378000.0,,,,,25283000.0,91066000.0,1.0,545949402.0,541757000,547772000.0,6.92,30574238000.0,249403000.0,338888000.0,5681719000.0,56.435,1210299000.0
31,EOG,MRQ,2013-09-30,2013-09-30,2013-09-30,2021-08-04,425283000.0,30147270000.0,,4191967000.0,25955303000.0,,27.474,-1914532000.0,1318817000.0,1318817000.0,1446389000.0,462498000.0,1.252,1.029,6313073000.0,406579000.0,5906494000.0,6313073000.0,0.0,928800000.0,0.0,0.004,0.094,780937000.0,1709737000.0,0.483,1709737000.0,780937000.0,721555000.0,0.85,0.85,0.85,14861580000.0,,14861580000.0,51199912612.0,22.0,8.848,97940000.0,0.181,1.0,2095007000.0,0.592,0.0,59382000.0,31794193000.0,,566004000.0,0.0,0.0,0.0,15285690000.0,3347333000.0,11938357000.0,46115139612.0,90801000.0,0.0,-25161000.0,-1452000.0,-50725000.0,-49229000.0,-1876713000.0,0.0,2012472000.0,4271000.0,462498000.0,462498000.0,462498000.0,0.0,0.0,0.131,1325238000.0,769769000.0,2247714000.0,0.111,3.103,41.474,41.389,25599191000.0,0.0,84.64,3.354,3.33,1849517000.0,11639302000.0,3541396000.0,3541396000.0,39429000.0,,,,,17086000.0,98654000.0,1.0,544838606.0,540941000,547152000.0,6.547,30147270000.0,169954000.0,259057000.0,5385560000.0,55.731,844634000.0
32,EOG,MRQ,2013-06-30,2013-06-30,2013-06-30,2021-08-04,408257000.0,29077152000.0,,4240840000.0,24836312000.0,,26.637,-1636778000.0,1228016000.0,1228016000.0,1520516000.0,659692000.0,1.404,1.021,6312789000.0,406579000.0,5906210000.0,6312789000.0,0.0,910531000.0,0.0,0.005,0.094,1096877000.0,2007408000.0,0.523,2007408000.0,1096877000.0,1035230000.0,1.22,1.21,1.22,14384626000.0,,14384626000.0,41031936780.0,19.0,7.439,253999000.0,0.47,1.0,2319669000.0,0.604,0.0,61647000.0,31141622000.0,,657400000.0,0.0,0.0,0.0,14692526000.0,3020303000.0,11672223000.0,35827474780.0,119982000.0,0.0,2699000.0,-1439000.0,-50786000.0,-39321000.0,-1726891000.0,0.0,1890777000.0,-4583000.0,659692000.0,659692000.0,659692000.0,0.0,0.0,0.172,1227625000.0,1092044000.0,2201940000.0,0.077,2.491,35.652,35.398,24580388000.0,0.0,65.84,2.722,2.701,1808954000.0,11228011000.0,3840185000.0,3840185000.0,47323000.0,,,,,17092000.0,80607000.0,1.0,544159702.0,540033000,545477000.0,7.111,29077152000.0,180462000.0,375538000.0,5136623000.0,53.843,1220537000.0
33,EOG,MRQ,2013-03-31,2013-03-31,2013-03-31,2021-08-04,427832000.0,28232613000.0,,4081018000.0,24151595000.0,,25.535,-1216888000.0,1108034000.0,1108034000.0,1366372000.0,494725000.0,1.327,1.052,6312496000.0,406579000.0,5905917000.0,6312496000.0,0.0,846388000.0,0.0,0.005,0.085,822940000.0,1669328000.0,0.497,1669328000.0,822940000.0,761019000.0,0.92,0.91,0.92,13756309000.0,,13756309000.0,40238321536.0,23.0,8.025,208047000.0,0.386,1.0,1990142000.0,0.593,0.0,61921000.0,30362384000.0,,697478000.0,0.0,0.0,0.0,14476304000.0,3074691000.0,11401613000.0,34802575536.0,231599000.0,0.0,-3020000.0,-1427000.0,-46220000.0,-38722000.0,-1159739000.0,0.0,1424935000.0,5125000.0,494725000.0,494725000.0,494725000.0,0.0,0.0,0.147,1157068000.0,833074000.0,2258232000.0,0.092,2.53,46.967,46.402,23937970000.0,0.0,64.035,2.845,2.82,1891202000.0,10619426000.0,3356514000.0,3356514000.0,44216000.0,,,,,18763000.0,77985000.0,1.0,543493020.0,538717000,544526000.0,6.231,28232613000.0,126470000.0,266294000.0,4788989000.0,52.407,1006327000.0
34,EOG,MRQ,2012-12-31,2012-12-31,2012-12-31,2021-08-04,439895000.0,27336578000.0,,3589884000.0,23746694000.0,,24.702,-1454655000.0,876435000.0,876435000.0,1312096000.0,-504999000.0,1.228,1.058,6312181000.0,406579000.0,5905602000.0,6312181000.0,0.0,786344000.0,0.0,0.006,0.085,-386468000.0,399876000.0,0.133,399876000.0,-386468000.0,-445822000.0,-0.945,-0.94,-0.945,13284764000.0,,13284764000.0,37912369869.0,25.0,8.129,-227468000.0,-0.423,1.0,1699715000.0,0.564,0.0,59354000.0,29848266000.0,,683187000.0,0.0,0.0,0.0,14051814000.0,2924058000.0,11127756000.0,32719715869.0,-236188000.0,0.0,9380000.0,-1224000.0,-46668000.0,-21084000.0,-1440924000.0,0.0,1227187000.0,-1367000.0,-504999000.0,-504999000.0,-504999000.0,0.0,0.0,-0.168,2077776000.0,-378061000.0,2078948000.0,-0.09,2.463,57.375,56.444,23337681000.0,0.0,60.395,2.801,2.767,1656618000.0,10175631000.0,3011811000.0,3011811000.0,48660000.0,,,,,8832000.0,86679000.0,1.0,541761998.0,537804000,544128000.0,5.6,27336578000.0,29163000.0,59177000.0,4512317000.0,50.83,665826000.0
35,EOG,MRQ,2012-09-30,2012-09-30,2012-09-30,2021-08-04,451399000.0,28032491000.0,,4000162000.0,24032329000.0,,25.74,-1638382000.0,1112623000.0,1112623000.0,1201463000.0,355491000.0,1.551,1.032,6305277000.0,0.0,6305277000.0,6305277000.0,0.0,825851000.0,0.0,0.006,0.085,613343000.0,1439194000.0,0.487,1439194000.0,613343000.0,560189000.0,0.665,0.655,0.665,13793470000.0,,13793470000.0,34987654304.0,16.0,6.657,-202010000.0,-0.377,1.0,1753392000.0,0.593,0.0,53154000.0,30646762000.0,,657880000.0,0.0,0.0,0.0,14239021000.0,2578383000.0,11660638000.0,30256135304.0,832249000.0,0.0,4592000.0,1230960000.0,-45520000.0,1217582000.0,-1823782000.0,0.0,1436372000.0,2077000.0,355491000.0,355491000.0,355491000.0,0.0,0.0,0.12,1147645000.0,605747000.0,2151093000.0,0.128,2.194,25.298,25.067,23686450000.0,0.0,56.025,2.644,2.623,1579841000.0,10726811000.0,2954855000.0,2954855000.0,45953000.0,,,,,18560000.0,92870000.0,1.0,540047038.0,535882000,541964000.0,5.514,28032491000.0,175016000.0,204698000.0,4684672000.0,52.311,1421779000.0
36,EOG,MRQ,2012-06-30,2012-06-30,2012-06-30,2021-08-04,400086000.0,25998577000.0,,2948058000.0,23050519000.0,,25.021,-1352896000.0,280374000.0,280374000.0,1111936000.0,395778000.0,1.1,0.947,5011893000.0,0.0,5011893000.0,5011893000.0,0.0,808765000.0,0.0,0.007,0.085,697014000.0,1505779000.0,0.518,1505779000.0,697014000.0,646239000.0,0.74,0.735,0.74,13355141000.0,,13355141000.0,29009599841.0,12.0,5.353,142717000.0,0.267,1.0,1797383000.0,0.618,0.0,50775000.0,28050156000.0,,620260000.0,0.0,0.0,0.0,12643436000.0,2679940000.0,9963496000.0,24293140841.0,-13690000.0,0.0,10197000.0,0.0,-45642000.0,-29862000.0,-1479237000.0,0.0,1495613000.0,-204000.0,395778000.0,395778000.0,395778000.0,0.0,0.0,0.136,1105044000.0,692339000.0,2235637000.0,0.115,1.819,17.586,17.429,22689714000.0,0.0,45.055,2.136,2.114,1375092000.0,10417405000.0,2909319000.0,2909319000.0,48149000.0,,,,,21664000.0,75727000.0,1.0,539188566.0,533748000,539970000.0,5.451,25998577000.0,28448000.0,250461000.0,4423588000.0,48.709,268118000.0
37,EOG,MRQ,2012-03-31,2012-03-31,2012-03-31,2021-08-04,429451000.0,25555536000.0,,3042033000.0,22513503000.0,,24.359,-1599407000.0,294064000.0,294064000.0,1124397000.0,324009000.0,1.097,0.967,5010523000.0,0.0,5010523000.0,5010523000.0,0.0,748743000.0,0.0,0.006,0.08,570403000.0,1319146000.0,0.47,1319146000.0,570403000.0,520134000.0,0.61,0.6,0.61,12991843000.0,,12991843000.0,34288850938.0,14.0,6.708,-521802000.0,-0.978,1.0,1682254000.0,0.599,0.0,50269000.0,27499648000.0,,561512000.0,0.0,0.0,0.0,12563693000.0,2772347000.0,9791346000.0,29895410938.0,-321662000.0,0.0,126000.0,0.0,-43250000.0,-26885000.0,-1375320000.0,0.0,1077605000.0,2938000.0,324009000.0,324009000.0,324009000.0,0.0,0.0,0.115,1122482000.0,559772000.0,2289903000.0,0.131,2.301,23.335,23.146,22133841000.0,0.0,55.55,2.709,2.685,1543491000.0,10067541000.0,2806651000.0,2806651000.0,42807000.0,,,,,11687000.0,76269000.0,1.0,538171214.0,533348000,540484000.0,5.262,25555536000.0,24593000.0,196125000.0,4236631000.0,47.915,269686000.0
38,EOG,MRQ,2011-12-31,2011-12-30,2011-12-30,2021-08-04,401746000.0,24838797000.0,,3253938000.0,21584859000.0,,23.766,-1644655000.0,615726000.0,615726000.0,1059259000.0,120698000.0,1.29,0.965,5009166000.0,0.0,5009166000.0,5009166000.0,0.0,693527000.0,0.0,0.006,0.08,298223000.0,991750000.0,0.358,991750000.0,298223000.0,241632000.0,0.22,0.22,0.22,12640904000.0,,12640904000.0,30325508141.0,14.0,6.541,-407768000.0,-0.767,1.0,1713756000.0,0.618,0.0,56591000.0,26709918000.0,,590594000.0,0.0,0.0,0.0,12197893000.0,2522319000.0,9675574000.0,26484490141.0,-771002000.0,0.0,6456000.0,-224787000.0,-43036000.0,-261413000.0,-1748410000.0,0.0,1236887000.0,1934000.0,120698000.0,120698000.0,120698000.0,0.0,0.0,0.044,1411181000.0,302575000.0,2033615000.0,0.364,2.095,24.273,23.737,21288824000.0,0.0,49.255,2.615,2.556,1451227000.0,9789345000.0,2773015000.0,2773015000.0,31042000.0,,,,,33288000.0,85108000.0,1.0,537701556.0,531896000,538674000.0,5.213,24838797000.0,26609000.0,120934000.0,4150313000.0,46.699,731619000.0
39,EOG,MRQ,2011-09-30,2011-09-30,2011-09-30,2021-08-04,372448000.0,24794678000.0,,3735362000.0,21059316000.0,,23.48,-1354794000.0,1386728000.0,1386728000.0,971344000.0,540878000.0,1.401,0.985,5227746000.0,220000000.0,5007746000.0,5227746000.0,0.0,651684000.0,0.0,0.009,0.08,951407000.0,1603091000.0,0.556,1603091000.0,951407000.0,899221000.0,1.015,1.005,1.015,12493848000.0,,12493848000.0,22724176469.0,11.0,5.201,-82511000.0,-0.155,1.0,1914400000.0,0.663,0.0,52186000.0,25969373000.0,,580355000.0,0.0,0.0,0.0,12300830000.0,2666323000.0,9634507000.0,19075363469.0,-190710000.0,0.0,-2353000.0,0.0,-42571000.0,-44851000.0,-1411454000.0,0.0,1272283000.0,-6688000.0,540878000.0,540878000.0,540878000.0,0.0,0.0,0.187,964370000.0,950030000.0,1926455000.0,0.079,1.527,18.627,18.349,20736198000.0,0.0,35.505,2.087,2.066,1249649000.0,9711207000.0,2885744000.0,2885744000.0,48469000.0,,,,,41630000.0,82260000.0,1.0,537258512.0,532106000,538584000.0,5.423,24794678000.0,28013000.0,358343000.0,4155186000.0,46.597,1069039000.0
40,EOG,MRQ,2011-06-30,2011-06-30,2011-06-30,2021-08-04,492880000.0,23959379000.0,,3637950000.0,20321429000.0,,22.716,-1090685000.0,1577438000.0,1577438000.0,807489000.0,295574000.0,1.469,0.984,5226251000.0,220000000.0,5006251000.0,5226251000.0,0.0,602944000.0,0.0,0.006,0.08,594477000.0,1197421000.0,0.466,1197421000.0,594477000.0,543224000.0,0.555,0.55,0.555,12077185000.0,,12077185000.0,31621325209.0,30.0,9.696,21067000.0,0.04,1.0,1762761000.0,0.686,0.0,51253000.0,25131954000.0,,540094000.0,0.0,0.0,0.0,11882194000.0,2476238000.0,9405956000.0,28064885209.0,-90847000.0,0.0,5560000.0,0.0,-42559000.0,-35008000.0,-1167331000.0,0.0,1111752000.0,-260000.0,295574000.0,295574000.0,295574000.0,0.0,0.0,0.115,1174508000.0,588253000.0,1870172000.0,0.144,2.324,68.067,67.019,19996823000.0,0.0,52.275,3.58,3.546,1279740000.0,9213356000.0,2570250000.0,2570250000.0,41238000.0,,,,,25997000.0,67406000.0,1.0,536870114.0,531660000,538664000.0,4.834,23959379000.0,27694000.0,247650000.0,3879834000.0,45.065,1161712000.0
41,EOG,MRQ,2011-03-31,2011-03-31,2011-03-31,2021-08-04,485464000.0,23545522000.0,,3597603000.0,19947919000.0,,23.096,-1427541000.0,1668285000.0,1668285000.0,740278000.0,133973000.0,1.439,0.997,5224725000.0,220000000.0,5004725000.0,5224725000.0,0.0,568226000.0,0.0,0.005,0.077,276055000.0,844281000.0,0.445,844281000.0,276055000.0,225722000.0,0.26,0.26,0.26,11788379000.0,,11788379000.0,34569126302.0,58.0,12.951,-470053000.0,-0.921,1.0,1156828000.0,0.61,0.0,50333000.0,24601771000.0,,481826000.0,0.0,0.0,0.0,11757143000.0,2500191000.0,9256952000.0,30134638302.0,879432000.0,0.0,1390593000.0,0.0,-39003000.0,1349811000.0,-1427747000.0,0.0,957488000.0,-120000.0,133973000.0,133973000.0,133973000.0,0.0,0.0,0.071,884377000.0,272451000.0,1838959000.0,0.296,2.556,170.626,171.754,19641452000.0,0.0,59.255,4.548,4.564,1228549000.0,8963475000.0,1897106000.0,1897106000.0,50909000.0,,,,,27430000.0,70037000.0,1.0,508558574.0,510400000,517638000.0,3.717,23545522000.0,58618000.0,91749000.0,3716314000.0,46.132,1097412000.0
42,EOG,MRQ,2010-12-31,2010-12-31,2010-12-31,2021-08-04,440071000.0,21624233000.0,,2527446000.0,19096787000.0,,20.354,-1071205000.0,788853000.0,788853000.0,628927000.0,53673000.0,1.138,1.113,5223341000.0,220000000.0,5003341000.0,5223341000.0,0.0,543789000.0,0.0,0.007,0.077,180944000.0,724733000.0,0.405,724733000.0,180944000.0,139573000.0,0.105,0.105,0.105,10231632000.0,,10231632000.0,26960385250.0,50.0,10.873,-448330000.0,-0.892,1.0,1160233000.0,0.648,0.0,41371000.0,23838622000.0,,415792000.0,0.0,0.0,0.0,11392601000.0,2220099000.0,9172502000.0,23219579250.0,761021000.0,-210000000.0,9036000.0,1451733000.0,-38963000.0,1421692000.0,-1277530000.0,0.0,622875000.0,-6016000.0,53673000.0,53673000.0,53673000.0,0.0,0.0,0.03,985622000.0,174611000.0,1664944000.0,0.733,2.269,144.532,142.828,18680900000.0,0.0,45.705,3.807,3.76,1113279000.0,8870179000.0,1789160000.0,1789160000.0,38746000.0,,,,,25678000.0,74004000.0,1.0,508031490.0,502694000,509336000.0,3.559,21624233000.0,64176000.0,85900000.0,3625577000.0,43.017,307347000.0
43,EOG,MRQ,2010-09-30,2010-09-30,2010-09-30,2021-08-04,375847000.0,19944859000.0,,1534445000.0,18410414000.0,,20.154,-1475592000.0,27832000.0,27832000.0,537113000.0,-70906000.0,0.792,0.971,3768638000.0,0.0,3768638000.0,3768638000.0,0.0,500888000.0,0.0,0.006,0.077,-5923000.0,494965000.0,0.313,494965000.0,-5923000.0,-38813000.0,-0.14,-0.14,-0.14,10118124000.0,,10118124000.0,26648909218.0,26.0,9.493,-691205000.0,-1.377,1.0,1044962000.0,0.661,0.0,32890000.0,21747365000.0,,381263000.0,0.0,0.0,0.0,9826735000.0,1938300000.0,7888435000.0,23564956218.0,-622282000.0,0.0,513000.0,28425000.0,-39098000.0,-10291000.0,-1394788000.0,0.0,784387000.0,-1590000.0,-70906000.0,-70906000.0,-70906000.0,0.0,0.0,-0.045,1056657000.0,-11695000.0,1541268000.0,-0.55,2.329,46.442,45.574,18249810000.0,0.0,46.485,3.881,3.844,897732000.0,8855869000.0,1582075000.0,1582075000.0,47307000.0,,,,,36747000.0,81310000.0,1.0,506936780.0,502030000,502030000.0,3.151,19944859000.0,89357000.0,32093000.0,3584072000.0,39.728,-403855000.0
44,EOG,MRQ,2010-06-30,2010-06-30,2010-06-30,2021-08-04,314631000.0,19465683000.0,,1916143000.0,17549540000.0,,20.195,-1240885000.0,650114000.0,650114000.0,478830000.0,59872000.0,1.23,0.921,3734067000.0,0.0,3734067000.0,3734067000.0,0.0,465343000.0,0.0,0.006,0.077,139956000.0,605299000.0,0.446,605299000.0,139956000.0,110059000.0,0.12,0.12,0.12,10131019000.0,,10131019000.0,27469540410.0,26.0,10.053,-559832000.0,-1.116,1.0,879138000.0,0.647,0.0,29897000.0,20991499000.0,,306563000.0,0.0,0.0,0.0,9334664000.0,1558137000.0,7776527000.0,24902624410.0,420030000.0,0.0,13786000.0,953201000.0,-38890000.0,928107000.0,-1190778000.0,0.0,681053000.0,1648000.0,59872000.0,59872000.0,59872000.0,0.0,0.0,0.044,738637000.0,140501000.0,1255657000.0,0.642,2.458,42.751,42.038,17424318000.0,0.0,49.185,4.531,4.489,810145000.0,8966181000.0,1357968000.0,1357968000.0,50131000.0,,,,,22459000.0,64737000.0,1.0,506305264.0,501650000,509006000.0,2.707,19465683000.0,31853000.0,50187000.0,3523657000.0,38.803,358006000.0
45,EOG,MRQ,2010-03-31,2010-03-31,2010-03-31,2021-08-04,405234000.0,18509068000.0,,1545857000.0,16963211000.0,,20.3,-1121107000.0,230084000.0,230084000.0,462205000.0,118015000.0,1.035,0.821,2797000000.0,37000000.0,2760000000.0,2797000000.0,0.0,431906000.0,0.0,0.006,0.072,222585000.0,654491000.0,0.477,654491000.0,222585000.0,197157000.0,0.235,0.23,0.235,10164917000.0,,10164917000.0,25585853246.0,28.0,10.218,-500820000.0,-1.0,1.0,908488000.0,0.663,0.0,25428000.0,19582975000.0,,313067000.0,0.0,0.0,0.0,8344151000.0,1493009000.0,6851142000.0,23474604246.0,-455667000.0,0.0,-70000.0,0.0,-36289000.0,-36089000.0,-1039678000.0,0.0,620287000.0,-187000.0,118015000.0,118015000.0,118015000.0,0.0,0.0,0.086,688586000.0,219902000.0,1134286000.0,0.306,2.309,46.399,45.783,16816935000.0,0.0,46.47,4.695,4.654,869042000.0,8945648000.0,1370693000.0,1370693000.0,51197000.0,,,,,22494000.0,60423000.0,1.0,505156106.0,500740000,507738000.0,2.737,18509068000.0,47363000.0,79142000.0,3566737000.0,36.963,52848000.0
46,EOG,MRQ,2009-12-31,2009-12-31,2009-12-31,2021-08-04,339720000.0,18118667000.0,,1839541000.0,16279126000.0,,19.993,-785026000.0,685751000.0,685751000.0,418713000.0,400427000.0,1.367,0.812,2797000000.0,37000000.0,2760000000.0,2797000000.0,0.0,398937000.0,0.0,0.006,0.072,653542000.0,1052479000.0,0.598,1052479000.0,653542000.0,626235000.0,0.805,0.795,0.805,9998042000.0,,9998042000.0,26742667279.0,27.0,10.603,43737000.0,0.087,1.0,1342149000.0,0.762,0.0,27307000.0,18884356000.0,,261723000.0,0.0,0.0,0.0,8120625000.0,1345560000.0,6775065000.0,24554178279.0,77240000.0,0.0,5676000.0,-8000.0,-36271000.0,11497000.0,-763190000.0,0.0,828763000.0,170000.0,400427000.0,400427000.0,400427000.0,0.0,0.0,0.227,688041000.0,654108000.0,979139000.0,0.089,2.456,44.919,44.227,16139225000.0,0.0,48.65,5.129,5.061,771417000.0,8866747000.0,1760862000.0,1760862000.0,40752000.0,,,,,-21434000.0,68793000.0,1.0,504710756.0,500086000,507344000.0,3.521,18118667000.0,37009000.0,225808000.0,3510685000.0,36.231,493981000.0
47,EOG,MRQ,2009-09-30,2009-09-30,2009-09-30,2021-08-04,291627000.0,17221293000.0,,1831689000.0,15389604000.0,,19.071,-921375000.0,608511000.0,608511000.0,361304000.0,4196000.0,1.525,0.809,2797000000.0,37000000.0,2760000000.0,2797000000.0,0.0,385330000.0,0.0,0.007,0.072,34964000.0,420294000.0,0.417,420294000.0,34964000.0,4557000.0,0.01,0.01,0.01,9517740000.0,,9517740000.0,23128858447.0,22.0,8.926,-104917000.0,-0.21,1.0,645545000.0,0.641,0.0,30407000.0,18208631000.0,,240230000.0,0.0,0.0,0.0,7703553000.0,1201151000.0,6502402000.0,21038822447.0,-98453000.0,0.0,1902000.0,-146000.0,-36473000.0,-22771000.0,-899036000.0,0.0,816458000.0,6896000.0,4196000.0,4196000.0,4196000.0,0.0,0.0,0.004,610242000.0,35303000.0,783764000.0,7.2,2.21,34.622,34.086,15252555000.0,0.0,41.755,4.515,4.472,604260000.0,8502940000.0,1006849000.0,1006849000.0,44910000.0,,,,,13875000.0,62775000.0,1.0,503863548.0,499070000,504844000.0,2.017,17221293000.0,27134000.0,361000.0,3333890000.0,34.507,630538000.0
48,EOG,MRQ,2009-06-30,2009-06-30,2009-06-30,2021-08-04,130503000.0,16792752000.0,,2210276000.0,14582476000.0,,18.653,-697459000.0,706964000.0,706964000.0,321824000.0,-16706000.0,1.858,0.814,2797000000.0,37000000.0,2760000000.0,2797000000.0,0.0,375592000.0,0.0,0.008,0.072,1255000.0,376847000.0,0.438,376847000.0,1255000.0,-23556000.0,-0.035,-0.035,-0.035,9259522000.0,,9259522000.0,19018817070.0,6.0,3.863,-26080000.0,-0.053,1.0,539215000.0,0.626,0.0,24811000.0,17693168000.0,,243614000.0,0.0,0.0,0.0,7533230000.0,1189620000.0,6343610000.0,16998931070.0,621750000.0,0.0,5653000.0,683159000.0,-36025000.0,669957000.0,-727198000.0,0.0,671379000.0,7612000.0,-16706000.0,-16706000.0,-16706000.0,0.0,0.0,-0.019,539197000.0,18000.0,720053000.0,-2.057,1.836,7.871,7.78,14445679000.0,0.0,33.96,2.458,2.437,570262000.0,8535559000.0,861039000.0,861039000.0,34307000.0,,,,,4886000.0,58760000.0,1.0,500557452.0,496414000,496414000.0,1.735,16792752000.0,19078000.0,-6850000.0,3325154000.0,33.828,1020656000.0
49,EOG,MRQ,2009-03-31,2009-03-31,2009-03-31,2021-08-04,-21694000.0,15983709000.0,,1809739000.0,14173970000.0,,18.379,-887149000.0,85214000.0,85214000.0,267028000.0,158710000.0,1.41,0.753,2105100000.0,0.0,2105100000.0,2105100000.0,0.0,389329000.0,0.0,0.009,0.068,283151000.0,672480000.0,0.581,672480000.0,283151000.0,264775000.0,0.32,0.315,0.32,9115537000.0,,9115537000.0,15238718547.0,4.0,2.977,-281310000.0,-0.567,1.0,891181000.0,0.769,0.0,18376000.0,16720298000.0,,242627000.0,0.0,0.0,0.0,6868172000.0,1283297000.0,5584875000.0,13673029547.0,-246097000.0,0.0,-3752000.0,208100000.0,-33491000.0,175479000.0,-1025127000.0,0.0,605839000.0,-2288000.0,158710000.0,158710000.0,158710000.0,0.0,0.0,0.137,609769000.0,281412000.0,774434000.0,0.212,1.5,5.807,5.752,14006530000.0,0.0,27.38,1.912,1.899,558119000.0,8588650000.0,1158209000.0,1158209000.0,49623000.0,,,,,21719000.0,57946000.0,1.0,499380188.0,495982000,500408000.0,2.335,15983709000.0,12021000.0,106065000.0,3340966000.0,32.226,526442000.0
50,EOG,MRQ,2008-12-31,2008-12-31,2008-12-31,2021-08-04,27787000.0,15951226000.0,,2108451000.0,13842775000.0,,18.202,-1328539000.0,331311000.0,331311000.0,287477000.0,461472000.0,1.195,0.77,1897000000.0,37000000.0,1860000000.0,1897000000.0,0.0,368135000.0,0.0,0.007,0.068,753435000.0,1121570000.0,0.687,1121570000.0,753435000.0,735092000.0,0.93,0.92,0.93,9014497000.0,,9014497000.0,17628102877.0,5.0,3.44,-294976000.0,-0.596,1.0,1346250000.0,0.824,0.0,18343000.0,15751999000.0,,187970000.0,0.0,0.0,0.0,6936729000.0,1764916000.0,5171813000.0,16617079877.0,-554666000.0,0.0,-1410000.0,-881000.0,-33751000.0,-99427000.0,-1467328000.0,0.0,1033563000.0,-21474000.0,461472000.0,461472000.0,461472000.0,0.0,0.0,0.282,595071000.0,751179000.0,1122209000.0,0.073,1.843,6.82,6.739,13657302000.0,0.0,33.29,2.332,2.304,722695000.0,8466143000.0,1633727000.0,1633727000.0,48489000.0,,,,,14703000.0,58249000.0,1.0,499161306.0,495238000,499746000.0,3.299,15951226000.0,27053000.0,273620000.0,3268018000.0,32.209,343535000.0
51,EOG,MRQ,2008-09-30,2008-09-30,2008-09-30,2021-08-04,314982000.0,15832730000.0,,2476517000.0,13356213000.0,,18.045,-1496664000.0,885977000.0,885977000.0,286707000.0,1556285000.0,1.351,0.775,1897000000.0,37000000.0,1860000000.0,1897000000.0,0.0,346247000.0,0.0,0.005,0.06,2406047000.0,2752294000.0,0.843,2752294000.0,2406047000.0,2393952000.0,3.15,3.1,3.15,8919960000.0,,8919960000.0,23296767072.0,7.0,4.841,40401000.0,0.082,1.0,2977179000.0,0.912,0.0,12095000.0,15010673000.0,,146571000.0,0.0,0.0,0.0,6912770000.0,1833080000.0,5079690000.0,22257868072.0,777876000.0,0.0,14504000.0,743296000.0,-29806000.0,742251000.0,-1492700000.0,0.0,1537065000.0,-8740000.0,1556285000.0,1556285000.0,1556285000.0,0.0,0.0,0.477,584996000.0,2392183000.0,1340822000.0,0.019,2.495,9.54,9.447,13132370000.0,0.0,44.73,3.27,3.248,1048385000.0,8038477000.0,3263886000.0,3263886000.0,37943000.0,,,,,31778000.0,70893000.0,1.0,497604920.0,494310000,501860000.0,6.603,15832730000.0,8789000.0,837667000.0,3044056000.0,32.03,643437000.0
52,EOG,MRQ,2008-06-30,2008-06-30,2008-06-30,2021-08-04,403195000.0,14224767000.0,,2088097000.0,12136670000.0,,15.061,-1185976000.0,108101000.0,108101000.0,271744000.0,178206000.0,0.854,0.915,1147000000.0,0.0,1147000000.0,1147000000.0,0.0,315294000.0,0.0,0.003,0.06,256412000.0,571706000.0,0.522,571706000.0,256412000.0,247383000.0,0.36,0.355,0.36,7426171000.0,,7426171000.0,33557969002.0,22.0,12.566,-50440000.0,-0.102,1.0,823768000.0,0.752,0.0,9029000.0,12818626000.0,,109971000.0,0.0,0.0,0.0,6798596000.0,2445040000.0,4353556000.0,32577907002.0,-96837000.0,0.0,17615000.0,-38000000.0,-29558000.0,-29318000.0,-1199772000.0,0.0,1135536000.0,-3283000.0,178206000.0,178206000.0,178206000.0,0.0,0.0,0.163,580665000.0,243103000.0,1379602000.0,0.167,4.387,33.273,32.8,11988720000.0,0.0,65.6,7.193,7.142,1228560000.0,6515795000.0,1095512000.0,1095512000.0,59511000.0,,,,,24783000.0,61640000.0,1.0,496614436.0,493072000,502270000.0,2.222,14224767000.0,587370000.0,69177000.0,2743776000.0,28.849,-356943000.0
53,EOG,MRQ,2008-03-31,2008-03-31,2008-03-31,2021-08-04,388848000.0,12950559000.0,,1690246000.0,11260313000.0,,14.649,-800733000.0,204938000.0,204938000.0,235906000.0,240956000.0,0.98,0.801,1185000000.0,0.0,1185000000.0,1185000000.0,0.0,297199000.0,0.0,0.003,0.045,382303000.0,679502000.0,0.599,679502000.0,382303000.0,370112000.0,0.49,0.48,0.49,7190521000.0,,7190521000.0,30773071560.0,18.0,10.853,126352000.0,0.257,1.0,898112000.0,0.792,0.0,12191000.0,12205703000.0,,98565000.0,0.0,0.0,0.0,5760038000.0,1724918000.0,4035120000.0,29642302560.0,150707000.0,0.0,24029000.0,0.0,-22089000.0,31599000.0,-806718000.0,0.0,927085000.0,-1259000.0,240956000.0,240513000.0,240513000.0,0.0,0.0,0.212,517392000.0,380720000.0,1208751000.0,0.092,4.122,26.778,26.432,11144551000.0,443000.0,60.0,6.584,6.542,1010020000.0,6367524000.0,1134018000.0,1134018000.0,47943000.0,,,,,19783000.0,52926000.0,1.0,494038376.0,490860000,499526000.0,2.31,12950559000.0,324069000.0,129156000.0,2511932000.0,26.383,-34672000.0
54,EOG,MRQ,2007-12-31,2007-12-31,2007-12-31,2021-08-04,466702000.0,12088907000.0,,1292039000.0,10796868000.0,,14.297,-962837000.0,54231000.0,54231000.0,282389000.0,361195000.0,0.876,0.729,1185000000.0,0.0,1185000000.0,1185000000.0,0.0,282234000.0,0.0,0.004,0.045,526831000.0,809065000.0,0.616,809065000.0,526831000.0,511080000.0,0.735,0.72,0.735,6990094000.0,,6990094000.0,22936225452.0,14.0,8.361,-214279000.0,-0.438,1.0,1031027000.0,0.785,0.0,15751000.0,11745506000.0,,102322000.0,0.0,0.0,0.0,5098813000.0,1474170000.0,3624643000.0,21954727452.0,-247713000.0,0.0,21432000.0,-98896000.0,-22767000.0,-130930000.0,-863203000.0,0.0,748558000.0,-2138000.0,361195000.0,358034000.0,358034000.0,0.0,0.0,0.273,511210000.0,519817000.0,1152140000.0,0.061,3.141,20.267,20.056,10429254000.0,3161000.0,44.625,5.179,5.126,835670000.0,6156721000.0,1313416000.0,1313416000.0,44005000.0,,,,,-6818000.0,66047000.0,1.0,491982688.0,488912000,497446000.0,2.686,12088907000.0,143903000.0,149885000.0,2284934000.0,24.726,-182131000.0
55,EOG,MRQ,2007-09-30,2007-09-30,2007-09-30,2021-08-04,450500000.0,11467707000.0,,1310225000.0,10157482000.0,,13.609,-891861000.0,301944000.0,301944000.0,206050000.0,204003000.0,0.977,0.73,1283442000.0,98442000.0,1185000000.0,1283442000.0,0.0,279189000.0,0.0,0.004,0.045,331169000.0,610358000.0,0.619,610358000.0,331169000.0,318598000.0,0.415,0.41,0.415,6627148000.0,,6627148000.0,18532698544.0,12.0,7.341,-166032000.0,-0.341,1.0,780113000.0,0.791,0.0,12571000.0,11107652000.0,,109838000.0,0.0,0.0,0.0,4840559000.0,1341553000.0,3499006000.0,17707390544.0,243410000.0,0.0,17089000.0,394848000.0,-22883000.0,384896000.0,-870374000.0,0.0,725829000.0,3059000.0,204003000.0,202366000.0,202366000.0,0.0,0.0,0.205,455255000.0,324858000.0,964515000.0,0.108,2.672,18.399,18.265,10034206000.0,1637000.0,36.165,4.572,4.547,678762000.0,5820884000.0,986163000.0,986163000.0,38840000.0,,,,,17190000.0,48101000.0,1.0,489627832.0,486972000,494850000.0,2.025,11467707000.0,92569000.0,114595000.0,2147692000.0,23.549,-31328000.0
56,EOG,MRQ,2007-06-30,2007-06-30,2007-06-30,2021-08-04,328918000.0,10524264000.0,,1063768000.0,9460496000.0,,12.936,-851478000.0,58534000.0,58534000.0,171975000.0,307053000.0,0.918,0.672,883842000.0,0.0,883842000.0,883842000.0,0.0,259780000.0,0.0,0.004,0.045,476687000.0,736467000.0,0.689,736467000.0,476687000.0,465869000.0,0.63,0.62,0.63,6292589000.0,,6292589000.0,18548528682.0,11.0,7.116,-123342000.0,-0.254,1.0,896512000.0,0.839,0.0,10818000.0,10191040000.0,,116300000.0,0.0,0.0,0.0,4231675000.0,1158532000.0,3073143000.0,17870186682.0,-83166000.0,0.0,3885000.0,63800000.0,-22848000.0,48621000.0,-863986000.0,0.0,728136000.0,4063000.0,307053000.0,306063000.0,306063000.0,0.0,0.0,0.286,431030000.0,465482000.0,925829000.0,0.071,2.84,16.901,16.757,9339856000.0,990000.0,36.53,4.634,4.609,741907000.0,5640660000.0,1068487000.0,1068487000.0,41216000.0,,,,,15331000.0,47183000.0,1.0,489192080.0,486454000,494522000.0,2.196,10524264000.0,39671000.0,158816000.0,2017447000.0,21.635,-94764000.0
57,EOG,MRQ,2007-03-31,2007-03-31,2007-03-31,2021-08-04,194628000.0,9826854000.0,,1128106000.0,8698748000.0,,12.04,-889591000.0,141700000.0,141700000.0,153702000.0,217667000.0,1.027,0.681,820042000.0,0.0,820042000.0,820042000.0,0.0,244342000.0,0.0,0.003,0.03,342959000.0,587301000.0,0.674,587301000.0,342959000.0,335321000.0,0.445,0.44,0.445,5845664000.0,,5845664000.0,17922014950.0,11.0,7.057,-191111000.0,-0.394,1.0,717535000.0,0.824,0.0,7638000.0,9406650000.0,,122461000.0,0.0,0.0,0.0,3981190000.0,1098546000.0,2882644000.0,17406827950.0,-76555000.0,0.0,5276000.0,86600000.0,-15522000.0,83498000.0,-858211000.0,0.0,698480000.0,-322000.0,217667000.0,216792000.0,216792000.0,0.0,0.0,0.249,379295000.0,338240000.0,924644000.0,0.067,2.978,16.105,15.996,8580838000.0,875000.0,35.67,4.696,4.672,734231000.0,5356647000.0,871237000.0,871237000.0,26384000.0,,,,,14211000.0,43879000.0,1.0,487996298.0,485526000,493354000.0,1.794,9826854000.0,51969000.0,117654000.0,1848765000.0,20.24,29560000.0
58,EOG,MRQ,2006-12-31,2006-12-31,2006-12-31,2021-08-04,176704000.0,9402160000.0,,1350080000.0,8052080000.0,,11.547,-892528000.0,218255000.0,218255000.0,188034000.0,242625000.0,1.076,0.679,733442000.0,0.0,733442000.0,733442000.0,0.0,230438000.0,0.0,0.004,0.03,360039000.0,590477000.0,0.623,590477000.0,360039000.0,352520000.0,0.49,0.48,0.49,5599671000.0,,5599671000.0,15438391979.0,8.0,5.568,-276057000.0,-0.569,1.0,759438000.0,0.802,0.0,7519000.0,8662335000.0,,113591000.0,0.0,0.0,0.0,3802489000.0,1255012000.0,2547477000.0,15204805979.0,-377676000.0,0.0,-10717000.0,-96690000.0,-16428000.0,-172758000.0,-818399000.0,0.0,616471000.0,-2990000.0,242625000.0,237204000.0,237204000.0,0.0,0.0,0.25,410232000.0,349206000.0,896572000.0,0.061,2.715,11.797,11.717,7944047000.0,5421000.0,31.225,3.87,3.843,754134000.0,5151034000.0,947472000.0,947472000.0,45129000.0,,,,,11468000.0,47721000.0,1.0,486943346.0,484956000,492860000.0,1.954,9402160000.0,94311000.0,109895000.0,1788727000.0,19.388,95068000.0
59,EOG,MRQ,2006-09-30,2006-09-30,2006-09-30,2021-08-04,241640000.0,9165016000.0,,1583001000.0,7582015000.0,,11.315,-762180000.0,595931000.0,595931000.0,136681000.0,299136000.0,1.257,0.674,829517000.0,124075000.0,705442000.0,829517000.0,0.0,216071000.0,0.0,0.003,0.03,476098000.0,692169000.0,0.715,692169000.0,476098000.0,465996000.0,0.615,0.605,0.615,5474233000.0,,5474233000.0,15915171546.0,7.0,5.089,-159064000.0,-0.329,1.0,832045000.0,0.859,0.0,10102000.0,8139634000.0,,117385000.0,0.0,0.0,0.0,3690783000.0,1258968000.0,2431815000.0,15781762546.0,-163177000.0,0.0,18141000.0,-63000000.0,-16303000.0,-55098000.0,-712086000.0,0.0,603116000.0,891000.0,299136000.0,297278000.0,297278000.0,0.0,0.0,0.307,369779000.0,462266000.0,794588000.0,0.049,2.883,10.427,10.375,7454176000.0,1858000.0,32.525,3.759,3.748,656523000.0,4928453000.0,968726000.0,968726000.0,35174000.0,,,,,18789000.0,42362000.0,1.0,485219448.0,483822000,492272000.0,2.002,9165016000.0,0.0,166860000.0,1682353000.0,18.943,324033000.0
60,EOG,MRQ,2006-06-30,2006-06-30,2006-06-30,2021-08-04,242827000.0,8642157000.0,,1598710000.0,7043447000.0,,10.654,-589067000.0,759108000.0,759108000.0,127868000.0,331417000.0,1.477,0.679,892517000.0,124075000.0,768442000.0,892517000.0,0.0,192928000.0,0.0,0.003,0.03,476678000.0,669606000.0,0.729,669606000.0,476678000.0,464294000.0,0.68,0.67,0.68,5148396000.0,,5148396000.0,16931965730.0,7.0,5.406,598000.0,0.001,1.0,791220000.0,0.861,0.0,12384000.0,7693049000.0,,98430000.0,0.0,0.0,0.0,3493761000.0,1082517000.0,2411244000.0,16820550730.0,-62219000.0,0.0,5014000.0,-40225000.0,-16280000.0,-37940000.0,-621616000.0,0.0,589665000.0,7672000.0,331417000.0,329559000.0,329559000.0,0.0,0.0,0.359,336386000.0,454834000.0,680575000.0,0.044,3.267,10.795,10.717,6934017000.0,1858000.0,34.67,4.039,4.023,597564000.0,4645763000.0,919088000.0,919088000.0,35313000.0,,,,,10615000.0,38607000.0,1.0,485161544.0,483226000,491774000.0,1.902,8642157000.0,0.0,132877000.0,1561217000.0,17.884,516193000.0
61,EOG,MRQ,2006-03-31,2006-03-31,2006-03-31,2021-08-04,175743000.0,8243390000.0,,1664758000.0,6578632000.0,,9.836,-586307000.0,821327000.0,821327000.0,126306000.0,426707000.0,1.559,0.738,932742000.0,124075000.0,808667000.0,932742000.0,0.0,177652000.0,0.0,0.002,0.02,642984000.0,820636000.0,0.757,820636000.0,642984000.0,629831000.0,0.88,0.865,0.88,4743360000.0,,4743360000.0,17804677728.0,8.0,5.888,200460000.0,0.416,1.0,958230000.0,0.884,0.0,13153000.0,7287280000.0,,76638000.0,0.0,0.0,0.0,3500030000.0,1067525000.0,2432505000.0,17463421728.0,177516000.0,0.0,6129000.0,-52325000.0,-11432000.0,-50552000.0,-558272000.0,0.0,786767000.0,-427000.0,426707000.0,424849000.0,424849000.0,0.0,0.0,0.392,329802000.0,628428000.0,673914000.0,0.023,3.682,11.83,11.707,6472821000.0,1858000.0,36.0,4.334,4.308,627667000.0,4330772000.0,1084536000.0,1084536000.0,39392000.0,,,,,9003000.0,36291000.0,1.0,485095048.0,482236000,491846000.0,2.249,8243390000.0,0.0,203124000.0,1539576000.0,17.094,597233000.0
62,EOG,MRQ,2005-12-31,2005-12-31,2005-12-31,2021-08-04,177137000.0,7753320000.0,,1563238000.0,6190082000.0,,8.98,-510309000.0,643811000.0,643811000.0,120182000.0,463656000.0,1.334,0.796,985067000.0,126075000.0,858992000.0,985067000.0,0.0,176974000.0,0.0,0.002,0.02,768205000.0,945179000.0,0.771,945179000.0,768205000.0,748220000.0,0.96,0.94,0.96,4316292000.0,,4316292000.0,18426497891.0,9.0,6.871,354905000.0,0.738,1.0,1106322000.0,0.902,0.0,19985000.0,6922535000.0,,63215000.0,0.0,0.0,0.0,3437028000.0,1172041000.0,2264987000.0,17724786891.0,302750000.0,0.0,8231000.0,-59293000.0,-11411000.0,-60860000.0,-499969000.0,0.0,865214000.0,-1635000.0,463656000.0,461797000.0,461797000.0,0.0,0.0,0.377,338631000.0,767691000.0,679548000.0,0.021,4.106,14.156,14.002,6087179000.0,1859000.0,36.685,4.879,4.823,762207000.0,3920483000.0,1226504000.0,1226504000.0,38283000.0,,,,,13895000.0,37039000.0,1.0,483161698.0,480630000,490620000.0,2.552,7753320000.0,24631000.0,284564000.0,1428149000.0,16.132,391197000.0
63,EOG,MRQ,2005-09-30,2005-09-30,2005-09-30,2021-08-04,188864000.0,7026553000.0,,1144012000.0,5882541000.0,,8.046,-435956000.0,341061000.0,341061000.0,111140000.0,343761000.0,1.479,0.824,1042772000.0,0.0,1042772000.0,1042772000.0,0.0,164372000.0,0.0,0.002,0.02,532315000.0,696687000.0,0.746,696687000.0,532315000.0,518438000.0,0.715,0.7,0.715,3851455000.0,,3851455000.0,18818004866.0,12.0,8.574,82851000.0,0.173,1.0,823305000.0,0.881,0.0,13877000.0,6955006000.0,,54887000.0,0.0,0.0,0.0,3175098000.0,773258000.0,2401840000.0,17983608866.0,58360000.0,0.0,32065000.0,-74325000.0,-11355000.0,-55185000.0,-411309000.0,0.0,518807000.0,6047000.0,343761000.0,341904000.0,341904000.0,0.0,0.0,0.366,301149000.0,522156000.0,508815000.0,0.028,4.669,18.083,17.876,5780413000.0,1857000.0,37.45,5.801,5.783,631320000.0,3468406000.0,934445000.0,934445000.0,32023000.0,,,,,25164000.0,30079000.0,1.0,480203174.0,478688000,489800000.0,1.952,7026553000.0,28134000.0,174677000.0,1290693000.0,14.679,370754000.0
64,EOG,MRQ,2005-06-30,2005-06-30,2005-06-30,2021-08-04,124685000.0,6427657000.0,,866505000.0,5561152000.0,,7.134,-386761000.0,282701000.0,282701000.0,109388000.0,249456000.0,1.433,0.891,1117097000.0,0.0,1117097000.0,1117097000.0,0.0,159896000.0,0.0,0.002,0.02,401563000.0,561459000.0,0.716,561459000.0,401563000.0,386876000.0,0.52,0.51,0.52,3399422000.0,,3399422000.0,14535775364.0,11.0,7.624,116805000.0,0.245,1.0,674536000.0,0.86,0.0,14687000.0,6657281000.0,,52188000.0,0.0,0.0,0.0,3028235000.0,604772000.0,2423463000.0,13589363364.0,109316000.0,0.0,10108000.0,-2700000.0,-11340000.0,-3775000.0,-389757000.0,0.0,503566000.0,-718000.0,249456000.0,247598000.0,247598000.0,0.0,0.0,0.316,279847000.0,394689000.0,439532000.0,0.038,3.998,16.529,16.322,5455037000.0,1858000.0,28.4,4.924,4.903,450606000.0,3136135000.0,783924000.0,783924000.0,27994000.0,,,,,11941000.0,30113000.0,1.0,478498710.0,476504000,486828000.0,1.645,6427657000.0,26644000.0,137420000.0,1175638000.0,13.489,261733000.0
65,EOG,MRQ,2005-03-31,2005-03-31,2005-03-31,2021-08-04,140741000.0,6117028000.0,,732066000.0,5384962000.0,,6.645,-344008000.0,173385000.0,173385000.0,97457000.0,202703000.0,1.301,0.94,1119797000.0,0.0,1119797000.0,1119797000.0,0.0,153016000.0,0.0,0.002,0.015,325560000.0,478576000.0,0.695,478576000.0,325560000.0,311603000.0,0.425,0.415,0.425,3153642000.0,,3153642000.0,12677071568.0,11.0,7.503,137831000.0,0.29,1.0,590699000.0,0.858,0.0,13957000.0,6500653000.0,,48741000.0,0.0,0.0,0.0,2963386000.0,562787000.0,2400599000.0,11620429568.0,152405000.0,0.0,14264000.0,42175000.0,-8880000.0,47510000.0,-377073000.0,0.0,481839000.0,129000.0,202703000.0,200845000.0,200845000.0,0.0,0.0,0.292,270604000.0,320095000.0,400802000.0,0.035,3.685,16.214,15.98,5287208000.0,1858000.0,24.37,4.657,4.635,441157000.0,2898126000.0,688156000.0,688156000.0,34816000.0,,,,,12067000.0,28687000.0,1.0,476833384.0,474586000,484228000.0,1.45,6117028000.0,25788000.0,108900000.0,1140009000.0,12.889,169279000.0
66,EOG,MRQ,2004-12-31,2004-12-31,2004-12-31,2021-08-04,148015000.0,5798923000.0,,586803000.0,5212120000.0,,6.238,-474326000.0,20980000.0,20980000.0,114047000.0,206755000.0,0.928,0.969,1077622000.0,0.0,1077622000.0,1077622000.0,0.0,144125000.0,0.0,0.003,0.015,313819000.0,457944000.0,0.66,457944000.0,313819000.0,298900000.0,0.435,0.425,0.435,2945424000.0,,2945424000.0,9442585205.0,10.0,6.322,-47853000.0,-0.101,1.0,579607000.0,0.836,0.0,14919000.0,6223361000.0,,40037000.0,0.0,0.0,0.0,2853499000.0,632204000.0,2221295000.0,8461521205.0,-60928000.0,0.0,15928000.0,14650000.0,-9754000.0,-28121000.0,-468816000.0,0.0,426473000.0,9536000.0,206755000.0,204137000.0,204137000.0,0.0,0.0,0.294,273084000.0,306523000.0,424581000.0,0.034,2.873,13.782,13.567,5101603000.0,2618000.0,17.84,3.726,3.672,447742000.0,2706845000.0,693654000.0,693654000.0,26475000.0,,,,,18229000.0,34152000.0,1.0,474300516.0,472194000,482488000.0,1.469,5798923000.0,22227000.0,92145000.0,1057403000.0,12.281,-45401000.0
67,EOG,MRQ,2004-09-30,2004-09-30,2004-09-30,2021-08-04,100194000.0,5424597000.0,,557679000.0,4866918000.0,,5.804,-375030000.0,81908000.0,81908000.0,90141000.0,172310000.0,1.063,0.99,1062972000.0,0.0,1062972000.0,1062972000.0,0.0,130257000.0,0.0,0.003,0.015,278453000.0,408710000.0,0.688,408710000.0,278453000.0,262343000.0,0.36,0.355,0.36,2725912000.0,,2725912000.0,8778439544.0,11.0,6.921,-1614000.0,-0.003,1.0,504089000.0,0.848,0.0,16110000.0,5881233000.0,,30739000.0,0.0,0.0,0.0,2698685000.0,524428000.0,2174257000.0,7760456544.0,14069000.0,0.0,17288000.0,-22850000.0,-8884000.0,-14620000.0,-346153000.0,0.0,373416000.0,1426000.0,172310000.0,169552000.0,169552000.0,0.0,0.0,0.285,229589000.0,274500000.0,339303000.0,0.042,2.847,16.115,15.937,4758036000.0,2758000.0,16.462,3.931,3.916,350170000.0,2509851000.0,594230000.0,594230000.0,21874000.0,,,,,6938000.0,29576000.0,1.0,471402068.0,469644000,478708000.0,1.265,5424597000.0,22560000.0,90033000.0,1041717000.0,11.55,33251000.0
68,EOG,MRQ,2004-06-30,2004-06-30,2004-06-30,2021-08-04,41473000.0,5126966000.0,,550424000.0,4576542000.0,,5.323,-319280000.0,67839000.0,67839000.0,84596000.0,144937000.0,1.088,1.069,1085822000.0,0.0,1085822000.0,1085822000.0,0.0,116224000.0,0.0,0.004,0.015,228161000.0,344385000.0,0.664,344385000.0,228161000.0,212745000.0,0.305,0.3,0.305,2477931000.0,,2477931000.0,7950048233.0,11.0,6.822,-40268000.0,-0.086,1.0,434425000.0,0.837,0.0,15416000.0,5638885000.0,,30253000.0,0.0,0.0,0.0,2649035000.0,506064000.0,2142971000.0,6959943233.0,-27878000.0,0.0,33519000.0,0.0,-10496000.0,21975000.0,-328542000.0,0.0,279012000.0,-323000.0,144937000.0,142179000.0,142179000.0,0.0,0.0,0.274,207689000.0,226736000.0,319535000.0,0.049,2.809,16.312,16.173,4467019000.0,2758000.0,14.928,3.785,3.78,355662000.0,2347446000.0,519021000.0,519021000.0,19596000.0,,,,,11373000.0,26370000.0,1.0,466249756.0,465552000,474834000.0,1.115,5126966000.0,39564000.0,67808000.0,962831000.0,11.013,44360000.0
69,EOG,MRQ,2004-03-31,2004-03-31,2004-03-31,2021-08-04,61761000.0,4955053000.0,,503844000.0,4451209000.0,,5.006,-234589000.0,95717000.0,95717000.0,74444000.0,100853000.0,1.022,1.14,1085822000.0,0.0,1085822000.0,1085822000.0,0.0,113797000.0,0.0,0.004,0.013,168707000.0,282504000.0,0.608,282504000.0,168707000.0,152024000.0,0.21,0.21,0.21,2315557000.0,,2315557000.0,6439267789.0,10.0,5.816,130857000.0,0.283,1.0,389876000.0,0.84,0.0,16683000.0,5452134000.0,,23758000.0,0.0,0.0,0.0,2639496000.0,493024000.0,2146472000.0,5334838789.0,91274000.0,0.0,8775000.0,-23050000.0,-8461000.0,-22472000.0,-253397000.0,0.0,365446000.0,1697000.0,100853000.0,98095000.0,98095000.0,0.0,0.0,0.211,218440000.0,171436000.0,296457000.0,0.062,2.304,13.66,13.497,4336307000.0,2758000.0,11.473,3.058,3.042,303566000.0,2212300000.0,464320000.0,464320000.0,25996000.0,,,,,2419000.0,24915000.0,1.0,465011008.0,462578000,470484000.0,1.004,4955053000.0,46515000.0,51171000.0,945500000.0,10.712,10820000.0
70,EOG,MRQ,2003-12-31,2003-12-31,2003-12-31,2021-08-04,73934000.0,4749015000.0,,396014000.0,4353001000.0,,4.837,-679522000.0,4443000.0,4443000.0,78435000.0,74510000.0,0.831,1.136,1108872000.0,0.0,1108872000.0,1108872000.0,0.0,121265000.0,0.0,0.004,0.013,111522000.0,232787000.0,0.587,232787000.0,111522000.0,97568000.0,0.158,0.152,0.158,2223381000.0,,2223381000.0,6139860499.0,9.0,5.352,-444798000.0,-0.968,1.0,318093000.0,0.802,0.0,13954000.0,5376925000.0,,21922000.0,0.0,0.0,0.0,2525634000.0,476519000.0,2049115000.0,5313527499.0,-180046000.0,0.0,17421000.0,98050000.0,-8416000.0,105667000.0,-530493000.0,0.0,234724000.0,10056000.0,74510000.0,71752000.0,71752000.0,0.0,0.0,0.181,217088000.0,101005000.0,282379000.0,0.082,2.39,12.678,12.615,4248917000.0,2758000.0,11.543,3.046,3.033,295118000.0,2121214000.0,396528000.0,396528000.0,18949000.0,,,,,4901000.0,28669000.0,1.0,460344596.0,459684000,468888000.0,0.863,4749015000.0,39524000.0,23058000.0,876015000.0,10.331,-80505000.0
71,EOG,MRQ,2003-09-30,2003-09-30,2003-09-30,2021-08-04,40481000.0,4426062000.0,,557976000.0,3868086000.0,,4.581,-237168000.0,184489000.0,184489000.0,63307000.0,117419000.0,1.577,1.107,1010822000.0,0.0,1010822000.0,1010822000.0,0.0,110438000.0,0.0,0.004,0.013,195236000.0,305674000.0,0.666,305674000.0,195236000.0,179604000.0,0.25,0.247,0.25,2100447000.0,,2100447000.0,5655169008.0,8.0,5.18,124072000.0,0.271,1.0,395417000.0,0.862,0.0,15632000.0,4898467000.0,,20788000.0,0.0,0.0,0.0,2325615000.0,353928000.0,1971687000.0,4795314008.0,33522000.0,0.0,2987000.0,0.0,-8398000.0,-7561000.0,-320157000.0,0.0,361240000.0,0.0,117419000.0,114661000.0,114661000.0,0.0,0.0,0.25,202105000.0,193312000.0,252211000.0,0.052,2.283,12.327,12.276,3703793000.0,2758000.0,10.435,2.844,2.837,274834000.0,2055248000.0,458724000.0,458724000.0,17812000.0,,,,,2223000.0,26379000.0,1.0,459541352.0,458464000,465480000.0,1.001,4426062000.0,0.0,62185000.0,835730000.0,9.654,204048000.0
72,EOG,MRQ,2003-06-30,2003-06-30,2003-06-30,2021-08-04,37546000.0,4240341000.0,,552781000.0,3687560000.0,,4.332,-182403000.0,150967000.0,150967000.0,57056000.0,108791000.0,1.711,1.14,1010822000.0,0.0,1010822000.0,1010822000.0,0.0,106587000.0,0.0,0.004,0.01,179548000.0,286135000.0,0.674,286135000.0,179548000.0,165741000.0,0.233,0.228,0.233,1981804000.0,,1981804000.0,5831418643.0,11.0,6.152,180538000.0,0.395,1.0,367698000.0,0.866,0.0,13807000.0,4777076000.0,,18972000.0,0.0,0.0,0.0,2258537000.0,323120000.0,1935417000.0,4794043643.0,144134000.0,0.0,7274000.0,-33386000.0,-7239000.0,-33326000.0,-185481000.0,0.0,362941000.0,0.0,108791000.0,106033000.0,106033000.0,0.0,0.0,0.25,190830000.0,176868000.0,226408000.0,0.043,2.419,15.954,15.921,3594857000.0,2758000.0,10.46,3.18,3.175,303804000.0,1946331000.0,424754000.0,424754000.0,22139000.0,,,,,1843000.0,24934000.0,1.0,458321572.0,457528000,464524000.0,0.928,4240341000.0,0.0,56950000.0,796312000.0,9.268,229661000.0
73,EOG,MRQ,2003-03-31,2003-03-31,2003-03-31,2021-08-04,-10621000.0,4070655000.0,,495212000.0,3575443000.0,,3.982,-132893000.0,6833000.0,6833000.0,54959000.0,129425000.0,1.495,1.233,1044208000.0,0.0,1044208000.0,1044208000.0,0.0,103553000.0,0.0,0.004,0.01,219150000.0,322703000.0,0.694,322703000.0,219150000.0,203832000.0,0.278,0.273,0.278,1822952000.0,,1822952000.0,5631521953.0,13.0,6.79,157378000.0,0.344,1.0,409710000.0,0.882,0.0,15318000.0,4776740000.0,,18282000.0,0.0,0.0,0.0,2247703000.0,331290000.0,1916413000.0,4547062953.0,-3015000.0,0.0,-13839000.0,-100924000.0,-7241000.0,-121976000.0,-171310000.0,0.0,290271000.0,0.0,129425000.0,126667000.0,126667000.0,0.0,0.0,0.273,183581000.0,226129000.0,222756000.0,0.036,2.494,19.786,19.662,3482010000.0,2758000.0,9.89,3.312,3.298,370384000.0,1846031000.0,464669000.0,464669000.0,17458000.0,,,,,2959000.0,20421000.0,1.0,459763696.0,457764000,464896000.0,1.015,4070655000.0,0.0,74407000.0,756460000.0,8.892,163922000.0
74,EOG,MRQ,2002-12-31,2002-12-31,2002-12-31,2021-08-04,-49877000.0,3813568000.0,,394354000.0,3419214000.0,,3.646,-218662000.0,9848000.0,9848000.0,63886000.0,44419000.0,1.25,1.28,1145132000.0,0.0,1145132000.0,1145132000.0,0.0,105412000.0,0.0,0.004,0.01,71762000.0,177174000.0,0.524,177174000.0,71762000.0,57111000.0,0.09,0.09,0.09,1672395000.0,,1672395000.0,5695337291.0,32.0,9.864,-70036000.0,-0.153,1.0,274191000.0,0.811,0.0,14651000.0,4633305000.0,,18928000.0,0.0,0.0,0.0,2141173000.0,315547000.0,1825626000.0,4612251291.0,2066000.0,0.0,-35242000.0,54264000.0,-7274000.0,10908000.0,-157975000.0,0.0,148626000.0,507000.0,44419000.0,41661000.0,41661000.0,0.0,0.0,0.123,203578000.0,70613000.0,201931000.0,0.111,2.758,60.575,60.485,3321548000.0,2758000.0,9.98,4.213,4.206,259308000.0,1723948000.0,338077000.0,338077000.0,18714000.0,,,,,952000.0,24669000.0,1.0,462149428.0,458700000,468716000.0,0.737,3813568000.0,80015000.0,12692000.0,683680000.0,8.314,78807000.0
75,EOG,MRQ,2002-09-30,2002-09-30,2002-09-30,2021-08-04,-51650000.0,3692957000.0,,313379000.0,3379578000.0,,3.602,-187559000.0,7782000.0,7782000.0,54821000.0,28887000.0,1.166,1.217,1090868000.0,0.0,1090868000.0,1090868000.0,0.0,100208000.0,0.0,0.004,0.01,61636000.0,161844000.0,0.578,161844000.0,61636000.0,42866000.0,0.058,0.055,0.058,1665839000.0,,1665839000.0,5204038316.0,74.0,11.307,1381000.0,0.003,1.0,225058000.0,0.804,0.0,18770000.0,4507261000.0,,18103000.0,0.0,0.0,0.0,2027118000.0,268782000.0,1758336000.0,4177401316.0,-1424000.0,0.0,-23530000.0,55025000.0,-7301000.0,23882000.0,-214246000.0,0.0,188940000.0,0.0,28887000.0,26129000.0,26129000.0,0.0,0.0,0.093,163348000.0,61710000.0,176858000.0,0.172,2.508,603.148,449.5,3282756000.0,2758000.0,8.99,4.199,4.179,196782000.0,1687437000.0,279879000.0,279879000.0,12824000.0,,,,,1813000.0,21582000.0,1.0,464672004.0,462484000,468312000.0,0.605,3692957000.0,0.0,13979000.0,647041000.0,7.985,44597000.0
76,EOG,MRQ,2002-06-30,2002-06-30,2002-06-30,2021-08-04,-30673000.0,3589598000.0,,275988000.0,3313610000.0,,3.641,-176469000.0,9206000.0,9206000.0,56474000.0,38108000.0,1.181,1.129,1035843000.0,0.0,1035843000.0,1035843000.0,0.0,97956000.0,0.0,0.004,0.01,69737000.0,167693000.0,0.578,167693000.0,69737000.0,55555000.0,0.077,0.075,0.077,1685655000.0,,1685655000.0,5577100674.0,42.0,10.583,-23822000.0,-0.051,1.0,233689000.0,0.805,0.0,14182000.0,4382501000.0,,17058000.0,0.0,0.0,0.0,1903943000.0,233734000.0,1670209000.0,4606841674.0,3803000.0,0.0,3113000.0,60181000.0,-7295000.0,54160000.0,-203004000.0,0.0,152647000.0,0.0,38108000.0,35350000.0,35350000.0,0.0,0.0,0.122,164389000.0,69300000.0,167921000.0,0.13,2.733,92.135,88.616,3227288000.0,2758000.0,9.925,4.309,4.298,204342000.0,1665936000.0,290163000.0,290163000.0,15754000.0,,,,,865000.0,21988000.0,1.0,464165408.0,462948000,470756000.0,0.627,3589598000.0,0.0,17447000.0,614051000.0,7.754,42254000.0
77,EOG,MRQ,2002-03-31,2002-03-31,2002-03-31,2021-08-04,-54086000.0,3479523000.0,,266218000.0,3213305000.0,,3.518,-170672000.0,5403000.0,5403000.0,50997000.0,-24241000.0,1.017,1.141,975662000.0,0.0,975662000.0,975662000.0,0.0,94460000.0,0.0,0.004,0.01,-23809000.0,70651000.0,0.379,70651000.0,-23809000.0,-35860000.0,-0.058,-0.058,-0.058,1625114000.0,,1625114000.0,5550269551.0,19.0,8.018,-49228000.0,-0.107,1.0,135566000.0,0.727,0.0,12051000.0,4188142000.0,,18302000.0,0.0,0.0,0.0,1854409000.0,261640000.0,1592769000.0,4696812551.0,2891000.0,0.0,9960000.0,119693000.0,-7282000.0,122354000.0,-240907000.0,0.0,121444000.0,0.0,-24241000.0,-26999000.0,-26999000.0,0.0,0.0,-0.145,156212000.0,-20646000.0,166958000.0,-0.172,2.89,31.714,31.393,3125090000.0,2758000.0,10.14,3.772,3.762,185518000.0,1636121000.0,186563000.0,186563000.0,12936000.0,,,,,1538000.0,20713000.0,1.0,463196504.0,461940000,461940000.0,0.404,3479523000.0,0.0,-11619000.0,592330000.0,7.532,4578000.0
78,EOG,MRQ,2001-12-31,2001-12-31,2001-12-31,2021-08-04,-55118000.0,3414044000.0,,272421000.0,3141623000.0,,3.568,-211949000.0,21844000.0,21844000.0,78072000.0,-24797000.0,0.876,1.078,855969000.0,0.0,855969000.0,855969000.0,0.0,97617000.0,0.0,0.004,0.01,-37538000.0,60079000.0,0.252,60079000.0,-37538000.0,-48493000.0,-0.057,-0.052,-0.057,1642686000.0,,1642686000.0,5206236668.0,8.0,4.87,-67964000.0,-0.148,1.0,160177000.0,0.672,0.0,10955000.0,3937322000.0,,18871000.0,0.0,0.0,0.0,1771358000.0,310847000.0,1460511000.0,4516558668.0,-8832000.0,0.0,-13587000.0,153823000.0,-7274000.0,131468000.0,-284285000.0,0.0,143985000.0,0.0,-24797000.0,-27554000.0,-27554000.0,0.0,0.0,-0.116,197000000.0,-36823000.0,219561000.0,-0.175,2.749,11.652,11.668,3055910000.0,2757000.0,9.777,2.728,2.734,194624000.0,1668708000.0,238249000.0,238249000.0,17048000.0,,,,,1199000.0,22354000.0,1.0,461933896.0,460456000,461900000.0,0.517,3414044000.0,0.0,-23696000.0,591239000.0,7.414,-38426000.0
79,EOG,MRQ,2001-09-30,2001-09-30,2001-09-30,2021-08-04,-51619000.0,3386362000.0,,336192000.0,3050170000.0,,3.651,-334109000.0,11344000.0,11344000.0,54257000.0,71963000.0,0.879,1.004,701022000.0,0.0,701022000.0,701022000.0,0.0,103351000.0,0.0,0.005,0.01,125219000.0,228570000.0,0.645,228570000.0,125219000.0,114977000.0,0.15,0.147,0.15,1689490000.0,,1689490000.0,3932494970.0,4.0,2.86,-101459000.0,-0.219,1.0,299915000.0,0.847,0.0,10242000.0,3693542000.0,,21576000.0,0.0,0.0,0.0,1696872000.0,382498000.0,1314374000.0,3359966970.0,-56950000.0,0.0,-18307000.0,60200000.0,-7300000.0,34843000.0,-324443000.0,0.0,232650000.0,0.0,71963000.0,69204000.0,69204000.0,0.0,0.0,0.195,175968000.0,123947000.0,257681000.0,0.067,1.989,5.855,5.856,2961235000.0,2759000.0,7.232,1.748,1.741,206270000.0,1702339000.0,354172000.0,354172000.0,12408000.0,,,,,-1906000.0,20925000.0,1.0,464565084.0,462768000,468564000.0,0.765,3386362000.0,0.0,43014000.0,633113000.0,7.318,-46306000.0
80,EOG,MRQ,2001-06-30,2001-06-30,2001-06-30,2021-08-04,-37159000.0,3210721000.0,,384577000.0,2826144000.0,,3.579,-250483000.0,68294000.0,68294000.0,56219000.0,136203000.0,0.971,0.936,640822000.0,0.0,640822000.0,640822000.0,0.0,97470000.0,0.0,0.004,0.01,235489000.0,332959000.0,0.714,332959000.0,235489000.0,224865000.0,0.287,0.282,0.287,1658586000.0,,1658586000.0,4736092386.0,4.0,3.285,91102000.0,0.197,1.0,409829000.0,0.879,0.0,10624000.0,3387331000.0,,20424000.0,0.0,0.0,0.0,1552135000.0,395918000.0,1156217000.0,4122070386.0,37445000.0,0.0,-18467000.0,-4049000.0,-7305000.0,-26846000.0,-277294000.0,0.0,341585000.0,0.0,136203000.0,133446000.0,133446000.0,0.0,0.0,0.286,175590000.0,234239000.0,227040000.0,0.035,2.485,6.666,6.682,2744530000.0,2757000.0,8.887,2.092,2.09,244202000.0,1637758000.0,466048000.0,466048000.0,17746000.0,,,,,2793000.0,18735000.0,1.0,463805388.0,463480000,472188000.0,1.006,3210721000.0,0.0,88662000.0,589563000.0,6.927,-11341000.0
81,EOG,MRQ,2001-03-31,2001-03-31,2001-03-31,2021-08-04,-48377000.0,3012280000.0,,358915000.0,2653365000.0,,3.291,-169443000.0,30849000.0,30849000.0,58258000.0,215247000.0,0.884,0.966,644871000.0,0.0,644871000.0,644871000.0,0.0,93961000.0,0.0,0.003,0.009,353385000.0,447346000.0,0.749,447346000.0,353385000.0,340096000.0,0.458,0.448,0.458,1532274000.0,,1532274000.0,5651691497.0,6.0,4.228,309764000.0,0.665,1.0,538995000.0,0.902,0.0,13289000.0,3220221000.0,,20307000.0,0.0,0.0,0.0,1480006000.0,406081000.0,1073925000.0,4812843497.0,10697000.0,0.0,-45603000.0,-214129000.0,-6701000.0,-266477000.0,-202033000.0,0.0,479207000.0,0.0,215247000.0,212526000.0,212526000.0,0.0,0.0,0.356,184971000.0,354024000.0,241402000.0,0.02,3.141,8.601,8.575,2569541000.0,2721000.0,10.307,2.634,2.626,286778000.0,1508953000.0,597253000.0,597253000.0,20265000.0,,,,,5246000.0,17949000.0,1.0,466926364.0,465536000,475808000.0,1.283,3012280000.0,0.0,124849000.0,500879000.0,6.471,-47166000.0
82,EOG,MRQ,2000-12-31,2000-12-31,2000-12-31,2021-08-04,-31756000.0,3001253000.0,,394865000.0,2606388000.0,,2.959,-187772000.0,20152000.0,20152000.0,42308000.0,161447000.0,1.067,1.173,859000000.0,0.0,859000000.0,859000000.0,0.0,95600000.0,0.0,0.002,0.009,270645000.0,366245000.0,0.725,366245000.0,270645000.0,254538000.0,0.34,0.333,0.34,1380925000.0,,1380925000.0,7312534310.0,11.0,6.939,167335000.0,0.359,1.0,462813000.0,0.916,0.0,16107000.0,3469985000.0,,16623000.0,0.0,0.0,0.0,1620328000.0,370116000.0,1250212000.0,6384074310.0,3445000.0,0.0,-40549000.0,-86167000.0,-6808000.0,-133013000.0,-218649000.0,0.0,355107000.0,0.0,161447000.0,158688000.0,158688000.0,0.0,0.0,0.314,189053000.0,273760000.0,246468000.0,0.026,4.623,16.543,16.555,2525007000.0,2759000.0,13.658,4.285,4.288,342579000.0,1301067000.0,505121000.0,505121000.0,26149000.0,,,,,17907000.0,17565000.0,1.0,467440916.0,466728000,478448000.0,1.082,3001253000.0,0.0,93091000.0,418917000.0,6.43,24749000.0
83,EOG,MRQ,2000-09-30,2000-09-30,2000-09-30,2021-08-04,-32485000.0,2872493000.0,,331139000.0,2541354000.0,,2.677,-239450000.0,16707000.0,16707000.0,40931000.0,116477000.0,1.143,1.301,945167000.0,0.0,945167000.0,945167000.0,0.0,91577000.0,0.0,0.003,0.009,203693000.0,295270000.0,0.734,295270000.0,203693000.0,188943000.0,0.245,0.237,0.245,1248324000.0,,1248324000.0,5456705174.0,11.0,7.661,45260000.0,0.097,1.0,361220000.0,0.898,0.0,14750000.0,3511201000.0,,16612000.0,0.0,0.0,0.0,1624169000.0,289752000.0,1334417000.0,4518869174.0,4992000.0,0.0,-27537000.0,-4383000.0,-6746000.0,-41907000.0,-237811000.0,0.0,284710000.0,0.0,116477000.0,113722000.0,113722000.0,0.0,0.0,0.283,157562000.0,203658000.0,216773000.0,0.037,3.62,17.573,16.531,2443375000.0,2755000.0,9.72,3.604,3.614,267217000.0,1146381000.0,402151000.0,402151000.0,14898000.0,,,,,11807000.0,17053000.0,1.0,464904236.0,466236000,477048000.0,0.863,2872493000.0,0.0,72466000.0,354671000.0,6.161,41387000.0
84,EOG,MRQ,2000-06-30,2000-06-30,2000-06-30,2021-08-04,-27341000.0,2651744000.0,,265749000.0,2385995000.0,,2.492,-99472000.0,11714000.0,11714000.0,35513000.0,77517000.0,1.287,1.28,949550000.0,0.0,949550000.0,949550000.0,0.0,87951000.0,0.0,0.004,0.007,139998000.0,227949000.0,0.706,227949000.0,139998000.0,124417000.0,0.16,0.158,0.16,1163155000.0,,1163155000.0,4827492112.0,6.0,4.324,53039000.0,0.114,1.0,287214000.0,0.89,0.0,15581000.0,3383080000.0,,17364000.0,0.0,0.0,0.0,1488589000.0,206500000.0,1282089000.0,3919930112.0,-21643000.0,0.0,-48148000.0,8630000.0,-6187000.0,-45612000.0,-128542000.0,0.0,152511000.0,0.0,77517000.0,74657000.0,74657000.0,0.0,0.0,0.231,147979000.0,139235000.0,167040000.0,0.044,3.37,5.972,6.523,2291913000.0,2860000.0,8.35,3.634,3.613,225598000.0,1036745000.0,322727000.0,322727000.0,13204000.0,,,,,11354000.0,16027000.0,1.0,469452708.0,466664000,476708000.0,0.692,2651744000.0,0.0,46900000.0,282670000.0,5.682,59249000.0
85,EOG,MRQ,2000-03-31,2000-03-31,2000-03-31,2021-08-04,-21909000.0,2616085000.0,,237092000.0,2378993000.0,,2.406,-75944000.0,33358000.0,33358000.0,39500000.0,41490000.0,1.006,1.307,940920000.0,0.0,940920000.0,940920000.0,0.0,84137000.0,0.0,0.006,0.007,80227000.0,164364000.0,0.632,164364000.0,80227000.0,65659000.0,0.083,0.083,0.083,1133896000.0,,1133896000.0,3449189589.0,5.0,3.368,99138000.0,0.21,1.0,220396000.0,0.848,0.0,14568000.0,3287932000.0,,16954000.0,0.0,0.0,0.0,1482189000.0,235715000.0,1246474000.0,2483719589.0,8522000.0,0.0,-29399000.0,-49386000.0,-6330000.0,-84401000.0,-82159000.0,0.0,175082000.0,0.0,41490000.0,38836000.0,38836000.0,0.0,0.0,0.149,140186000.0,80210000.0,187436000.0,0.084,2.19,4.124,4.595,2294811000.0,2654000.0,5.298,2.634,2.648,180039000.0,965722000.0,259896000.0,259896000.0,12945000.0,,,,,239000.0,16287000.0,1.0,468847492.0,471308000,473092000.0,0.551,2616085000.0,0.0,24169000.0,262549000.0,5.551,1377000.0
86,EOG,MRQ,1999-12-31,1999-12-31,1999-12-31,2021-08-04,-19810000.0,2610793000.0,,200501000.0,2410292000.0,,2.372,-101575000.0,24836000.0,24836000.0,68685000.0,30469000.0,0.917,1.311,990306000.0,0.0,990306000.0,990306000.0,0.0,-39233000.0,0.0,0.007,0.007,63944000.0,24711000.0,0.092,24711000.0,63944000.0,48091000.0,0.1,0.097,0.1,1129611000.0,,1129611000.0,3239222290.0,5.0,3.377,58842000.0,0.124,1.0,200485000.0,0.745,0.0,15853000.0,3357645000.0,,18816000.0,0.0,0.0,0.0,1481182000.0,218618000.0,1262564000.0,2092837290.0,5996000.0,0.0,-1397000.0,-174919000.0,-3567000.0,-36578000.0,-117843000.0,0.0,160417000.0,0.0,30469000.0,29934000.0,29934000.0,0.0,0.0,0.111,135159000.0,65326000.0,172780000.0,0.07,1.853,3.681,4.347,2334928000.0,535000.0,4.39,2.485,2.933,148189000.0,930938000.0,269170000.0,269170000.0,11204000.0,,,,,184000.0,12836000.0,1.0,476728312.0,476228000,478836000.0,0.565,2610793000.0,0.0,17622000.0,245600000.0,5.482,-18117000.0
87,EOG,MRQ,1999-09-30,1999-09-30,1999-09-30,2021-08-04,-25264000.0,2597282000.0,,202435000.0,2394847000.0,,1.741,-115126000.0,18840000.0,18840000.0,25359000.0,512921000.0,,1.729,1165225000.0,,,1165225000.0,1049000.0,198098000.0,0.0,0.006,0.007,501206000.0,699304000.0,3.084,699304000.0,501206000.0,484281000.0,0.938,0.927,0.938,951706000.0,,951706000.0,4399161288.0,7.0,4.224,12596000.0,0.023,1.0,201421000.0,0.888,0.0,16925000.0,3743667000.0,,20500000.0,0.0,0.0,0.0,1645576000.0,,,3270689288.0,7429000.0,0.0,587816000.0,25342000.0,-4625000.0,-15327000.0,-104966000.0,0.0,127722000.0,0.0,512921000.0,512921000.0,512921000.0,0.0,0.0,2.262,254650000.0,-53229000.0,212096000.0,0.007,3.437,5.962,5.355,2324270000.0,0.0,5.312,4.054,3.6,135165000.0,904862000.0,226780000.0,226780000.0,14478000.0,,,,,965000.0,20001000.0,1.0,615659160.0,546648000,553080000.0,0.415,2597282000.0,0.0,-28640000.0,254081000.0,4.751,
88,EOG,MRQ,1999-06-30,1999-06-30,1999-06-30,2021-08-04,-26124000.0,2962046000.0,,225270000.0,2736776000.0,,2.134,-88248000.0,11411000.0,11411000.0,25668000.0,20638000.0,,1.261,1139883000.0,,,1139883000.0,2099000.0,88781000.0,0.0,0.006,0.007,47047000.0,135828000.0,0.726,135828000.0,47047000.0,32273000.0,0.033,0.033,0.033,1310044000.0,,1310044000.0,4270646811.0,41.0,9.614,-1978000.0,-0.003,1.0,161527000.0,0.863,0.0,14774000.0,4090518000.0,,35175000.0,0.0,0.0,0.0,1652002000.0,,,3113261811.0,-1722000.0,0.0,2527000.0,-30635000.0,-4602000.0,-33006000.0,-54986000.0,0.0,86270000.0,0.0,20638000.0,20638000.0,20638000.0,0.0,0.0,0.11,145832000.0,15695000.0,225572000.0,0.212,2.376,74.815,77.885,2666848000.0,0.0,5.062,4.037,4.03,172264000.0,854846000.0,187195000.0,187195000.0,10302000.0,,,,,238000.0,26384000.0,1.0,614965296.0,613940000,616524000.0,0.305,2962046000.0,0.0,11635000.0,281909000.0,4.825,
89,EOG,MRQ,1999-03-31,1999-03-31,1999-03-31,2021-08-04,-32399000.0,2990235000.0,,227661000.0,2762574000.0,,2.089,-91501000.0,13133000.0,13133000.0,24414000.0,5066000.0,,1.328,1170518000.0,,,1170518000.0,3148000.0,82022000.0,0.0,0.007,0.007,17334000.0,99356000.0,0.625,99356000.0,17334000.0,3067000.0,0.007,0.007,0.007,1284713000.0,,1284713000.0,3693034238.0,42.0,8.919,-22391000.0,-0.036,1.0,134540000.0,0.846,0.0,14267000.0,4147620000.0,,38384000.0,0.0,0.0,0.0,1705522000.0,,,2556558238.0,6830000.0,0.0,184000.0,27739000.0,-4601000.0,23290000.0,-85570000.0,0.0,69110000.0,0.0,5066000.0,5066000.0,5066000.0,0.0,0.0,0.032,144144000.0,-9604000.0,252942000.0,1.0,1.99,74.683,75.591,2681316000.0,0.0,4.157,3.332,3.332,168807000.0,838825000.0,158954000.0,158954000.0,16789000.0,,,,,0.0,23635000.0,1.0,614926816.0,614932000,618460000.0,0.258,2990235000.0,0.0,-1999000.0,271988000.0,4.863,
90,EOG,MRQ,1998-12-31,1998-12-31,1998-12-31,2021-08-04,-35848000.0,3018095000.0,,246350000.0,2771745000.0,,2.101,-100338000.0,6303000.0,6303000.0,68986000.0,9965000.0,,1.357,1142779000.0,,,1142779000.0,4198000.0,85698000.0,0.0,0.007,0.007,21351000.0,107049000.0,0.458,107049000.0,21351000.0,5934000.0,0.015,0.015,0.015,1280304000.0,,1280304000.0,3716387717.0,34.0,8.766,-15435000.0,-0.025,1.0,164866000.0,0.705,0.0,15417000.0,4154571000.0,,39581000.0,0.0,0.0,0.0,1737791000.0,,,2651241717.0,-2938000.0,0.0,-224000.0,68392000.0,-4601000.0,60533000.0,-148374000.0,0.0,84903000.0,0.0,9965000.0,9965000.0,9965000.0,0.0,0.0,0.043,141359000.0,23507000.0,308961000.0,0.467,2.071,47.199,47.917,2676363000.0,0.0,4.312,3.28,3.287,193588000.0,838371000.0,233852000.0,233852000.0,15711000.0,,,,,270000.0,21440000.0,1.0,614780688.0,609324000,610360000.0,0.384,3018095000.0,0.0,-4031000.0,280424000.0,4.953,
91,EOG,MRQ,1998-09-30,1998-09-30,1998-09-30,2021-08-04,-35220000.0,2961454000.0,,235271000.0,2726183000.0,,2.07,-309498000.0,9241000.0,9241000.0,33769000.0,5944000.0,,1.321,1074387000.0,,,1074387000.0,5743000.0,84376000.0,0.0,0.007,0.007,17598000.0,101974000.0,0.533,101974000.0,17598000.0,3969000.0,0.01,0.01,0.01,1275811000.0,,1275811000.0,3541100712.0,22.0,7.677,-184414000.0,-0.299,1.0,157493000.0,0.823,0.0,13629000.0,4026600000.0,,35056000.0,0.0,0.0,0.0,1685643000.0,,,2703808712.0,-4327000.0,0.0,-17291000.0,223527000.0,-4635000.0,201557000.0,-330968000.0,0.0,125084000.0,0.0,5944000.0,5944000.0,5944000.0,0.0,0.0,0.031,138294000.0,19199000.0,312328000.0,0.7,2.119,30.255,30.172,2665255000.0,0.0,4.375,3.328,3.319,183123000.0,833017000.0,191262000.0,191262000.0,16231000.0,,,,,0.0,15812000.0,1.0,618013420.0,616332000,617636000.0,0.31,2961454000.0,0.0,-1975000.0,301821000.0,4.805,
92,EOG,MRQ,1998-06-30,1998-06-30,1998-06-30,2021-08-04,-26799000.0,2762961000.0,,245129000.0,2517832000.0,,2.098,-153181000.0,13568000.0,13568000.0,25138000.0,13257000.0,,1.126,850860000.0,,,850860000.0,15413000.0,73071000.0,0.0,0.006,0.007,32596000.0,105667000.0,0.576,105667000.0,32596000.0,22173000.0,0.022,0.022,0.022,1299834000.0,,1299834000.0,3930154367.0,21.0,8.18,-71180000.0,-0.115,1.0,158169000.0,0.863,0.0,10423000.0,3600253000.0,,34816000.0,0.0,0.0,0.0,1463127000.0,,,3136014367.0,8508000.0,0.0,729000.0,51660000.0,-4635000.0,43903000.0,-117396000.0,0.0,82001000.0,0.0,13257000.0,13257000.0,13257000.0,0.0,0.0,0.072,125500000.0,32669000.0,287237000.0,0.318,2.413,27.366,27.365,2459835000.0,0.0,5.062,3.851,3.851,188332000.0,831684000.0,183307000.0,183307000.0,16600000.0,,,,,0.0,15204000.0,1.0,619459628.0,619428000,623080000.0,0.296,2762961000.0,0.0,8916000.0,306131000.0,4.461,
93,EOG,MRQ,1998-03-31,1998-03-31,1998-03-31,2021-08-04,-17614000.0,2738763000.0,,283881000.0,2454882000.0,,2.099,-117503000.0,5060000.0,5060000.0,32790000.0,27005000.0,,1.108,799200000.0,,,799200000.0,25566000.0,71961000.0,0.0,0.005,0.007,37316000.0,109277000.0,0.547,109277000.0,37316000.0,28206000.0,0.043,0.043,0.043,1299402000.0,,1299402000.0,4282193928.0,23.0,9.042,-5615000.0,-0.009,1.0,167041000.0,0.836,0.0,9110000.0,3532903000.0,,34355000.0,0.0,0.0,0.0,1439361000.0,,,3550248928.0,-4270000.0,0.0,-6476000.0,57925000.0,-4633000.0,46724000.0,-162882000.0,0.0,111888000.0,0.0,27005000.0,27005000.0,27005000.0,0.0,0.0,0.135,128755000.0,38286000.0,307826000.0,0.163,2.732,28.197,28.251,2401829000.0,0.0,5.735,4.423,4.422,236658000.0,823074000.0,199831000.0,199831000.0,17398000.0,,,,,0.0,16554000.0,1.0,619049508.0,618944000,622088000.0,0.323,2738763000.0,0.0,1201000.0,305232000.0,4.425,
94,EOG,MRQ,1997-12-31,1997-12-31,1997-12-31,2021-08-04,-19771000.0,2723355000.0,,282035000.0,2441320000.0,,2.052,-177793000.0,9330000.0,9330000.0,41435000.0,43161000.0,,1.126,741275000.0,,,741275000.0,39918000.0,74138000.0,0.0,0.006,0.007,70215000.0,144353000.0,0.607,144353000.0,70215000.0,61073000.0,0.07,0.068,0.07,1281049000.0,,1281049000.0,,,,4598000.0,0.007,1.0,196542000.0,0.826,0.0,9142000.0,3455300000.0,,32040000.0,0.0,0.0,0.0,1442306000.0,,,3279414769.0,3205000.0,0.0,-40398000.0,62653000.0,-4706000.0,19747000.0,-198933000.0,0.0,182391000.0,0.0,43161000.0,43161000.0,43161000.0,0.0,0.0,0.181,122313000.0,74229000.0,335696000.0,0.1,2.56,26.887,27.167,2387207000.0,0.0,5.298,4.186,4.256,232099000.0,800709000.0,237977000.0,237977000.0,16477000.0,,,,,0.0,13752000.0,1.0,619049508.0,624308000,627252000.0,0.381,2723355000.0,0.0,17912000.0,316519000.0,4.362,
95,EOG,MRQ,1997-09-30,1997-09-30,1997-09-30,2021-08-04,,,,,,,,-151336000.0,,,22490000.0,31173000.0,,,,,,,,72219000.0,,0.005,0.007,48971000.0,121190000.0,0.628,121190000.0,48971000.0,40975000.0,0.05,0.05,0.05,,,,,,,-45641000.0,-0.073,1.0,170630000.0,0.884,,7996000.0,,,,,,,,,,,-10406000.0,0.0,-6119000.0,47842000.0,-4713000.0,35619000.0,-151720000.0,0.0,105695000.0,0.0,31173000.0,31173000.0,31173000.0,0.0,0.0,0.161,121873000.0,48757000.0,,0.14,,,,,0.0,5.562,,,,,193120000.0,193120000.0,10717000.0,,,,,0.0,14942000.0,1.0,,628288000,632196000.0,0.307,,,9802000.0,,,
96,EOG,MRQ,1997-06-30,1997-06-30,1997-06-30,2021-08-04,,,,,,,,-160899000.0,,,25973000.0,24571000.0,,,,,,,,69183000.0,,0.007,0.007,29575000.0,98758000.0,0.575,98758000.0,29575000.0,24111000.0,0.04,0.04,0.04,,,,,,,-53387000.0,-0.085,1.0,145780000.0,0.849,,5464000.0,,,,,,,,,,,12921000.0,0.0,-14755000.0,116000000.0,-4735000.0,97332000.0,-191923000.0,0.0,107512000.0,0.0,24571000.0,24571000.0,24571000.0,0.0,0.0,0.143,117161000.0,28619000.0,,0.175,,,,,0.0,4.532,,,,,171753000.0,171753000.0,15019000.0,,,,,0.0,12114000.0,1.0,,629956000,631800000.0,0.273,,,-460000.0,,,
97,EOG,MRQ,1997-03-31,1997-03-31,1997-03-31,2021-08-04,,,,,,,,-136170000.0,,,23469000.0,23065000.0,,,,,,,,62639000.0,,0.006,0.007,42426000.0,105065000.0,0.582,105065000.0,42426000.0,37311000.0,0.037,0.035,0.037,,,,,,,-839000.0,-0.001,1.0,157182000.0,0.87,,5115000.0,,,,,,,,,,,-4034000.0,0.0,-32893000.0,52600000.0,-4784000.0,15189000.0,-154554000.0,0.0,135331000.0,0.0,23065000.0,23065000.0,23065000.0,0.0,0.0,0.128,116012000.0,41170000.0,,0.189,,,,,0.0,5.188,,,,,180651000.0,180651000.0,15483000.0,,,,,0.0,13607000.0,1.0,,635464000,639160000.0,0.284,,,14246000.0,,,
98,EOG,MRQ,1996-12-31,1996-12-31,1996-12-31,2021-08-04,-10179000.0,2458353000.0,,325910000.0,2132443000.0,,1.979,,7644000.0,7644000.0,,,,0.943,466089000.0,,,466089000.0,56383000.0,,0.0,0.005,0.007,,,,,,,,,,1265090000.0,,1265090000.0,,,,,,1.0,,,0.0,,2916798000.0,,20746000.0,0.0,0.0,0.0,1193263000.0,,,,,,,,,,,,,,,,,,,,,,317360000.0,,,,28.693,2099589000.0,,6.312,,5.524,277298000.0,697564000.0,,,,,,,,,,1.0,,639412000,,,2458353000.0,0.0,,327502000.0,3.845,
0,EOG,MRT,2021-06-30,2021-06-30,2021-06-30,2021-08-04,-15000000.0,36885000000.0,35983754500.0,6935000000.0,29950000000.0,0.362,36.002,-2972741000.0,3880000000.0,3880000000.0,5330212000.0,1878999000.0,1.733,0.766,5378000000.0,292000000.0,5086000000.0,5378000000.0,0.0,3507614000.0,0.0,0.018,1.538,2578568000.0,6086182000.0,0.467,6086182000.0,2578568000.0,2380205000.0,3.25,3.23,3.25,20881000000.0,20523331500.0,20881000000.0,50710011380.0,20.0,8.332,2791050000.0,4.812,1.0,7713770000.0,0.591,0.0,198363000.0,34381000000.0,34836377500.0,516000000.0,0.0,0.0,0.0,16004000000.0,4002000000.0,12002000000.0,48696011380.0,1463427000.0,0.0,-6518000.0,-779013000.0,-894723000.0,-1680254000.0,-2620321000.0,0.0,5763791000.0,211000.0,1878999000.0,1878999000.0,1878999000.0,0.0,0.0,0.144,5125822000.0,2587948000.0,2012000000.0,0.473,2.332,25.916,25.674,28659000000.0,0.0,83.44,3.733,3.71,2015000000.0,14689000000.0,13043982000.0,13043982000.0,146828000.0,0.052,0.092,0.074,0.198,132753000.0,467695000.0,1.0,583605122.0,580000000,584000000.0,22.49,36885000000.0,14000000.0,501206000.0,5016000000.0,63.595,2933000000.0
1,EOG,MRT,2021-03-31,2021-03-31,2021-03-31,2021-08-04,-14000000.0,36171000000.0,35567922250.0,6191000000.0,29980000000.0,0.281,35.797,-2521741000.0,3388000000.0,3388000000.0,4652212000.0,61999000.0,1.869,0.742,5402000000.0,308000000.0,5094000000.0,5402000000.0,0.0,3300614000.0,0.0,0.021,1.5,318568000.0,3619182000.0,0.362,3619182000.0,318568000.0,111205000.0,0.12,0.11,0.12,20762000000.0,20399970750.0,20762000000.0,45108425132.0,142.0,12.464,1771050000.0,3.054,1.0,5355770000.0,0.535,0.0,207363000.0,34873000000.0,35398050750.0,562000000.0,0.0,0.0,0.0,15409000000.0,3312000000.0,12097000000.0,42325859132.0,481427000.0,0.0,-5518000.0,-294013000.0,-872723000.0,-1172254000.0,-2637321000.0,0.0,4292791000.0,-1789000.0,61999000.0,61999000.0,61999000.0,0.0,0.0,0.006,5025822000.0,329948000.0,1945000000.0,12.5,2.039,682.686,604.417,28666000000.0,0.0,72.53,4.229,4.203,1828000000.0,14606000000.0,10007982000.0,10007982000.0,138828000.0,0.002,0.003,0.009,0.032,141753000.0,479695000.0,1.0,583563479.0,580000000,583000000.0,17.255,36171000000.0,4000000.0,49206000.0,5274000000.0,62.364,2879000000.0
2,EOG,MRT,2020-12-31,2020-12-31,2020-12-31,2021-08-04,-12000000.0,35805000000.0,35933693250.0,5862000000.0,29943000000.0,0.307,35.067,-3272772000.0,3329000000.0,3329000000.0,4968386000.0,-604572000.0,1.694,0.764,6111000000.0,1076000000.0,5035000000.0,6111000000.0,0.0,3400353000.0,0.0,0.028,1.413,-533788000.0,2866565000.0,0.26,2866565000.0,-533788000.0,-739054000.0,-1.04,-1.04,-1.04,20302000000.0,20577139500.0,20302000000.0,32003617052.0,-60.0,11.164,1735011000.0,2.997,1.0,6063662000.0,0.55,0.0,205266000.0,35127000000.0,35671490000.0,629000000.0,0.0,0.0,0.0,15503000000.0,3460000000.0,12043000000.0,29093083052.0,1300956000.0,0.0,39000.0,461759000.0,-820823000.0,-359025000.0,-3347506000.0,0.0,5007783000.0,-296000.0,-604572000.0,-604572000.0,-604572000.0,0.0,0.0,-0.055,6607678000.0,-544016000.0,1681000000.0,-1.359,1.433,-48.122,-47.952,28599000000.0,0.0,49.87,2.637,2.617,1522000000.0,14170000000.0,11032048000.0,11032048000.0,145788000.0,-0.017,-0.029,-0.015,-0.048,146396000.0,483823000.0,1.0,583378445.0,578949000,578949000.0,19.055,35805000000.0,25000000.0,-134482000.0,5065000000.0,61.845,2402000000.0
3,EOG,MRT,2020-09-30,2020-09-30,2020-09-30,2021-08-04,-7930000.0,35074018000.0,36263595250.0,5095057000.0,29978961000.0,0.342,34.795,-3697975000.0,3065556000.0,3065556000.0,5678199000.0,-305946000.0,1.687,0.741,5976090000.0,1026188000.0,4949902000.0,5976090000.0,0.0,3489258000.0,0.0,0.037,1.325,-142410000.0,3346848000.0,0.27,3346848000.0,-142410000.0,-335347000.0,-0.52,-0.52,-0.52,20148326000.0,20911818500.0,20148326000.0,24486236582.0,-172.0,7.316,1995782000.0,3.447,1.0,6708531000.0,0.542,0.0,192937000.0,34964510000.0,35928354000.0,668541000.0,0.0,0.0,0.0,14925692000.0,3020042000.0,11905650000.0,20925833582.0,1482922000.0,0.0,-1290000.0,464875000.0,-768491000.0,-304906000.0,-3907500000.0,0.0,5693757000.0,1571000.0,-305946000.0,-305946000.0,-305946000.0,0.0,0.0,-0.025,6876494000.0,-167963000.0,1245029000.0,-2.548,1.039,-68.397,-69.115,28633006000.0,0.0,35.94,1.689,1.68,1134346000.0,14051197000.0,12386730000.0,12386730000.0,141908000.0,-0.008,-0.015,-0.004,-0.011,156226000.0,495647000.0,1.0,582243561.0,579055000,579055000.0,21.391,35074018000.0,5098000.0,-29401000.0,5071901000.0,60.571,2075015000.0
4,EOG,MRT,2020-06-30,2020-06-30,2020-06-30,2021-08-04,-6130000.0,35221671000.0,36630658000.0,4597391000.0,30624280000.0,0.394,35.212,-4830498000.0,2416501000.0,2416501000.0,6664952000.0,351643000.0,2.134,0.728,5976904000.0,273763000.0,5703141000.0,5976904000.0,0.0,3619805000.0,0.0,0.024,1.237,693980000.0,4313785000.0,0.299,4313785000.0,693980000.0,514665000.0,0.61,0.61,0.61,20387557000.0,21155807000.0,20387557000.0,32124131371.0,46.0,7.447,1711370000.0,2.956,1.0,7779749000.0,0.539,0.0,179315000.0,36627693000.0,36199005000.0,676580000.0,0.0,0.0,0.0,14834114000.0,2154381000.0,12679733000.0,29486447371.0,1256487000.0,0.0,-4498000.0,466390000.0,-717519000.0,-255605000.0,-5029493000.0,0.0,6541868000.0,-283000.0,351643000.0,351643000.0,351643000.0,0.0,0.0,0.024,7117039000.0,662710000.0,1281166000.0,2.028,1.446,83.853,83.049,29233465000.0,0.0,50.66,2.041,2.031,943354000.0,14312493000.0,14444701000.0,14444701000.0,138035000.0,0.01,0.017,0.019,0.048,177085000.0,506945000.0,1.0,582045941.0,579000000,579000000.0,24.948,35221671000.0,198804000.0,163022000.0,5031659000.0,60.832,2443010000.0
5,EOG,MRT,2020-03-31,2020-03-31,2020-03-31,2021-08-04,-3305000.0,37634084000.0,36763115500.0,6491049000.0,31143035000.0,0.491,37.146,-5959847000.0,2906852000.0,2906852000.0,7865661000.0,2109484000.0,1.508,0.753,5544536000.0,841384000.0,4703152000.0,5544536000.0,0.0,3870109000.0,0.0,0.03,1.083,2924254000.0,6794363000.0,0.377,6794363000.0,2924254000.0,2749031000.0,3.65,3.64,3.65,21470675000.0,21216486750.0,21470675000.0,24424231880.0,8.0,3.595,3180564000.0,5.503,1.0,10173670000.0,0.564,0.0,175223000.0,35966757000.0,35980248250.0,662398000.0,0.0,0.0,0.0,16163409000.0,4305011000.0,11858398000.0,20907395880.0,1771162000.0,0.0,-6361000.0,-917725000.0,-627654000.0,-1551740000.0,-5817167000.0,0.0,9140411000.0,-342000.0,2109484000.0,2109484000.0,2109484000.0,0.0,0.0,0.117,7293189000.0,2880481000.0,2892320000.0,0.297,0.974,9.911,9.841,29694054000.0,0.0,35.92,1.159,1.151,1449637000.0,15440142000.0,18039331000.0,18039331000.0,143557000.0,0.057,0.099,0.081,0.162,175651000.0,496725000.0,1.0,582054451.0,578000000,580000000.0,31.21,37634084000.0,311886000.0,639547000.0,5291311000.0,65.111,2186038000.0
6,EOG,MRT,2019-12-31,2019-12-31,2019-12-31,2021-08-04,-4652000.0,37124608000.0,36270478250.0,5273339000.0,31851269000.0,0.479,37.462,-6282234000.0,2027972000.0,2027972000.0,7983920000.0,2734910000.0,1.175,0.715,5544808000.0,1383889000.0,4160919000.0,5544808000.0,0.0,3749704000.0,0.0,0.012,1.015,3730396000.0,7480100000.0,0.43,7480100000.0,3730396000.0,3545267000.0,4.73,4.71,4.73,21640716000.0,20824767250.0,21640716000.0,52707118597.0,14.0,7.046,1880946000.0,3.256,1.0,9396053000.0,0.541,0.0,185129000.0,36154456000.0,36164474500.0,767297000.0,0.0,0.0,0.0,15483892000.0,4486988000.0,10996904000.0,48728560597.0,472338000.0,0.0,-7206000.0,-917915000.0,-588200000.0,-1513321000.0,-6177173000.0,0.0,8163180000.0,-348000.0,2734910000.0,2734910000.0,2734910000.0,0.0,0.0,0.157,5697042000.0,3699011000.0,2429127000.0,0.215,2.252,17.817,17.708,30364595000.0,0.0,83.76,2.804,2.784,2001658000.0,15648604000.0,17379973000.0,17379973000.0,139881000.0,0.075,0.131,0.103,0.215,174738000.0,489397000.0,1.0,581764095.0,577670000,580777000.0,30.086,37124608000.0,154028000.0,810357000.0,5300951000.0,64.266,786351000.0
7,EOG,MRT,2019-09-30,2019-09-30,2019-09-30,2021-08-04,-3689000.0,36542269000.0,35472944750.0,4819731000.0,31722538000.0,0.497,36.557,-6105118000.0,1583105000.0,1583105000.0,8080690000.0,2991157000.0,1.077,0.73,5561663000.0,1398548000.0,4163115000.0,5561663000.0,0.0,3710459000.0,0.0,0.013,0.947,4002853000.0,7713312000.0,0.437,7713312000.0,4002853000.0,3802399000.0,5.18,5.16,5.18,21124280000.0,20255635250.0,21124280000.0,47512034387.0,12.0,6.16,2336086000.0,4.043,1.0,9553573000.0,0.542,0.0,200454000.0,36047114000.0,35809295000.0,778120000.0,0.0,0.0,0.0,15417989000.0,4473713000.0,10944276000.0,43096812387.0,308973000.0,0.0,-9116000.0,-1267821000.0,-547821000.0,-1824758000.0,-6272040000.0,0.0,8441204000.0,-35433000.0,2991157000.0,2991157000.0,2991157000.0,0.0,0.0,0.17,5595173000.0,3958400000.0,2395080000.0,0.183,2.04,14.408,14.328,30204322000.0,0.0,74.22,2.444,2.432,1927996000.0,15179381000.0,17634263000.0,17634263000.0,137248000.0,0.084,0.148,0.112,0.227,171370000.0,481114000.0,1.0,580663061.0,577839000,581271000.0,30.518,36542269000.0,137678000.0,811242000.0,5225578000.0,63.24,346018000.0
8,EOG,MRT,2019-06-30,2019-06-30,2019-06-30,2021-08-04,-4528000.0,35751501000.0,34746811500.0,4495521000.0,31255980000.0,0.521,35.726,-6277897000.0,1160485000.0,1160485000.0,7996452000.0,3566987000.0,1.018,0.733,5575707000.0,1410423000.0,4165284000.0,5575707000.0,0.0,3675042000.0,0.0,0.009,0.845,4675771000.0,8350813000.0,0.461,8350813000.0,4675771000.0,4451305000.0,6.18,6.15,6.18,20630276000.0,19609182750.0,20630276000.0,59404436133.0,13.0,7.114,2291240000.0,3.968,1.0,10115980000.0,0.559,0.0,224466000.0,35752666000.0,35390836500.0,853128000.0,0.0,0.0,0.0,15121225000.0,4414057000.0,10707168000.0,54063041133.0,152270000.0,0.0,-21726000.0,-1266170000.0,-489116000.0,-1777006000.0,-6604224000.0,0.0,8569137000.0,-35637000.0,3566987000.0,3566987000.0,3566987000.0,0.0,0.0,0.197,5478852000.0,4637128000.0,2387403000.0,0.137,2.621,15.157,15.074,29724431000.0,0.0,93.16,2.985,2.97,2001953000.0,14731609000.0,18112432000.0,18112432000.0,135531000.0,0.103,0.182,0.132,0.258,165701000.0,456640000.0,1.0,580324615.0,577460000,580247000.0,31.366,35751501000.0,122853000.0,884318000.0,5007246000.0,61.912,81464000.0
9,EOG,MRT,2019-03-31,2019-03-31,2019-03-31,2021-08-04,-2869000.0,35663535000.0,33832031250.0,4907885000.0,30755650000.0,0.522,34.483,-6396034000.0,1135810000.0,1135810000.0,7884678000.0,3415877000.0,1.141,0.792,6477205000.0,1311155000.0,5166050000.0,6477205000.0,0.0,3566412000.0,0.0,0.009,0.81,4492877000.0,8059289000.0,0.457,8059289000.0,4492877000.0,4254875000.0,5.92,5.89,5.92,19903797000.0,18814712250.0,19903797000.0,59737093956.0,13.0,7.412,1428177000.0,2.474,1.0,9768201000.0,0.553,0.0,238002000.0,36703662000.0,34758085250.0,860764000.0,0.0,0.0,0.0,15759738000.0,4301268000.0,11458470000.0,55209465956.0,319716000.0,0.0,-33418000.0,-359738000.0,-468565000.0,-861721000.0,-6604741000.0,0.0,7824211000.0,-38033000.0,3415877000.0,3415877000.0,3415877000.0,0.0,0.0,0.194,5296913000.0,4471288000.0,2452337000.0,0.137,2.774,16.163,16.078,29129003000.0,0.0,95.18,3.128,3.112,2203438000.0,14050676000.0,17652879000.0,17652879000.0,150487000.0,0.101,0.182,0.129,0.255,158938000.0,438943000.0,1.0,580053225.0,577207000,580222000.0,30.583,35663535000.0,441441000.0,838998000.0,4759696000.0,61.786,606617000.0
10,EOG,MRT,2018-12-31,2018-12-31,2018-12-31,2021-08-04,-1358000.0,33934474000.0,32601276750.0,5057390000.0,28877084000.0,0.53,33.585,-5849029000.0,1555634000.0,1555634000.0,7675175000.0,3419040000.0,1.356,0.752,6083262000.0,913093000.0,5170169000.0,6083262000.0,0.0,3435408000.0,0.0,0.009,0.758,4486050000.0,7921458000.0,0.459,7921458000.0,4486050000.0,4240998000.0,5.93,5.89,5.93,19364188000.0,18048922750.0,19364188000.0,55734035206.0,12.0,7.036,1919579000.0,3.329,1.0,9600224000.0,0.556,0.0,245052000.0,34733738000.0,33962775750.0,859359000.0,0.0,0.0,0.0,14570286000.0,3728364000.0,10841922000.0,50573344206.0,721406000.0,0.0,-42896000.0,-358219000.0,-438045000.0,-839103000.0,-6170162000.0,0.0,7768608000.0,-37937000.0,3419040000.0,3419040000.0,3419040000.0,0.0,0.0,0.198,5130878000.0,4469346000.0,2239850000.0,0.128,2.612,14.792,14.707,28075519000.0,0.0,87.21,2.927,2.911,1915215000.0,13543130000.0,17275399000.0,17275399000.0,148999000.0,0.105,0.189,0.132,0.26,155337000.0,426969000.0,1.0,579903041.0,576578000,580441000.0,29.962,33934474000.0,428686000.0,821958000.0,4628124000.0,58.855,1329026000.0
11,EOG,MRT,2018-09-30,2018-09-30,2018-09-30,2021-08-04,-19458000.0,33637736000.0,31575927750.0,4817092000.0,28820644000.0,0.508,32.115,-5784255000.0,1274132000.0,1274132000.0,7201732000.0,4956740000.0,1.089,0.814,6434823000.0,1262874000.0,5171949000.0,6434823000.0,0.0,3397190000.0,0.0,0.006,0.706,3818405000.0,7215595000.0,0.45,7215595000.0,3818405000.0,3566011000.0,8.61,8.55,8.61,18538470000.0,17278694000.0,18538470000.0,79315226015.0,21.0,10.992,1226673000.0,2.125,1.0,8839570000.0,0.551,0.0,252394000.0,34373280000.0,33444436000.0,766964000.0,0.0,0.0,0.0,15099266000.0,4425147000.0,10674119000.0,73888644015.0,427994000.0,0.0,-49828000.0,-155000.0,-408345000.0,-464787000.0,-6110193000.0,0.0,7010928000.0,-7954000.0,4956740000.0,4956740000.0,4956740000.0,0.0,0.0,0.309,5017452000.0,3822118000.0,2435773000.0,0.082,3.986,14.907,14.816,27947741000.0,0.0,127.57,4.606,4.591,2151247000.0,12778104000.0,16041302000.0,16041302000.0,138078000.0,0.157,0.287,0.114,0.238,148602000.0,427070000.0,1.0,579200784.0,577254000,581559000.0,27.789,33637736000.0,337818000.0,-1390729000.0,4449155000.0,58.272,391945000.0
12,EOG,MRT,2018-06-30,2018-06-30,2018-06-30,2021-08-04,-17512000.0,32092380000.0,30367820000.0,4231852000.0,27860528000.0,0.458,30.292,-5216109000.0,1008215000.0,1008215000.0,6504426000.0,3866329000.0,0.985,0.839,6434797000.0,1262540000.0,5172257000.0,6434797000.0,0.0,3325232000.0,0.0,0.006,0.689,2523472000.0,5848704000.0,0.421,5848704000.0,2523472000.0,2265628000.0,6.72,6.67,6.72,17452394000.0,16124642500.0,17452394000.0,77646372577.0,31.0,13.276,566585000.0,0.983,1.0,7400096000.0,0.532,0.0,257844000.0,33221661000.0,32892653250.0,670994000.0,0.0,0.0,0.0,14639986000.0,4297301000.0,10342685000.0,72027707577.0,-641228000.0,0.0,-51376000.0,-600103000.0,-397157000.0,-1055219000.0,-5357932000.0,0.0,5782694000.0,-10771000.0,3866329000.0,3866329000.0,3866329000.0,0.0,0.0,0.278,4869829000.0,2530267000.0,2336952000.0,0.103,4.127,18.629,18.516,27153795000.0,0.0,124.43,5.18,5.156,1907990000.0,11714656000.0,13904522000.0,13904522000.0,136051000.0,0.127,0.24,0.077,0.181,143077000.0,427503000.0,1.0,578861268.0,576135000,580375000.0,24.134,32092380000.0,381186000.0,-1600701000.0,4079265000.0,55.703,-65449000.0
13,EOG,MRT,2018-03-31,2018-03-31,2018-03-31,2021-08-04,-14289000.0,30740517000.0,29660629250.0,3585097000.0,27155420000.0,0.414,29.249,-4436105000.0,816094000.0,816094000.0,5744405000.0,3192651000.0,1.264,0.825,6434759000.0,363155000.0,6071604000.0,6434759000.0,0.0,3341942000.0,0.0,0.006,0.672,1699972000.0,5041914000.0,0.411,5041914000.0,1699972000.0,1435159000.0,5.55,5.51,5.55,16840639000.0,15236972750.0,16840639000.0,66465890828.0,39.0,13.183,483348000.0,0.839,1.0,6534512000.0,0.532,0.0,264813000.0,33522424000.0,32556919000.0,584729000.0,0.0,0.0,0.0,13899878000.0,2836758000.0,11063120000.0,60913047828.0,-730472000.0,0.0,-41619000.0,-600052000.0,-386850000.0,-1035076000.0,-4607409000.0,0.0,4919453000.0,-7440000.0,3192651000.0,3192651000.0,3192651000.0,0.0,0.0,0.26,4841268000.0,1693244000.0,1915651000.0,0.121,3.617,19.079,18.968,26375648000.0,0.0,105.27,4.961,4.936,1702100000.0,11125051000.0,12278917000.0,12278917000.0,123284000.0,0.108,0.21,0.052,0.138,138875000.0,431927000.0,1.0,578636343.0,575775000,579726000.0,21.326,30740517000.0,280971000.0,-1757492000.0,3869224000.0,53.39,748339000.0
14,EOG,MRT,2017-12-31,2017-12-31,2017-12-31,2021-08-04,-19297000.0,29833078000.0,29278493500.0,3279108000.0,26553970000.0,0.383,28.337,-3897474000.0,834228000.0,834228000.0,5268820000.0,2582579000.0,1.203,0.832,6387071000.0,356235000.0,6030836000.0,6387071000.0,0.0,3409387000.0,0.0,0.006,0.672,935554000.0,4344941000.0,0.388,4344941000.0,935554000.0,661182000.0,4.49,4.46,4.49,16283273000.0,14508870750.0,16283273000.0,67936505109.0,73.0,15.636,367862000.0,0.64,1.0,5939500000.0,0.53,0.0,274372000.0,32660379000.0,32331310000.0,483865000.0,0.0,0.0,0.0,13549805000.0,2725542000.0,10824263000.0,62395637109.0,-765667000.0,0.0,-42568000.0,-600000000.0,-386531000.0,-1035711000.0,-3987409000.0,0.0,4265336000.0,-7883000.0,2582579000.0,2582579000.0,2582579000.0,0.0,0.0,0.23,5013098000.0,926402000.0,1847131000.0,0.15,3.832,24.16,24.033,25665037000.0,0.0,107.91,5.567,5.532,1597494000.0,10593533000.0,11208320000.0,11208320000.0,145342000.0,0.088,0.178,0.029,0.083,133849000.0,434467000.0,1.0,578219230.0,574620000,578693000.0,19.506,29833078000.0,130863000.0,-1921397000.0,3667088000.0,51.918,553566000.0
15,EOG,MRT,2017-09-30,2017-09-30,2017-09-30,2021-08-04,-17160000.0,28805305000.0,29145024250.0,2763963000.0,26041342000.0,0.352,24.222,-2955308000.0,846138000.0,846138000.0,4839891000.0,9759000.0,1.268,1.069,6387006000.0,6579000.0,6380427000.0,6387006000.0,0.0,3390166000.0,0.0,0.007,0.671,336154000.0,3726320000.0,0.363,3726320000.0,336154000.0,53819000.0,0.02,0.02,0.02,13922264000.0,13933447750.0,13922264000.0,61199692032.0,182.0,16.424,787225000.0,1.37,1.0,5430029000.0,0.529,0.0,282335000.0,32166149000.0,32330808500.0,344016000.0,0.0,0.0,0.0,14883041000.0,2180024000.0,12703017000.0,55862331032.0,-202589000.0,54534000.0,-56671000.0,-770333000.0,-385380000.0,-1204340000.0,-2744817000.0,0.0,3742533000.0,4035000.0,9759000.0,9759000.0,9759000.0,0.0,0.0,0.001,5085026000.0,345003000.0,1635711000.0,33.55,4.012,5724.186,4837.0,25724589000.0,0.0,96.74,5.439,5.414,1243535000.0,8259971000.0,10269920000.0,10269920000.0,161511000.0,0.0,0.001,0.01,0.033,125269000.0,419644000.0,1.0,577448119.0,574783000,578736000.0,17.867,28805305000.0,144287000.0,44060000.0,5287754000.0,50.115,583939000.0
16,EOG,MRT,2017-06-30,2017-06-30,2017-06-30,2021-08-04,-17490000.0,29263617000.0,28332428250.0,3383373000.0,25880244000.0,0.344,24.201,-2326209000.0,1649443000.0,1649443000.0,4600929000.0,-280782000.0,1.243,1.105,6986804000.0,606454000.0,6380350000.0,6986804000.0,0.0,3443455000.0,0.0,0.007,0.671,-80300000.0,3363155000.0,0.345,3363155000.0,-80300000.0,-364411000.0,-0.5,-0.5,-0.5,13901715000.0,13402459750.0,13901715000.0,57694361999.0,-718.0,17.155,1214542000.0,2.114,1.0,5142651000.0,0.528,0.0,284111000.0,31878724000.0,31729108250.0,336198000.0,0.0,0.0,0.0,15361902000.0,2722254000.0,12639648000.0,52254340999.0,869721000.0,54534000.0,-52768000.0,-170283000.0,-381793000.0,-587274000.0,-2090912000.0,0.0,3540751000.0,7156000.0,-280782000.0,-280782000.0,-280782000.0,0.0,0.0,-0.029,5205964000.0,-63313000.0,1615170000.0,-1.342,3.759,-186.103,-181.04,25580160000.0,0.0,90.52,5.363,5.337,1114454000.0,8256359000.0,9743580000.0,9743580000.0,156170000.0,-0.01,-0.021,-0.003,-0.008,109134000.0,402324000.0,1.0,577268460.0,574439000,578483000.0,16.962,29263617000.0,108144000.0,-83629000.0,5214978000.0,50.943,661119000.0
17,EOG,MRT,2017-03-31,2017-03-31,2017-03-31,2021-08-04,-18664000.0,29211974000.0,27474158500.0,3394076000.0,25817898000.0,0.324,24.268,-1796807000.0,1546566000.0,1546566000.0,4240979000.0,-596393000.0,1.67,1.097,6986587000.0,6579000.0,6980008000.0,6986587000.0,0.0,3440562000.0,0.0,0.007,0.67,-522349000.0,2918213000.0,0.328,2918213000.0,-522349000.0,-807155000.0,-1.07,-1.07,-1.07,13928231000.0,12941206250.0,13928231000.0,61656432111.0,-118.0,21.128,1168714000.0,2.036,1.0,4665869000.0,0.524,0.0,284806000.0,32619988000.0,31340532250.0,314194000.0,0.0,0.0,0.0,15283743000.0,2032007000.0,13251736000.0,56269969111.0,878085000.0,54534000.0,-65117000.0,-170242000.0,-377382000.0,-583384000.0,-1520619000.0,0.0,2965521000.0,16567000.0,-596393000.0,-596393000.0,-596393000.0,0.0,0.0,-0.067,5145263000.0,-479394000.0,1556875000.0,-0.626,4.04,-94.35,-91.168,25606460000.0,0.0,97.55,6.318,6.286,1187112000.0,8329951000.0,8906848000.0,8906848000.0,152018000.0,-0.022,-0.046,-0.017,-0.059,96813000.0,391522000.0,1.0,576832077.0,573935000,578593000.0,15.519,29211974000.0,96735000.0,-210762000.0,5167336000.0,50.898,1362069000.0
18,EOG,MRT,2016-12-31,2016-12-31,2016-12-31,2021-08-04,-19010000.0,29299201000.0,26755770750.0,3385216000.0,25913985000.0,0.286,25.266,-1463580000.0,1599895000.0,1599895000.0,3832751000.0,-1096686000.0,1.67,1.096,6986358000.0,6579000.0,6979779000.0,6986358000.0,0.0,3553417000.0,0.0,0.007,0.67,-1275824000.0,2277593000.0,0.298,2277593000.0,-1275824000.0,-1557505000.0,-1.98,-1.98,-1.98,13981581000.0,12560520500.0,13981581000.0,64217262762.0,-50.0,28.195,895483000.0,1.618,1.0,3817881000.0,0.499,0.0,281681000.0,32658373000.0,30962429750.0,350017000.0,0.0,0.0,0.0,15317620000.0,2027291000.0,13290329000.0,58279872762.0,881389000.0,54534000.0,-58829000.0,159595000.0,-372845000.0,-242722000.0,-1252944000.0,0.0,2359063000.0,17992000.0,-1096686000.0,-1096686000.0,-1096686000.0,0.0,0.0,-0.143,5043162000.0,-1225281000.0,1511826000.0,-0.338,4.168,-53.142,-51.061,25707078000.0,0.0,101.1,7.618,7.313,1216320000.0,8398118000.0,7650632000.0,7650632000.0,124953000.0,-0.041,-0.087,-0.041,-0.167,98733000.0,394815000.0,1.0,576457693.0,553384000,553384000.0,13.825,29299201000.0,28445000.0,-460819000.0,5146819000.0,52.946,1357925000.0
19,EOG,MRT,2016-09-30,2016-09-30,2016-09-30,2021-08-04,-25100000.0,25554921000.0,26173588000.0,2737764000.0,22817157000.0,0.269,21.536,-2178506000.0,1048727000.0,1048727000.0,3688055000.0,-1238630000.0,1.58,1.166,6986117000.0,6579000.0,6979538000.0,6986117000.0,0.0,3460350000.0,0.0,0.007,0.67,-1488972000.0,1971378000.0,0.28,1971378000.0,-1488972000.0,-1762321000.0,-2.26,-2.26,-2.26,11798312000.0,12300884000.0,11798312000.0,59458878690.0,-40.0,30.161,-8375000.0,-0.015,1.0,3357299000.0,0.477,0.0,273349000.0,29759348000.0,30569878250.0,429667000.0,0.0,0.0,0.0,13756609000.0,1732963000.0,12023646000.0,53252735690.0,306038000.0,0.0,-39007000.0,553474000.0,-369154000.0,168382000.0,-2038469000.0,0.0,2170131000.0,5994000.0,-1238630000.0,-1238630000.0,-1238630000.0,0.0,0.0,-0.176,4806846000.0,-1449547000.0,1296240000.0,-0.296,4.514,-42.993,-42.792,22644385000.0,0.0,96.71,7.559,7.52,920189000.0,8641704000.0,7045354000.0,7045354000.0,120789000.0,-0.047,-0.101,-0.049,-0.211,101813000.0,401647000.0,1.0,550643529.0,547838000,547838000.0,12.86,25554921000.0,137276000.0,-523691000.0,4211602000.0,46.647,1004801000.0
20,EOG,MRT,2016-06-30,2016-06-30,2016-06-30,2021-08-04,-25264000.0,25830538000.0,26604169500.0,2450121000.0,23380417000.0,0.267,22.028,-3058681000.0,779722000.0,779722000.0,3803146000.0,-5124369000.0,1.431,1.142,6985865000.0,6579000.0,6979286000.0,6985865000.0,0.0,3283011000.0,0.0,0.008,0.671,-7501930000.0,-4218919000.0,-0.594,-4218919000.0,-7501930000.0,-7764992000.0,-9.38,-9.38,-9.38,12056701000.0,12672361750.0,12056701000.0,52221194382.0,-7.0,-12.378,-516699000.0,-0.944,1.0,3296132000.0,0.464,0.0,263062000.0,30324420000.0,30859493000.0,495826000.0,0.0,0.0,0.0,13773837000.0,1712261000.0,12061576000.0,45904067382.0,-587673000.0,0.0,-32354000.0,578876000.0,-367911000.0,200095000.0,-3334201000.0,0.0,2541982000.0,4451000.0,-5124369000.0,-5124369000.0,-5124369000.0,0.0,0.0,-0.722,10775156000.0,-7479024000.0,1305651000.0,-0.072,3.807,-8.958,-8.893,23212879000.0,0.0,83.42,6.466,6.431,935592000.0,8923666000.0,7099278000.0,7099278000.0,126678000.0,-0.193,-0.404,-0.243,-1.057,106922000.0,398209000.0,1.0,550276521.0,547335000,547335000.0,12.971,25830538000.0,51592000.0,-2640623000.0,4242172000.0,47.193,737860000.0
21,EOG,MRT,2016-03-31,2016-03-31,2016-03-31,2021-08-04,-31131000.0,26338423000.0,28617559000.0,2365812000.0,23972611000.0,0.272,22.691,-3842399000.0,668481000.0,668481000.0,4100294000.0,-4826543000.0,1.528,1.123,6985608000.0,6579000.0,6979029000.0,6985608000.0,0.0,3329747000.0,0.0,0.009,0.671,-7143755000.0,-3814008000.0,-0.489,-3814008000.0,-7143755000.0,-7396193000.0,-8.84,-8.84,-8.84,12405488000.0,14014997250.0,12405488000.0,45852294446.0,-6.0,-12.022,-916190000.0,-1.676,1.0,3692945000.0,0.474,0.0,252438000.0,31107578000.0,32438284000.0,538926000.0,0.0,0.0,0.0,13932935000.0,1547972000.0,12384963000.0,39910536446.0,-1458938000.0,0.0,-24610000.0,78953000.0,-367514000.0,-295587000.0,-4084786000.0,0.0,2926209000.0,-4774000.0,-4826543000.0,-4826543000.0,-4826543000.0,0.0,0.0,-0.619,10844170000.0,-7151225000.0,1182025000.0,-0.076,3.217,-8.269,-8.21,23801433000.0,0.0,72.58,5.121,5.092,780625000.0,9308463000.0,7793239000.0,7793239000.0,139874000.0,-0.169,-0.344,-0.22,-0.917,112705000.0,382828000.0,1.0,549883390.0,546715000,546715000.0,14.255,26338423000.0,216102000.0,-2569650000.0,4513298000.0,48.176,817840000.0
22,EOG,MRT,2015-12-31,2015-12-31,2015-12-31,2021-08-04,-33338000.0,26970470000.0,30706066750.0,2592244000.0,24378226000.0,0.285,23.718,-4820356000.0,718506000.0,718506000.0,4578485000.0,-4524515000.0,1.425,1.084,6655490000.0,6579000.0,6648911000.0,6655490000.0,0.0,3313644000.0,0.0,0.009,0.672,-6684163000.0,-3370519000.0,-0.385,-3370519000.0,-6684163000.0,-6921556000.0,-8.29,-8.29,-8.29,12943035000.0,15281249750.0,12943035000.0,44601293192.0,-7.0,-13.233,-1225191000.0,-2.245,1.0,4178943000.0,0.477,0.0,237393000.0,31088167000.0,33754027500.0,598935000.0,0.0,0.0,0.0,14027435000.0,1819287000.0,12208148000.0,38913772192.0,-1368707000.0,0.0,-26101000.0,737836000.0,-367005000.0,370921000.0,-5320256000.0,0.0,3595165000.0,-14537000.0,-4524515000.0,-4524515000.0,-4524515000.0,0.0,0.0,-0.517,10865022000.0,-6686079000.0,1471953000.0,-0.081,3.007,-8.601,-8.539,24210721000.0,0.0,70.79,4.444,4.411,930610000.0,9870816000.0,8757428000.0,8757428000.0,149494000.0,-0.147,-0.296,-0.198,-0.763,104519000.0,366594000.0,1.0,549707193.0,545697000,545697000.0,16.048,26970470000.0,188516000.0,-2397041000.0,4681520000.0,49.424,772957000.0
23,EOG,MRT,2015-09-30,2015-09-30,2015-09-30,2021-08-04,-34979000.0,27277247000.0,32654121000.0,2824958000.0,24452289000.0,0.355,24.334,-5554670000.0,742689000.0,742689000.0,5162732000.0,-3795631000.0,1.38,1.053,6430210000.0,36279000.0,6393931000.0,6430210000.0,0.0,3558117000.0,0.0,0.009,0.671,-5150002000.0,-1591885000.0,-0.137,-1591885000.0,-5150002000.0,-5374137000.0,-6.96,-6.96,-6.96,13284223000.0,16473636500.0,13284223000.0,45012751943.0,-9.0,-28.276,-464880000.0,-0.852,1.0,6443432000.0,0.555,0.0,224135000.0,30917807000.0,34782260500.0,660252000.0,0.0,0.0,0.0,13993024000.0,2046961000.0,11946063000.0,39979682943.0,-738456000.0,0.0,-30543000.0,507884000.0,-366602000.0,147032000.0,-5927846000.0,0.0,5089790000.0,-47432000.0,-3795631000.0,-3795631000.0,-3795631000.0,0.0,0.0,-0.327,11573106000.0,-5129674000.0,1561574000.0,-0.096,3.01,-10.533,-10.46,24275332000.0,0.0,72.8,3.445,3.424,1123111000.0,10247349000.0,11606164000.0,11606164000.0,159715000.0,-0.116,-0.23,-0.148,-0.444,107525000.0,388865000.0,1.0,549171469.0,545920000,545920000.0,21.26,27277247000.0,94286000.0,-1578506000.0,4756741000.0,49.966,777997000.0
24,EOG,MRT,2015-06-30,2015-06-30,2015-06-30,2021-08-04,-28003000.0,33884096000.0,34460030000.0,3737718000.0,30146378000.0,0.422,31.947,-6321806000.0,1367395000.0,1367395000.0,5910958000.0,1383726000.0,1.641,0.944,6400464000.0,6579000.0,6393885000.0,6400464000.0,0.0,3875963000.0,0.0,0.007,0.629,2829172000.0,6705135000.0,0.461,6705135000.0,2829172000.0,2615904000.0,2.54,2.52,2.54,17427243000.0,17582555250.0,17427243000.0,52832065125.0,19.0,7.879,-26979000.0,-0.049,1.0,8641394000.0,0.594,0.0,213268000.0,36639584000.0,35940509500.0,661162000.0,0.0,0.0,0.0,16456853000.0,2277581000.0,14179272000.0,48059215125.0,137255000.0,0.0,-37962000.0,482579000.0,-343141000.0,153537000.0,-6268183000.0,0.0,6294827000.0,-42926000.0,1383726000.0,1383726000.0,1383726000.0,0.0,0.0,0.095,5761949000.0,2879445000.0,1864483000.0,0.248,2.758,34.732,34.469,29975178000.0,0.0,87.55,3.303,3.282,1304848000.0,14414926000.0,14552352000.0,14552352000.0,177326000.0,0.04,0.079,0.079,0.194,89499000.0,394837000.0,1.0,548934496.0,545504000,549683000.0,26.677,33884096000.0,88061000.0,1232178000.0,6962995000.0,62.115,1460137000.0
25,EOG,MRT,2015-03-31,2015-03-31,2015-03-31,2021-08-04,-36434000.0,34692454000.0,34314614500.0,4793368000.0,29899086000.0,0.474,32.056,-7339183000.0,2127419000.0,2127419000.0,6375426000.0,2084811000.0,1.549,0.986,6900269000.0,506579000.0,6393690000.0,6900269000.0,0.0,3963338000.0,0.0,0.006,0.586,3932846000.0,7896184000.0,0.485,7896184000.0,3932846000.0,3728195000.0,3.83,3.8,3.83,17470498000.0,17402841500.0,17470498000.0,54109642325.0,14.0,6.853,2846000.0,0.005,1.0,9894781000.0,0.608,0.0,204651000.0,36370552000.0,35391734750.0,764206000.0,0.0,0.0,0.0,17221956000.0,3094752000.0,14127204000.0,50286922325.0,460207000.0,0.0,-88738000.0,982656000.0,-319576000.0,654852000.0,-7494227000.0,0.0,7342029000.0,-42447000.0,2084811000.0,2084811000.0,2084811000.0,0.0,0.0,0.128,5910232000.0,3984549000.0,2182041000.0,0.153,2.878,24.121,23.94,29721721000.0,0.0,91.69,3.091,3.071,1266582000.0,14501816000.0,16270207000.0,16270207000.0,175779000.0,0.061,0.12,0.111,0.242,61678000.0,403445000.0,1.0,548445003.0,544998000,544998000.0,29.854,34692454000.0,79823000.0,1643384000.0,6958384000.0,63.656,1698616000.0
26,EOG,MRT,2014-12-31,2014-12-31,2014-12-31,2021-08-04,-23056000.0,34762687000.0,33676823000.0,5416021000.0,29346666000.0,0.536,32.593,-7677473000.0,2087213000.0,2087213000.0,6708939000.0,2915487000.0,1.6,0.963,5909933000.0,6579000.0,5903354000.0,5909933000.0,0.0,3997041000.0,0.0,0.006,0.511,5196773000.0,9193814000.0,0.51,9193814000.0,5196773000.0,4995315000.0,5.36,5.32,5.36,17712582000.0,17043545500.0,17712582000.0,54883892747.0,11.0,5.97,971682000.0,1.788,1.0,11326401000.0,0.628,0.0,201458000.0,35201099000.0,34546088000.0,706597000.0,0.0,0.0,0.0,17050105000.0,3384308000.0,13665797000.0,50455226747.0,769004000.0,0.0,-105175000.0,-10641000.0,-279695000.0,-327734000.0,-7513565000.0,0.0,8649155000.0,-38852000.0,2915487000.0,2915487000.0,2915487000.0,0.0,0.0,0.162,6084578000.0,5241823000.0,2860548000.0,0.095,2.849,17.306,17.177,29172644000.0,0.0,92.07,2.798,2.774,1779311000.0,14763098000.0,18035340000.0,18035340000.0,184388000.0,0.087,0.171,0.15,0.288,45627000.0,402010000.0,1.0,548009414.0,543443000,548539000.0,33.187,34762687000.0,91239000.0,2079828000.0,7073787000.0,63.967,2031713000.0
27,EOG,MRT,2014-09-30,2014-09-30,2014-09-30,2021-08-04,387725000.0,34500883000.0,32629710750.0,4884716000.0,29616167000.0,0.525,32.574,-7680750000.0,1481145000.0,1481145000.0,6624377000.0,3051093000.0,1.446,0.947,5909811000.0,6579000.0,5903232000.0,5909811000.0,0.0,3898368000.0,0.0,0.004,0.438,4970037000.0,8868405000.0,0.517,8868405000.0,4970037000.0,4765804000.0,5.62,5.57,5.62,17719898000.0,16470014750.0,17719898000.0,58888582996.0,12.0,6.64,859197000.0,1.579,1.0,10514489000.0,0.613,0.0,204233000.0,35550803000.0,33822696750.0,672899000.0,0.0,0.0,0.0,16780985000.0,3378746000.0,13402239000.0,54209044996.0,162328000.0,0.0,-102656000.0,-410594000.0,-239117000.0,-690717000.0,-7682552000.0,0.0,8539947000.0,-4350000.0,3051093000.0,3051093000.0,3051093000.0,0.0,0.0,0.178,5518994000.0,4995495000.0,2775342000.0,0.078,3.059,17.767,17.619,29216833000.0,0.0,99.02,3.163,3.143,2009091000.0,14410707000.0,17138866000.0,17138866000.0,169599000.0,0.094,0.185,0.147,0.29,41092000.0,361791000.0,1.0,547455514.0,543984000,549518000.0,31.506,34500883000.0,256236000.0,1714711000.0,6674938000.0,63.423,1505970000.0
28,EOG,MRT,2014-06-30,2014-06-30,2014-06-30,2021-08-04,426588000.0,33302434000.0,31541307500.0,4724745000.0,28577689000.0,0.493,30.765,-7499350000.0,1230140000.0,1230140000.0,6184727000.0,2409973000.0,1.336,0.993,5909678000.0,6579000.0,5903099000.0,5909678000.0,0.0,3787150000.0,0.0,0.003,0.406,3986150000.0,7773300000.0,0.5,7773300000.0,3986150000.0,3772239000.0,4.44,4.41,4.44,16708388000.0,15755435250.0,16708388000.0,68106989826.0,17.0,8.762,716600000.0,1.319,1.0,9376919000.0,0.603,0.0,213911000.0,34444485000.0,32883544250.0,667108000.0,0.0,0.0,0.0,16594046000.0,3537487000.0,13056559000.0,63864670826.0,2124000.0,0.0,-103824000.0,-410547000.0,-221856000.0,-670081000.0,-7540712000.0,0.0,8215950000.0,-3033000.0,2409973000.0,2409973000.0,2409973000.0,0.0,0.0,0.155,5397817000.0,3979102000.0,2661473000.0,0.091,3.822,26.5,26.32,28195431000.0,0.0,116.86,4.104,4.078,1902248000.0,13398901000.0,15561646000.0,15561646000.0,160073000.0,0.076,0.153,0.121,0.256,43754000.0,363514000.0,1.0,546505826.0,543099000,548676000.0,28.653,33302434000.0,510034000.0,1362266000.0,6390579000.0,61.319,1187258000.0
29,EOG,MRT,2014-03-31,2014-03-31,2014-03-31,2021-08-04,402803000.0,32141288000.0,30484987000.0,4822476000.0,27318812000.0,0.499,29.567,-6965953000.0,1667212000.0,1667212000.0,6036663000.0,2363312000.0,1.42,1.005,5909531000.0,6579000.0,5902952000.0,5909531000.0,0.0,3701079000.0,0.0,0.004,0.375,3930347000.0,7631426000.0,0.502,7631426000.0,3930347000.0,3706656000.0,4.36,4.33,4.36,16033314000.0,15174494750.0,16033314000.0,58172878439.0,15.0,7.623,1206199000.0,2.224,1.0,9177612000.0,0.603,0.0,223691000.0,32987965000.0,32057828500.0,635419000.0,0.0,0.0,0.0,16107974000.0,3395642000.0,12712332000.0,53577866439.0,559178000.0,0.0,-49946000.0,-410549000.0,-204738000.0,-625218000.0,-6978599000.0,0.0,8172152000.0,-9157000.0,2363312000.0,2363312000.0,2363312000.0,0.0,0.0,0.155,5251196000.0,3926416000.0,2647209000.0,0.086,3.342,22.671,22.497,26998437000.0,0.0,98.085,3.522,3.496,1801665000.0,12760895000.0,15214275000.0,15214275000.0,165188000.0,0.078,0.156,0.123,0.258,67604000.0,353189000.0,1.0,546239144.0,542278000,548071000.0,28.056,32141288000.0,429886000.0,1343344000.0,6157702000.0,59.271,1426834000.0
30,EOG,MRT,2013-12-31,2013-12-31,2013-12-31,2021-08-04,415834000.0,30574238000.0,29507818250.0,4072015000.0,26502223000.0,0.491,28.535,-6300070000.0,1318209000.0,1318209000.0,5790388000.0,2197109000.0,1.423,0.983,5913221000.0,6579000.0,5906642000.0,5913221000.0,0.0,3600976000.0,0.0,0.004,0.366,3672346000.0,7273322000.0,0.502,7273322000.0,3672346000.0,3436886000.0,4.07,4.02,4.07,15418459000.0,14605243500.0,15418459000.0,50810329816.0,14.0,6.986,1029344000.0,1.905,1.0,8696730000.0,0.6,0.0,235460000.0,32307534000.0,31401433250.0,563268000.0,0.0,0.0,0.0,15155779000.0,2861716000.0,12294063000.0,45816073816.0,441774000.0,0.0,-25054000.0,-405780000.0,-199178000.0,-573926000.0,-6314778000.0,0.0,7329414000.0,1064000.0,2197109000.0,2197109000.0,2197109000.0,0.0,0.0,0.152,5021519000.0,3675211000.0,2254418000.0,0.09,2.972,20.853,20.619,26148836000.0,0.0,83.92,3.163,3.13,1658853000.0,12168277000.0,14487118000.0,14487118000.0,161346000.0,0.074,0.15,0.117,0.253,78224000.0,348312000.0,1.0,545949402.0,540341000,546227000.0,26.811,30574238000.0,249403000.0,1239777000.0,5681719000.0,56.583,1210299000.0
31,EOG,MRT,2013-09-30,2013-09-30,2013-09-30,2021-08-04,425283000.0,30147270000.0,28698403250.0,4191967000.0,25955303000.0,0.479,27.474,-6222853000.0,1318817000.0,1318817000.0,5645373000.0,1111916000.0,1.252,1.029,6313073000.0,406579000.0,5906494000.0,6313073000.0,0.0,3472063000.0,0.0,0.004,0.358,2314286000.0,5786349000.0,0.421,5786349000.0,2314286000.0,2071982000.0,2.045,2.03,2.045,14861580000.0,14071819750.0,14861580000.0,51199912612.0,22.0,8.848,332518000.0,0.615,1.0,8104533000.0,0.589,0.0,242304000.0,31794193000.0,30786616250.0,566004000.0,0.0,0.0,0.0,15285690000.0,3347333000.0,11938357000.0,46115139612.0,206194000.0,0.0,-16102000.0,-5542000.0,-194399000.0,-148356000.0,-6204267000.0,0.0,6555371000.0,3446000.0,1111916000.0,1111916000.0,1111916000.0,0.0,0.0,0.081,5787707000.0,2316826000.0,2247714000.0,0.175,3.103,41.474,41.389,25599191000.0,0.0,84.64,3.354,3.33,1849517000.0,11639302000.0,13749906000.0,13749906000.0,179628000.0,0.039,0.079,0.075,0.168,61773000.0,343925000.0,1.0,544838606.0,540941000,547152000.0,25.418,30147270000.0,169954000.0,960066000.0,5385560000.0,55.731,844634000.0
32,EOG,MRT,2013-06-30,2013-06-30,2013-06-30,2021-08-04,408257000.0,29077152000.0,28169708500.0,4240840000.0,24836312000.0,0.467,26.637,-5946703000.0,1228016000.0,1228016000.0,5400447000.0,1004909000.0,1.404,1.021,6312789000.0,406579000.0,5906210000.0,6312789000.0,0.0,3369114000.0,0.0,0.005,0.349,2146692000.0,5515806000.0,0.419,5515806000.0,2146692000.0,1910616000.0,1.86,1.835,1.86,14384626000.0,13804792250.0,14384626000.0,41031936780.0,19.0,7.439,32568000.0,0.06,1.0,7762918000.0,0.59,0.0,236076000.0,31141622000.0,30499758500.0,657400000.0,0.0,0.0,0.0,14692526000.0,3020303000.0,11672223000.0,35827474780.0,947642000.0,0.0,13651000.0,1226870000.0,-189194000.0,1118455000.0,-6151336000.0,0.0,5979271000.0,1252000.0,1004909000.0,1004909000.0,1004909000.0,0.0,0.0,0.076,5610114000.0,2152804000.0,2201940000.0,0.188,2.491,35.652,35.398,24580388000.0,0.0,65.84,2.722,2.701,1808954000.0,11228011000.0,13163365000.0,13163365000.0,186152000.0,0.036,0.073,0.07,0.163,63247000.0,338141000.0,1.0,544159702.0,540033000,545477000.0,24.375,29077152000.0,180462000.0,905707000.0,5136623000.0,53.843,1220537000.0
33,EOG,MRT,2013-03-31,2013-03-31,2013-03-31,2021-08-04,427832000.0,28232613000.0,27400064750.0,4081018000.0,24151595000.0,0.446,25.535,-5662821000.0,1108034000.0,1108034000.0,4991867000.0,740995000.0,1.327,1.052,6312496000.0,406579000.0,5905917000.0,6312496000.0,0.0,3267348000.0,0.0,0.005,0.34,1746829000.0,5014177000.0,0.41,5014177000.0,1746829000.0,1521625000.0,1.38,1.36,1.38,13756309000.0,13547421000.0,13756309000.0,40238321536.0,23.0,8.025,-78714000.0,-0.146,1.0,7240632000.0,0.592,0.0,225204000.0,30362384000.0,29726892000.0,697478000.0,0.0,0.0,0.0,14476304000.0,3074691000.0,11401613000.0,34802575536.0,813970000.0,0.0,21149000.0,1228309000.0,-184050000.0,1127914000.0,-5903682000.0,0.0,5584107000.0,5631000.0,740995000.0,740995000.0,740995000.0,0.0,0.0,0.061,5487533000.0,1753099000.0,2258232000.0,0.246,2.53,46.967,46.402,23937970000.0,0.0,64.035,2.845,2.82,1891202000.0,10619426000.0,12232499000.0,12232499000.0,186978000.0,0.027,0.055,0.059,0.143,67819000.0,333261000.0,1.0,543493020.0,538717000,544526000.0,22.707,28232613000.0,126470000.0,780630000.0,4788989000.0,52.407,1006327000.0
34,EOG,MRT,2012-12-31,2012-12-31,2012-12-31,2021-08-04,439895000.0,27336578000.0,26730795500.0,3589884000.0,23746694000.0,0.437,24.824,-6045340000.0,876435000.0,876435000.0,4749892000.0,570279000.0,1.228,1.058,6312181000.0,406579000.0,5905602000.0,6312181000.0,0.0,3169703000.0,0.0,0.006,0.335,1494292000.0,4663995000.0,0.399,4663995000.0,1494292000.0,1280740000.0,1.07,1.05,1.07,13284764000.0,13356304500.0,13284764000.0,37912369869.0,25.0,8.129,-808563000.0,-1.511,1.0,6932744000.0,0.593,0.0,213552000.0,29848266000.0,29011208000.0,683187000.0,0.0,0.0,0.0,14051814000.0,2924058000.0,11127756000.0,32719715869.0,260709000.0,0.0,24295000.0,1229736000.0,-181080000.0,1139751000.0,-6119263000.0,0.0,5236777000.0,3444000.0,570279000.0,570279000.0,570279000.0,0.0,0.0,0.049,5452947000.0,1479797000.0,2078948000.0,0.313,2.463,57.375,56.444,23337681000.0,0.0,60.395,2.801,2.767,1656618000.0,10175631000.0,11682636000.0,11682636000.0,185569000.0,0.021,0.043,0.052,0.128,60743000.0,331545000.0,1.0,541761998.0,535155000,541524000.0,21.83,27336578000.0,29163000.0,710461000.0,4512317000.0,51.082,665826000.0
35,EOG,MRT,2012-09-30,2012-09-30,2012-09-30,2021-08-04,451399000.0,28032491000.0,26106350250.0,4000162000.0,24032329000.0,0.438,25.74,-6235340000.0,1112623000.0,1112623000.0,4497055000.0,1195976000.0,1.551,1.032,6305277000.0,0.0,6305277000.0,6305277000.0,0.0,3076886000.0,0.0,0.006,0.33,2178983000.0,5255869000.0,0.459,5255869000.0,2178983000.0,1968194000.0,2.235,2.21,2.235,13793470000.0,13195339500.0,13793470000.0,34987654304.0,16.0,6.657,-988863000.0,-1.845,1.0,6946785000.0,0.607,0.0,210789000.0,30646762000.0,28226621000.0,657880000.0,0.0,0.0,0.0,14239021000.0,2578383000.0,11660638000.0,30256135304.0,-274105000.0,0.0,21371000.0,1006173000.0,-177448000.0,899422000.0,-6426749000.0,0.0,5246477000.0,6745000.0,1195976000.0,1195976000.0,1195976000.0,0.0,0.0,0.105,4786352000.0,2160433000.0,2151093000.0,0.148,2.194,25.298,25.067,23686450000.0,0.0,56.025,2.644,2.623,1579841000.0,10726811000.0,11443840000.0,11443840000.0,167951000.0,0.046,0.091,0.077,0.19,85199000.0,329974000.0,1.0,540047038.0,535882000,541964000.0,21.355,28032491000.0,175016000.0,772218000.0,4684672000.0,52.311,1421779000.0
36,EOG,MRT,2012-06-30,2012-06-30,2012-06-30,2021-08-04,400086000.0,25998577000.0,25296897000.0,2948058000.0,23050519000.0,0.45,25.021,-5951752000.0,280374000.0,280374000.0,4266936000.0,1381363000.0,1.1,0.947,5011893000.0,0.0,5011893000.0,5011893000.0,0.0,2902719000.0,0.0,0.007,0.325,2517047000.0,5419766000.0,0.476,5419766000.0,2517047000.0,2307226000.0,2.585,2.56,2.585,13355141000.0,12870434000.0,13355141000.0,29009599841.0,12.0,5.353,-869364000.0,-1.629,1.0,7107793000.0,0.625,0.0,209821000.0,28050156000.0,27057273750.0,620260000.0,0.0,0.0,0.0,12643436000.0,2679940000.0,9963496000.0,24293140841.0,-1297064000.0,0.0,14426000.0,-224787000.0,-174499000.0,-363011000.0,-6014421000.0,0.0,5082388000.0,-2020000.0,1381363000.0,1381363000.0,1381363000.0,0.0,0.0,0.121,4603077000.0,2504716000.0,2235637000.0,0.126,1.819,17.586,17.429,22689714000.0,0.0,45.055,2.136,2.114,1375092000.0,10417405000.0,11374729000.0,11374729000.0,170467000.0,0.055,0.107,0.093,0.221,108269000.0,319364000.0,1.0,539188566.0,533748000,539970000.0,21.311,25998577000.0,28448000.0,925863000.0,4423588000.0,48.709,268118000.0
37,EOG,MRT,2012-03-31,2012-03-31,2012-03-31,2021-08-04,429451000.0,25555536000.0,24787097500.0,3042033000.0,22513503000.0,0.445,24.359,-5689541000.0,294064000.0,294064000.0,3962489000.0,1281159000.0,1.097,0.967,5010523000.0,0.0,5010523000.0,5010523000.0,0.0,2696898000.0,0.0,0.006,0.32,2414510000.0,5111408000.0,0.463,5111408000.0,2414510000.0,2204211000.0,2.4,2.375,2.4,12991843000.0,12550945000.0,12991843000.0,34288850938.0,14.0,6.708,-991014000.0,-1.858,1.0,7073171000.0,0.641,0.0,210299000.0,27499648000.0,26327723250.0,561512000.0,0.0,0.0,0.0,12563693000.0,2772347000.0,9791346000.0,29895410938.0,-1374221000.0,0.0,9789000.0,-224787000.0,-171416000.0,-368157000.0,-5702515000.0,0.0,4698527000.0,-2076000.0,1281159000.0,1281159000.0,1281159000.0,0.0,0.0,0.116,4672541000.0,2400630000.0,2289903000.0,0.133,2.301,23.335,23.146,22133841000.0,0.0,55.55,2.709,2.685,1543491000.0,10067541000.0,11035660000.0,11035660000.0,163556000.0,0.052,0.102,0.092,0.219,112602000.0,311043000.0,1.0,538171214.0,533348000,540484000.0,20.691,25555536000.0,24593000.0,923052000.0,4236631000.0,47.915,269686000.0
38,EOG,MRT,2011-12-31,2011-12-30,2011-12-30,2021-08-04,401746000.0,24838797000.0,24284594000.0,3253938000.0,21584859000.0,0.417,24.056,-5517675000.0,615726000.0,615726000.0,3578370000.0,1091123000.0,1.29,0.965,5009166000.0,0.0,5009166000.0,5009166000.0,0.0,2516381000.0,0.0,0.006,0.318,2120162000.0,4636543000.0,0.458,4636543000.0,2120162000.0,1909799000.0,2.075,2.05,2.075,12640904000.0,12250079000.0,12640904000.0,30325508141.0,14.0,6.541,-939265000.0,-1.787,1.0,6547745000.0,0.647,0.0,210363000.0,26709918000.0,25603254000.0,590594000.0,0.0,0.0,0.0,12197893000.0,2522319000.0,9675574000.0,26484490141.0,-173127000.0,0.0,1400256000.0,-224787000.0,-167169000.0,1008539000.0,-5754942000.0,0.0,4578410000.0,-5134000.0,1091123000.0,1091123000.0,1091123000.0,0.0,0.0,0.108,4434436000.0,2113309000.0,2033615000.0,0.153,2.095,24.273,23.737,21288824000.0,0.0,49.255,2.615,2.556,1451227000.0,9789345000.0,10126115000.0,10126115000.0,171658000.0,0.045,0.089,0.083,0.209,128345000.0,304811000.0,1.0,537701556.0,525470000,532536000.0,19.271,24838797000.0,26609000.0,818676000.0,4150313000.0,47.27,731619000.0
39,EOG,MRT,2011-09-30,2011-09-30,2011-09-30,2021-08-04,372448000.0,24794678000.0,23480953000.0,3735362000.0,21059316000.0,0.389,23.48,-4944225000.0,1386728000.0,1386728000.0,3148038000.0,1024098000.0,1.401,0.985,5227746000.0,220000000.0,5007746000.0,5227746000.0,0.0,2366643000.0,0.0,0.009,0.315,2002883000.0,4369526000.0,0.478,4369526000.0,2002883000.0,1807740000.0,1.935,1.92,1.935,12493848000.0,11647761000.0,12493848000.0,22724176469.0,11.0,5.201,-979827000.0,-1.841,1.0,5994222000.0,0.656,0.0,195143000.0,25969373000.0,24885430000.0,580355000.0,0.0,0.0,0.0,12300830000.0,2666323000.0,9634507000.0,19075363469.0,1358896000.0,-210000000.0,1402836000.0,1451733000.0,-163096000.0,2691644000.0,-5284062000.0,0.0,3964398000.0,-13084000.0,1024098000.0,1024098000.0,1024098000.0,0.0,0.0,0.112,4008877000.0,1985345000.0,1926455000.0,0.163,1.527,18.627,18.349,20736198000.0,0.0,35.505,2.087,2.066,1249649000.0,9711207000.0,9142260000.0,9142260000.0,179362000.0,0.044,0.088,0.08,0.219,120735000.0,293707000.0,1.0,537258512.0,532106000,538584000.0,17.181,24794678000.0,28013000.0,783642000.0,4155186000.0,46.597,1069039000.0
40,EOG,MRT,2011-06-30,2011-06-30,2011-06-30,2021-08-04,492880000.0,23959379000.0,22268498250.0,3637950000.0,20321429000.0,0.352,22.716,-5065023000.0,1577438000.0,1577438000.0,2713807000.0,412314000.0,1.469,0.984,5226251000.0,220000000.0,5006251000.0,5226251000.0,0.0,2215847000.0,0.0,0.006,0.312,1045553000.0,3261400000.0,0.416,3261400000.0,1045553000.0,869706000.0,0.78,0.775,0.78,12077185000.0,11053830000.0,12077185000.0,31621325209.0,30.0,9.696,-1588521000.0,-2.988,1.0,5124784000.0,0.654,0.0,175847000.0,25131954000.0,23829928000.0,540094000.0,0.0,0.0,0.0,11882194000.0,2476238000.0,9405956000.0,28064885209.0,927324000.0,-210000000.0,1405702000.0,1480158000.0,-159623000.0,2726204000.0,-5267396000.0,0.0,3476502000.0,-7986000.0,412314000.0,412314000.0,412314000.0,0.0,0.0,0.053,4101164000.0,1023620000.0,1870172000.0,0.4,2.324,68.067,67.019,19996823000.0,0.0,52.275,3.58,3.546,1279740000.0,9213356000.0,7838591000.0,7838591000.0,178200000.0,0.019,0.037,0.044,0.133,115852000.0,292757000.0,1.0,536870114.0,531660000,538664000.0,14.744,23959379000.0,27694000.0,457392000.0,3879834000.0,45.065,1161712000.0
41,EOG,MRT,2011-03-31,2011-03-31,2011-03-31,2021-08-04,485464000.0,23545522000.0,21145074250.0,3597603000.0,19947919000.0,0.313,23.096,-5215223000.0,1668285000.0,1668285000.0,2385148000.0,176612000.0,1.439,0.997,5224725000.0,220000000.0,5004725000.0,5224725000.0,0.0,2078246000.0,0.0,0.005,0.31,591032000.0,2669278000.0,0.403,2669278000.0,591032000.0,436541000.0,0.345,0.345,0.345,11788379000.0,10567288500.0,11788379000.0,34569126302.0,58.0,12.951,-2169420000.0,-4.25,1.0,4241161000.0,0.64,0.0,154491000.0,24601771000.0,22794814250.0,481826000.0,0.0,0.0,0.0,11757143000.0,2500191000.0,9256952000.0,30134638302.0,1438201000.0,-210000000.0,1413928000.0,2433359000.0,-155954000.0,3689319000.0,-5290843000.0,0.0,3045803000.0,-6078000.0,176612000.0,176612000.0,176612000.0,0.0,0.0,0.027,3665293000.0,575868000.0,1838959000.0,0.899,2.556,170.626,171.754,19641452000.0,0.0,59.255,4.548,4.564,1228549000.0,8963475000.0,6626309000.0,6626309000.0,187093000.0,0.008,0.017,0.026,0.089,112314000.0,290088000.0,1.0,508558574.0,510400000,517638000.0,12.983,23545522000.0,58618000.0,259929000.0,3716314000.0,46.132,1097412000.0
42,EOG,MRT,2010-12-31,2010-12-31,2010-12-31,2021-08-04,440071000.0,21624233000.0,19885960750.0,2527446000.0,19096787000.0,0.307,20.392,-4908789000.0,788853000.0,788853000.0,2107075000.0,160654000.0,1.138,1.113,5223341000.0,220000000.0,5003341000.0,5223341000.0,0.0,1941926000.0,0.0,0.007,0.305,537562000.0,2479488000.0,0.406,2479488000.0,537562000.0,407976000.0,0.32,0.315,0.32,10231632000.0,10161423000.0,10231632000.0,26960385250.0,50.0,10.873,-2200187000.0,-4.385,1.0,3992821000.0,0.655,0.0,129586000.0,23838622000.0,21540115250.0,415792000.0,0.0,0.0,0.0,11392601000.0,2220099000.0,9172502000.0,23219579250.0,103102000.0,-210000000.0,23265000.0,2433359000.0,-153240000.0,2303419000.0,-4902774000.0,0.0,2708602000.0,-6145000.0,160654000.0,160654000.0,160654000.0,0.0,0.0,0.026,3469502000.0,523319000.0,1664944000.0,0.953,2.269,144.532,142.828,18680900000.0,0.0,45.705,3.807,3.76,1113279000.0,8870179000.0,6099896000.0,6099896000.0,187381000.0,0.008,0.016,0.025,0.088,107378000.0,280474000.0,1.0,508031490.0,501752000,509000000.0,12.157,21624233000.0,64176000.0,247322000.0,3625577000.0,43.097,307347000.0
43,EOG,MRT,2010-09-30,2010-09-30,2010-09-30,2021-08-04,375847000.0,19944859000.0,19009569250.0,1534445000.0,18410414000.0,0.319,20.154,-4622610000.0,27832000.0,27832000.0,1896861000.0,507408000.0,0.792,0.971,3768638000.0,0.0,3768638000.0,3768638000.0,0.0,1797074000.0,0.0,0.006,0.3,1010160000.0,2807234000.0,0.462,2807234000.0,1010160000.0,894638000.0,1.02,1.005,1.02,10118124000.0,10103025500.0,10118124000.0,26648909218.0,26.0,9.493,-1708120000.0,-3.402,1.0,4174737000.0,0.688,0.0,115522000.0,21747365000.0,20301548750.0,381263000.0,0.0,0.0,0.0,9826735000.0,1938300000.0,7888435000.0,23564956218.0,-580679000.0,0.0,19905000.0,981618000.0,-150548000.0,893224000.0,-4388434000.0,0.0,2914490000.0,41000.0,507408000.0,507408000.0,507408000.0,0.0,0.0,0.084,3171921000.0,1002816000.0,1541268000.0,0.294,2.329,46.442,45.574,18249810000.0,0.0,46.485,3.881,3.844,897732000.0,8855869000.0,6071598000.0,6071598000.0,189387000.0,0.027,0.05,0.05,0.166,60266000.0,275263000.0,1.0,506936780.0,502030000,502030000.0,12.094,19944859000.0,89357000.0,387230000.0,3584072000.0,39.728,-403855000.0
44,EOG,MRT,2010-06-30,2010-06-30,2010-06-30,2021-08-04,314631000.0,19465683000.0,18328677750.0,1916143000.0,17549540000.0,0.3,20.195,-4068393000.0,650114000.0,650114000.0,1721052000.0,582510000.0,1.23,0.921,3734067000.0,0.0,3734067000.0,3734067000.0,0.0,1681516000.0,0.0,0.006,0.295,1051047000.0,2732563000.0,0.497,2732563000.0,1051047000.0,938008000.0,1.17,1.155,1.17,10131019000.0,9952929500.0,10131019000.0,27469540410.0,26.0,10.053,-1121832000.0,-2.236,1.0,3775320000.0,0.687,0.0,113039000.0,20991499000.0,19416865250.0,306563000.0,0.0,0.0,0.0,9334664000.0,1558137000.0,7776527000.0,24902624410.0,-56850000.0,0.0,21294000.0,953047000.0,-147923000.0,880744000.0,-3892682000.0,0.0,2946561000.0,8527000.0,582510000.0,582510000.0,582510000.0,0.0,0.0,0.106,2725506000.0,1049814000.0,1255657000.0,0.252,2.458,42.751,42.038,17424318000.0,0.0,49.185,4.531,4.489,810145000.0,8966181000.0,5496372000.0,5496372000.0,186990000.0,0.032,0.059,0.054,0.191,37394000.0,256728000.0,1.0,506305264.0,501650000,509006000.0,10.957,19465683000.0,31853000.0,355498000.0,3523657000.0,38.803,358006000.0
45,EOG,MRT,2010-03-31,2010-03-31,2010-03-31,2021-08-04,405234000.0,18509068000.0,17660445000.0,1545857000.0,16963211000.0,0.283,20.3,-3524967000.0,230084000.0,230084000.0,1564046000.0,505932000.0,1.035,0.821,2797000000.0,37000000.0,2760000000.0,2797000000.0,0.0,1591765000.0,0.0,0.006,0.29,912346000.0,2504111000.0,0.501,2504111000.0,912346000.0,804393000.0,1.015,1.0,1.015,10164917000.0,9735055250.0,10164917000.0,25585853246.0,28.0,10.218,-588080000.0,-1.174,1.0,3435397000.0,0.687,0.0,107953000.0,19582975000.0,18592282500.0,313067000.0,0.0,0.0,0.0,8344151000.0,1493009000.0,6851142000.0,23474604246.0,144870000.0,0.0,13161000.0,683005000.0,-145058000.0,622594000.0,-3429102000.0,0.0,2936887000.0,14491000.0,505932000.0,505932000.0,505932000.0,0.0,0.0,0.101,2526066000.0,909331000.0,1134286000.0,0.286,2.309,46.399,45.783,16816935000.0,0.0,46.47,4.695,4.654,869042000.0,8945648000.0,4999443000.0,4999443000.0,171166000.0,0.029,0.052,0.049,0.182,19821000.0,250751000.0,1.0,505156106.0,500740000,507738000.0,9.984,18509068000.0,47363000.0,298461000.0,3566737000.0,36.963,52848000.0
46,EOG,MRT,2009-12-31,2009-12-31,2009-12-31,2021-08-04,339720000.0,18118667000.0,17029105250.0,1839541000.0,16279126000.0,0.281,20.077,-3291009000.0,685751000.0,685751000.0,1368869000.0,546627000.0,1.367,0.812,2797000000.0,37000000.0,2760000000.0,2797000000.0,0.0,1549188000.0,0.0,0.006,0.285,972912000.0,2522100000.0,0.527,2522100000.0,972912000.0,872011000.0,1.1,1.085,1.1,9998042000.0,9472710250.0,9998042000.0,26742667279.0,27.0,10.603,-368570000.0,-0.74,1.0,3418090000.0,0.714,0.0,100901000.0,18884356000.0,17876613250.0,261723000.0,0.0,0.0,0.0,8120625000.0,1345560000.0,6775065000.0,24554178279.0,354440000.0,0.0,9479000.0,891105000.0,-142260000.0,834162000.0,-3414551000.0,0.0,2922439000.0,12390000.0,546627000.0,546627000.0,546627000.0,0.0,0.0,0.114,2447249000.0,970841000.0,979139000.0,0.259,2.456,44.919,44.227,16139225000.0,0.0,48.65,5.129,5.061,771417000.0,8866747000.0,4786959000.0,4786959000.0,169592000.0,0.032,0.058,0.054,0.203,19046000.0,248274000.0,1.0,504710756.0,497992000,503768000.0,9.613,18118667000.0,37009000.0,325384000.0,3510685000.0,36.383,493981000.0
47,EOG,MRT,2009-09-30,2009-09-30,2009-09-30,2021-08-04,291627000.0,17221293000.0,16487245000.0,1831689000.0,15389604000.0,0.283,19.071,-3834522000.0,608511000.0,608511000.0,1237633000.0,607672000.0,1.525,0.809,2797000000.0,37000000.0,2760000000.0,2797000000.0,0.0,1518386000.0,0.0,0.007,0.28,1072805000.0,2591191000.0,0.556,2591191000.0,1072805000.0,980868000.0,1.225,1.21,1.225,9517740000.0,9226824000.0,9517740000.0,23128858447.0,22.0,8.926,-707283000.0,-1.417,1.0,3422191000.0,0.734,0.0,91937000.0,18208631000.0,17093524000.0,240230000.0,0.0,0.0,0.0,7703553000.0,1201151000.0,6502402000.0,21038822447.0,-277466000.0,0.0,2393000.0,890232000.0,-139740000.0,723238000.0,-4118689000.0,0.0,3127239000.0,-9254000.0,607672000.0,607672000.0,607672000.0,0.0,0.0,0.13,2354279000.0,1067912000.0,783764000.0,0.229,2.21,34.622,34.086,15252555000.0,0.0,41.755,4.515,4.472,604260000.0,8502940000.0,4659824000.0,4659824000.0,177329000.0,0.037,0.066,0.063,0.23,55183000.0,237730000.0,1.0,503863548.0,499070000,504844000.0,9.337,17221293000.0,27134000.0,373196000.0,3333890000.0,34.507,630538000.0
48,EOG,MRT,2009-06-30,2009-06-30,2009-06-30,2021-08-04,130503000.0,16792752000.0,16140104250.0,2210276000.0,14582476000.0,0.429,18.653,-4409811000.0,706964000.0,706964000.0,1163036000.0,2159761000.0,1.858,0.814,2797000000.0,37000000.0,2760000000.0,2797000000.0,0.0,1479303000.0,0.0,0.008,0.268,3443888000.0,4923191000.0,0.712,4923191000.0,3443888000.0,3370263000.0,4.365,4.3,4.365,9259522000.0,9077379000.0,9259522000.0,19018817070.0,6.0,3.863,-561965000.0,-1.132,1.0,5753825000.0,0.832,0.0,73625000.0,17693168000.0,16294034500.0,243614000.0,0.0,0.0,0.0,7533230000.0,1189620000.0,6343610000.0,16998931070.0,598863000.0,0.0,14995000.0,1633674000.0,-133073000.0,1488260000.0,-4712353000.0,0.0,3847846000.0,-24890000.0,2159761000.0,2159761000.0,2159761000.0,0.0,0.0,0.312,2329033000.0,3424792000.0,720053000.0,0.061,1.836,7.871,7.78,14445679000.0,0.0,33.96,2.458,2.437,570262000.0,8535559000.0,6916861000.0,6916861000.0,170362000.0,0.134,0.238,0.211,0.498,73086000.0,245848000.0,1.0,500557452.0,496414000,496414000.0,13.934,16792752000.0,19078000.0,1210502000.0,3325154000.0,33.828,1020656000.0
49,EOG,MRT,2009-03-31,2009-03-31,2009-03-31,2021-08-04,-21694000.0,15983709000.0,15498108000.0,1809739000.0,14173970000.0,0.461,18.379,-4898328000.0,85214000.0,85214000.0,1112956000.0,2354673000.0,1.41,0.753,2105100000.0,0.0,2105100000.0,2105100000.0,0.0,1419005000.0,0.0,0.009,0.255,3699045000.0,5118050000.0,0.716,5118050000.0,3699045000.0,3641202000.0,4.76,4.69,4.76,9115537000.0,8619041250.0,9115537000.0,15238718547.0,4.0,2.977,-586325000.0,-1.182,1.0,6038378000.0,0.844,0.0,57843000.0,16720298000.0,15075399000.0,242627000.0,0.0,0.0,0.0,6868172000.0,1283297000.0,5584875000.0,13673029547.0,-119724000.0,0.0,26957000.0,912515000.0,-126606000.0,788985000.0,-5184927000.0,0.0,4312003000.0,-35785000.0,2354673000.0,2354673000.0,2354673000.0,0.0,0.0,0.329,2370501000.0,3667877000.0,774434000.0,0.054,1.5,5.807,5.752,14006530000.0,0.0,27.38,1.912,1.899,558119000.0,8588650000.0,7151334000.0,7151334000.0,195566000.0,0.152,0.273,0.245,0.517,92983000.0,248728000.0,1.0,499380188.0,495982000,500408000.0,14.419,15983709000.0,12021000.0,1286529000.0,3340966000.0,32.226,526442000.0
50,EOG,MRT,2008-12-31,2008-12-31,2008-12-31,2021-08-04,27787000.0,15951226000.0,14739820500.0,2108451000.0,13842775000.0,0.484,18.273,-4811912000.0,331311000.0,331311000.0,1081834000.0,2436919000.0,1.195,0.77,1897000000.0,37000000.0,1860000000.0,1897000000.0,0.0,1326875000.0,0.0,0.007,0.232,3798197000.0,5125072000.0,0.719,5125072000.0,3798197000.0,3746539000.0,4.94,4.86,4.94,9014497000.0,8137787250.0,9014497000.0,17628102877.0,5.0,3.44,-178663000.0,-0.362,1.0,6045309000.0,0.848,0.0,51658000.0,15751999000.0,13946750250.0,187970000.0,0.0,0.0,0.0,6936729000.0,1764916000.0,5171813000.0,16617079877.0,277080000.0,0.0,54738000.0,704415000.0,-115204000.0,645105000.0,-4966518000.0,0.0,4633249000.0,-34756000.0,2436919000.0,2436476000.0,2436476000.0,0.0,0.0,0.342,2278124000.0,3767185000.0,1122209000.0,0.047,1.843,6.82,6.739,13657302000.0,443000.0,33.29,2.332,2.304,722695000.0,8466143000.0,7127143000.0,7127143000.0,193886000.0,0.165,0.299,0.272,0.533,91047000.0,243708000.0,1.0,499161306.0,493324000,501084000.0,14.447,15951226000.0,27053000.0,1309620000.0,3268018000.0,32.334,343535000.0
51,EOG,MRT,2008-09-30,2008-09-30,2008-09-30,2021-08-04,314982000.0,15832730000.0,13774240750.0,2476517000.0,13356213000.0,0.494,18.045,-4446210000.0,885977000.0,885977000.0,1076746000.0,2336642000.0,1.351,0.775,1897000000.0,37000000.0,1860000000.0,1897000000.0,0.0,1240974000.0,0.0,0.005,0.21,3571593000.0,4812567000.0,0.707,4812567000.0,3571593000.0,3522527000.0,4.735,4.655,4.735,8919960000.0,7631686500.0,8919960000.0,23296767072.0,7.0,4.841,-97966000.0,-0.198,1.0,5730086000.0,0.842,0.0,49066000.0,15010673000.0,12945127000.0,146571000.0,0.0,0.0,0.0,6912770000.0,1833080000.0,5079690000.0,22257868072.0,584033000.0,0.0,77580000.0,606400000.0,-104220000.0,613602000.0,-4362393000.0,0.0,4348244000.0,-15420000.0,2336642000.0,2333038000.0,2333038000.0,0.0,0.0,0.343,2194263000.0,3535823000.0,1340822000.0,0.044,2.495,9.54,9.447,13132370000.0,3604000.0,44.73,3.27,3.248,1048385000.0,8038477000.0,6806832000.0,6806832000.0,189402000.0,0.169,0.306,0.276,0.525,69526000.0,251506000.0,1.0,497604920.0,494310000,501860000.0,13.77,15832730000.0,8789000.0,1185885000.0,3044056000.0,32.03,643437000.0
52,EOG,MRT,2008-06-30,2008-06-30,2008-06-30,2021-08-04,403195000.0,14224767000.0,12682985000.0,2088097000.0,12136670000.0,0.357,15.061,-3841407000.0,108101000.0,108101000.0,996089000.0,984360000.0,0.854,0.915,1147000000.0,0.0,1147000000.0,1147000000.0,0.0,1173916000.0,0.0,0.003,0.195,1496715000.0,2670631000.0,0.59,2670631000.0,1496715000.0,1447173000.0,2.0,1.965,2.0,7426171000.0,7058483500.0,7426171000.0,33557969002.0,22.0,12.566,-304399000.0,-0.617,1.0,3533020000.0,0.78,0.0,49542000.0,12818626000.0,11969371750.0,109971000.0,0.0,0.0,0.0,6798596000.0,2445040000.0,4353556000.0,32577907002.0,49567000.0,0.0,80165000.0,257952000.0,-97297000.0,256247000.0,-3740067000.0,0.0,3537008000.0,-3621000.0,984360000.0,979119000.0,979119000.0,0.0,0.0,0.216,2064522000.0,1468498000.0,1379602000.0,0.098,4.387,33.273,32.8,11988720000.0,5241000.0,65.6,7.193,7.142,1228560000.0,6515795000.0,4529109000.0,4529109000.0,190299000.0,0.077,0.139,0.125,0.33,54938000.0,228714000.0,1.0,496614436.0,493072000,502270000.0,9.185,14224767000.0,587370000.0,462813000.0,2743776000.0,28.849,-356943000.0
53,EOG,MRT,2008-03-31,2008-03-31,2008-03-31,2021-08-04,388848000.0,12950559000.0,11757859250.0,1690246000.0,11260313000.0,0.383,14.649,-3506909000.0,204938000.0,204938000.0,896320000.0,1113207000.0,0.98,0.801,1185000000.0,0.0,1185000000.0,1185000000.0,0.0,1118402000.0,0.0,0.003,0.18,1716990000.0,2835392000.0,0.63,2835392000.0,1716990000.0,1665659000.0,2.27,2.23,2.27,7190521000.0,6775088000.0,7190521000.0,30773071560.0,18.0,10.853,-377301000.0,-0.769,1.0,3605764000.0,0.801,0.0,51331000.0,12205703000.0,11312475250.0,98565000.0,0.0,0.0,0.0,5760038000.0,1724918000.0,4035120000.0,29642302560.0,63238000.0,0.0,66435000.0,359752000.0,-90587000.0,334186000.0,-3404281000.0,0.0,3129608000.0,3725000.0,1113207000.0,1106976000.0,1106976000.0,0.0,0.0,0.246,1914887000.0,1690877000.0,1208751000.0,0.079,4.122,26.778,26.432,11144551000.0,6231000.0,60.0,6.584,6.542,1010020000.0,6367524000.0,4502084000.0,4502084000.0,172004000.0,0.094,0.163,0.152,0.381,45486000.0,214257000.0,1.0,494038376.0,490860000,499526000.0,9.172,12950559000.0,324069000.0,552452000.0,2511932000.0,26.383,-34672000.0
54,EOG,MRT,2007-12-31,2007-12-31,2007-12-31,2021-08-04,466702000.0,12088907000.0,10976933000.0,1292039000.0,10796868000.0,0.386,14.355,-3595767000.0,54231000.0,54231000.0,814117000.0,1089918000.0,0.876,0.729,1185000000.0,0.0,1185000000.0,1185000000.0,0.0,1065545000.0,0.0,0.004,0.165,1677646000.0,2743191000.0,0.647,2743191000.0,1677646000.0,1630868000.0,2.225,2.185,2.225,6990094000.0,6438873750.0,6990094000.0,22936225452.0,14.0,8.361,-694764000.0,-1.427,1.0,3425186000.0,0.808,0.0,46778000.0,11745506000.0,10612712000.0,102322000.0,0.0,0.0,0.0,5098813000.0,1474170000.0,3624643000.0,21954727452.0,-164024000.0,0.0,47682000.0,446352000.0,-84020000.0,386085000.0,-3455774000.0,0.0,2901003000.0,4662000.0,1089918000.0,1083255000.0,1083255000.0,0.0,0.0,0.256,1776790000.0,1648396000.0,1152140000.0,0.074,3.141,20.267,20.056,10429254000.0,6663000.0,44.625,5.179,5.126,835670000.0,6156721000.0,4239303000.0,4239303000.0,150445000.0,0.099,0.168,0.158,0.396,39914000.0,205210000.0,1.0,491982688.0,486938000,495274000.0,8.706,12088907000.0,143903000.0,540950000.0,2284934000.0,24.826,-182131000.0
55,EOG,MRT,2007-09-30,2007-09-30,2007-09-30,2021-08-04,450500000.0,11467707000.0,10305246250.0,1310225000.0,10157482000.0,0.376,13.609,-3525458000.0,301944000.0,301944000.0,719761000.0,971348000.0,0.977,0.73,1283442000.0,98442000.0,1185000000.0,1283442000.0,0.0,1013749000.0,0.0,0.004,0.15,1510854000.0,2524603000.0,0.652,2524603000.0,1510854000.0,1472308000.0,1.98,1.95,1.98,6627148000.0,6091268000.0,6627148000.0,18532698544.0,12.0,7.341,-756542000.0,-1.554,1.0,3153598000.0,0.814,0.0,38546000.0,11107652000.0,9841919250.0,109838000.0,0.0,0.0,0.0,4840559000.0,1341553000.0,3499006000.0,17707390544.0,-293987000.0,0.0,15533000.0,448558000.0,-77681000.0,344257000.0,-3410970000.0,0.0,2768916000.0,3810000.0,971348000.0,962425000.0,962425000.0,0.0,0.0,0.248,1675812000.0,1477786000.0,964515000.0,0.076,2.672,18.399,18.265,10034206000.0,8923000.0,36.165,4.572,4.547,678762000.0,5820884000.0,3873359000.0,3873359000.0,151569000.0,0.093,0.158,0.154,0.39,58200000.0,186884000.0,1.0,489627832.0,486972000,494850000.0,7.954,11467707000.0,92569000.0,500960000.0,2147692000.0,23.549,-31328000.0
56,EOG,MRT,2007-06-30,2007-06-30,2007-06-30,2021-08-04,328918000.0,10524264000.0,9729573500.0,1063768000.0,9460496000.0,0.396,12.936,-3395777000.0,58534000.0,58534000.0,650392000.0,1066481000.0,0.918,0.672,883842000.0,0.0,883842000.0,883842000.0,0.0,950631000.0,0.0,0.004,0.135,1655783000.0,2606414000.0,0.676,2606414000.0,1655783000.0,1619706000.0,2.18,2.145,2.18,6292589000.0,5803039250.0,6292589000.0,18548528682.0,11.0,7.116,-749574000.0,-1.541,1.0,3205530000.0,0.831,0.0,36077000.0,10191040000.0,9099914750.0,116300000.0,0.0,0.0,0.0,4231675000.0,1158532000.0,3073143000.0,17870186682.0,-700574000.0,0.0,16585000.0,-9290000.0,-71101000.0,-95737000.0,-3252682000.0,0.0,2646203000.0,1642000.0,1066481000.0,1057337000.0,1057337000.0,0.0,0.0,0.274,1590336000.0,1615194000.0,925829000.0,0.062,2.84,16.901,16.757,9339856000.0,9144000.0,36.53,4.634,4.609,741907000.0,5640660000.0,3855922000.0,3855922000.0,147903000.0,0.109,0.182,0.182,0.429,59799000.0,181145000.0,1.0,489192080.0,486454000,494522000.0,7.927,10524264000.0,39671000.0,553225000.0,2017447000.0,21.635,-94764000.0
57,EOG,MRT,2007-03-31,2007-03-31,2007-03-31,2021-08-04,194628000.0,9826854000.0,9259046750.0,1128106000.0,8698748000.0,0.4,12.04,-3133366000.0,141700000.0,141700000.0,606285000.0,1090845000.0,1.027,0.681,820042000.0,0.0,820042000.0,820042000.0,0.0,883779000.0,0.0,0.003,0.12,1655774000.0,2539553000.0,0.685,2539553000.0,1655774000.0,1618131000.0,2.23,2.195,2.23,5845664000.0,5516991000.0,5845664000.0,17922014950.0,11.0,7.057,-625634000.0,-1.289,1.0,3100238000.0,0.836,0.0,37643000.0,9406650000.0,8475417000.0,122461000.0,0.0,0.0,0.0,3981190000.0,1098546000.0,2882644000.0,17406827950.0,-679627000.0,0.0,17714000.0,-113315000.0,-64533000.0,-182298000.0,-3010312000.0,0.0,2507732000.0,5251000.0,1090845000.0,1080833000.0,1080833000.0,0.0,0.0,0.292,1495692000.0,1604546000.0,924644000.0,0.054,2.978,16.105,15.996,8580838000.0,10012000.0,35.67,4.696,4.672,734231000.0,5356647000.0,3706523000.0,3706523000.0,142000000.0,0.117,0.196,0.195,0.447,55083000.0,172569000.0,1.0,487996298.0,485526000,493354000.0,7.634,9826854000.0,51969000.0,527286000.0,1848765000.0,20.24,29560000.0
58,EOG,MRT,2006-12-31,2006-12-31,2006-12-31,2021-08-04,176704000.0,9402160000.0,8863180750.0,1350080000.0,8052080000.0,0.443,11.58,-2830082000.0,218255000.0,218255000.0,578889000.0,1299885000.0,1.076,0.679,733442000.0,0.0,733442000.0,733442000.0,0.0,817089000.0,0.0,0.004,0.11,1955799000.0,2772888000.0,0.706,2772888000.0,1955799000.0,1912641000.0,2.665,2.62,2.665,5599671000.0,5241415000.0,5599671000.0,15438391979.0,8.0,5.568,-234063000.0,-0.484,1.0,3349752000.0,0.853,0.0,43158000.0,8662335000.0,7945574500.0,113591000.0,0.0,0.0,0.0,3802489000.0,1255012000.0,2547477000.0,15204805979.0,-425556000.0,0.0,18567000.0,-252240000.0,-60443000.0,-316348000.0,-2710373000.0,0.0,2596019000.0,5146000.0,1299885000.0,1288890000.0,1288890000.0,0.0,0.0,0.328,1446199000.0,1903553000.0,896572000.0,0.041,2.715,11.797,11.717,7944047000.0,10995000.0,31.225,3.87,3.843,754134000.0,5151034000.0,3928641000.0,3928641000.0,155008000.0,0.145,0.246,0.246,0.498,49875000.0,164981000.0,1.0,486943346.0,483564000,492200000.0,8.124,9402160000.0,94311000.0,612756000.0,1788727000.0,19.443,95068000.0
59,EOG,MRT,2006-09-30,2006-09-30,2006-09-30,2021-08-04,241640000.0,9165016000.0,8450970750.0,1583001000.0,7582015000.0,0.497,11.315,-2447863000.0,595931000.0,595931000.0,511037000.0,1520916000.0,1.257,0.674,829517000.0,124075000.0,705442000.0,829517000.0,0.0,763625000.0,0.0,0.003,0.1,2363965000.0,3127590000.0,0.745,3127590000.0,2363965000.0,2308341000.0,3.135,3.08,3.135,5474233000.0,4920570250.0,5474233000.0,15915171546.0,7.0,5.089,396899000.0,0.82,1.0,3687817000.0,0.878,0.0,55624000.0,8139634000.0,7510624500.0,117385000.0,0.0,0.0,0.0,3690783000.0,1258968000.0,2431815000.0,15781762546.0,254870000.0,0.0,37515000.0,-214843000.0,-55426000.0,-204450000.0,-2391943000.0,0.0,2844762000.0,6501000.0,1520916000.0,1513483000.0,1513483000.0,0.0,0.0,0.36,1374598000.0,2313219000.0,794588000.0,0.032,2.883,10.427,10.375,7454176000.0,7433000.0,32.525,3.759,3.748,656523000.0,4928453000.0,4198854000.0,4198854000.0,148162000.0,0.179,0.308,0.315,0.563,52302000.0,154299000.0,1.0,485219448.0,483822000,492272000.0,8.679,9165016000.0,0.0,787425000.0,1682353000.0,18.943,324033000.0
60,EOG,MRT,2006-06-30,2006-06-30,2006-06-30,2021-08-04,242827000.0,8642157000.0,7916355000.0,1598710000.0,7043447000.0,0.526,10.654,-2121639000.0,759108000.0,759108000.0,485496000.0,1565541000.0,1.477,0.679,892517000.0,124075000.0,768442000.0,892517000.0,0.0,711926000.0,0.0,0.003,0.09,2420182000.0,3132108000.0,0.752,3132108000.0,2420182000.0,2360783000.0,3.235,3.175,3.235,5148396000.0,4514875750.0,5148396000.0,16931965730.0,7.0,5.406,638814000.0,1.322,1.0,3679077000.0,0.883,0.0,59399000.0,7693049000.0,7214467500.0,98430000.0,0.0,0.0,0.0,3493761000.0,1082517000.0,2411244000.0,16820550730.0,476407000.0,0.0,51439000.0,-226168000.0,-50478000.0,-204537000.0,-2091166000.0,0.0,2760453000.0,11657000.0,1565541000.0,1558109000.0,1558109000.0,0.0,0.0,0.374,1305968000.0,2373109000.0,680575000.0,0.028,3.267,10.795,10.717,6934017000.0,7432000.0,34.67,4.039,4.023,597564000.0,4645763000.0,4164573000.0,4164573000.0,145011000.0,0.197,0.345,0.335,0.581,58677000.0,142016000.0,1.0,485161544.0,483226000,491774000.0,8.618,8642157000.0,0.0,795242000.0,1561217000.0,17.884,516193000.0
61,EOG,MRT,2006-03-31,2006-03-31,2006-03-31,2021-08-04,175743000.0,8243390000.0,7362730000.0,1664758000.0,6578632000.0,0.547,9.836,-1919333000.0,821327000.0,821327000.0,467016000.0,1483580000.0,1.559,0.738,932742000.0,124075000.0,808667000.0,932742000.0,0.0,678894000.0,0.0,0.002,0.08,2345067000.0,3023961000.0,0.75,3023961000.0,2345067000.0,2283365000.0,3.075,3.015,3.075,4743360000.0,4077632250.0,4743360000.0,17804677728.0,8.0,5.888,755021000.0,1.566,1.0,3562393000.0,0.884,0.0,61702000.0,7287280000.0,6955525500.0,76638000.0,0.0,0.0,0.0,3500030000.0,1067525000.0,2432505000.0,17463421728.0,647942000.0,0.0,56533000.0,-188643000.0,-45538000.0,-170372000.0,-1859307000.0,0.0,2674354000.0,3267000.0,1483580000.0,1476148000.0,1476148000.0,0.0,0.0,0.366,1249429000.0,2312964000.0,673914000.0,0.026,3.682,11.83,11.707,6472821000.0,7432000.0,36.0,4.334,4.308,627667000.0,4330772000.0,4029409000.0,4029409000.0,137692000.0,0.2,0.362,0.337,0.582,60003000.0,133522000.0,1.0,485095048.0,482236000,491846000.0,8.356,8243390000.0,0.0,799785000.0,1539576000.0,17.094,597233000.0
62,EOG,MRT,2005-12-31,2005-12-31,2005-12-31,2021-08-04,177137000.0,7753320000.0,6831139500.0,1563238000.0,6190082000.0,0.532,9.038,-1677034000.0,643811000.0,643811000.0,438167000.0,1259576000.0,1.334,0.796,985067000.0,126075000.0,858992000.0,985067000.0,0.0,654258000.0,0.0,0.002,0.075,2027643000.0,2681901000.0,0.738,2681901000.0,2027643000.0,1965137000.0,2.62,2.565,2.62,4316292000.0,3680202750.0,4316292000.0,18426497891.0,9.0,6.871,692392000.0,1.45,1.0,3194862000.0,0.879,0.0,62506000.0,6922535000.0,6758868750.0,63215000.0,0.0,0.0,0.0,3437028000.0,1172041000.0,2264987000.0,17724786891.0,622831000.0,0.0,64668000.0,-94143000.0,-42986000.0,-72310000.0,-1678108000.0,0.0,2369426000.0,3823000.0,1259576000.0,1252144000.0,1252144000.0,0.0,0.0,0.345,1190231000.0,2004631000.0,679548000.0,0.029,4.106,14.156,14.002,6087179000.0,7432000.0,36.685,4.879,4.823,762207000.0,3920483000.0,3633029000.0,3633029000.0,133116000.0,0.183,0.34,0.3,0.558,63067000.0,125918000.0,1.0,483161698.0,477594000,487950000.0,7.607,7753320000.0,24631000.0,705561000.0,1428149000.0,16.234,391197000.0
63,EOG,MRT,2005-09-30,2005-09-30,2005-09-30,2021-08-04,188864000.0,7026553000.0,6342540250.0,1144012000.0,5882541000.0,0.489,8.046,-1641051000.0,341061000.0,341061000.0,432032000.0,1002675000.0,1.479,0.824,1042772000.0,0.0,1042772000.0,1042772000.0,0.0,621409000.0,0.0,0.002,0.07,1573257000.0,2194666000.0,0.708,2194666000.0,1573257000.0,1515817000.0,2.095,2.05,2.095,3851455000.0,3337485750.0,3851455000.0,18818004866.0,12.0,8.574,289634000.0,0.605,1.0,2668147000.0,0.861,0.0,57440000.0,6955006000.0,6584075250.0,54887000.0,0.0,0.0,0.0,3175098000.0,773258000.0,2401840000.0,17983608866.0,259153000.0,0.0,72365000.0,-20200000.0,-41329000.0,-39571000.0,-1646955000.0,0.0,1930685000.0,14994000.0,1002675000.0,994484000.0,994484000.0,0.0,0.0,0.321,1124684000.0,1543463000.0,508815000.0,0.033,4.669,18.083,17.876,5780413000.0,8191000.0,37.45,5.801,5.783,631320000.0,3468406000.0,3100179000.0,3100179000.0,121308000.0,0.157,0.298,0.239,0.507,67401000.0,123031000.0,1.0,480203174.0,478688000,489800000.0,6.476,7026553000.0,28134000.0,513142000.0,1290693000.0,14.679,370754000.0
64,EOG,MRT,2005-06-30,2005-06-30,2005-06-30,2021-08-04,124685000.0,6427657000.0,5942051250.0,866505000.0,5561152000.0,0.464,7.134,-1580125000.0,282701000.0,282701000.0,411033000.0,831224000.0,1.433,0.891,1117097000.0,0.0,1117097000.0,1117097000.0,0.0,587294000.0,0.0,0.002,0.065,1319395000.0,1906689000.0,0.691,1906689000.0,1319395000.0,1259722000.0,1.74,1.705,1.74,3399422000.0,3056100000.0,3399422000.0,14535775364.0,11.0,7.624,205169000.0,0.431,1.0,2348931000.0,0.851,0.0,59673000.0,6657281000.0,6315632000.0,52188000.0,0.0,0.0,0.0,3028235000.0,604772000.0,2423463000.0,13589363364.0,214862000.0,0.0,57588000.0,31275000.0,-38858000.0,994000.0,-1581799000.0,0.0,1785294000.0,10373000.0,831224000.0,822132000.0,822132000.0,0.0,0.0,0.298,1053124000.0,1295807000.0,439532000.0,0.037,3.998,16.529,16.322,5455037000.0,9092000.0,28.4,4.924,4.903,450606000.0,3136135000.0,2759964000.0,2759964000.0,111159000.0,0.138,0.269,0.209,0.478,49175000.0,122528000.0,1.0,478498710.0,476504000,486828000.0,5.792,6427657000.0,26644000.0,428498000.0,1175638000.0,13.489,261733000.0
65,EOG,MRT,2005-03-31,2005-03-31,2005-03-31,2021-08-04,140741000.0,6117028000.0,5616878500.0,732066000.0,5384962000.0,0.444,6.645,-1512644000.0,173385000.0,173385000.0,386241000.0,726705000.0,1.301,0.94,1119797000.0,0.0,1119797000.0,1119797000.0,0.0,543622000.0,0.0,0.002,0.06,1145993000.0,1689615000.0,0.677,1689615000.0,1145993000.0,1085591000.0,1.525,1.495,1.525,3153642000.0,2825727250.0,3153642000.0,12677071568.0,11.0,7.503,48096000.0,0.101,1.0,2108820000.0,0.845,0.0,60402000.0,6500653000.0,6061033000.0,48741000.0,0.0,0.0,0.0,2963386000.0,562787000.0,2400599000.0,11620429568.0,77668000.0,0.0,80999000.0,33975000.0,-38014000.0,26744000.0,-1520584000.0,0.0,1560740000.0,10768000.0,726705000.0,716713000.0,716713000.0,0.0,0.0,0.287,980966000.0,1127854000.0,400802000.0,0.039,3.685,16.214,15.98,5287208000.0,9992000.0,24.37,4.657,4.635,441157000.0,2898126000.0,2495061000.0,2495061000.0,102761000.0,0.128,0.254,0.189,0.459,48607000.0,118785000.0,1.0,476833384.0,474586000,484228000.0,5.257,6117028000.0,25788000.0,358886000.0,1140009000.0,12.889,169279000.0
66,EOG,MRT,2004-12-31,2004-12-31,2004-12-31,2021-08-04,148015000.0,5798923000.0,5326384750.0,586803000.0,5212120000.0,0.426,6.3,-1403225000.0,20980000.0,20980000.0,363228000.0,624855000.0,0.928,0.969,1077622000.0,0.0,1077622000.0,1077622000.0,0.0,504403000.0,0.0,0.003,0.057,989140000.0,1493543000.0,0.658,1493543000.0,989140000.0,926012000.0,1.315,1.29,1.315,2945424000.0,2616206000.0,2945424000.0,9442585205.0,10.0,6.322,41122000.0,0.088,1.0,1907997000.0,0.84,0.0,63128000.0,6223361000.0,5798903250.0,40037000.0,0.0,0.0,0.0,2853499000.0,632204000.0,2221295000.0,8461521205.0,16537000.0,0.0,75510000.0,-31250000.0,-37595000.0,-43238000.0,-1396908000.0,0.0,1444347000.0,12336000.0,624855000.0,613963000.0,613963000.0,0.0,0.0,0.27,928802000.0,979195000.0,424581000.0,0.043,2.873,13.782,13.567,5101603000.0,10892000.0,17.84,3.726,3.672,447742000.0,2706845000.0,2271225000.0,2271225000.0,93941000.0,0.115,0.235,0.171,0.436,38959000.0,115013000.0,1.0,474300516.0,467502000,476752000.0,4.858,5798923000.0,22227000.0,301157000.0,1057403000.0,12.404,-45401000.0
67,EOG,MRT,2004-09-30,2004-09-30,2004-09-30,2021-08-04,100194000.0,5424597000.0,5063907750.0,557679000.0,4866918000.0,0.39,5.804,-1608421000.0,81908000.0,81908000.0,327616000.0,492610000.0,1.063,0.99,1062972000.0,0.0,1062972000.0,1062972000.0,0.0,481543000.0,0.0,0.003,0.055,786843000.0,1268386000.0,0.643,1268386000.0,786843000.0,724680000.0,1.033,1.018,1.033,2725912000.0,2435695250.0,2725912000.0,8778439544.0,11.0,6.921,-355823000.0,-0.758,1.0,1646483000.0,0.834,0.0,62163000.0,5881233000.0,5587294250.0,30739000.0,0.0,0.0,0.0,2698685000.0,524428000.0,2174257000.0,7760456544.0,-102581000.0,0.0,77003000.0,52150000.0,-36257000.0,90550000.0,-1458585000.0,0.0,1252598000.0,12856000.0,492610000.0,481578000.0,481578000.0,0.0,0.0,0.244,872806000.0,773677000.0,339303000.0,0.053,2.847,16.115,15.937,4758036000.0,11032000.0,16.462,3.931,3.916,350170000.0,2509851000.0,1974099000.0,1974099000.0,86415000.0,0.095,0.198,0.141,0.399,25631000.0,109530000.0,1.0,471402068.0,469644000,478708000.0,4.203,5424597000.0,22560000.0,232070000.0,1041717000.0,11.55,33251000.0
68,EOG,MRT,2004-06-30,2004-06-30,2004-06-30,2021-08-04,41473000.0,5126966000.0,4814274000.0,550424000.0,4576542000.0,0.382,5.323,-1470559000.0,67839000.0,67839000.0,300782000.0,437719000.0,1.088,1.069,1085822000.0,0.0,1085822000.0,1085822000.0,0.0,461724000.0,0.0,0.004,0.053,703626000.0,1165350000.0,0.634,1165350000.0,703626000.0,641941000.0,0.923,0.91,0.923,2477931000.0,2279329000.0,2477931000.0,7950048233.0,11.0,6.822,-230137000.0,-0.494,1.0,1537811000.0,0.836,0.0,61685000.0,5638885000.0,5341602750.0,30253000.0,0.0,0.0,0.0,2649035000.0,506064000.0,2142971000.0,6959943233.0,-83128000.0,0.0,62702000.0,75000000.0,-35771000.0,97609000.0,-1432589000.0,0.0,1240422000.0,11430000.0,437719000.0,426687000.0,426687000.0,0.0,0.0,0.232,845322000.0,692489000.0,319535000.0,0.057,2.809,16.312,16.173,4467019000.0,11032000.0,14.928,3.785,3.78,355662000.0,2347446000.0,1838593000.0,1838593000.0,82353000.0,0.089,0.187,0.132,0.383,20916000.0,106333000.0,1.0,466249756.0,465552000,474834000.0,3.949,5126966000.0,39564000.0,204222000.0,962831000.0,11.013,44360000.0
69,EOG,MRT,2004-03-31,2004-03-31,2004-03-31,2021-08-04,61761000.0,4955053000.0,4592617750.0,503844000.0,4451209000.0,0.38,5.006,-1333682000.0,95717000.0,95717000.0,273242000.0,401573000.0,1.022,1.14,1085822000.0,0.0,1085822000.0,1085822000.0,0.0,452087000.0,0.0,0.004,0.048,655013000.0,1107100000.0,0.635,1107100000.0,655013000.0,594937000.0,0.85,0.837,0.85,2315557000.0,2155297250.0,2315557000.0,6439267789.0,10.0,5.816,-9331000.0,-0.02,1.0,1471084000.0,0.843,0.0,60076000.0,5452134000.0,5126150500.0,23758000.0,0.0,0.0,0.0,2639496000.0,493024000.0,2146472000.0,5334838789.0,88884000.0,0.0,36457000.0,41614000.0,-32514000.0,42308000.0,-1289528000.0,0.0,1324351000.0,11753000.0,401573000.0,390541000.0,390541000.0,0.0,0.0,0.224,828463000.0,642621000.0,296457000.0,0.056,2.304,13.66,13.497,4336307000.0,11032000.0,11.473,3.058,3.042,303566000.0,2212300000.0,1744326000.0,1744326000.0,84896000.0,0.085,0.181,0.128,0.376,11386000.0,104897000.0,1.0,465011008.0,462578000,470484000.0,3.771,4955053000.0,46515000.0,193364000.0,945500000.0,10.712,10820000.0
70,EOG,MRT,2003-12-31,2003-12-31,2003-12-31,2021-08-04,73934000.0,4749015000.0,4371518250.0,396014000.0,4353001000.0,0.399,4.85,-1231986000.0,4443000.0,4443000.0,253757000.0,430145000.0,0.831,1.136,1108872000.0,0.0,1108872000.0,1108872000.0,0.0,441843000.0,0.0,0.004,0.045,705456000.0,1147299000.0,0.658,1147299000.0,705456000.0,646745000.0,0.915,0.9,0.915,2223381000.0,2032146000.0,2223381000.0,6139860499.0,9.0,5.352,17190000.0,0.038,1.0,1490918000.0,0.855,0.0,58711000.0,5376925000.0,4957302000.0,21922000.0,0.0,0.0,0.0,2525634000.0,476519000.0,2049115000.0,5313527499.0,-5405000.0,0.0,13843000.0,-36260000.0,-31294000.0,-57196000.0,-1207441000.0,0.0,1249176000.0,10056000.0,430145000.0,419113000.0,419113000.0,0.0,0.0,0.24,793604000.0,697314000.0,282379000.0,0.049,2.39,12.678,12.615,4248917000.0,11032000.0,11.543,3.046,3.033,295118000.0,2121214000.0,1744675000.0,1744675000.0,76358000.0,0.096,0.206,0.142,0.404,11926000.0,100403000.0,1.0,460344596.0,458388000,466074000.0,3.806,4749015000.0,39524000.0,216600000.0,876015000.0,10.36,-80505000.0
71,EOG,MRT,2003-09-30,2003-09-30,2003-09-30,2021-08-04,40481000.0,4426062000.0,4137656500.0,557976000.0,3868086000.0,0.408,4.581,-771126000.0,184489000.0,184489000.0,239208000.0,400054000.0,1.577,1.107,1010822000.0,0.0,1010822000.0,1010822000.0,0.0,425990000.0,0.0,0.004,0.043,665696000.0,1091686000.0,0.647,1091686000.0,665696000.0,606288000.0,0.85,0.838,0.85,2100447000.0,1894399500.0,2100447000.0,5655169008.0,8.0,5.18,391952000.0,0.855,1.0,1447016000.0,0.858,0.0,59408000.0,4898467000.0,4771397000.0,20788000.0,0.0,0.0,0.0,2325615000.0,353928000.0,1971687000.0,4795314008.0,176707000.0,0.0,-38820000.0,-80046000.0,-30152000.0,-151955000.0,-834923000.0,0.0,1163078000.0,507000.0,400054000.0,389022000.0,389022000.0,0.0,0.0,0.231,780094000.0,666922000.0,252211000.0,0.051,2.283,12.327,12.276,3703793000.0,11032000.0,10.435,2.844,2.837,274834000.0,2055248000.0,1686224000.0,1686224000.0,76123000.0,0.094,0.205,0.14,0.395,7977000.0,96403000.0,1.0,459541352.0,458464000,465480000.0,3.678,4426062000.0,0.0,206234000.0,835730000.0,9.654,204048000.0
72,EOG,MRT,2003-06-30,2003-06-30,2003-06-30,2021-08-04,37546000.0,4240341000.0,3954380250.0,552781000.0,3687560000.0,0.381,4.332,-721517000.0,150967000.0,150967000.0,230722000.0,311522000.0,1.711,1.14,1010822000.0,0.0,1010822000.0,1010822000.0,0.0,415760000.0,0.0,0.004,0.04,532096000.0,947856000.0,0.629,947856000.0,532096000.0,469550000.0,0.657,0.645,0.657,1981804000.0,1785747500.0,1981804000.0,5831418643.0,11.0,6.152,269261000.0,0.589,1.0,1276657000.0,0.847,0.0,62546000.0,4777076000.0,4673595500.0,18972000.0,0.0,0.0,0.0,2258537000.0,323120000.0,1935417000.0,4794043643.0,141761000.0,0.0,-65337000.0,-25021000.0,-29055000.0,-120512000.0,-729012000.0,0.0,990778000.0,507000.0,311522000.0,300490000.0,300490000.0,0.0,0.0,0.199,741337000.0,535320000.0,226408000.0,0.061,2.419,15.954,15.921,3594857000.0,11032000.0,10.46,3.18,3.175,303804000.0,1946331000.0,1507379000.0,1507379000.0,71135000.0,0.076,0.168,0.114,0.353,7567000.0,91606000.0,1.0,458321572.0,457528000,464524000.0,3.295,4240341000.0,0.0,158028000.0,796312000.0,9.268,229661000.0
73,EOG,MRT,2003-03-31,2003-03-31,2003-03-31,2021-08-04,-10621000.0,4070655000.0,3791694500.0,495212000.0,3575443000.0,0.362,3.982,-715583000.0,6833000.0,6833000.0,230140000.0,240839000.0,1.495,1.233,1044208000.0,0.0,1044208000.0,1044208000.0,0.0,407129000.0,0.0,0.004,0.04,422285000.0,829414000.0,0.604,829414000.0,422285000.0,359364000.0,0.503,0.493,0.503,1822952000.0,1711710250.0,1822952000.0,5631521953.0,13.0,6.79,64901000.0,0.142,1.0,1142648000.0,0.832,0.0,62921000.0,4776740000.0,4574951750.0,18282000.0,0.0,0.0,0.0,2247703000.0,331290000.0,1916413000.0,4547062953.0,1430000.0,0.0,-69498000.0,68546000.0,-29111000.0,-33026000.0,-746535000.0,0.0,780484000.0,507000.0,240839000.0,229807000.0,229807000.0,0.0,0.0,0.167,714896000.0,427752000.0,222756000.0,0.08,2.494,19.786,19.662,3482010000.0,11032000.0,9.89,3.312,3.298,370384000.0,1846031000.0,1372788000.0,1372788000.0,64750000.0,0.061,0.134,0.092,0.308,6589000.0,88660000.0,1.0,459763696.0,457764000,464896000.0,2.999,4070655000.0,0.0,118525000.0,756460000.0,8.892,163922000.0
74,EOG,MRT,2002-12-31,2002-12-31,2002-12-31,2021-08-04,-49877000.0,3813568000.0,3643911500.0,394354000.0,3419214000.0,0.3,3.625,-753362000.0,9848000.0,9848000.0,226178000.0,87173000.0,1.25,1.28,1145132000.0,0.0,1145132000.0,1145132000.0,0.0,398036000.0,0.0,0.004,0.04,179326000.0,577362000.0,0.527,577362000.0,179326000.0,119672000.0,0.165,0.163,0.165,1672395000.0,1662250750.0,1672395000.0,5695337291.0,32.0,9.864,-141705000.0,-0.307,1.0,868504000.0,0.793,0.0,59654000.0,4633305000.0,4427802250.0,18928000.0,0.0,0.0,0.0,2141173000.0,315547000.0,1825626000.0,4612251291.0,7336000.0,0.0,-45699000.0,289163000.0,-29152000.0,211304000.0,-816132000.0,0.0,611657000.0,507000.0,87173000.0,76141000.0,76141000.0,0.0,0.0,0.07,687527000.0,180977000.0,201931000.0,0.242,2.758,60.575,60.485,3321548000.0,11032000.0,9.98,4.213,4.206,259308000.0,1723948000.0,1094682000.0,1094682000.0,60228000.0,0.021,0.046,0.041,0.164,5168000.0,88952000.0,1.0,462149428.0,461340000,468980000.0,2.373,3813568000.0,80015000.0,32499000.0,683680000.0,8.266,78807000.0
75,EOG,MRT,2002-09-30,2002-09-30,2002-09-30,2021-08-04,-51650000.0,3692957000.0,3544030500.0,313379000.0,3379578000.0,0.281,3.602,-746649000.0,7782000.0,7782000.0,240364000.0,17957000.0,1.166,1.217,1090868000.0,0.0,1090868000.0,1090868000.0,0.0,390241000.0,0.0,0.004,0.04,70026000.0,460267000.0,0.463,460267000.0,70026000.0,14068000.0,0.02,0.02,0.02,1665839000.0,1654823500.0,1665839000.0,5204038316.0,74.0,11.307,-139633000.0,-0.302,1.0,754490000.0,0.758,0.0,55958000.0,4507261000.0,4253806500.0,18103000.0,0.0,0.0,0.0,2027118000.0,268782000.0,1758336000.0,4177401316.0,-3562000.0,0.0,-24044000.0,388722000.0,-29152000.0,331864000.0,-942442000.0,0.0,607016000.0,0.0,17957000.0,6926000.0,6926000.0,0.0,0.0,0.007,680949000.0,73541000.0,176858000.0,2.0,2.508,603.148,449.5,3282756000.0,11031000.0,8.99,4.199,4.179,196782000.0,1687437000.0,994854000.0,994854000.0,58562000.0,0.002,0.004,0.016,0.07,5415000.0,86637000.0,1.0,464672004.0,462484000,468312000.0,2.151,3692957000.0,0.0,-3889000.0,647041000.0,7.985,44597000.0
76,EOG,MRT,2002-06-30,2002-06-30,2002-06-30,2021-08-04,-30673000.0,3589598000.0,3467381750.0,275988000.0,3313610000.0,0.308,3.641,-893199000.0,9206000.0,9206000.0,239800000.0,61033000.0,1.181,1.129,1035843000.0,0.0,1035843000.0,1035843000.0,0.0,393384000.0,0.0,0.004,0.04,133609000.0,526993000.0,0.493,526993000.0,133609000.0,86179000.0,0.112,0.112,0.112,1685655000.0,1660736250.0,1685655000.0,5577100674.0,42.0,10.583,-242473000.0,-0.524,1.0,829347000.0,0.776,0.0,47430000.0,4382501000.0,4050376750.0,17058000.0,0.0,0.0,0.0,1903943000.0,233734000.0,1670209000.0,4606841674.0,-59088000.0,0.0,-18821000.0,393897000.0,-29151000.0,342825000.0,-1052639000.0,0.0,650726000.0,0.0,61033000.0,50001000.0,50001000.0,0.0,0.0,0.047,693569000.0,135778000.0,167921000.0,0.357,2.733,92.135,88.616,3227288000.0,11032000.0,9.925,4.309,4.298,204342000.0,1665936000.0,1069147000.0,1069147000.0,58146000.0,0.014,0.03,0.033,0.125,1696000.0,85980000.0,1.0,464165408.0,462948000,470756000.0,2.309,3589598000.0,0.0,25146000.0,614051000.0,7.754,42254000.0
77,EOG,MRT,2002-03-31,2002-03-31,2002-03-31,2021-08-04,-54086000.0,3479523000.0,3372662500.0,266218000.0,3213305000.0,0.369,3.518,-967213000.0,5403000.0,5403000.0,239545000.0,159128000.0,1.017,1.141,975662000.0,0.0,975662000.0,975662000.0,0.0,392898000.0,0.0,0.004,0.04,299361000.0,692259000.0,0.556,692259000.0,299361000.0,255489000.0,0.323,0.32,0.323,1625114000.0,1653969000.0,1625114000.0,5550269551.0,19.0,8.018,-127549000.0,-0.276,1.0,1005487000.0,0.808,0.0,43872000.0,4188142000.0,3801584250.0,18302000.0,0.0,0.0,0.0,1854409000.0,261640000.0,1592769000.0,4696812551.0,-25446000.0,0.0,-40401000.0,329667000.0,-29161000.0,261819000.0,-1126929000.0,0.0,839664000.0,0.0,159128000.0,148097000.0,148097000.0,0.0,0.0,0.119,704770000.0,300717000.0,166958000.0,0.124,2.89,31.714,31.393,3125090000.0,11031000.0,10.14,3.772,3.762,185518000.0,1636121000.0,1245032000.0,1245032000.0,60138000.0,0.044,0.09,0.079,0.24,3624000.0,82727000.0,1.0,463196504.0,461940000,461940000.0,2.695,3479523000.0,0.0,96361000.0,592330000.0,7.532,4578000.0
78,EOG,MRT,2001-12-31,2001-12-31,2001-12-31,2021-08-04,-55118000.0,3414044000.0,3255851750.0,272421000.0,3141623000.0,0.509,3.547,-965984000.0,21844000.0,21844000.0,246806000.0,398616000.0,0.876,1.078,855969000.0,0.0,855969000.0,855969000.0,0.0,392399000.0,0.0,0.004,0.039,676555000.0,1068954000.0,0.646,1068954000.0,676555000.0,631445000.0,0.838,0.825,0.838,1642686000.0,1630759000.0,1642686000.0,5206236668.0,8.0,4.87,231443000.0,0.5,1.0,1408916000.0,0.851,0.0,45110000.0,3937322000.0,3559604000.0,18871000.0,0.0,0.0,0.0,1771358000.0,310847000.0,1460511000.0,4516558668.0,-17640000.0,0.0,-95964000.0,-4155000.0,-28580000.0,-127012000.0,-1088055000.0,0.0,1197427000.0,0.0,398616000.0,387622000.0,387622000.0,0.0,0.0,0.234,733529000.0,675387000.0,219561000.0,0.047,2.749,11.652,11.668,3055910000.0,10994000.0,9.777,2.728,2.734,194624000.0,1668708000.0,1655722000.0,1655722000.0,67467000.0,0.119,0.238,0.19,0.409,7332000.0,79963000.0,1.0,461933896.0,463060000,469952000.0,3.576,3414044000.0,0.0,232829000.0,591239000.0,7.373,-38426000.0
79,EOG,MRT,2001-09-30,2001-09-30,2001-09-30,2021-08-04,-51619000.0,3386362000.0,3152654000.0,336192000.0,3050170000.0,0.61,3.651,-941807000.0,11344000.0,11344000.0,211042000.0,584860000.0,0.879,1.004,701022000.0,0.0,701022000.0,701022000.0,0.0,390382000.0,0.0,0.005,0.038,984738000.0,1375120000.0,0.715,1375120000.0,984738000.0,934476000.0,1.235,1.21,1.235,1689490000.0,1565318750.0,1689490000.0,3932494970.0,4.0,2.86,466742000.0,1.009,1.0,1711552000.0,0.89,0.0,50262000.0,3693542000.0,3442769750.0,21576000.0,0.0,0.0,0.0,1696872000.0,382498000.0,1314374000.0,3359966970.0,-5363000.0,0.0,-122926000.0,-244145000.0,-28114000.0,-391493000.0,-1022419000.0,0.0,1408549000.0,0.0,584860000.0,573864000.0,573864000.0,0.0,0.0,0.298,725582000.0,985970000.0,257681000.0,0.031,1.989,5.855,5.856,2961235000.0,10996000.0,7.232,1.748,1.741,206270000.0,1702339000.0,1922594000.0,1922594000.0,76568000.0,0.182,0.367,0.286,0.512,24040000.0,75174000.0,1.0,464565084.0,462768000,468564000.0,4.155,3386362000.0,0.0,349616000.0,633113000.0,7.318,-46306000.0
80,EOG,MRT,2001-06-30,2001-06-30,2001-06-30,2021-08-04,-37159000.0,3210721000.0,3024186750.0,384577000.0,2826144000.0,0.652,3.579,-847148000.0,68294000.0,68294000.0,197716000.0,629374000.0,0.971,0.936,640822000.0,0.0,640822000.0,640822000.0,0.0,378608000.0,0.0,0.004,0.036,1063212000.0,1441820000.0,0.732,1441820000.0,1063212000.0,1008442000.0,1.33,1.3,1.33,1658586000.0,1455027250.0,1658586000.0,4736092386.0,4.0,3.285,613461000.0,1.324,1.0,1772857000.0,0.9,0.0,54770000.0,3387331000.0,3397184500.0,20424000.0,0.0,0.0,0.0,1552135000.0,395918000.0,1156217000.0,4122070386.0,56579000.0,0.0,-132156000.0,-308728000.0,-27560000.0,-468243000.0,-935787000.0,0.0,1460609000.0,0.0,629374000.0,618382000.0,618382000.0,0.0,0.0,0.314,707176000.0,1065681000.0,227040000.0,0.027,2.485,6.666,6.682,2744530000.0,10992000.0,8.887,2.092,2.09,244202000.0,1637758000.0,1970573000.0,1970573000.0,79058000.0,0.204,0.425,0.313,0.54,37753000.0,71302000.0,1.0,463805388.0,463480000,472188000.0,4.252,3210721000.0,0.0,379068000.0,589563000.0,6.927,-11341000.0
81,EOG,MRT,2001-03-31,2001-03-31,2001-03-31,2021-08-04,-48377000.0,3012280000.0,2884442500.0,358915000.0,2653365000.0,0.633,3.291,-696137000.0,30849000.0,30849000.0,177010000.0,570688000.0,0.884,0.966,644871000.0,0.0,644871000.0,644871000.0,0.0,369089000.0,0.0,0.003,0.034,967721000.0,1336810000.0,0.732,1336810000.0,967721000.0,907994000.0,1.202,1.175,1.202,1532274000.0,1331169500.0,1532274000.0,5651691497.0,6.0,4.228,575398000.0,1.236,1.0,1650242000.0,0.903,0.0,59727000.0,3220221000.0,3396121750.0,20307000.0,0.0,0.0,0.0,1480006000.0,406081000.0,1073925000.0,4812843497.0,-2509000.0,0.0,-161837000.0,-296049000.0,-26442000.0,-487009000.0,-787035000.0,0.0,1271535000.0,0.0,570688000.0,559593000.0,559593000.0,0.0,0.0,0.306,679565000.0,970677000.0,241402000.0,0.028,3.141,8.601,8.575,2569541000.0,11095000.0,10.307,2.634,2.626,286778000.0,1508953000.0,1827252000.0,1827252000.0,74516000.0,0.194,0.42,0.285,0.53,46314000.0,68594000.0,1.0,466926364.0,465536000,475808000.0,3.925,3012280000.0,0.0,337306000.0,500879000.0,6.471,-47166000.0
82,EOG,MRT,2000-12-31,2000-12-31,2000-12-31,2021-08-04,-31756000.0,3001253000.0,2785393750.0,394865000.0,2606388000.0,0.535,2.952,-602638000.0,20152000.0,20152000.0,158252000.0,396931000.0,1.067,1.173,859000000.0,0.0,859000000.0,859000000.0,0.0,359265000.0,0.0,0.002,0.033,694563000.0,1053828000.0,0.707,1053828000.0,694563000.0,633557000.0,0.825,0.81,0.825,1380925000.0,1231575000.0,1380925000.0,7312534310.0,11.0,6.939,364772000.0,0.78,1.0,1331643000.0,0.894,0.0,61006000.0,3469985000.0,3413049500.0,16623000.0,0.0,0.0,0.0,1620328000.0,370116000.0,1250212000.0,6384074310.0,-4684000.0,0.0,-145633000.0,-131306000.0,-26071000.0,-304933000.0,-667161000.0,0.0,967410000.0,0.0,396931000.0,385903000.0,385903000.0,0.0,0.0,0.259,634780000.0,696863000.0,246468000.0,0.04,4.623,16.543,16.555,2525007000.0,11028000.0,13.658,4.285,4.288,342579000.0,1301067000.0,1489895000.0,1489895000.0,67196000.0,0.139,0.313,0.204,0.466,41307000.0,66932000.0,1.0,467440916.0,467736000,476408000.0,3.185,3001253000.0,0.0,236626000.0,418917000.0,6.417,24749000.0
83,EOG,MRT,2000-09-30,2000-09-30,2000-09-30,2021-08-04,-32485000.0,2872493000.0,2687778750.0,331139000.0,2541354000.0,0.467,2.677,-516441000.0,16707000.0,16707000.0,184629000.0,265953000.0,1.143,1.301,945167000.0,0.0,945167000.0,945167000.0,0.0,224432000.0,0.0,0.003,0.031,487862000.0,712294000.0,0.568,712294000.0,487862000.0,427110000.0,0.588,0.575,0.588,1248324000.0,1168746500.0,1248324000.0,5456705174.0,11.0,7.661,256279000.0,0.55,1.0,1069315000.0,0.853,0.0,60752000.0,3511201000.0,3384964500.0,16612000.0,0.0,0.0,0.0,1624169000.0,289752000.0,1334417000.0,4518869174.0,-2133000.0,0.0,-106481000.0,-220058000.0,-22830000.0,-208498000.0,-566355000.0,0.0,772720000.0,0.0,265953000.0,257149000.0,257149000.0,0.0,0.0,0.205,580886000.0,488429000.0,216773000.0,0.053,3.62,17.573,16.531,2443375000.0,8804000.0,9.72,3.604,3.614,267217000.0,1146381000.0,1253944000.0,1253944000.0,52251000.0,0.096,0.22,0.144,0.389,23584000.0,62203000.0,1.0,464904236.0,466236000,477048000.0,2.69,2872493000.0,0.0,161157000.0,354671000.0,6.161,41387000.0
84,EOG,MRT,2000-06-30,2000-06-30,2000-06-30,2021-08-04,-27341000.0,2651744000.0,2618976000.0,265749000.0,2385995000.0,0.412,2.492,-392117000.0,11714000.0,11714000.0,169057000.0,662397000.0,1.287,1.28,949550000.0,0.0,949550000.0,949550000.0,0.0,330953000.0,0.0,0.004,0.03,785375000.0,1116328000.0,1.035,1116328000.0,785375000.0,722448000.0,1.28,1.265,1.28,1163155000.0,1094592000.0,1163155000.0,4827492112.0,6.0,4.324,223615000.0,0.479,1.0,909516000.0,0.843,0.0,62927000.0,3383080000.0,3443081000.0,17364000.0,0.0,0.0,0.0,1488589000.0,206500000.0,1282089000.0,3919930112.0,304000.0,0.0,508872000.0,-190333000.0,-20709000.0,-181918000.0,-433510000.0,0.0,615732000.0,0.0,662397000.0,656348000.0,656348000.0,0.0,0.0,0.609,677974000.0,231542000.0,167040000.0,0.023,3.37,5.972,6.523,2291913000.0,6049000.0,8.35,3.634,3.613,225598000.0,1036745000.0,1078573000.0,1078573000.0,51831000.0,0.251,0.6,0.228,0.728,12742000.0,65151000.0,1.0,469452708.0,466664000,476708000.0,2.311,2651744000.0,0.0,60051000.0,282670000.0,5.682,59249000.0
85,EOG,MRT,2000-03-31,2000-03-31,2000-03-31,2021-08-04,-21909000.0,2616085000.0,2696551500.0,237092000.0,2378993000.0,0.35,2.406,-380893000.0,33358000.0,33358000.0,159212000.0,605518000.0,1.006,1.307,940920000.0,0.0,940920000.0,940920000.0,0.0,331783000.0,0.0,0.006,0.03,692424000.0,1024207000.0,1.086,1024207000.0,692424000.0,630304000.0,1.153,1.14,1.153,1133896000.0,1131314250.0,1133896000.0,3449189589.0,5.0,3.368,168598000.0,0.358,1.0,783829000.0,0.831,0.0,62120000.0,3287932000.0,3619940500.0,16954000.0,0.0,0.0,0.0,1482189000.0,235715000.0,1246474000.0,2483719589.0,20225000.0,0.0,559547000.0,-229598000.0,-19124000.0,-169312000.0,-359954000.0,0.0,549491000.0,0.0,605518000.0,602329000.0,602329000.0,0.0,0.0,0.639,675827000.0,108002000.0,187436000.0,0.026,2.19,4.124,4.595,2294811000.0,3189000.0,5.298,2.634,2.648,180039000.0,965722000.0,943041000.0,943041000.0,48929000.0,0.223,0.532,0.191,0.734,1626000.0,75508000.0,1.0,468847492.0,471308000,473092000.0,2.001,2616085000.0,0.0,24786000.0,262549000.0,5.551,1377000.0
86,EOG,MRT,1999-12-31,1999-12-31,1999-12-31,2021-08-04,-19810000.0,2610793000.0,2790089000.0,200501000.0,2410292000.0,0.302,2.008,-396450000.0,24836000.0,24836000.0,144126000.0,569094000.0,0.917,1.311,990306000.0,0.0,990306000.0,990306000.0,0.0,329668000.0,0.0,0.007,0.03,629531000.0,959199000.0,1.139,959199000.0,629531000.0,567712000.0,1.01,1.002,1.01,1129611000.0,1169018500.0,1129611000.0,3239222290.0,5.0,3.377,47069000.0,0.084,1.0,697973000.0,0.829,0.0,61819000.0,3357645000.0,3834862500.0,18816000.0,0.0,0.0,0.0,1481182000.0,218618000.0,1262564000.0,2092837290.0,18533000.0,0.0,589130000.0,-152473000.0,-17395000.0,-61621000.0,-363365000.0,0.0,443519000.0,0.0,569094000.0,568559000.0,568559000.0,0.0,0.0,0.675,679785000.0,18188000.0,172780000.0,0.03,1.853,3.681,4.347,2334928000.0,535000.0,4.39,2.485,2.933,148189000.0,930938000.0,842099000.0,842099000.0,52773000.0,0.204,0.486,0.164,0.748,1387000.0,82857000.0,1.0,476728312.0,562592000,566508000.0,1.497,2610793000.0,0.0,-1382000.0,245600000.0,4.641,-18117000.0
87,EOG,MRT,1999-09-30,1999-09-30,1999-09-30,2021-08-04,-25264000.0,2597282000.0,2891914500.0,202435000.0,2394847000.0,0.279,1.741,-395213000.0,18840000.0,18840000.0,144427000.0,548590000.0,,1.729,1165225000.0,,,1165225000.0,1049000.0,454599000.0,0.0,0.006,0.03,586938000.0,1041537000.0,1.291,1041537000.0,586938000.0,525555000.0,0.992,0.982,0.992,951706000.0,1206691750.0,951706000.0,4399161288.0,7.0,4.224,-27208000.0,-0.05,1.0,662354000.0,0.821,0.0,61383000.0,3743667000.0,4034094000.0,20500000.0,0.0,0.0,0.0,1645576000.0,,,3270689288.0,9599000.0,0.0,590303000.0,90838000.0,-18429000.0,35490000.0,-393896000.0,0.0,368005000.0,0.0,548590000.0,548590000.0,548590000.0,0.0,0.0,0.68,685985000.0,-23631000.0,212096000.0,0.03,3.437,5.962,5.355,2324270000.0,0.0,5.312,4.054,3.6,135165000.0,904862000.0,806781000.0,806781000.0,57280000.0,0.19,0.455,0.145,0.728,1473000.0,91460000.0,1.0,615659160.0,546648000,553080000.0,1.476,2597282000.0,0.0,-23035000.0,254081000.0,4.751,
88,EOG,MRT,1999-06-30,1999-06-30,1999-06-30,2021-08-04,-26124000.0,2962046000.0,2982957500.0,225270000.0,2736776000.0,0.259,2.134,-589585000.0,11411000.0,11411000.0,152837000.0,41613000.0,,1.261,1139883000.0,,,1139883000.0,2099000.0,340877000.0,0.0,0.006,0.03,103330000.0,444207000.0,0.576,444207000.0,103330000.0,45243000.0,0.065,0.065,0.065,1310044000.0,1287718000.0,1310044000.0,4270646811.0,41.0,9.614,-224218000.0,-0.365,1.0,618426000.0,0.802,0.0,58087000.0,4090518000.0,4104827250.0,35175000.0,0.0,0.0,0.0,1652002000.0,,,3113261811.0,-2157000.0,0.0,-14804000.0,289023000.0,-18439000.0,252374000.0,-619898000.0,0.0,365367000.0,0.0,41613000.0,41613000.0,41613000.0,0.0,0.0,0.054,569629000.0,48797000.0,225572000.0,0.462,2.376,74.815,77.885,2666848000.0,0.0,5.062,4.037,4.03,172264000.0,854846000.0,771263000.0,771263000.0,59033000.0,0.014,0.032,0.025,0.134,508000.0,87271000.0,1.0,614965296.0,613940000,616524000.0,1.256,2962046000.0,0.0,3630000.0,281909000.0,4.825,
89,EOG,MRT,1999-03-31,1999-03-31,1999-03-31,2021-08-04,-32399000.0,2990235000.0,2933186250.0,227661000.0,2762574000.0,0.262,2.089,-654518000.0,13133000.0,13133000.0,152307000.0,34232000.0,,1.328,1170518000.0,,,1170518000.0,3148000.0,325167000.0,0.0,0.007,0.03,88879000.0,414046000.0,0.54,414046000.0,88879000.0,35143000.0,0.055,0.055,0.055,1284713000.0,1285165500.0,1284713000.0,3693034238.0,42.0,8.919,-293420000.0,-0.477,1.0,615068000.0,0.802,0.0,53736000.0,4147620000.0,3982261000.0,38384000.0,0.0,0.0,0.0,1705522000.0,,,2556558238.0,8073000.0,0.0,-16602000.0,371318000.0,-18472000.0,329283000.0,-682308000.0,0.0,361098000.0,0.0,34232000.0,34232000.0,34232000.0,0.0,0.0,0.045,549297000.0,65771000.0,252942000.0,0.545,1.99,74.683,75.591,2681316000.0,0.0,4.157,3.332,3.332,168807000.0,838825000.0,767375000.0,767375000.0,65331000.0,0.012,0.027,0.022,0.116,270000.0,76091000.0,1.0,614926816.0,614932000,618460000.0,1.248,2990235000.0,0.0,911000.0,271988000.0,4.863,
90,EOG,MRT,1998-12-31,1998-12-31,1998-12-31,2021-08-04,-35848000.0,3018095000.0,2870318250.0,246350000.0,2771745000.0,0.282,2.078,-680520000.0,6303000.0,6303000.0,160683000.0,56171000.0,,1.357,1142779000.0,,,1142779000.0,4198000.0,315106000.0,0.0,0.007,0.03,108861000.0,423967000.0,0.525,423967000.0,108861000.0,60282000.0,0.09,0.09,0.09,1280304000.0,1288837750.0,1280304000.0,3716387717.0,34.0,8.766,-276644000.0,-0.449,1.0,647569000.0,0.801,0.0,48579000.0,4154571000.0,3828581750.0,39581000.0,0.0,0.0,0.0,1737791000.0,,,2651241717.0,-3027000.0,0.0,-23262000.0,401504000.0,-18504000.0,352717000.0,-759620000.0,0.0,403876000.0,0.0,56171000.0,56171000.0,56171000.0,0.0,0.0,0.069,533908000.0,113661000.0,308961000.0,0.333,2.071,47.199,47.917,2676363000.0,0.0,4.312,3.28,3.287,193588000.0,838371000.0,808252000.0,808252000.0,65940000.0,0.02,0.044,0.028,0.135,270000.0,69010000.0,1.0,614780688.0,616008000,618292000.0,1.312,3018095000.0,0.0,4111000.0,280424000.0,4.899,
91,EOG,MRT,1998-09-30,1998-09-30,1998-09-30,2021-08-04,-35220000.0,2961454000.0,2796633250.0,235271000.0,2726183000.0,0.29,2.07,-757975000.0,9241000.0,9241000.0,133132000.0,89367000.0,,1.321,1074387000.0,,,1074387000.0,5743000.0,303546000.0,0.0,0.007,0.03,157725000.0,461271000.0,0.568,461271000.0,157725000.0,115421000.0,0.145,0.143,0.145,1275811000.0,1289024000.0,1275811000.0,3541100712.0,22.0,7.677,-256611000.0,-0.416,1.0,679245000.0,0.836,0.0,42304000.0,4026600000.0,3653764000.0,35056000.0,0.0,0.0,0.0,1685643000.0,,,2703808712.0,3116000.0,0.0,-63436000.0,395765000.0,-18609000.0,311931000.0,-810179000.0,0.0,501364000.0,0.0,89367000.0,89367000.0,89367000.0,0.0,0.0,0.11,514862000.0,164383000.0,312328000.0,0.207,2.119,30.255,30.172,2665255000.0,0.0,4.375,3.328,3.319,183123000.0,833017000.0,812377000.0,812377000.0,66706000.0,0.032,0.069,0.043,0.194,0.0,61322000.0,1.0,618013420.0,616332000,617636000.0,1.318,2961454000.0,0.0,26054000.0,301821000.0,4.805,
92,EOG,MRT,1998-06-30,1998-06-30,1998-06-30,2021-08-04,-26799000.0,2762961000.0,,245129000.0,2517832000.0,,2.098,-599813000.0,13568000.0,13568000.0,121853000.0,114596000.0,,1.126,850860000.0,,,850860000.0,15413000.0,291389000.0,0.0,0.006,0.03,189098000.0,480487000.0,0.59,480487000.0,189098000.0,152427000.0,0.185,0.182,0.185,1299834000.0,,1299834000.0,3930154367.0,21.0,8.18,-117838000.0,-0.19,1.0,692382000.0,0.85,0.0,36671000.0,3600253000.0,,34816000.0,0.0,0.0,0.0,1463127000.0,,,3136014367.0,-2963000.0,0.0,-52264000.0,220080000.0,-18687000.0,145993000.0,-630931000.0,0.0,481975000.0,0.0,114596000.0,114596000.0,114596000.0,0.0,0.0,0.141,498441000.0,193941000.0,287237000.0,0.162,2.413,27.366,27.365,2459835000.0,0.0,5.062,3.851,3.851,188332000.0,831684000.0,814235000.0,814235000.0,61192000.0,,,,0.232,0.0,60452000.0,1.0,619459628.0,619428000,623080000.0,1.314,2762961000.0,0.0,37831000.0,306131000.0,4.461,
93,EOG,MRT,1998-03-31,1998-03-31,1998-03-31,2021-08-04,-17614000.0,2738763000.0,,283881000.0,2454882000.0,,2.099,-607531000.0,5060000.0,5060000.0,122688000.0,125910000.0,,1.108,799200000.0,,,799200000.0,25566000.0,287501000.0,0.0,0.005,0.03,186077000.0,473578000.0,0.59,473578000.0,186077000.0,154365000.0,0.203,0.2,0.203,1299402000.0,,1299402000.0,4282193928.0,23.0,9.042,-100045000.0,-0.162,1.0,679993000.0,0.847,0.0,31712000.0,3532903000.0,,34355000.0,0.0,0.0,0.0,1439361000.0,,,3550248928.0,1450000.0,0.0,-67748000.0,284420000.0,-18787000.0,199422000.0,-705458000.0,0.0,507486000.0,0.0,125910000.0,125910000.0,125910000.0,0.0,0.0,0.157,490102000.0,189891000.0,307826000.0,0.148,2.732,28.197,28.251,2401829000.0,0.0,5.735,4.423,4.422,236658000.0,823074000.0,802681000.0,802681000.0,59611000.0,,,,0.232,0.0,57362000.0,1.0,619049508.0,618944000,622088000.0,1.297,2738763000.0,0.0,28455000.0,305232000.0,4.425,
94,EOG,MRT,1997-12-31,1997-12-31,1997-12-31,2021-08-04,-19771000.0,2723355000.0,2590854000.0,282035000.0,2441320000.0,0.302,2.035,-626198000.0,9330000.0,9330000.0,113367000.0,121970000.0,,1.126,741275000.0,,,741275000.0,39918000.0,278179000.0,0.0,0.006,0.03,191187000.0,469366000.0,0.599,469366000.0,191187000.0,163470000.0,0.195,0.193,0.195,1281049000.0,1273069500.0,1281049000.0,,,,-95269000.0,-0.151,1.0,670134000.0,0.855,0.0,27717000.0,3455300000.0,3186049000.0,32040000.0,0.0,0.0,0.0,1442306000.0,,,3279414769.0,1686000.0,0.0,-94165000.0,279095000.0,-18938000.0,167887000.0,-697130000.0,0.0,530929000.0,0.0,121970000.0,121970000.0,121970000.0,0.0,0.0,0.156,477359000.0,192775000.0,335696000.0,0.154,2.56,26.887,27.167,2387207000.0,0.0,5.298,4.186,4.256,232099000.0,800709000.0,783501000.0,783501000.0,57696000.0,0.047,0.096,0.06,0.244,0.0,54415000.0,1.0,619049508.0,629504000,632640000.0,1.245,2723355000.0,0.0,41500000.0,316519000.0,4.326,
95,EOG,MRT,1997-09-30,1997-09-30,1997-09-30,2021-08-04,,,,,,,,,,,,,,,,,,,,,,0.005,0.03,,,,,,,,,,,,,,,,,,1.0,,,,,,,,,,,,,,,,,,,,,,,,,,,,,,,,,,,,,,,,5.562,,,,,,,,,,,,,,1.0,,628288000,,,,,,,,
96,EOG,MRT,1997-06-30,1997-06-30,1997-06-30,2021-08-04,,,,,,,,,,,,,,,,,,,,,,0.007,0.03,,,,,,,,,,,,,,,,,,1.0,,,,,,,,,,,,,,,,,,,,,,,,,,,,,,,,,,,,,,,,4.532,,,,,,,,,,,,,,1.0,,629956000,,,,,,,,
97,EOG,MRT,1997-03-31,1997-03-31,1997-03-31,2021-08-04,,,,,,,,,,,,,,,,,,,,,,0.006,0.03,,,,,,,,,,,,,,,,,,1.0,,,,,,,,,,,,,,,,,,,,,,,,,,,,,,,,,,,,,,,,5.188,,,,,,,,,,,,,,1.0,,635464000,,,,,,,,
98,EOG,MRT,1996-12-31,1996-12-31,1996-12-31,2021-08-04,-10179000.0,2458353000.0,,325910000.0,2132443000.0,,1.979,-539330000.0,7644000.0,7644000.0,89811000.0,140008000.0,,0.943,466089000.0,,,466089000.0,56383000.0,251278000.0,0.0,0.005,0.03,203823000.0,455101000.0,0.623,455101000.0,203823000.0,190962000.0,0.22,0.217,0.22,1265090000.0,,1265090000.0,,,,-174220000.0,-0.272,1.0,640837000.0,0.877,0.0,12861000.0,2916798000.0,,20746000.0,0.0,0.0,0.0,1193263000.0,,,,-15395000.0,0.0,-21319000.0,179060000.0,-19161000.0,131055000.0,-511560000.0,0.0,365110000.0,0.0,140008000.0,140008000.0,140008000.0,0.0,0.0,0.192,432007000.0,208830000.0,317360000.0,0.136,,,28.693,2099589000.0,0.0,6.312,,5.524,277298000.0,697564000.0,730648000.0,730648000.0,55009000.0,,,,0.279,0.0,56405000.0,1.0,,639412000,646100000.0,1.143,2458353000.0,0.0,50954000.0,327502000.0,3.845,
99,EOG,MRT,1995-12-31,1995-12-31,1995-12-31,2021-08-04,,,,,,,,-445047000.0,,,69463000.0,142118000.0,,,,,,,,216047000.0,,0.005,0.03,195978000.0,412025000.0,0.635,412025000.0,195978000.0,184054000.0,0.223,0.22,0.223,,,,,,,-109692000.0,-0.171,1.0,579239000.0,0.893,,11924000.0,,,,,,,,,,,17229000.0,0.0,-7526000.0,100420000.0,-19193000.0,73168000.0,-391294000.0,0.0,335355000.0,0.0,142118000.0,142118000.0,142118000.0,0.0,0.0,0.219,383930000.0,195309000.0,,0.135,,,26.906,,0.0,6.0,,5.916,,,648702000.0,648702000.0,42044000.0,,,,0.302,0.0,56626000.0,1.0,,639668000,644528000.0,1.014,,,41936000.0,,,
