None,ticker,dimension,calendardate,datekey,reportperiod,lastupdated,accoci,assets,assetsavg,assetsc,assetsnc,assetturnover,bvps,capex,cashneq,cashnequsd,cor,consolinc,currentratio,de,debt,debtc,debtnc,debtusd,deferredrev,depamor,deposits,divyield,dps,ebit,ebitda,ebitdamargin,ebitdausd,ebitusd,ebt,eps,epsdil,epsusd,equity,equityavg,equityusd,ev,evebit,evebitda,fcf,fcfps,fxusd,gp,grossmargin,intangibles,intexp,invcap,invcapavg,inventory,investments,investmentsc,investmentsnc,liabilities,liabilitiesc,liabilitiesnc,marketcap,ncf,ncfbus,ncfcommon,ncfdebt,ncfdiv,ncff,ncfi,ncfinv,ncfo,ncfx,netinc,netinccmn,netinccmnusd,netincdis,netincnci,netmargin,opex,opinc,payables,payoutratio,pb,pe,pe1,ppnenet,prefdivis,price,ps,ps1,receivables,retearn,revenue,revenueusd,rnd,roa,roe,roic,ros,sbcomp,sgna,sharefactor,sharesbas,shareswa,shareswadil,sps,tangibles,taxassets,taxexp,taxliabilities,tbvps,workingcapital
0,INCY,MRY,2020-12-31,2020-12-31,2020-12-31,2021-08-03,-15360000.0,3560918000.0,3208272750.0,2359894000.0,1201024000.0,0.831,11.974,-187379000.0,1514765000.0,1514765000.0,131328000.0,-295697000.0,3.739,0.364,34857000.0,2284000.0,32573000.0,34857000.0,0.0,51807000.0,0.0,0.0,0.0,-230044000.0,-178237000.0,-0.067,-178237000.0,-230044000.0,-232218000.0,-1.36,-1.36,-1.36,2611268000.0,2321106500.0,2611268000.0,17594567908.0,-76.0,-98.714,-311978000.0,-1.431,1.0,2535374000.0,0.951,327884000.0,2174000.0,1121931000.0,996573000.0,35973000.0,510670000.0,288369000.0,222301000.0,949650000.0,631195000.0,318455000.0,19048279908.0,-318942000.0,0.0,110305000.0,-836000.0,0.0,71709000.0,-269001000.0,-81622000.0,-124599000.0,2949000.0,-295697000.0,-295697000.0,-295697000.0,0.0,0.0,-0.111,2775665000.0,-240291000.0,98767000.0,0.0,7.295,-64.418,-63.956,588076000.0,0.0,86.98,7.143,7.113,481994000.0,-1726455000.0,2666702000.0,2666702000.0,2215942000.0,-0.092,-0.127,-0.231,-0.086,177877000.0,516922000.0,1.0,218996090.0,218073000,218073000.0,12.228,3233034000.0,0.0,63479000.0,0.0,14.825,1728699000.0
1,INCY,MRY,2019-12-31,2019-12-31,2019-12-31,2021-08-03,-15542000.0,3426750000.0,3085840500.0,2481488000.0,945262000.0,0.7,12.091,-78064000.0,1833707000.0,1833707000.0,114249000.0,446906000.0,4.834,0.319,50882000.0,18964000.0,31918000.0,50882000.0,0.0,54533000.0,0.0,0.0,0.0,488646000.0,543179000.0,0.252,543179000.0,488646000.0,486791000.0,2.08,2.05,2.08,2598406000.0,2338422750.0,2598406000.0,17156048363.0,35.0,31.585,632592000.0,2.943,1.0,2044510000.0,0.947,349421000.0,1855000.0,781164000.0,780367250.0,16505000.0,418527000.0,284870000.0,133657000.0,828344000.0,513340000.0,315004000.0,18808491363.0,668721000.0,0.0,63299000.0,-822000.0,0.0,45711000.0,-87454000.0,-9390000.0,710656000.0,-192000.0,446906000.0,446906000.0,446906000.0,0.0,0.0,0.207,1622822000.0,421688000.0,83647000.0,0.0,7.238,42.086,41.981,406625000.0,0.0,87.32,8.713,8.693,308809000.0,-1430758000.0,2158759000.0,2158759000.0,1154111000.0,0.145,0.191,0.626,0.226,166589000.0,468711000.0,1.0,215397290.0,214913000,217657000.0,10.045,3077329000.0,0.0,39885000.0,0.0,14.319,1968148000.0
2,INCY,MRY,2018-12-31,2018-12-31,2018-12-31,2021-08-03,-10165000.0,2645762000.0,2467219500.0,1832254000.0,813508000.0,0.763,9.068,-73483000.0,1164986000.0,1164986000.0,94123000.0,109493000.0,4.308,0.374,17434000.0,0.0,17434000.0,17434000.0,0.0,54969000.0,0.0,0.0,0.0,116890000.0,171859000.0,0.091,171859000.0,116890000.0,115347000.0,0.52,0.51,0.52,1925967000.0,1772458250.0,1925967000.0,12444154131.0,106.0,72.409,262744000.0,1.237,1.0,1787760000.0,0.95,370957000.0,1543000.0,701976000.0,685937500.0,10405000.0,373542000.0,274343000.0,99199000.0,719795000.0,425277000.0,294518000.0,13532470131.0,264552000.0,0.0,29942000.0,0.0,0.0,14657000.0,-86423000.0,-12940000.0,336227000.0,91000.0,109493000.0,109493000.0,109493000.0,0.0,0.0,0.058,1632364000.0,155396000.0,103827000.0,0.0,7.026,123.592,122.288,319751000.0,0.0,63.59,7.191,7.177,307598000.0,-1877759000.0,1881883000.0,1881883000.0,1197957000.0,0.044,0.062,0.17,0.062,148153000.0,434407000.0,1.0,212808148.0,212383000,215635000.0,8.861,2274805000.0,0.0,5854000.0,0.0,10.711,1406977000.0
3,INCY,MRY,2017-12-31,2017-12-31,2017-12-31,2021-08-03,-7010000.0,2302582000.0,1980918250.0,1504854000.0,797728000.0,0.776,7.971,-111021000.0,900434000.0,900434000.0,79479000.0,-313142000.0,4.009,0.412,24001000.0,7393000.0,16608000.0,24001000.0,0.0,52178000.0,0.0,0.0,0.0,-305390000.0,-253212000.0,-0.165,-253212000.0,-305390000.0,-312290000.0,-1.53,-1.53,-1.53,1630629000.0,1345287000.0,1630629000.0,18882082535.0,-62.0,-74.57,-204009000.0,-0.997,1.0,1456737000.0,0.948,392494000.0,6900000.0,658259000.0,574025250.0,14448000.0,404492000.0,270136000.0,134356000.0,671953000.0,375396000.0,296557000.0,19987343535.0,247205000.0,0.0,716151000.0,0.0,0.0,690210000.0,-349978000.0,-238957000.0,-92988000.0,-39000.0,-313142000.0,-313142000.0,-313142000.0,0.0,0.0,-0.204,1692420000.0,-235683000.0,67671000.0,0.0,12.257,-63.828,-61.902,259763000.0,0.0,94.71,13.011,12.613,266299000.0,-1990005000.0,1536216000.0,1536216000.0,1326134000.0,-0.158,-0.233,-0.532,-0.199,133055000.0,366286000.0,1.0,211037309.0,204580000,204580000.0,7.509,1910088000.0,0.0,852000.0,0.0,9.337,1129458000.0
4,INCY,MRY,2016-12-31,2016-12-31,2016-12-31,2021-08-03,-2886000.0,1638597000.0,1426177250.0,994178000.0,644419000.0,0.775,2.233,-120277000.0,653229000.0,653229000.0,58187000.0,104222000.0,3.635,2.906,651481000.0,0.0,651481000.0,651481000.0,0.0,58425000.0,0.0,0.0,0.0,146149000.0,204574000.0,0.185,204574000.0,146149000.0,107404000.0,0.55,0.54,0.55,419467000.0,328566000.0,419467000.0,18951764589.0,130.0,92.64,184479000.0,0.982,1.0,1047532000.0,0.947,414030000.0,38745000.0,949318000.0,924014000.0,19299000.0,188190000.0,156203000.0,31987000.0,1219130000.0,273501000.0,945629000.0,18889378589.0,116881000.0,-142856000.0,49973000.0,-445000.0,0.0,44622000.0,-232488000.0,30645000.0,304756000.0,-9000.0,104222000.0,104222000.0,104222000.0,0.0,0.0,0.094,885112000.0,162420000.0,75599000.0,0.0,45.032,181.242,182.309,167679000.0,0.0,100.27,17.083,17.037,148758000.0,-1674765000.0,1105719000.0,1105719000.0,581861000.0,0.073,0.317,0.158,0.132,96201000.0,303251000.0,1.0,188385146.0,187873000,194125000.0,5.885,1224567000.0,0.0,3182000.0,0.0,6.518,720677000.0
5,INCY,MRY,2015-12-31,2015-12-31,2015-12-31,2021-08-03,-809000.0,1007440000.0,933083250.0,842375000.0,165065000.0,0.808,0.953,-26003000.0,535932000.0,535932000.0,26972000.0,6531000.0,5.014,4.886,619893000.0,0.0,619893000.0,619893000.0,12512000.0,44883000.0,0.0,0.0,0.0,53159000.0,98042000.0,0.13,98042000.0,53159000.0,7556000.0,0.04,0.03,0.04,171155000.0,68413250.0,171155000.0,20331400837.0,382.0,207.374,63405000.0,0.353,1.0,726779000.0,0.964,0.0,45603000.0,923394000.0,932477500.0,19338000.0,221592000.0,186344000.0,35248000.0,836285000.0,168007000.0,668278000.0,20171896837.0,69142000.0,0.0,86436000.0,-1699000.0,0.0,84744000.0,-105010000.0,-79007000.0,89408000.0,0.0,6531000.0,6531000.0,6531000.0,0.0,0.0,0.009,676128000.0,50651000.0,30085000.0,0.0,117.857,3088.638,2711.25,86006000.0,0.0,108.45,26.762,25.841,114450000.0,-1778987000.0,753751000.0,753751000.0,479514000.0,0.007,0.095,0.057,0.071,69872000.0,196614000.0,1.0,186001815.0,179601000,187302000.0,4.197,1007440000.0,0.0,1025000.0,0.0,5.609,674368000.0
6,INCY,MRY,2014-12-31,2014-12-31,2014-12-31,2021-08-03,1815000.0,796477000.0,731918750.0,679573000.0,116904000.0,0.699,-0.486,-27876000.0,466797000.0,466797000.0,3004000.0,-48481000.0,3.074,-10.757,675167000.0,85186000.0,589981000.0,675167000.0,25391000.0,41413000.0,0.0,0.0,0.0,-1719000.0,39694000.0,0.078,39694000.0,-1719000.0,-48547000.0,-0.29,-0.29,-0.29,-81628000.0,-126159750.0,-81628000.0,12650648165.0,-7359.0,318.704,-1620000.0,-0.01,1.0,508491000.0,0.994,0.0,46828000.0,783786000.0,841457500.0,19436000.0,147966000.0,147966000.0,0.0,878105000.0,221061000.0,657044000.0,12351339165.0,-19132000.0,0.0,92844000.0,0.0,0.0,93057000.0,-138439000.0,-110563000.0,26256000.0,-6000.0,-48481000.0,-48481000.0,-48481000.0,0.0,0.0,-0.095,513295000.0,-4804000.0,24462000.0,0.0,-151.313,-254.767,-252.103,81790000.0,0.0,73.11,24.148,24.005,57933000.0,-1785518000.0,511495000.0,511495000.0,347523000.0,-0.066,0.384,-0.002,-0.003,62178000.0,165772000.0,1.0,168941857.0,167947000,167947000.0,3.046,796477000.0,0.0,-66000.0,0.0,4.742,458512000.0
7,INCY,MRY,2013-12-31,2013-12-31,2013-12-31,2021-08-03,1993000.0,629568000.0,412867250.0,555799000.0,73769000.0,0.86,-1.301,-4267000.0,471429000.0,471429000.0,630000.0,-83147000.0,5.144,-4.26,661567000.0,0.0,661567000.0,661567000.0,38259000.0,29207000.0,0.0,0.0,0.0,-44196000.0,-14989000.0,-0.042,-14989000.0,-44196000.0,-82848000.0,-0.56,-0.56,-0.56,-193108000.0,-88907250.0,-193108000.0,8072497019.0,-183.0,-538.561,4913000.0,0.033,1.0,354317000.0,0.998,0.0,38652000.0,711664000.0,335224750.0,15343000.0,52575000.0,38075000.0,14500000.0,822676000.0,108042000.0,714634000.0,8157483019.0,247372000.0,0.0,73157000.0,228702000.0,0.0,275589000.0,-37397000.0,-33130000.0,9180000.0,0.0,-83147000.0,-83147000.0,-83147000.0,0.0,0.0,-0.234,370419000.0,-16102000.0,19102000.0,0.0,-42.243,-98.109,-90.411,26848000.0,0.0,50.63,22.982,21.168,35374000.0,-1737037000.0,354947000.0,354947000.0,260436000.0,-0.201,0.935,-0.132,-0.125,38184000.0,109983000.0,1.0,161119554.0,148403000,148403000.0,2.392,629568000.0,895000.0,299000.0,895000.0,4.242,447757000.0
8,INCY,MRY,2012-12-31,2012-12-31,2012-12-31,2021-08-03,1878000.0,330419000.0,308129500.0,309514000.0,20905000.0,0.964,-1.348,-2839000.0,224057000.0,224057000.0,157000.0,-44320000.0,2.275,-2.889,331076000.0,0.0,331076000.0,331076000.0,104305000.0,29979000.0,0.0,0.0,0.0,1912000.0,31891000.0,0.107,31891000.0,1912000.0,-44146000.0,-0.34,-0.34,-0.34,-174957000.0,-215238000.0,-174957000.0,2265374419.0,1185.0,71.035,-97669000.0,-0.753,1.0,296902000.0,0.999,0.0,46058000.0,301364000.0,245152000.0,8753000.0,4361000.0,4361000.0,0.0,505376000.0,136074000.0,369302000.0,2179358419.0,-49107000.0,0.0,47711000.0,0.0,0.0,47711000.0,-1988000.0,851000.0,-94830000.0,0.0,-44320000.0,-44320000.0,-44320000.0,0.0,0.0,-0.149,295754000.0,1148000.0,13961000.0,0.0,-12.457,-49.173,-48.853,6348000.0,0.0,16.61,7.336,7.255,70951000.0,-1653890000.0,297059000.0,297059000.0,210391000.0,-0.144,0.206,0.008,0.006,38493000.0,85363000.0,1.0,131207611.0,129747000,129747000.0,2.29,330419000.0,0.0,174000.0,0.0,2.547,173440000.0
9,INCY,MRY,2011-12-31,2011-12-31,2011-12-31,2021-08-03,1642000.0,328962000.0,394113750.0,310778000.0,18184000.0,0.24,-1.811,-3799000.0,292458000.0,292458000.0,0.0,-186540000.0,2.292,-2.449,316153000.0,0.0,316153000.0,316153000.0,173575000.0,26990000.0,0.0,0.0,0.0,-142721000.0,-115731000.0,-1.225,-115731000.0,-142721000.0,-186540000.0,-1.49,-1.49,-1.49,-227077000.0,-162089750.0,-227077000.0,1864813260.0,-13.0,-16.113,-165514000.0,-1.32,1.0,94455000.0,1.0,8217000.0,43819000.0,208826000.0,218339250.0,3536000.0,4430000.0,4430000.0,0.0,556039000.0,135614000.0,420425000.0,1895846260.0,-144748000.0,0.0,19468000.0,0.0,0.0,19468000.0,-2501000.0,1298000.0,-161715000.0,0.0,-186540000.0,-186540000.0,-186540000.0,0.0,0.0,-1.975,237638000.0,-143183000.0,14939000.0,0.0,-8.349,-10.163,-10.074,6431000.0,0.0,15.01,20.071,19.921,6415000.0,-1609570000.0,94455000.0,94455000.0,178707000.0,-0.473,1.151,-0.654,-1.511,28983000.0,58219000.0,1.0,126305547.0,125362000,125362000.0,0.753,320745000.0,0.0,0.0,0.0,2.559,175164000.0
10,INCY,MRY,2010-12-31,2010-12-31,2010-12-31,2021-08-03,1986000.0,489581000.0,487641250.0,455454000.0,34127000.0,0.348,-0.729,-4109000.0,455788000.0,455788000.0,0.0,-31846000.0,4.01,-6.523,293432000.0,0.0,293432000.0,293432000.0,238193000.0,24485000.0,0.0,0.0,0.0,11477000.0,35962000.0,0.212,35962000.0,11477000.0,-31846000.0,-0.26,-0.26,-0.26,-88644000.0,-109187000.0,-88644000.0,1890685865.0,165.0,52.575,93829000.0,0.771,1.0,169878000.0,1.0,10432000.0,43323000.0,203220000.0,201910500.0,0.0,6256000.0,6256000.0,0.0,578225000.0,113573000.0,464652000.0,2038789865.0,-31912000.0,0.0,13590000.0,-158644000.0,0.0,-145054000.0,15204000.0,19313000.0,97938000.0,0.0,-31846000.0,-31846000.0,-31846000.0,0.0,0.0,-0.187,155829000.0,14049000.0,10773000.0,0.0,-23.0,-64.02,-63.692,4804000.0,0.0,16.56,12.001,11.857,5701000.0,-1423030000.0,169878000.0,169878000.0,123880000.0,-0.065,0.292,0.057,0.068,14856000.0,32328000.0,1.0,123115330.0,121628000,121628000.0,1.397,479149000.0,0.0,0.0,0.0,3.939,341881000.0
11,INCY,MRY,2009-12-31,2009-12-31,2009-12-31,2021-08-03,707000.0,712390000.0,383464250.0,656055000.0,56335000.0,0.024,-0.995,-387000.0,506047000.0,506047000.0,0.0,-211870000.0,4.939,-7.958,443138000.0,0.0,443138000.0,443138000.0,305199000.0,16690000.0,0.0,0.0,0.0,-179745000.0,-163055000.0,-17.599,-163055000.0,-179745000.0,-211870000.0,-2.06,-2.06,-2.06,-102384000.0,-212480250.0,-102384000.0,1133677445.0,-6.0,-6.953,11971000.0,0.116,1.0,9265000.0,1.0,13879000.0,32125000.0,502776000.0,442739250.0,0.0,24107000.0,20594000.0,3513000.0,814774000.0,132826000.0,681948000.0,1079903445.0,271057000.0,0.0,134397000.0,164080000.0,0.0,242254000.0,16452000.0,16839000.0,12358000.0,-7000.0,-211870000.0,-211870000.0,-211870000.0,0.0,0.0,-22.868,149033000.0,-139768000.0,20964000.0,0.0,-10.548,-5.097,-4.422,1752000.0,0.0,9.11,116.557,101.221,163661000.0,-1391184000.0,9265000.0,9265000.0,119442000.0,-0.553,0.997,-0.406,-19.4,9980000.0,27580000.0,1.0,118540444.0,102943000,102943000.0,0.09,698511000.0,0.0,0.0,0.0,6.785,523229000.0
12,INCY,MRY,2008-12-31,2008-12-31,2008-12-31,2021-08-03,-2747000.0,232388000.0,234713000.0,205494000.0,26894000.0,0.017,-2.459,-698000.0,178767000.0,178767000.0,0.0,-178920000.0,4.082,-2.053,396167000.0,0.0,396167000.0,396167000.0,62000.0,13071000.0,0.0,0.0,0.0,-153983000.0,-140912000.0,-35.956,-140912000.0,-153983000.0,-178920000.0,-1.99,-1.99,-1.99,-220750000.0,-208092500.0,-220750000.0,554383935.0,-4.0,-3.934,-141558000.0,-1.577,1.0,3919000.0,1.0,4339000.0,24937000.0,395112000.0,409339250.0,0.0,39016000.0,19257000.0,19759000.0,453138000.0,50337000.0,402801000.0,368278935.0,69913000.0,0.0,104880000.0,0.0,0.0,104880000.0,105893000.0,106591000.0,-140860000.0,0.0,-178920000.0,-178920000.0,-178920000.0,0.0,0.0,-45.655,163208000.0,-159289000.0,15679000.0,0.0,-1.668,-2.058,-1.905,2796000.0,0.0,3.79,93.973,86.83,1050000.0,-1179314000.0,3919000.0,3919000.0,146362000.0,-0.762,0.86,-0.376,-39.291,15026000.0,17073000.0,1.0,97171223.0,89785000,89785000.0,0.044,228049000.0,0.0,0.0,0.0,2.54,155157000.0
13,INCY,MRY,2007-12-31,2007-12-31,2007-12-31,2021-08-03,-528000.0,275695000.0,298027250.0,264412000.0,11283000.0,0.116,-1.895,-1153000.0,108854000.0,108854000.0,0.0,-86881000.0,7.225,-2.728,386556000.0,0.0,386556000.0,386556000.0,649000.0,12963000.0,0.0,0.0,0.0,-62849000.0,-49886000.0,-1.448,-49886000.0,-62849000.0,-86881000.0,-1.03,-1.03,-1.03,-159517000.0,-131275500.0,-159517000.0,1128568933.0,-18.0,-22.623,-93847000.0,-1.115,1.0,34440000.0,1.0,6443000.0,24032000.0,510359000.0,567259500.0,0.0,148473000.0,147576000.0,897000.0,435212000.0,36595000.0,398617000.0,846694933.0,89993000.0,0.0,2325000.0,10000000.0,0.0,12325000.0,170362000.0,171515000.0,-92694000.0,0.0,-86881000.0,-86881000.0,-86881000.0,0.0,0.0,-2.523,119720000.0,-85280000.0,7806000.0,0.0,-5.308,-9.745,-9.757,3943000.0,0.0,10.05,24.585,24.566,1551000.0,-1000394000.0,34440000.0,34440000.0,104889000.0,-0.292,0.662,-0.111,-1.825,10059000.0,15238000.0,1.0,84248252.0,84185000,84185000.0,0.409,269252000.0,0.0,0.0,0.0,3.198,227817000.0
14,INCY,MRY,2006-12-31,2006-12-31,2006-12-31,2021-08-03,-415000.0,353603000.0,398089250.0,327761000.0,25842000.0,0.069,-1.013,-1568000.0,18861000.0,18861000.0,0.0,-74166000.0,6.643,-5.165,371103000.0,0.0,371103000.0,371103000.0,23231000.0,7411000.0,0.0,0.0,0.0,-56255000.0,-48844000.0,-1.767,-48844000.0,-56255000.0,-74166000.0,-0.89,-0.89,-0.89,-84908000.0,-60888500.0,-84908000.0,834524574.0,-15.0,-17.086,-51935000.0,-0.62,1.0,27643000.0,1.0,8715000.0,17911000.0,647790000.0,599071750.0,0.0,310949000.0,299712000.0,11237000.0,438511000.0,49340000.0,389171000.0,489713574.0,7367000.0,0.0,1408000.0,30291000.0,0.0,31699000.0,26035000.0,27603000.0,-50367000.0,0.0,-74166000.0,-74166000.0,-74166000.0,0.0,0.0,-2.683,104507000.0,-76864000.0,5916000.0,0.0,-5.768,-6.603,-6.562,5890000.0,0.0,5.84,17.716,17.704,2073000.0,-913513000.0,27643000.0,27643000.0,87596000.0,-0.186,1.218,-0.094,-2.035,8890000.0,14027000.0,1.0,83855064.0,83799000,83799000.0,0.33,344888000.0,0.0,0.0,0.0,4.116,278421000.0
15,INCY,MRY,2005-12-31,2005-12-31,2005-12-31,2021-08-03,1228000.0,374108000.0,424080500.0,353976000.0,20132000.0,0.019,-0.233,-1574000.0,11494000.0,11494000.0,0.0,-103043000.0,12.707,-20.287,341862000.0,0.0,341862000.0,341862000.0,604000.0,8192000.0,0.0,0.0,0.0,-87543000.0,-79351000.0,-10.114,-79351000.0,-87543000.0,-103595000.0,-1.24,-1.24,-1.24,-19397000.0,19434250.0,-19397000.0,738194305.0,-8.0,-9.303,-103446000.0,-1.242,1.0,7846000.0,1.0,11153000.0,16052000.0,665466000.0,688178750.0,0.0,334789000.0,333477000.0,1312000.0,393505000.0,27857000.0,365648000.0,445472305.0,-120686000.0,0.0,1489000.0,-35837000.0,0.0,-34348000.0,15528000.0,17102000.0,-101872000.0,6000.0,-103043000.0,-103043000.0,-103043000.0,-314000.0,0.0,-13.133,108630000.0,-100784000.0,3573000.0,0.0,-22.966,-4.323,-4.306,7667000.0,0.0,5.34,56.777,56.708,1423000.0,-839347000.0,7846000.0,7846000.0,95618000.0,-0.243,-5.302,-0.127,-11.158,186000.0,11656000.0,1.0,83421780.0,83321000,83321000.0,0.094,362955000.0,0.0,-552000.0,0.0,4.356,326119000.0
16,INCY,MRY,2004-12-31,2004-12-31,2004-12-31,2021-08-03,-2226000.0,516919000.0,527002250.0,481313000.0,35606000.0,0.027,1.053,237000.0,132180000.0,132180000.0,0.0,-164817000.0,15.289,5.584,378766000.0,0.0,378766000.0,378766000.0,1807000.0,13913000.0,0.0,0.0,0.0,-147123000.0,-133210000.0,-9.417,-133210000.0,-147123000.0,-164364000.0,-2.21,-2.21,-2.21,78517000.0,69931750.0,78517000.0,1037970093.0,-7.0,-7.792,-114430000.0,-1.535,1.0,14146000.0,1.0,14220000.0,17241000.0,717804000.0,722516500.0,0.0,349011000.0,337584000.0,11427000.0,438402000.0,31481000.0,406921000.0,737848093.0,102482000.0,0.0,90150000.0,204088000.0,0.0,294238000.0,-77160000.0,-77309000.0,-114667000.0,71000.0,-164817000.0,-164817000.0,-164817000.0,1153000.0,0.0,-11.651,162999000.0,-148853000.0,2321000.0,0.0,9.397,-4.477,-4.52,9959000.0,0.0,9.99,52.159,52.651,2143000.0,-736304000.0,14146000.0,14146000.0,88271000.0,-0.313,-2.357,-0.204,-10.4,463000.0,20551000.0,1.0,73858668.0,74555000,74555000.0,0.19,502699000.0,0.0,453000.0,0.0,6.743,449832000.0
17,INCY,MRY,2003-12-31,2003-12-31,2003-12-31,2021-08-03,-566000.0,379545000.0,440583750.0,310927000.0,68618000.0,0.094,2.162,-9738000.0,29698000.0,29698000.0,0.0,-166463000.0,7.405,1.459,167786000.0,0.0,167786000.0,167786000.0,4534000.0,16895000.0,0.0,0.0,0.0,-156560000.0,-139665000.0,-3.39,-139665000.0,-156560000.0,-166121000.0,-2.33,-2.33,-2.33,154333000.0,212440750.0,154333000.0,649184940.0,-4.0,-4.648,-128070000.0,-1.794,1.0,41197000.0,1.0,23109000.0,9561000.0,452534000.0,509926250.0,0.0,280305000.0,264109000.0,16196000.0,225212000.0,41990000.0,183222000.0,495601940.0,6770000.0,-5725000.0,1892000.0,-3059000.0,0.0,-1167000.0,126351000.0,141814000.0,-118332000.0,-82000.0,-166463000.0,-166463000.0,-166463000.0,77000.0,0.0,-4.041,190549000.0,-149352000.0,6450000.0,0.0,3.211,-2.977,-2.936,27193000.0,0.0,6.84,12.03,11.85,5228000.0,-571487000.0,41197000.0,41197000.0,111404000.0,-0.378,-0.784,-0.307,-3.8,1628000.0,29370000.0,1.0,72456424.0,71369000,71369000.0,0.577,356436000.0,0.0,342000.0,0.0,4.994,268937000.0
18,INCY,MRY,2002-12-31,2002-12-31,2002-12-31,2021-08-03,2454000.0,552139000.0,616944000.0,458771000.0,93368000.0,0.155,4.487,-11890000.0,22928000.0,22928000.0,0.0,-136885000.0,5.905,0.826,172036000.0,0.0,172036000.0,172036000.0,11662000.0,22108000.0,0.0,0.0,0.0,-126143000.0,-104035000.0,-1.09,-104035000.0,-126143000.0,-135940000.0,-2.03,-2.03,-2.03,302410000.0,374643750.0,302410000.0,466168767.0,-4.0,-4.481,-70156000.0,-1.041,1.0,95473000.0,1.0,26066000.0,9797000.0,597488000.0,656725250.0,0.0,441605000.0,406090000.0,35515000.0,249729000.0,77693000.0,172036000.0,309761767.0,-20440000.0,0.0,1459000.0,-4690000.0,0.0,-3159000.0,41228000.0,53118000.0,-58266000.0,-243000.0,-136885000.0,-136885000.0,-136885000.0,3088000.0,0.0,-1.434,228100000.0,-132627000.0,9999000.0,0.0,1.024,-2.263,-2.246,31787000.0,0.0,4.56,3.244,3.219,8485000.0,-405024000.0,95473000.0,95473000.0,145308000.0,-0.222,-0.365,-0.192,-1.321,4097000.0,45148000.0,1.0,67930212.0,67403000,67403000.0,1.416,526073000.0,0.0,945000.0,0.0,7.805,381078000.0
19,INCY,MRY,2001-12-31,2001-12-31,2001-12-31,2021-08-03,8990000.0,705559000.0,808802500.0,591221000.0,114338000.0,0.271,6.65,-12919000.0,43368000.0,43368000.0,0.0,-183235000.0,6.866,0.603,179248000.0,0.0,179248000.0,179248000.0,24045000.0,46410000.0,0.0,0.0,0.0,-172177000.0,-125767000.0,-0.574,-125767000.0,-172177000.0,-182305000.0,-2.77,-2.77,-2.77,440203000.0,559496750.0,440203000.0,1424729098.0,-8.0,-11.328,-59923000.0,-0.905,1.0,219263000.0,1.0,21139000.0,10128000.0,734192000.0,788333500.0,0.0,509807000.0,464535000.0,45272000.0,265356000.0,86108000.0,179248000.0,1290859098.0,-66787000.0,0.0,11268000.0,-5643000.0,0.0,5770000.0,-25557000.0,-12938000.0,-47004000.0,4000.0,-183235000.0,-183235000.0,-183235000.0,0.0,0.0,-0.836,420111000.0,-200848000.0,12348000.0,0.0,2.932,-7.045,-7.018,47927000.0,0.0,19.44,5.887,5.869,54038000.0,-268139000.0,219263000.0,219263000.0,213336000.0,-0.227,-0.327,-0.218,-0.785,1255000.0,70626000.0,1.0,66402217.0,66193000,66193000.0,3.312,684420000.0,0.0,930000.0,0.0,10.34,505113000.0
20,INCY,MRY,2000-12-31,2000-12-31,2000-12-31,2021-08-03,20913000.0,886820000.0,876267750.0,647895000.0,238925000.0,0.222,9.851,-59510000.0,110155000.0,110155000.0,0.0,-29735000.0,8.49,0.424,187814000.0,0.0,187814000.0,187814000.0,22756000.0,34330000.0,0.0,0.0,0.0,-19001000.0,15329000.0,0.079,15329000.0,-19001000.0,-29530000.0,-0.47,-0.47,-0.47,622694000.0,609610250.0,622694000.0,1471420261.0,-77.0,95.989,-73454000.0,-1.162,1.0,194167000.0,1.0,82944000.0,10529000.0,805223000.0,653201000.0,0.0,512028000.0,472025000.0,40003000.0,264126000.0,76312000.0,187814000.0,1596630261.0,77935000.0,-36866000.0,434652000.0,184448000.0,0.0,619120000.0,-527093000.0,-430717000.0,-13944000.0,-148000.0,-29735000.0,-29735000.0,-29735000.0,0.0,0.0,-0.153,256757000.0,-62590000.0,17962000.0,0.0,2.564,-53.695,-52.936,98948000.0,0.0,24.88,8.223,8.1,35022000.0,-84904000.0,194167000.0,194167000.0,192556000.0,-0.034,-0.049,-0.029,-0.098,512000.0,64201000.0,1.0,64173242.0,63211000,63211000.0,3.072,803876000.0,0.0,205000.0,0.0,12.717,571583000.0
21,INCY,MRY,1999-12-31,1999-12-31,1999-12-31,2021-08-03,3443000.0,221934000.0,226629500.0,109501000.0,112433000.0,0.693,3.026,-34758000.0,32220000.0,32220000.0,0.0,-26768000.0,2.128,0.303,194000.0,0.0,194000.0,194000.0,26459000.0,28106000.0,0.0,0.0,0.0,-27252000.0,854000.0,0.005,854000.0,-27252000.0,-27568000.0,-0.48,-0.48,-0.48,170282000.0,171105250.0,170282000.0,1666179140.0,-61.0,1951.029,-56204000.0,-0.999,1.0,156962000.0,1.0,14564000.0,316000.0,123886000.0,103716750.0,0.0,53992000.0,34717000.0,19275000.0,51652000.0,51458000.0,194000.0,1707328140.0,-17828000.0,0.0,13614000.0,-1160000.0,0.0,12467000.0,-8684000.0,26074000.0,-21446000.0,-165000.0,-26768000.0,-26768000.0,-26768000.0,0.0,0.0,-0.171,184068000.0,-27106000.0,6501000.0,0.0,10.026,-63.782,-62.5,67293000.0,0.0,30.0,10.877,10.756,26608000.0,-55169000.0,156962000.0,156962000.0,146833000.0,-0.118,-0.156,-0.263,-0.174,0.0,37235000.0,1.0,56910938.0,56276000,56276000.0,2.789,207370000.0,0.0,-800000.0,0.0,3.685,58043000.0
22,INCY,MRY,1998-12-31,1998-12-31,1998-12-31,2021-08-03,-10000.0,230290000.0,225383500.0,131364000.0,98926000.0,0.598,3.335,-30710000.0,50048000.0,50048000.0,0.0,3472000.0,2.631,0.282,796000.0,0.0,796000.0,796000.0,29054000.0,17827000.0,0.0,0.0,0.0,5974000.0,23801000.0,0.177,23801000.0,5974000.0,5824000.0,0.06,0.06,0.06,179567000.0,166130250.0,179567000.0,991829346.0,166.0,41.672,5523000.0,0.103,1.0,134811000.0,1.0,16955000.0,150000.0,114156000.0,113647250.0,0.0,81838000.0,61185000.0,20653000.0,50723000.0,49927000.0,796000.0,1037179346.0,-5550000.0,-3977000.0,4749000.0,-781000.0,0.0,3984000.0,-45363000.0,-10676000.0,36233000.0,-404000.0,3472000.0,3472000.0,3472000.0,0.0,0.0,0.026,134779000.0,32000.0,8244000.0,0.0,5.776,298.727,311.5,54429000.0,0.0,18.69,7.694,7.465,14318000.0,-28401000.0,134811000.0,134811000.0,97192000.0,0.015,0.021,0.053,0.044,0.0,25438000.0,1.0,55493812.0,53842000,57798000.0,2.504,213335000.0,0.0,2352000.0,0.0,3.962,81437000.0
23,INCY,MRY,1997-12-31,1997-12-31,1997-12-31,2021-08-03,56000.0,199089000.0,132982500.0,142914000.0,56175000.0,0.677,2.998,-25529000.0,61598000.0,61598000.0,0.0,6908000.0,2.737,0.366,1173000.0,0.0,1173000.0,1173000.0,31815000.0,10633000.0,0.0,0.0,0.0,7642000.0,18275000.0,0.203,18275000.0,7642000.0,7456000.0,0.14,0.13,0.14,145702000.0,95474500.0,145702000.0,,,,-7542000.0,-0.155,1.0,89996000.0,1.0,0.0,186000.0,86450000.0,62285000.0,0.0,72297000.0,57497000.0,14800000.0,53387000.0,52214000.0,1173000.0,1081188090.0,45982000.0,0.0,93831000.0,954000.0,0.0,94785000.0,-66790000.0,-35261000.0,17987000.0,0.0,6908000.0,6908000.0,6908000.0,0.0,0.0,0.077,86380000.0,3616000.0,11791000.0,0.0,7.421,156.512,160.714,38070000.0,0.0,22.5,12.014,12.151,19983000.0,-30129000.0,89996000.0,89996000.0,72452000.0,0.052,0.072,0.123,0.085,0.0,13928000.0,1.0,48052804.0,48600000,52996000.0,1.852,199089000.0,0.0,548000.0,0.0,4.096,90700000.0
24,INCY,MRY,1996-12-31,1996-12-31,1996-12-31,2021-08-03,-73000.0,66876000.0,,43175000.0,23701000.0,,1.01,-20453000.0,7628000.0,7628000.0,0.0,-7276000.0,2.043,0.478,0.0,0.0,0.0,0.0,14878000.0,6529000.0,0.0,0.0,0.0,-7026000.0,-497000.0,-0.012,-497000.0,-7026000.0,-7276000.0,-0.16,-0.16,-0.16,45247000.0,,45247000.0,,,,-1926000.0,-0.043,1.0,41895000.0,1.0,0.0,250000.0,38120000.0,,0.0,30935000.0,30622000.0,313000.0,21629000.0,21128000.0,501000.0,,-968000.0,0.0,1582000.0,-121000.0,0.0,1461000.0,-20956000.0,-503000.0,18527000.0,0.0,-7276000.0,-7276000.0,-7276000.0,0.0,0.0,-0.174,51459000.0,-9564000.0,4670000.0,0.0,,,-80.469,22936000.0,0.0,12.875,,13.767,2126000.0,-36522000.0,41895000.0,41895000.0,41337000.0,,,,-0.168,0.0,6957000.0,1.0,,44796000,44796000.0,0.935,66876000.0,0.0,0.0,0.0,1.493,22047000.0
25,INCY,MRY,1995-12-31,1995-12-31,1995-12-31,2021-08-03,,,,,,,,-8042000.0,,,0.0,-9937000.0,,,,,,,,2750000.0,,0.0,0.0,-9741000.0,-6991000.0,-0.572,-6991000.0,-9741000.0,-9937000.0,-0.295,-0.295,-0.295,,,,,,,-16843000.0,-0.503,1.0,12212000.0,1.0,,196000.0,,,,,,,,,,,3598000.0,0.0,32759000.0,-3000.0,0.0,32756000.0,-20357000.0,-12315000.0,-8801000.0,0.0,-9937000.0,-9937000.0,-9937000.0,0.0,0.0,-0.814,23139000.0,-10927000.0,,0.0,,,-21.186,,0.0,6.25,,17.129,,,12212000.0,12212000.0,19212000.0,,,,-0.798,0.0,3927000.0,1.0,,33468000,33468000.0,0.365,,,0.0,,,
0,INCY,MRQ,2021-06-30,2021-06-30,2021-06-30,2021-08-03,-18273000.0,3904623000.0,,2620060000.0,1284563000.0,,13.34,-66307000.0,1799261000.0,1799261000.0,38028000.0,149456000.0,3.968,0.33,34246000.0,2408000.0,31838000.0,34246000.0,0.0,14457000.0,0.0,0.0,0.0,171991000.0,186448000.0,0.264,186448000.0,171991000.0,171633000.0,0.68,0.67,0.68,2935861000.0,,2935861000.0,16865022120.0,41.0,36.532,106637000.0,0.485,1.0,667681000.0,0.946,317116000.0,358000.0,1162168000.0,,52260000.0,504076000.0,283385000.0,220691000.0,968762000.0,660324000.0,308438000.0,18502162120.0,127650000.0,0.0,11016000.0,-600000.0,0.0,3679000.0,-49145000.0,17162000.0,172944000.0,172000.0,149456000.0,149456000.0,149456000.0,0.0,0.0,0.212,522213000.0,145468000.0,122100000.0,0.0,6.302,54.799,54.63,689043000.0,0.0,84.13,6.801,6.806,438170000.0,-1523464000.0,705709000.0,705709000.0,343511000.0,,,,,44732000.0,168859000.0,1.0,219923477.0,220083000,222250000.0,3.207,3587507000.0,0.0,22177000.0,0.0,16.301,1959736000.0
1,INCY,MRQ,2021-03-31,2021-03-31,2021-03-31,2021-08-03,-20358000.0,3661436000.0,,2449969000.0,1211467000.0,,12.411,-48083000.0,1671611000.0,1671611000.0,29220000.0,53535000.0,3.927,0.342,34471000.0,2317000.0,32154000.0,34471000.0,0.0,13838000.0,0.0,0.0,0.0,69681000.0,83519000.0,0.138,83519000.0,69681000.0,69322000.0,0.24,0.24,0.24,2727844000.0,,2727844000.0,16386773001.0,30.0,27.51,158012000.0,0.719,1.0,575498000.0,0.952,322500000.0,359000.0,1077915000.0,,40379000.0,494599000.0,292425000.0,202174000.0,933592000.0,623881000.0,309711000.0,17866681001.0,156846000.0,0.0,20028000.0,-573000.0,0.0,12835000.0,-59753000.0,-11670000.0,206095000.0,-2331000.0,53535000.0,53535000.0,53535000.0,0.0,0.0,0.089,471175000.0,104323000.0,85058000.0,0.0,6.55,37.34,37.11,622657000.0,0.0,81.27,6.61,6.609,397357000.0,-1672920000.0,604718000.0,604718000.0,306896000.0,,,,,47358000.0,153795000.0,1.0,219843497.0,219801000,221867000.0,2.751,3338936000.0,0.0,15787000.0,0.0,15.191,1826088000.0
2,INCY,MRQ,2020-12-31,2020-12-31,2020-12-31,2021-08-03,-15360000.0,3560918000.0,,2359894000.0,1201024000.0,,11.911,-51433000.0,1514765000.0,1514765000.0,36323000.0,149850000.0,3.739,0.364,34857000.0,2284000.0,32573000.0,34857000.0,0.0,13166000.0,0.0,0.0,0.0,168530000.0,181696000.0,0.23,181696000.0,168530000.0,168102000.0,0.69,0.69,0.69,2611268000.0,,2611268000.0,17594567908.0,-76.0,-98.714,55888000.0,0.255,1.0,753186000.0,0.954,327884000.0,428000.0,1121931000.0,,35973000.0,510670000.0,288369000.0,222301000.0,949650000.0,631195000.0,318455000.0,19048279908.0,14327000.0,0.0,18709000.0,-217000.0,0.0,11872000.0,-102730000.0,-51297000.0,107321000.0,-2136000.0,149850000.0,149850000.0,149850000.0,0.0,0.0,0.19,585362000.0,167824000.0,98767000.0,0.0,7.295,-64.418,-63.956,588076000.0,0.0,86.98,7.143,7.113,481994000.0,-1726455000.0,789509000.0,789509000.0,405945000.0,,,,,45261000.0,166988000.0,1.0,218996090.0,219240000,219240000.0,3.601,3233034000.0,0.0,18252000.0,0.0,14.747,1728699000.0
3,INCY,MRQ,2020-09-30,2020-09-30,2020-09-30,2021-08-03,-9748000.0,3307430000.0,,2159425000.0,1148005000.0,,10.928,-52821000.0,1500438000.0,1500438000.0,34322000.0,-15203000.0,3.562,0.383,46726000.0,13878000.0,32848000.0,46726000.0,0.0,12949000.0,0.0,0.0,0.0,-2964000.0,9985000.0,0.016,9985000.0,-2964000.0,-3508000.0,-0.07,-0.07,-0.07,2390833000.0,,2390833000.0,18348436888.0,-67.0,-83.411,129294000.0,0.591,1.0,586321000.0,0.945,333268000.0,544000.0,914248000.0,,25709000.0,459835000.0,237025000.0,222810000.0,916597000.0,606202000.0,310395000.0,19626055888.0,171125000.0,0.0,7783000.0,-232000.0,0.0,931000.0,-14453000.0,38368000.0,182115000.0,2532000.0,-15203000.0,-15203000.0,-15203000.0,0.0,0.0,-0.024,573886000.0,12435000.0,122512000.0,0.0,8.209,-58.665,-57.526,527458000.0,0.0,89.74,7.989,7.992,356182000.0,-1876305000.0,620643000.0,620643000.0,438109000.0,,,,,43800000.0,120788000.0,1.0,218699085.0,218784000,218784000.0,2.837,2974162000.0,0.0,11695000.0,0.0,13.594,1553223000.0
4,INCY,MRQ,2020-06-30,2020-06-30,2020-06-30,2021-08-03,-12423000.0,3212321000.0,,2077625000.0,1134696000.0,,10.777,-43860000.0,1329313000.0,1329313000.0,33364000.0,290298000.0,3.733,0.37,51694000.0,19777000.0,31917000.0,51694000.0,0.0,12594000.0,0.0,0.0,0.0,307864000.0,320458000.0,0.466,320458000.0,307864000.0,307264000.0,1.33,1.32,1.33,2344604000.0,,2344604000.0,21605922012.0,-179.0,-320.164,225522000.0,1.037,1.0,654679000.0,0.952,338653000.0,600000.0,1039536000.0,,25889000.0,511487000.0,262756000.0,248731000.0,867717000.0,556513000.0,311204000.0,22600318012.0,283524000.0,0.0,69194000.0,-200000.0,0.0,56407000.0,-43258000.0,602000.0,269382000.0,993000.0,290298000.0,290298000.0,290298000.0,0.0,0.0,0.422,417852000.0,236827000.0,90909000.0,0.0,9.639,-118.284,-116.82,481910000.0,0.0,103.97,9.466,9.474,420250000.0,-1861102000.0,688043000.0,688043000.0,286601000.0,,,,,46303000.0,117998000.0,1.0,217373454.0,217549000,220434000.0,3.163,2873668000.0,0.0,16966000.0,0.0,13.209,1521112000.0
5,INCY,MRQ,2020-03-31,2020-03-31,2020-03-31,2021-08-03,-13107000.0,2752422000.0,,1716169000.0,1036253000.0,,8.941,-39265000.0,1045789000.0,1045789000.0,27319000.0,-720642000.0,3.409,0.42,51393000.0,19434000.0,31959000.0,51393000.0,0.0,13098000.0,0.0,0.0,0.0,-703474000.0,-690376000.0,-1.214,-690376000.0,-703474000.0,-704076000.0,-3.33,-3.33,-3.33,1937721000.0,,1937721000.0,14091647355.0,-44.0,-53.072,-722682000.0,-3.335,1.0,541188000.0,0.952,344037000.0,602000.0,910577000.0,,22217000.0,440344000.0,259351000.0,180993000.0,814701000.0,503412000.0,311289000.0,15874472355.0,-787918000.0,0.0,14619000.0,-187000.0,0.0,2499000.0,-108560000.0,-69295000.0,-683417000.0,1560000.0,-720642000.0,-720642000.0,-720642000.0,0.0,0.0,-1.268,1198565000.0,-657377000.0,60937000.0,0.0,8.192,-42.214,-42.329,438656000.0,0.0,73.23,7.12,7.119,351522000.0,-2151400000.0,568507000.0,568507000.0,1085287000.0,,,,,42513000.0,111148000.0,1.0,216775534.0,216721000,216721000.0,2.623,2408385000.0,0.0,16566000.0,0.0,11.113,1212757000.0
6,INCY,MRQ,2019-12-31,2019-12-31,2019-12-31,2021-08-03,-15542000.0,3426750000.0,,2481488000.0,945262000.0,,12.043,-29315000.0,1833707000.0,1833707000.0,32215000.0,111005000.0,4.834,0.319,50882000.0,18964000.0,31918000.0,50882000.0,0.0,13345000.0,0.0,0.0,0.0,126611000.0,139956000.0,0.242,139956000.0,126611000.0,126004000.0,0.51,0.5,0.51,2598406000.0,,2598406000.0,17156048363.0,35.0,31.585,102303000.0,0.474,1.0,547174000.0,0.944,349421000.0,607000.0,781164000.0,,16505000.0,418527000.0,284870000.0,133657000.0,828344000.0,513340000.0,315004000.0,18808491363.0,130689000.0,0.0,29516000.0,-196000.0,0.0,29320000.0,-30028000.0,-713000.0,131618000.0,-221000.0,111005000.0,111005000.0,111005000.0,0.0,0.0,0.192,449044000.0,98130000.0,83647000.0,0.0,7.238,42.086,41.981,406625000.0,0.0,87.32,8.713,8.693,308809000.0,-1430758000.0,579389000.0,579389000.0,312867000.0,,,,,42023000.0,136177000.0,1.0,215397290.0,215768000,218449000.0,2.685,3077329000.0,0.0,14999000.0,0.0,14.262,1968148000.0
7,INCY,MRQ,2019-09-30,2019-09-30,2019-09-30,2021-08-03,-8614000.0,3214818000.0,,2319595000.0,895223000.0,,11.257,16812000.0,1703018000.0,1703018000.0,30040000.0,128271000.0,5.024,0.327,50575000.0,763000.0,49812000.0,50575000.0,0.0,13862000.0,0.0,0.0,0.0,148616000.0,162478000.0,0.295,162478000.0,148616000.0,148019000.0,0.6,0.59,0.6,2422527000.0,,2422527000.0,14597453871.0,34.0,29.881,287227000.0,1.335,1.0,521541000.0,0.946,354805000.0,597000.0,745887000.0,,13318000.0,402097000.0,284195000.0,117902000.0,792291000.0,461683000.0,330608000.0,15964395871.0,285780000.0,0.0,3111000.0,-217000.0,0.0,2894000.0,12284000.0,-4528000.0,270415000.0,187000.0,128271000.0,128271000.0,128271000.0,0.0,0.0,0.233,383944000.0,137597000.0,95376000.0,0.0,6.59,39.422,39.068,376940000.0,0.0,74.23,7.574,7.579,276116000.0,-1541763000.0,551581000.0,551581000.0,281336000.0,,,,,43359000.0,102608000.0,1.0,215066629.0,215199000,217791000.0,2.563,2860013000.0,0.0,19748000.0,0.0,13.29,1857912000.0
8,INCY,MRQ,2019-06-30,2019-06-30,2019-06-30,2021-08-03,-8965000.0,2947633000.0,,2058625000.0,889008000.0,,10.471,-47294000.0,1417238000.0,1417238000.0,29406000.0,105318000.0,5.608,0.312,50296000.0,791000.0,49505000.0,50296000.0,0.0,13435000.0,0.0,0.0,0.0,108987000.0,122422000.0,0.231,122422000.0,108987000.0,108671000.0,0.49,0.48,0.49,2247191000.0,,2247191000.0,16935647123.0,54.0,45.619,105666000.0,0.492,1.0,500526000.0,0.945,360189000.0,316000.0,853397000.0,,12693000.0,395194000.0,279631000.0,115563000.0,700442000.0,367105000.0,333337000.0,18218699123.0,116539000.0,0.0,15191000.0,-214000.0,0.0,9010000.0,-45147000.0,2147000.0,152960000.0,-284000.0,105318000.0,105318000.0,105318000.0,0.0,0.0,0.199,395306000.0,105220000.0,66184000.0,0.0,8.107,59.564,59.0,369470000.0,0.0,84.96,9.083,9.09,302680000.0,-1670034000.0,529932000.0,529932000.0,289363000.0,,,,,40615000.0,105943000.0,1.0,214438549.0,214620000,217483000.0,2.469,2587444000.0,0.0,3353000.0,0.0,12.056,1691520000.0
9,INCY,MRQ,2019-03-31,2019-03-31,2019-03-31,2021-08-03,-9247000.0,2754161000.0,,1904500000.0,849661000.0,,9.743,-18267000.0,1300699000.0,1300699000.0,22588000.0,102312000.0,5.225,0.321,17647000.0,0.0,17647000.0,17647000.0,0.0,13891000.0,0.0,0.0,0.0,104432000.0,118323000.0,0.238,118323000.0,104432000.0,104097000.0,0.48,0.47,0.48,2085567000.0,,2085567000.0,17262744433.0,66.0,54.504,137396000.0,0.642,1.0,475269000.0,0.955,365573000.0,335000.0,741021000.0,,11005000.0,401508000.0,281320000.0,120188000.0,668594000.0,364515000.0,304079000.0,18410296433.0,135713000.0,0.0,15481000.0,-195000.0,0.0,4487000.0,-24563000.0,-6296000.0,155663000.0,126000.0,102312000.0,102312000.0,102312000.0,0.0,0.0,0.206,394528000.0,80741000.0,70363000.0,0.0,8.827,72.784,71.675,338331000.0,0.0,86.01,9.217,9.218,244081000.0,-1775352000.0,497857000.0,497857000.0,270545000.0,,,,,40592000.0,123983000.0,1.0,214048325.0,214065000,217061000.0,2.326,2388588000.0,0.0,1785000.0,0.0,11.158,1539985000.0
10,INCY,MRQ,2018-12-31,2018-12-31,2018-12-31,2021-08-03,-10165000.0,2645762000.0,,1832254000.0,813508000.0,,9.041,-25281000.0,1164986000.0,1164986000.0,26366000.0,69063000.0,4.308,0.374,17434000.0,0.0,17434000.0,17434000.0,0.0,14226000.0,0.0,0.0,0.0,71072000.0,85298000.0,0.161,85298000.0,71072000.0,70717000.0,0.33,0.32,0.33,1925967000.0,,1925967000.0,12444154131.0,106.0,72.409,58557000.0,0.275,1.0,502036000.0,0.95,370957000.0,355000.0,701976000.0,,10405000.0,373542000.0,274343000.0,99199000.0,719795000.0,425277000.0,294518000.0,13532470131.0,51798000.0,0.0,9462000.0,0.0,0.0,4063000.0,-36097000.0,-10816000.0,83838000.0,-6000.0,69063000.0,69063000.0,69063000.0,0.0,0.0,0.131,412596000.0,89440000.0,103827000.0,0.0,7.026,123.592,122.288,319751000.0,0.0,63.59,7.191,7.177,307598000.0,-1877759000.0,528402000.0,528402000.0,304238000.0,,,,,37323000.0,108358000.0,1.0,212808148.0,213016000,215992000.0,2.481,2274805000.0,0.0,1654000.0,0.0,10.679,1406977000.0
11,INCY,MRQ,2018-09-30,2018-09-30,2018-09-30,2021-08-03,-9522000.0,2519947000.0,,1700359000.0,819588000.0,,8.479,-24821000.0,1113188000.0,1113188000.0,24795000.0,29176000.0,4.025,0.398,24872000.0,7648000.0,17224000.0,24872000.0,0.0,13818000.0,0.0,0.0,0.0,31381000.0,45199000.0,0.101,45199000.0,31381000.0,30976000.0,0.14,0.14,0.14,1802899000.0,,1802899000.0,13779903177.0,-135.0,-284.215,174327000.0,0.82,1.0,424888000.0,0.945,376341000.0,405000.0,632801000.0,,11418000.0,384515000.0,263134000.0,121381000.0,717048000.0,422489000.0,294559000.0,14684850177.0,183671000.0,0.0,2437000.0,0.0,0.0,2437000.0,-17876000.0,6945000.0,199148000.0,-38000.0,29176000.0,29176000.0,29176000.0,0.0,0.0,0.065,389049000.0,35839000.0,95478000.0,0.0,8.145,-134.478,-132.846,300767000.0,0.0,69.08,8.169,8.171,247736000.0,-1946822000.0,449683000.0,449683000.0,292527000.0,,,,,38001000.0,96522000.0,1.0,212577449.0,212627000,215964000.0,2.115,2143606000.0,0.0,1800000.0,0.0,10.082,1277870000.0
12,INCY,MRQ,2018-06-30,2018-06-30,2018-06-30,2021-08-03,-9809000.0,2397157000.0,,1598084000.0,799073000.0,,8.166,-10791000.0,929517000.0,929517000.0,24856000.0,52394000.0,4.34,0.383,24570000.0,7554000.0,17016000.0,24570000.0,0.0,13501000.0,0.0,0.0,0.0,54406000.0,67907000.0,0.13,67907000.0,54406000.0,54008000.0,0.25,0.24,0.25,1732923000.0,,1732923000.0,13330830921.0,-148.0,-349.112,21612000.0,0.102,1.0,496660000.0,0.952,381725000.0,398000.0,742246000.0,,12570000.0,401195000.0,269865000.0,131330000.0,664234000.0,368239000.0,295995000.0,14201933921.0,34143000.0,0.0,15448000.0,0.0,0.0,5562000.0,-3922000.0,6869000.0,32403000.0,100000.0,52394000.0,52394000.0,52394000.0,0.0,0.0,0.1,406118000.0,90542000.0,75559000.0,0.0,8.195,-138.798,-136.735,267586000.0,0.0,67.0,8.212,8.221,316310000.0,-1975998000.0,521516000.0,521516000.0,298089000.0,,,,,36605000.0,108029000.0,1.0,211969163.0,212210000,215103000.0,2.458,2015432000.0,0.0,1614000.0,0.0,9.497,1229845000.0
13,INCY,MRQ,2018-03-31,2018-03-31,2018-03-31,2021-08-03,-10122000.0,2306012000.0,,1469555000.0,836457000.0,,7.691,-12590000.0,895374000.0,895374000.0,18106000.0,-41140000.0,3.856,0.416,24271000.0,7460000.0,16811000.0,24271000.0,0.0,13424000.0,0.0,0.0,0.0,-39969000.0,-26545000.0,-0.069,-26545000.0,-39969000.0,-40354000.0,-0.19,-0.19,-0.19,1628044000.0,,1628044000.0,16761516537.0,-109.0,-163.145,8248000.0,0.039,1.0,364176000.0,0.953,387110000.0,385000.0,666727000.0,,12569000.0,442604000.0,276632000.0,165972000.0,677968000.0,381072000.0,296896000.0,17637949537.0,-5060000.0,0.0,2595000.0,0.0,0.0,2595000.0,-28528000.0,-15938000.0,20838000.0,35000.0,-41140000.0,-41140000.0,-41140000.0,0.0,0.0,-0.108,424601000.0,-60425000.0,74115000.0,0.0,10.834,-105.491,-104.162,264610000.0,0.0,83.33,11.495,11.496,220190000.0,-2028392000.0,382282000.0,382282000.0,303103000.0,,,,,36224000.0,121498000.0,1.0,211663861.0,211681000,211681000.0,1.806,1918902000.0,0.0,786000.0,0.0,9.065,1088483000.0
14,INCY,MRQ,2017-12-31,2017-12-31,2017-12-31,2021-08-03,-7010000.0,2302582000.0,,1504854000.0,797728000.0,,7.724,-25251000.0,900434000.0,900434000.0,22359000.0,-149629000.0,4.009,0.412,24001000.0,7393000.0,16608000.0,24001000.0,0.0,12859000.0,0.0,0.0,0.0,-147904000.0,-135045000.0,-0.304,-135045000.0,-147904000.0,-148277000.0,-0.72,-0.72,-0.72,1630629000.0,,1630629000.0,18882082535.0,-62.0,-74.57,-114518000.0,-0.542,1.0,421797000.0,0.95,392494000.0,373000.0,658259000.0,,14448000.0,404492000.0,270136000.0,134356000.0,671953000.0,375396000.0,296557000.0,19987343535.0,-228538000.0,0.0,8210000.0,0.0,0.0,3724000.0,-143002000.0,-117751000.0,-89267000.0,7000.0,-149629000.0,-149629000.0,-149629000.0,0.0,0.0,-0.337,544597000.0,-122800000.0,67671000.0,0.0,12.257,-63.828,-61.902,259763000.0,0.0,94.71,13.011,12.613,266299000.0,-1990005000.0,444156000.0,444156000.0,446871000.0,,,,,33768000.0,97726000.0,1.0,211037309.0,211123000,211123000.0,2.104,1910088000.0,0.0,1352000.0,0.0,9.047,1129458000.0
15,INCY,MRQ,2017-09-30,2017-09-30,2017-09-30,2021-08-03,12512000.0,2374301000.0,,1541322000.0,832979000.0,,8.5,-34304000.0,1128972000.0,1128972000.0,22036000.0,36054000.0,4.818,0.351,23711000.0,0.0,23711000.0,23711000.0,0.0,11940000.0,0.0,0.0,0.0,43558000.0,55498000.0,0.145,55498000.0,43558000.0,43354000.0,0.17,0.17,0.17,1757750000.0,,1757750000.0,23584701297.0,-170.0,-288.724,18819000.0,0.091,1.0,359498000.0,0.942,397878000.0,204000.0,551227000.0,,14558000.0,322363000.0,153343000.0,169020000.0,616551000.0,319935000.0,296616000.0,24013970297.0,676275000.0,0.0,658480000.0,0.0,0.0,653994000.0,-30839000.0,3465000.0,53123000.0,-3000.0,36054000.0,36054000.0,36054000.0,0.0,0.0,0.094,360822000.0,-1324000.0,69933000.0,0.0,13.662,-155.29,-144.123,246825000.0,0.0,116.74,16.928,17.018,198345000.0,-1840376000.0,381534000.0,381534000.0,269557000.0,,,,,34929000.0,91265000.0,1.0,205704731.0,206796000,212610000.0,1.845,1976423000.0,0.0,7300000.0,0.0,9.557,1221387000.0
16,INCY,MRQ,2017-06-30,2017-06-30,2017-06-30,2021-08-03,10968000.0,1639443000.0,,844803000.0,794640000.0,,5.006,-30499000.0,452697000.0,452697000.0,20260000.0,-12484000.0,2.882,0.597,23428000.0,0.0,23428000.0,23428000.0,0.0,12352000.0,0.0,0.0,0.0,-9000000.0,3352000.0,0.01,3352000.0,-9000000.0,-9384000.0,-0.06,-0.06,-0.06,1026835000.0,,1026835000.0,25462024837.0,-190.0,-351.433,86295000.0,0.421,1.0,306184000.0,0.938,403262000.0,384000.0,513751000.0,,14837000.0,301277000.0,156852000.0,144425000.0,612608000.0,293161000.0,319447000.0,25783145837.0,89972000.0,0.0,15725000.0,0.0,0.0,10532000.0,-37318000.0,-6819000.0,116794000.0,-36000.0,-12484000.0,-12484000.0,-12484000.0,0.0,0.0,-0.038,291852000.0,14332000.0,69093000.0,0.0,25.109,-167.622,-161.423,218878000.0,0.0,125.91,19.735,19.77,169516000.0,-1876430000.0,326444000.0,326444000.0,201786000.0,,,,,33745000.0,90066000.0,1.0,204774409.0,205141000,205141000.0,1.591,1236181000.0,0.0,3100000.0,0.0,6.026,551642000.0
17,INCY,MRQ,2017-03-31,2017-03-31,2017-03-31,2021-08-03,5377000.0,1607347000.0,,819175000.0,788172000.0,,4.947,-20967000.0,362725000.0,362725000.0,14824000.0,-187083000.0,2.688,0.664,41604000.0,0.0,41604000.0,41604000.0,0.0,15027000.0,0.0,0.0,0.0,-192044000.0,-177017000.0,-0.461,-177017000.0,-192044000.0,-197983000.0,-0.96,-0.96,-0.96,965934000.0,,965934000.0,25316454288.0,-315.0,-1400.091,-194605000.0,-0.997,1.0,369258000.0,0.961,408646000.0,5939000.0,572864000.0,,18509000.0,308454000.0,150132000.0,158322000.0,641413000.0,304716000.0,336697000.0,25318218288.0,-290504000.0,0.0,33736000.0,0.0,0.0,21960000.0,-138819000.0,-117852000.0,-173638000.0,-7000.0,-187083000.0,-187083000.0,-187083000.0,0.0,0.0,-0.487,495149000.0,-125891000.0,86327000.0,0.0,26.211,-236.822,-247.537,193211000.0,0.0,133.67,20.645,21.283,244975000.0,-1863946000.0,384082000.0,384082000.0,407920000.0,,,,,30613000.0,87229000.0,1.0,189408381.0,195260000,195260000.0,1.967,1198701000.0,0.0,-10900000.0,0.0,6.139,514459000.0
18,INCY,MRQ,2016-12-31,2016-12-31,2016-12-31,2021-08-03,-2886000.0,1638597000.0,,994178000.0,644419000.0,,2.224,-15872000.0,653229000.0,653229000.0,19610000.0,8873000.0,3.635,2.906,651481000.0,0.0,651481000.0,651481000.0,0.0,17566000.0,0.0,0.0,0.0,18915000.0,36481000.0,0.112,36481000.0,18915000.0,9445000.0,0.04,0.05,0.04,419467000.0,,419467000.0,18951764589.0,130.0,92.64,78506000.0,0.416,1.0,306888000.0,0.94,414030000.0,9470000.0,949318000.0,,19299000.0,188190000.0,156203000.0,31987000.0,1219130000.0,273501000.0,945629000.0,18889378589.0,58221000.0,109000.0,17505000.0,0.0,0.0,-151000.0,-36012000.0,-20249000.0,94378000.0,6000.0,8873000.0,8873000.0,8873000.0,0.0,0.0,0.027,257670000.0,49218000.0,75599000.0,0.0,45.032,181.242,182.309,167679000.0,0.0,100.27,17.083,17.037,148758000.0,-1674765000.0,326498000.0,326498000.0,161585000.0,,,,,27603000.0,96085000.0,1.0,188385146.0,188596000,195238000.0,1.731,1224567000.0,0.0,572000.0,0.0,6.493,720677000.0
19,INCY,MRQ,2016-09-30,2016-09-30,2016-09-30,2021-08-03,390000.0,1544195000.0,,886660000.0,657535000.0,,1.968,-16629000.0,581048000.0,581048000.0,20205000.0,36877000.0,3.686,3.174,643434000.0,0.0,643434000.0,643434000.0,2868000.0,16951000.0,0.0,0.0,0.0,47781000.0,64732000.0,0.24,64732000.0,47781000.0,38302000.0,0.2,0.19,0.2,369986000.0,,369986000.0,17873694138.0,93.0,73.074,78642000.0,0.418,1.0,249264000.0,0.925,419523000.0,9479000.0,946513000.0,,18907000.0,192231000.0,136486000.0,55745000.0,1174209000.0,240545000.0,933664000.0,17726795138.0,92445000.0,1880000.0,8363000.0,0.0,0.0,7126000.0,-9952000.0,4797000.0,95271000.0,0.0,36877000.0,36877000.0,36877000.0,0.0,0.0,0.137,218960000.0,30304000.0,57524000.0,0.0,47.912,117.766,114.988,151942000.0,0.0,94.29,17.327,17.329,131523000.0,-1683638000.0,269469000.0,269469000.0,143184000.0,,,,,26527000.0,75776000.0,1.0,188002918.0,188029000,194265000.0,1.433,1124672000.0,0.0,1425000.0,0.0,5.981,646115000.0
20,INCY,MRQ,2016-06-30,2016-06-30,2016-06-30,2021-08-03,662000.0,1417975000.0,,792130000.0,625845000.0,,1.583,-82214000.0,488592000.0,488592000.0,12367000.0,34425000.0,3.981,3.773,635491000.0,0.0,635491000.0,635491000.0,6083000.0,12850000.0,0.0,0.0,0.0,44872000.0,57722000.0,0.234,57722000.0,44872000.0,35210000.0,0.18,0.18,0.18,297063000.0,,297063000.0,14961442332.0,128.0,91.969,-64642000.0,-0.344,1.0,233921000.0,0.95,424930000.0,9662000.0,940958000.0,,21664000.0,172981000.0,141537000.0,31444000.0,1120912000.0,198986000.0,921926000.0,15005798332.0,-169961000.0,-144845000.0,13886000.0,0.0,0.0,27763000.0,-215281000.0,11778000.0,17572000.0,-15000.0,34425000.0,34425000.0,34425000.0,0.0,0.0,0.14,187061000.0,46860000.0,40724000.0,0.0,50.514,202.6,199.95,138513000.0,0.0,79.98,15.943,15.948,129486000.0,-1720515000.0,246288000.0,246288000.0,120269000.0,,,,,21302000.0,66792000.0,1.0,187619384.0,187682000,193015000.0,1.312,993045000.0,0.0,785000.0,0.0,5.291,593144000.0
21,INCY,MRQ,2016-03-31,2016-03-31,2016-03-31,2021-08-03,397000.0,1103942000.0,,935581000.0,168361000.0,,1.217,-5562000.0,671998000.0,671998000.0,6005000.0,24047000.0,4.67,3.847,627642000.0,0.0,627642000.0,627642000.0,9297000.0,11058000.0,0.0,0.0,0.0,34581000.0,45639000.0,0.173,45639000.0,34581000.0,24447000.0,0.13,0.12,0.13,227748000.0,,227748000.0,13650327680.0,147.0,99.53,91973000.0,0.491,1.0,257459000.0,0.977,0.0,10134000.0,859267000.0,,18586000.0,185352000.0,153054000.0,32298000.0,876194000.0,200319000.0,675875000.0,13566366680.0,136176000.0,0.0,10219000.0,-445000.0,0.0,9884000.0,28757000.0,34319000.0,97535000.0,0.0,24047000.0,24047000.0,24047000.0,0.0,0.0,0.091,221420000.0,36039000.0,31899000.0,0.0,59.567,277.232,268.407,92622000.0,0.0,72.47,15.813,15.811,101280000.0,-1754940000.0,263464000.0,263464000.0,156824000.0,,,,,20769000.0,64596000.0,1.0,187199761.0,187184000,192625000.0,1.408,1103942000.0,0.0,400000.0,0.0,5.898,735262000.0
22,INCY,MRQ,2015-12-31,2015-12-31,2015-12-31,2021-08-03,-809000.0,1007440000.0,,842375000.0,165065000.0,,0.919,-6896000.0,535932000.0,535932000.0,9704000.0,55176000.0,5.014,4.886,619893000.0,0.0,619893000.0,619893000.0,12512000.0,10604000.0,0.0,0.0,0.0,65901000.0,76505000.0,0.314,76505000.0,65901000.0,55688000.0,0.31,0.3,0.31,171155000.0,,171155000.0,20331400837.0,382.0,207.374,65985000.0,0.354,1.0,234177000.0,0.96,0.0,10213000.0,923394000.0,,19338000.0,221592000.0,186344000.0,35248000.0,836285000.0,168007000.0,668278000.0,20171896837.0,75638000.0,0.0,9565000.0,-320000.0,0.0,7286000.0,-4529000.0,2367000.0,72881000.0,0.0,55176000.0,55176000.0,55176000.0,0.0,0.0,0.226,169099000.0,65078000.0,30085000.0,0.0,117.857,3088.638,2711.25,86006000.0,0.0,108.45,26.762,25.841,114450000.0,-1778987000.0,243881000.0,243881000.0,116632000.0,,,,,19191000.0,52467000.0,1.0,186001815.0,186270000,217074000.0,1.309,1007440000.0,0.0,512000.0,0.0,5.408,674368000.0
23,INCY,MRQ,2015-09-30,2015-09-30,2015-09-30,2021-08-03,-275000.0,931932000.0,,757914000.0,174018000.0,,0.489,-13358000.0,464429000.0,464429000.0,8040000.0,-39582000.0,4.864,9.502,623933000.0,5000.0,623928000.0,623933000.0,15726000.0,11178000.0,0.0,0.0,0.0,-28364000.0,-17186000.0,-0.092,-17186000.0,-28364000.0,-39573000.0,-0.22,-0.22,-0.22,88737000.0,,88737000.0,20141946986.0,-538.0,2220.477,-5635000.0,-0.031,1.0,179571000.0,0.957,0.0,11209000.0,935613000.0,,20266000.0,224958000.0,189244000.0,35714000.0,843195000.0,155823000.0,687372000.0,19921662986.0,6120000.0,0.0,13913000.0,-467000.0,0.0,13612000.0,-15215000.0,-1857000.0,7723000.0,0.0,-39582000.0,-39582000.0,-39582000.0,0.0,0.0,-0.211,179672000.0,-101000.0,27366000.0,0.0,224.502,-232.757,-220.76,83186000.0,0.0,110.38,31.43,31.587,86966000.0,-1834163000.0,187611000.0,187611000.0,132073000.0,,,,,17604000.0,47599000.0,1.0,180482542.0,181387000,181387000.0,1.034,931932000.0,9712000.0,9000.0,9712000.0,5.138,602091000.0
24,INCY,MRQ,2015-06-30,2015-06-30,2015-06-30,2021-08-03,1949000.0,930337000.0,,732990000.0,197347000.0,,0.309,-2196000.0,439681000.0,439681000.0,6254000.0,9294000.0,3.808,15.862,659965000.0,42940000.0,617025000.0,659965000.0,18940000.0,11266000.0,0.0,0.0,0.0,20924000.0,32190000.0,0.198,32190000.0,20924000.0,9430000.0,0.05,0.05,0.05,55174000.0,,55174000.0,18933779461.0,307.0,177.024,11194000.0,0.063,1.0,156730000.0,0.962,0.0,11494000.0,958149000.0,,20445000.0,269564000.0,188305000.0,81259000.0,875163000.0,192472000.0,682691000.0,18658054461.0,17859000.0,0.0,33778000.0,-460000.0,0.0,31160000.0,-26691000.0,-24495000.0,13390000.0,0.0,9294000.0,9294000.0,9294000.0,0.0,0.0,0.057,164124000.0,-7394000.0,29162000.0,0.0,338.168,1404.445,1488.714,81602000.0,0.0,104.21,28.955,28.896,75122000.0,-1794581000.0,162984000.0,162984000.0,112445000.0,,,,,19352000.0,51679000.0,1.0,179042841.0,178676000,186493000.0,0.912,930337000.0,7725000.0,136000.0,7725000.0,5.207,540518000.0
25,INCY,MRQ,2015-03-31,2015-03-31,2015-03-31,2021-08-03,2258000.0,862624000.0,,692145000.0,170479000.0,,-0.241,-3553000.0,421822000.0,421822000.0,2974000.0,-18359000.0,3.068,-21.83,697547000.0,87337000.0,610210000.0,697547000.0,22154000.0,11835000.0,0.0,0.0,0.0,-5305000.0,6530000.0,0.041,6530000.0,-5305000.0,-17992000.0,-0.11,-0.11,-0.11,-41413000.0,,-41413000.0,15980855071.0,1035.0,270.555,-8139000.0,-0.047,1.0,156301000.0,0.981,0.0,12687000.0,912754000.0,,19435000.0,217806000.0,164102000.0,53704000.0,904037000.0,225595000.0,678442000.0,15744034071.0,-30475000.0,0.0,29180000.0,-452000.0,0.0,32686000.0,-58575000.0,-55022000.0,-4586000.0,0.0,-18359000.0,-18359000.0,-18359000.0,0.0,0.0,-0.115,163236000.0,-6935000.0,26586000.0,0.0,-380.171,-478.804,-458.3,80667000.0,0.0,91.66,27.099,27.147,69604000.0,-1803877000.0,159275000.0,159275000.0,118365000.0,,,,,13725000.0,44871000.0,1.0,171765591.0,172070000,172070000.0,0.926,862624000.0,6025000.0,367000.0,6025000.0,5.013,466550000.0
26,INCY,MRQ,2014-12-31,2014-12-31,2014-12-31,2021-08-03,1815000.0,796477000.0,,679573000.0,116904000.0,,-0.48,-5855000.0,466797000.0,466797000.0,2428000.0,-36943000.0,3.074,-10.757,675167000.0,85186000.0,589981000.0,675167000.0,25391000.0,12221000.0,0.0,0.0,0.0,-24684000.0,-12463000.0,-0.101,-12463000.0,-24684000.0,-37200000.0,-0.22,-0.22,-0.22,-81628000.0,,-81628000.0,12650648165.0,-7359.0,318.704,38865000.0,0.229,1.0,121545000.0,0.98,0.0,12516000.0,783786000.0,,19436000.0,147966000.0,147966000.0,0.0,878105000.0,221061000.0,657044000.0,12351339165.0,70293000.0,0.0,28693000.0,0.0,0.0,29097000.0,-3518000.0,2337000.0,44720000.0,-6000.0,-36943000.0,-36943000.0,-36943000.0,0.0,0.0,-0.298,147169000.0,-25624000.0,24462000.0,0.0,-151.313,-254.767,-252.103,81790000.0,0.0,73.11,24.148,24.005,57933000.0,-1785518000.0,123973000.0,123973000.0,98717000.0,,,,,15999000.0,48452000.0,1.0,168941857.0,169924000,169924000.0,0.73,796477000.0,0.0,-257000.0,0.0,4.687,458512000.0
27,INCY,MRQ,2014-09-30,2014-09-30,2014-09-30,2021-08-03,1914000.0,785265000.0,,662614000.0,122651000.0,,-0.531,-10659000.0,382004000.0,382004000.0,221000.0,59293000.0,5.315,-9.765,681313000.0,0.0,681313000.0,681313000.0,28608000.0,9871000.0,0.0,0.0,0.0,70828000.0,80699000.0,0.407,80699000.0,70828000.0,59365000.0,0.35,0.33,0.35,-89591000.0,,-89591000.0,8527656804.0,-787.0,313.425,17128000.0,0.102,1.0,197926000.0,0.999,0.0,11463000.0,959914000.0,,17931000.0,164980000.0,150855000.0,14125000.0,874856000.0,124660000.0,750196000.0,8260605804.0,-24260000.0,0.0,6539000.0,0.0,0.0,6644000.0,-58691000.0,-48032000.0,27787000.0,0.0,59293000.0,59293000.0,59293000.0,0.0,0.0,0.299,127983000.0,69943000.0,26605000.0,0.0,-92.204,-151.827,-136.25,75258000.0,0.0,49.05,17.046,17.065,109599000.0,-1748575000.0,198147000.0,198147000.0,88537000.0,,,,,15323000.0,39446000.0,1.0,168411943.0,168592000,189046000.0,1.175,785265000.0,775000.0,72000.0,775000.0,4.658,537954000.0
28,INCY,MRQ,2014-06-30,2014-06-30,2014-06-30,2021-08-03,2080000.0,679107000.0,,577145000.0,101962000.0,,-1.018,-8699000.0,406264000.0,406264000.0,187000.0,-36873000.0,5.128,-4.971,673315000.0,0.0,673315000.0,673315000.0,31825000.0,9698000.0,0.0,0.0,0.0,-25397000.0,-15699000.0,-0.158,-15699000.0,-25397000.0,-36803000.0,-0.22,-0.22,-0.22,-170998000.0,,-170998000.0,9689559006.0,-101.0,-153.287,-23256000.0,-0.138,1.0,99395000.0,0.998,0.0,11406000.0,833611000.0,,15860000.0,117489000.0,103239000.0,14250000.0,850105000.0,112547000.0,737558000.0,9460922006.0,-30321000.0,0.0,12779000.0,0.0,0.0,12779000.0,-28543000.0,-19844000.0,-14557000.0,0.0,-36873000.0,-36873000.0,-36873000.0,0.0,0.0,-0.37,125582000.0,-26187000.0,27251000.0,0.0,-55.328,-69.7,-66.4,55607000.0,0.0,56.44,25.462,25.506,47205000.0,-1807867000.0,99582000.0,99582000.0,84683000.0,,,,,15478000.0,40899000.0,1.0,167627959.0,167914000,167914000.0,0.593,679107000.0,900000.0,70000.0,900000.0,4.044,464598000.0
29,INCY,MRQ,2014-03-31,2014-03-31,2014-03-31,2021-08-03,2040000.0,666826000.0,,581170000.0,85656000.0,,-0.982,-2663000.0,436585000.0,436585000.0,168000.0,-33957000.0,5.434,-5.106,665222000.0,0.0,665222000.0,665222000.0,35041000.0,9623000.0,0.0,0.0,0.0,-22465000.0,-12842000.0,-0.143,-12842000.0,-22465000.0,-33908000.0,-0.21,-0.21,-0.21,-162422000.0,,-162422000.0,9049658545.0,-144.0,-285.776,-34357000.0,-0.208,1.0,89624000.0,0.998,0.0,11443000.0,788519000.0,,15849000.0,97646000.0,83271000.0,14375000.0,829248000.0,106944000.0,722304000.0,8859520545.0,-34844000.0,0.0,44833000.0,0.0,0.0,44537000.0,-47687000.0,-45024000.0,-31694000.0,0.0,-33957000.0,-33957000.0,-33957000.0,0.0,0.0,-0.378,112559000.0,-22935000.0,17950000.0,0.0,-54.546,-87.341,-82.338,38654000.0,0.0,53.52,23.71,23.684,46394000.0,-1770994000.0,89792000.0,89792000.0,75585000.0,,,,,15378000.0,36974000.0,1.0,165536632.0,165357000,165357000.0,0.543,666826000.0,892000.0,49000.0,892000.0,4.033,474226000.0
30,INCY,MRQ,2013-12-31,2013-12-31,2013-12-31,2021-08-03,1993000.0,629568000.0,,555799000.0,73769000.0,,-1.193,-2031000.0,471429000.0,471429000.0,167000.0,-42871000.0,5.144,-4.26,661567000.0,0.0,661567000.0,661567000.0,38259000.0,8852000.0,0.0,0.0,0.0,-33802000.0,-24950000.0,-0.257,-24950000.0,-33802000.0,-42734000.0,-0.28,-0.28,-0.28,-193108000.0,,-193108000.0,8072497019.0,-183.0,-538.561,-13720000.0,-0.085,1.0,96905000.0,0.998,0.0,8932000.0,711664000.0,,15343000.0,52575000.0,38075000.0,14500000.0,822676000.0,108042000.0,714634000.0,8157483019.0,199307000.0,0.0,17236000.0,228702000.0,0.0,230930000.0,-19934000.0,-17903000.0,-11689000.0,0.0,-42871000.0,-42871000.0,-42871000.0,0.0,0.0,-0.442,113046000.0,-16141000.0,19102000.0,0.0,-42.243,-98.109,-90.411,26848000.0,0.0,50.63,22.982,21.168,35374000.0,-1737037000.0,97072000.0,97072000.0,75019000.0,,,,,9607000.0,38027000.0,1.0,161119554.0,161915000,161915000.0,0.6,629568000.0,895000.0,137000.0,895000.0,3.888,447757000.0
31,INCY,MRQ,2013-09-30,2013-09-30,2013-09-30,2021-08-03,2008000.0,357400000.0,,333743000.0,23657000.0,,0.186,-789000.0,272122000.0,272122000.0,155000.0,-22037000.0,3.048,11.414,187136000.0,0.0,187136000.0,187136000.0,54086000.0,4568000.0,0.0,0.0,0.0,-14289000.0,-9721000.0,-0.114,-9721000.0,-14289000.0,-21988000.0,-0.14,-0.14,-0.14,28791000.0,,28791000.0,5804927134.0,287.0,120.058,-12739000.0,-0.082,1.0,84968000.0,0.998,2508000.0,7699000.0,160408000.0,,15307000.0,19052000.0,19052000.0,0.0,328609000.0,109498000.0,219111000.0,5839312134.0,13920000.0,0.0,28364000.0,0.0,0.0,26873000.0,-1003000.0,-214000.0,-11950000.0,0.0,-22037000.0,-22037000.0,-22037000.0,0.0,0.0,-0.259,98151000.0,-13183000.0,18212000.0,0.0,202.817,-271.621,-293.462,6201000.0,0.0,38.15,15.709,15.915,33197000.0,-1694166000.0,85123000.0,85123000.0,71704000.0,,,,,9447000.0,26447000.0,1.0,153061917.0,155067000,155067000.0,0.549,354892000.0,0.0,49000.0,0.0,2.289,224245000.0
32,INCY,MRQ,2013-06-30,2013-06-30,2013-06-30,2021-08-03,1993000.0,334219000.0,,313369000.0,20850000.0,,-0.195,-553000.0,258202000.0,258202000.0,157000.0,-2571000.0,3.044,-13.028,223817000.0,0.0,223817000.0,223817000.0,70826000.0,8053000.0,0.0,0.0,0.0,7793000.0,15846000.0,0.156,15846000.0,7793000.0,-2500000.0,-0.02,-0.02,-0.02,-27786000.0,,-27786000.0,3058181532.0,125.0,55.066,7528000.0,0.053,1.0,101518000.0,0.998,3204000.0,10293000.0,193672000.0,,11543000.0,19251000.0,19251000.0,0.0,362005000.0,102958000.0,259047000.0,2986482532.0,-7612000.0,0.0,9780000.0,0.0,0.0,9000.0,-15702000.0,-15149000.0,8081000.0,0.0,-2571000.0,-2571000.0,-2571000.0,0.0,0.0,-0.025,84199000.0,17319000.0,13471000.0,0.0,-107.482,-141.065,-137.5,6236000.0,0.0,22.0,8.604,9.019,27522000.0,-1672130000.0,101675000.0,101675000.0,60950000.0,,,,,9933000.0,23249000.0,1.0,135749206.0,142284000,142284000.0,0.715,331015000.0,0.0,71000.0,0.0,2.326,210411000.0
33,INCY,MRQ,2013-03-31,2013-03-31,2013-03-31,2021-08-03,1999000.0,330282000.0,,309113000.0,21169000.0,,-1.217,-894000.0,265814000.0,265814000.0,150000.0,-15669000.0,2.549,-3.02,337513000.0,0.0,337513000.0,337513000.0,87566000.0,7734000.0,0.0,0.0,0.0,-3898000.0,3836000.0,0.054,3836000.0,-3898000.0,-15626000.0,-0.12,-0.12,-0.12,-163526000.0,,-163526000.0,3241545265.0,101.0,51.758,23844000.0,0.177,1.0,70927000.0,0.998,5543000.0,11728000.0,275155000.0,,9330000.0,4365000.0,4365000.0,0.0,493808000.0,121283000.0,372525000.0,3134526265.0,41757000.0,0.0,17777000.0,0.0,0.0,17777000.0,-758000.0,136000.0,24738000.0,0.0,-15669000.0,-15669000.0,-15669000.0,0.0,0.0,-0.22,75024000.0,-4097000.0,15515000.0,0.0,-19.168,-215.239,-212.818,6485000.0,0.0,23.41,9.443,9.474,28041000.0,-1669559000.0,71077000.0,71077000.0,52763000.0,,,,,9197000.0,22261000.0,1.0,133896893.0,134345000,134345000.0,0.529,324739000.0,0.0,43000.0,0.0,2.417,187830000.0
34,INCY,MRQ,2012-12-31,2012-12-31,2012-12-31,2021-08-03,1878000.0,330419000.0,,309514000.0,20905000.0,,-1.328,-930000.0,224057000.0,224057000.0,99000.0,18779000.0,2.275,-2.889,331076000.0,0.0,331076000.0,331076000.0,104305000.0,7765000.0,0.0,0.0,0.0,30625000.0,38390000.0,0.337,38390000.0,30625000.0,18860000.0,0.15,0.15,0.15,-174957000.0,,-174957000.0,2265374419.0,1185.0,71.035,-22938000.0,-0.174,1.0,113747000.0,0.999,0.0,11765000.0,301364000.0,,8753000.0,4361000.0,4361000.0,0.0,505376000.0,136074000.0,369302000.0,2179358419.0,-15026000.0,0.0,7482000.0,0.0,0.0,7482000.0,-500000.0,430000.0,-22008000.0,0.0,18779000.0,18779000.0,18779000.0,0.0,0.0,0.165,83493000.0,30254000.0,13961000.0,0.0,-12.457,-49.173,-48.853,6348000.0,0.0,16.61,7.336,7.255,70951000.0,-1653890000.0,113846000.0,113846000.0,59764000.0,,,,,9067000.0,23729000.0,1.0,131207611.0,131709000,131709000.0,0.864,330419000.0,0.0,81000.0,0.0,2.509,173440000.0
35,INCY,MRQ,2012-09-30,2012-09-30,2012-09-30,2021-08-03,2149000.0,296535000.0,,278728000.0,17807000.0,,-1.681,-406000.0,248583000.0,248583000.0,31000.0,-21710000.0,2.025,-2.348,334599000.0,9816000.0,324783000.0,334599000.0,121034000.0,7576000.0,0.0,0.0,0.0,-10111000.0,-2535000.0,-0.042,-2535000.0,-10111000.0,-21684000.0,-0.17,-0.17,-0.17,-219950000.0,,-219950000.0,2421823932.0,-33.0,-55.824,-27551000.0,-0.211,1.0,60461000.0,0.999,6620000.0,11573000.0,238290000.0,,5208000.0,4516000.0,4516000.0,0.0,516485000.0,137641000.0,378844000.0,2360575932.0,-18480000.0,0.0,8914000.0,0.0,0.0,8914000.0,-249000.0,157000.0,-27145000.0,0.0,-21710000.0,-21710000.0,-21710000.0,0.0,0.0,-0.359,70599000.0,-10138000.0,12764000.0,0.0,-10.732,-19.975,-19.202,6169000.0,0.0,18.05,11.129,11.135,16540000.0,-1672669000.0,60492000.0,60492000.0,50079000.0,,,,,9583000.0,20520000.0,1.0,130779830.0,130851000,130851000.0,0.462,289915000.0,0.0,26000.0,0.0,2.216,141087000.0
36,INCY,MRQ,2012-06-30,2012-06-30,2012-06-30,2021-08-03,1720000.0,311971000.0,,294158000.0,17813000.0,,-1.681,-1007000.0,267062000.0,267062000.0,16000.0,4037000.0,2.105,-2.436,328310000.0,9680000.0,318630000.0,328310000.0,146767000.0,7404000.0,0.0,0.0,0.0,15534000.0,22938000.0,0.265,22938000.0,15534000.0,4104000.0,0.03,0.03,0.03,-217188000.0,,-217188000.0,2978776672.0,-28.0,-39.176,7717000.0,0.06,1.0,86526000.0,1.0,7154000.0,11430000.0,226334000.0,,4332000.0,4244000.0,4244000.0,0.0,529159000.0,139731000.0,389428000.0,2907764672.0,25708000.0,0.0,17894000.0,0.0,0.0,17894000.0,-910000.0,97000.0,8724000.0,0.0,4037000.0,4037000.0,4037000.0,0.0,0.0,0.047,71307000.0,15219000.0,11102000.0,0.0,-13.388,-19.444,-19.076,6515000.0,0.0,22.7,17.268,17.42,13841000.0,-1650959000.0,86542000.0,86542000.0,51588000.0,,,,,9911000.0,19719000.0,1.0,128095360.0,129224000,129224000.0,0.67,304817000.0,0.0,67000.0,0.0,2.359,154427000.0
37,INCY,MRQ,2012-03-31,2012-03-31,2012-03-31,2021-08-03,1935000.0,293593000.0,,276162000.0,17431000.0,,-1.956,-496000.0,251150000.0,251150000.0,11000.0,-45426000.0,1.941,-2.18,322162000.0,9546000.0,312616000.0,322162000.0,160518000.0,7234000.0,0.0,0.0,0.0,-34136000.0,-26902000.0,-0.744,-26902000.0,-34136000.0,-45426000.0,-0.36,-0.36,-0.36,-248857000.0,,-248857000.0,2481239386.0,-15.0,-18.613,-54897000.0,-0.432,1.0,36168000.0,1.0,7686000.0,11290000.0,214620000.0,,3513000.0,4556000.0,4556000.0,0.0,542450000.0,142299000.0,400151000.0,2457544386.0,-41309000.0,0.0,13421000.0,0.0,0.0,13421000.0,-329000.0,167000.0,-54401000.0,0.0,-45426000.0,-45426000.0,-45426000.0,0.0,0.0,-1.256,70356000.0,-34188000.0,13174000.0,0.0,-9.875,-11.962,-11.84,6232000.0,0.0,19.3,24.909,24.883,13010000.0,-1654996000.0,36179000.0,36179000.0,48960000.0,,,,,9932000.0,21396000.0,1.0,127333906.0,127203000,127203000.0,0.284,285907000.0,0.0,0.0,0.0,2.248,133863000.0
38,INCY,MRQ,2011-12-31,2011-12-31,2011-12-31,2021-08-03,1642000.0,328962000.0,,310778000.0,18184000.0,,-1.797,-992000.0,292458000.0,292458000.0,0.0,-55079000.0,2.292,-2.449,316153000.0,0.0,316153000.0,316153000.0,173575000.0,7042000.0,0.0,0.0,0.0,-43926000.0,-36884000.0,-1.277,-36884000.0,-43926000.0,-55079000.0,-0.44,-0.44,-0.44,-227077000.0,,-227077000.0,1864813260.0,-13.0,-16.113,-40771000.0,-0.323,1.0,28890000.0,1.0,8217000.0,11153000.0,208826000.0,,3536000.0,4430000.0,4430000.0,0.0,556039000.0,135614000.0,420425000.0,1895846260.0,-39164000.0,0.0,1754000.0,0.0,0.0,1754000.0,-1139000.0,-147000.0,-39779000.0,0.0,-55079000.0,-55079000.0,-55079000.0,0.0,0.0,-1.907,73029000.0,-44139000.0,14939000.0,0.0,-8.349,-10.163,-10.074,6431000.0,0.0,15.01,20.071,19.921,6415000.0,-1609570000.0,28890000.0,28890000.0,51877000.0,,,,,7447000.0,21152000.0,1.0,126305547.0,126391000,126391000.0,0.229,320745000.0,0.0,0.0,0.0,2.538,175164000.0
39,INCY,MRQ,2011-09-30,2011-09-30,2011-09-30,2021-08-03,1821000.0,371224000.0,,346418000.0,24806000.0,,-1.434,-1180000.0,341310000.0,341310000.0,0.0,-53078000.0,2.864,-3.051,310277000.0,0.0,310277000.0,310277000.0,187983000.0,6871000.0,0.0,0.0,0.0,-42059000.0,-35188000.0,-2.097,-35188000.0,-42059000.0,-53078000.0,-0.42,-0.42,-0.42,-181020000.0,,-181020000.0,1680067190.0,-30.0,-58.251,-48158000.0,-0.381,1.0,16782000.0,1.0,0.0,11019000.0,219234000.0,,0.0,4647000.0,4647000.0,0.0,552244000.0,120957000.0,431287000.0,1763568190.0,-46746000.0,0.0,1073000.0,0.0,0.0,1073000.0,-841000.0,339000.0,-46978000.0,0.0,-53078000.0,-53078000.0,-53078000.0,0.0,0.0,-3.163,58886000.0,-42104000.0,11038000.0,0.0,-9.742,-17.828,-18.143,6077000.0,0.0,13.97,11.646,11.648,2462000.0,-1554491000.0,16782000.0,16782000.0,44604000.0,,,,,7399000.0,14282000.0,1.0,126239670.0,126260000,126260000.0,0.133,371224000.0,0.0,0.0,0.0,2.94,225461000.0
40,INCY,MRQ,2011-06-30,2011-06-30,2011-06-30,2021-08-03,1951000.0,416663000.0,,391923000.0,24740000.0,,-1.087,-1075000.0,388035000.0,388035000.0,0.0,-51870000.0,3.541,-4.057,304534000.0,0.0,304534000.0,304534000.0,204722000.0,6647000.0,0.0,0.0,0.0,-40982000.0,-34335000.0,-2.042,-34335000.0,-40982000.0,-51870000.0,-0.41,-0.41,-0.41,-136284000.0,,-136284000.0,2242829499.0,-63.0,-221.623,-31811000.0,-0.254,1.0,16811000.0,1.0,0.0,10888000.0,222495000.0,,0.0,5036000.0,5036000.0,0.0,552947000.0,110667000.0,442280000.0,2359658499.0,-18769000.0,0.0,12512000.0,0.0,0.0,12512000.0,-545000.0,530000.0,-30736000.0,0.0,-51870000.0,-51870000.0,-51870000.0,0.0,0.0,-3.085,57925000.0,-41114000.0,8788000.0,0.0,-17.314,-30.431,-31.049,5500000.0,0.0,18.94,15.573,15.666,2376000.0,-1501413000.0,16811000.0,16811000.0,46047000.0,,,,,7191000.0,11858000.0,1.0,124585982.0,125330000,125330000.0,0.134,416663000.0,0.0,0.0,0.0,3.325,281256000.0
41,INCY,MRQ,2011-03-31,2011-03-31,2011-03-31,2021-08-03,2089000.0,459606000.0,,425968000.0,33638000.0,,-0.842,-552000.0,415748000.0,415748000.0,0.0,-26512000.0,3.866,-5.42,298919000.0,0.0,298919000.0,298919000.0,221461000.0,6430000.0,0.0,0.0,0.0,-15753000.0,-9323000.0,-0.292,-9323000.0,-15753000.0,-26512000.0,-0.21,-0.21,-0.21,-103978000.0,,-103978000.0,1793562070.0,93.0,40.887,-44774000.0,-0.363,1.0,31973000.0,1.0,9793000.0,10759000.0,222802000.0,,0.0,5783000.0,5783000.0,0.0,563584000.0,110182000.0,453402000.0,1955918070.0,-40069000.0,0.0,4129000.0,0.0,0.0,4129000.0,24000.0,576000.0,-44222000.0,0.0,-26512000.0,-26512000.0,-26512000.0,0.0,0.0,-0.829,47798000.0,-15825000.0,7791000.0,0.0,-18.811,-86.438,-93.235,4934000.0,0.0,15.85,10.598,10.603,16579000.0,-1449542000.0,31973000.0,31973000.0,36282000.0,,,,,6946000.0,10825000.0,1.0,123401771.0,123467000,123467000.0,0.259,449813000.0,0.0,0.0,0.0,3.643,315786000.0
42,INCY,MRQ,2010-12-31,2010-12-31,2010-12-31,2021-08-03,1986000.0,489581000.0,,455454000.0,34127000.0,,-0.721,-2739000.0,455788000.0,455788000.0,0.0,32541000.0,4.01,-6.523,293432000.0,0.0,293432000.0,293432000.0,238193000.0,6826000.0,0.0,0.0,0.0,43178000.0,50004000.0,0.582,50004000.0,43178000.0,32541000.0,0.27,0.27,0.27,-88644000.0,,-88644000.0,1890685865.0,165.0,52.575,24664000.0,0.201,1.0,85870000.0,1.0,10432000.0,10637000.0,203220000.0,,0.0,6256000.0,6256000.0,0.0,578225000.0,113573000.0,464652000.0,2038789865.0,29108000.0,0.0,3546000.0,0.0,0.0,3546000.0,-1841000.0,898000.0,27403000.0,0.0,32541000.0,32541000.0,32541000.0,0.0,0.0,0.379,43559000.0,42311000.0,10773000.0,0.0,-23.0,-64.02,-63.692,4804000.0,0.0,16.56,12.001,11.857,5701000.0,-1423030000.0,85870000.0,85870000.0,32774000.0,,,,,4121000.0,10765000.0,1.0,123115330.0,122966000,122966000.0,0.698,479149000.0,0.0,0.0,0.0,3.897,341881000.0
43,INCY,MRQ,2010-09-30,2010-09-30,2010-09-30,2021-08-03,1930000.0,464640000.0,,422545000.0,42095000.0,,-1.055,-466000.0,436172000.0,436172000.0,0.0,-31701000.0,3.595,-4.604,288068000.0,0.0,288068000.0,288068000.0,254938000.0,5378000.0,0.0,0.0,0.0,-21844000.0,-16466000.0,-0.976,-16466000.0,-21844000.0,-32359000.0,-0.26,-0.26,-0.26,-128908000.0,,-128908000.0,1772680959.0,-17.0,-21.53,-29988000.0,-0.245,1.0,16872000.0,1.0,0.0,10515000.0,199014000.0,,0.0,6781000.0,6781000.0,0.0,593548000.0,117522000.0,476026000.0,1951190959.0,-25284000.0,0.0,3383000.0,0.0,0.0,3383000.0,855000.0,1321000.0,-29522000.0,0.0,-31701000.0,-31701000.0,-31701000.0,0.0,0.0,-1.879,38928000.0,-22056000.0,7750000.0,0.0,-15.136,-12.767,-12.023,2385000.0,0.0,15.99,21.472,21.5,4735000.0,-1455571000.0,16872000.0,16872000.0,30609000.0,,,,,4059000.0,8458000.0,1.0,122025701.0,122189000,122189000.0,0.138,464640000.0,0.0,-658000.0,0.0,3.803,305023000.0
44,INCY,MRQ,2010-06-30,2010-06-30,2010-06-30,2021-08-03,1795000.0,493681000.0,,451293000.0,42388000.0,,-0.861,-598000.0,461335000.0,461335000.0,0.0,3044000.0,4.068,-5.711,282825000.0,0.0,282825000.0,282825000.0,271695000.0,5885000.0,0.0,0.0,0.0,13766000.0,19651000.0,0.394,19651000.0,13766000.0,3375000.0,0.03,0.02,0.03,-104783000.0,,-104783000.0,1157411472.0,-9.0,-11.759,-3364000.0,-0.028,1.0,49847000.0,1.0,0.0,10391000.0,204227000.0,,0.0,8102000.0,8102000.0,0.0,598464000.0,110944000.0,487520000.0,1340949472.0,9342000.0,0.0,2434000.0,0.0,0.0,2434000.0,9674000.0,10272000.0,-2766000.0,0.0,3044000.0,3044000.0,3044000.0,0.0,0.0,0.061,36223000.0,13624000.0,9158000.0,0.0,-12.797,-8.152,-7.331,2159000.0,0.0,11.07,17.894,17.967,6360000.0,-1423869000.0,49847000.0,49847000.0,28883000.0,,,,,3555000.0,7485000.0,1.0,121133647.0,121630000,121630000.0,0.41,493681000.0,0.0,331000.0,0.0,4.059,340349000.0
45,INCY,MRQ,2010-03-31,2010-03-31,2010-03-31,2021-08-03,1198000.0,502663000.0,,450807000.0,51856000.0,,-0.956,-306000.0,461238000.0,461238000.0,0.0,-35729000.0,3.822,-5.393,277700000.0,0.0,277700000.0,277700000.0,288452000.0,6396000.0,0.0,0.0,0.0,-23623000.0,-17227000.0,-0.996,-17227000.0,-23623000.0,-35402000.0,-0.3,-0.3,-0.3,-114413000.0,,-114413000.0,1616744142.0,-10.0,-10.844,102517000.0,0.856,1.0,17288000.0,1.0,0.0,11779000.0,201181000.0,,0.0,17508000.0,17494000.0,14000.0,617076000.0,117944000.0,499132000.0,1679653142.0,-45078000.0,0.0,4227000.0,-158644000.0,0.0,-154417000.0,6516000.0,6822000.0,102823000.0,0.0,-35729000.0,-35729000.0,-35729000.0,0.0,0.0,-2.067,37118000.0,-19830000.0,13304000.0,0.0,-14.681,-8.092,-7.144,1808000.0,0.0,13.93,64.897,64.438,5253000.0,-1426913000.0,17288000.0,17288000.0,31439000.0,,,,,3121000.0,5794000.0,1.0,120578115.0,119727000,119727000.0,0.144,502663000.0,0.0,327000.0,0.0,4.198,332863000.0
46,INCY,MRQ,2009-12-31,2009-12-31,2009-12-31,2021-08-03,707000.0,712390000.0,,656055000.0,56335000.0,,-0.862,-74000.0,506047000.0,506047000.0,0.0,-88442000.0,4.939,-7.958,443138000.0,0.0,443138000.0,443138000.0,305199000.0,7272000.0,0.0,0.0,0.0,-75567000.0,-68295000.0,-9.947,-68295000.0,-75567000.0,-88442000.0,-0.8,-0.8,-0.8,-102384000.0,,-102384000.0,1133677445.0,-6.0,-6.953,118511000.0,0.998,1.0,6866000.0,1.0,13879000.0,12875000.0,502776000.0,,0.0,24107000.0,20594000.0,3513000.0,814774000.0,132826000.0,681948000.0,1079903445.0,82346000.0,0.0,482000.0,-40100000.0,0.0,-39674000.0,3442000.0,3516000.0,118585000.0,-7000.0,-88442000.0,-88442000.0,-88442000.0,0.0,0.0,-12.881,48087000.0,-41221000.0,20964000.0,0.0,-10.548,-5.097,-4.422,1752000.0,0.0,9.11,116.557,101.221,163661000.0,-1391184000.0,6866000.0,6866000.0,34283000.0,,,,,1927000.0,13833000.0,1.0,118540444.0,118759000,118759000.0,0.058,698511000.0,0.0,0.0,0.0,5.882,523229000.0
47,INCY,MRQ,2009-09-30,2009-09-30,2009-09-30,2021-08-03,502000.0,472816000.0,,402657000.0,70159000.0,,-2.034,-134000.0,423645000.0,423645000.0,0.0,-43357000.0,9.094,-3.372,477419000.0,0.0,477419000.0,477419000.0,32000.0,4273000.0,0.0,0.0,0.0,-36826000.0,-32553000.0,-34.668,-32553000.0,-36826000.0,-43357000.0,-0.44,-0.44,-0.44,-199356000.0,,-199356000.0,946985067.0,-6.0,-7.088,-33974000.0,-0.347,1.0,939000.0,1.0,14641000.0,6531000.0,467673000.0,,0.0,27681000.0,20767000.0,6914000.0,672172000.0,44276000.0,627896000.0,660049067.0,253189000.0,0.0,133021000.0,204180000.0,0.0,281034000.0,5995000.0,6129000.0,-33840000.0,0.0,-43357000.0,-43357000.0,-43357000.0,0.0,0.0,-46.174,32502000.0,-31563000.0,14176000.0,0.0,-3.311,-3.841,-3.857,1981000.0,0.0,6.75,197.797,198.293,862000.0,-1302742000.0,939000.0,939000.0,26535000.0,,,,,2196000.0,4841000.0,1.0,97785047.0,98030000,98030000.0,0.01,458175000.0,0.0,0.0,0.0,4.674,358381000.0
48,INCY,MRQ,2009-06-30,2009-06-30,2009-06-30,2021-08-03,-107000.0,159016000.0,,146718000.0,12298000.0,,-2.985,-84000.0,114289000.0,114289000.0,0.0,-40035000.0,3.216,-1.546,401225000.0,0.0,401225000.0,401225000.0,52000.0,2636000.0,0.0,0.0,0.0,-33653000.0,-31017000.0,-39.312,-31017000.0,-33653000.0,-40035000.0,-0.41,-0.41,-0.41,-291430000.0,,-291430000.0,579824103.0,-4.0,-4.253,-29736000.0,-0.305,1.0,789000.0,1.0,3099000.0,6382000.0,397232000.0,,0.0,33196000.0,26186000.0,7010000.0,450446000.0,45621000.0,404825000.0,320248103.0,-24809000.0,0.0,894000.0,0.0,0.0,894000.0,3949000.0,4033000.0,-29652000.0,0.0,-40035000.0,-40035000.0,-40035000.0,0.0,0.0,-50.741,33527000.0,-32738000.0,15840000.0,0.0,-1.099,-1.848,-1.838,2189000.0,0.0,3.29,92.584,92.872,807000.0,-1259385000.0,789000.0,789000.0,29035000.0,,,,,2497000.0,4086000.0,1.0,97339849.0,97643000,97643000.0,0.008,155917000.0,0.0,0.0,0.0,1.597,101097000.0
49,INCY,MRQ,2009-03-31,2009-03-31,2009-03-31,2021-08-03,-2072000.0,189635000.0,,165365000.0,24270000.0,,-2.638,-95000.0,139098000.0,139098000.0,0.0,-40036000.0,3.928,-1.739,398674000.0,0.0,398674000.0,398674000.0,72000.0,2509000.0,0.0,0.0,0.0,-33698000.0,-31189000.0,-46.481,-31189000.0,-33698000.0,-40036000.0,-0.41,-0.41,-0.41,-256751000.0,,-256751000.0,445175247.0,-3.0,-3.148,-42830000.0,-0.44,1.0,671000.0,1.0,3837000.0,6338000.0,403276000.0,,0.0,36529000.0,18591000.0,17938000.0,446386000.0,42098000.0,404288000.0,227775247.0,-39669000.0,0.0,0.0,0.0,0.0,0.0,3066000.0,3161000.0,-42735000.0,0.0,-40036000.0,-40036000.0,-40036000.0,0.0,0.0,-59.666,34917000.0,-34246000.0,15084000.0,0.0,-0.887,-1.274,-1.219,2495000.0,0.0,2.34,69.359,69.359,739000.0,-1219350000.0,671000.0,671000.0,29587000.0,,,,,3360000.0,4821000.0,1.0,97339849.0,97340000,97340000.0,0.007,185798000.0,0.0,0.0,0.0,1.909,123267000.0
50,INCY,MRQ,2008-12-31,2008-12-31,2008-12-31,2021-08-03,-2747000.0,232388000.0,,205494000.0,26894000.0,,-2.269,-366000.0,178767000.0,178767000.0,0.0,-48405000.0,4.082,-2.053,396167000.0,0.0,396167000.0,396167000.0,62000.0,3261000.0,0.0,0.0,0.0,-42107000.0,-38846000.0,-41.414,-38846000.0,-42107000.0,-48405000.0,-0.49,-0.49,-0.49,-220750000.0,,-220750000.0,554383935.0,-4.0,-3.934,-32578000.0,-0.335,1.0,938000.0,1.0,4339000.0,6298000.0,395112000.0,,0.0,39016000.0,19257000.0,19759000.0,453138000.0,50337000.0,402801000.0,368278935.0,-28830000.0,0.0,537000.0,0.0,0.0,537000.0,2845000.0,3211000.0,-32212000.0,0.0,-48405000.0,-48405000.0,-48405000.0,0.0,0.0,-51.604,43605000.0,-42667000.0,15679000.0,0.0,-1.668,-2.058,-1.905,2796000.0,0.0,3.79,93.973,86.83,1050000.0,-1179314000.0,938000.0,938000.0,38326000.0,,,,,3879000.0,4611000.0,1.0,97171223.0,97282000,97282000.0,0.01,228049000.0,0.0,0.0,0.0,2.344,155157000.0
51,INCY,MRQ,2008-09-30,2008-09-30,2008-09-30,2021-08-03,-3363000.0,264718000.0,,257024000.0,7694000.0,,-1.92,-142000.0,207597000.0,207597000.0,0.0,-44794000.0,6.297,-2.492,393702000.0,0.0,393702000.0,393702000.0,32000.0,3250000.0,0.0,0.0,0.0,-38540000.0,-35290000.0,-33.261,-35290000.0,-38540000.0,-44794000.0,-0.48,-0.48,-0.48,-177377000.0,,-177377000.0,906737822.0,-7.0,-7.92,-38890000.0,-0.421,1.0,1061000.0,1.0,4837000.0,6254000.0,405166000.0,,0.0,42296000.0,42264000.0,32000.0,442095000.0,40820000.0,401275000.0,650170822.0,72885000.0,0.0,102261000.0,0.0,0.0,102261000.0,9372000.0,9514000.0,-38748000.0,0.0,-44794000.0,-44794000.0,-44794000.0,0.0,0.0,-42.219,40854000.0,-39793000.0,13465000.0,0.0,-3.665,-4.269,-4.371,2825000.0,0.0,7.65,51.058,55.501,879000.0,-1130909000.0,1061000.0,1061000.0,36949000.0,,,,,3857000.0,4005000.0,1.0,84989650.0,92385000,92385000.0,0.011,259881000.0,0.0,0.0,0.0,2.813,216204000.0
52,INCY,MRQ,2008-06-30,2008-06-30,2008-06-30,2021-08-03,-1857000.0,204735000.0,,194055000.0,10680000.0,,-2.795,-68000.0,134712000.0,134712000.0,0.0,-45563000.0,4.659,-1.863,391279000.0,0.0,391279000.0,391279000.0,52000.0,3272000.0,0.0,0.0,0.0,-39350000.0,-36078000.0,-58.759,-36078000.0,-39350000.0,-45563000.0,-0.54,-0.54,-0.54,-237195000.0,,-237195000.0,870304990.0,-8.0,-9.216,-32586000.0,-0.384,1.0,614000.0,1.0,5559000.0,6213000.0,414092000.0,,0.0,53320000.0,51309000.0,2011000.0,441930000.0,41651000.0,400279000.0,644148990.0,-28029000.0,0.0,1562000.0,0.0,0.0,1562000.0,2927000.0,2995000.0,-32518000.0,0.0,-45563000.0,-45563000.0,-45563000.0,0.0,0.0,-74.207,41317000.0,-40703000.0,13481000.0,0.0,-2.716,-4.879,-4.878,3110000.0,0.0,7.61,35.079,35.172,787000.0,-1086115000.0,614000.0,614000.0,38132000.0,,,,,3945000.0,4103000.0,1.0,84645071.0,84871000,84871000.0,0.007,199176000.0,0.0,0.0,0.0,2.347,152404000.0
53,INCY,MRQ,2008-03-31,2008-03-31,2008-03-31,2021-08-03,-1766000.0,237011000.0,,227595000.0,9416000.0,,-2.329,-122000.0,162741000.0,162741000.0,0.0,-40157000.0,6.635,-2.203,388897000.0,0.0,388897000.0,388897000.0,72000.0,3288000.0,0.0,0.0,0.0,-33984000.0,-30696000.0,-23.486,-30696000.0,-33984000.0,-40157000.0,-0.47,-0.47,-0.47,-197048000.0,,-197048000.0,1167046818.0,-14.0,-17.273,-37504000.0,-0.443,1.0,1307000.0,1.0,5876000.0,6173000.0,422987000.0,,0.0,56411000.0,56372000.0,39000.0,434059000.0,34304000.0,399755000.0,889344818.0,53887000.0,0.0,520000.0,0.0,0.0,520000.0,90749000.0,90871000.0,-37382000.0,0.0,-40157000.0,-40157000.0,-40157000.0,0.0,0.0,-30.725,37432000.0,-36125000.0,13228000.0,0.0,-4.513,-8.479,-8.476,3501000.0,0.0,10.51,31.398,31.392,840000.0,-1040551000.0,1307000.0,1307000.0,32955000.0,,,,,3345000.0,4354000.0,1.0,84618917.0,84602000,84602000.0,0.015,231135000.0,0.0,0.0,0.0,2.732,193291000.0
54,INCY,MRQ,2007-12-31,2007-12-31,2007-12-31,2021-08-03,-528000.0,275695000.0,,264412000.0,11283000.0,,-1.89,-692000.0,108854000.0,108854000.0,0.0,-21801000.0,7.225,-2.728,386556000.0,0.0,386556000.0,386556000.0,649000.0,3250000.0,0.0,0.0,0.0,-15667000.0,-12417000.0,-1.273,-12417000.0,-15667000.0,-21801000.0,-0.26,-0.26,-0.26,-159517000.0,,-159517000.0,1128568933.0,-18.0,-22.623,-28236000.0,-0.335,1.0,9752000.0,1.0,6443000.0,6134000.0,510359000.0,,0.0,148473000.0,147576000.0,897000.0,435212000.0,36595000.0,398617000.0,846694933.0,13225000.0,0.0,1312000.0,10000000.0,0.0,11312000.0,29457000.0,30149000.0,-27544000.0,0.0,-21801000.0,-21801000.0,-21801000.0,0.0,0.0,-2.236,37187000.0,-27435000.0,7806000.0,0.0,-5.308,-9.745,-9.757,3943000.0,0.0,10.05,24.585,24.566,1551000.0,-1000394000.0,9752000.0,9752000.0,32638000.0,,,,,2617000.0,4424000.0,1.0,84248252.0,84407000,84407000.0,0.116,269252000.0,0.0,0.0,0.0,3.19,227817000.0
55,INCY,MRQ,2007-09-30,2007-09-30,2007-09-30,2021-08-03,-356000.0,282683000.0,,270854000.0,11829000.0,,-1.68,-116000.0,95629000.0,95629000.0,0.0,-24494000.0,8.155,-2.998,377503000.0,0.0,377503000.0,377503000.0,5995000.0,3253000.0,0.0,0.0,0.0,-18492000.0,-15239000.0,-2.278,-15239000.0,-18492000.0,-24494000.0,-0.29,-0.29,-0.29,-141473000.0,,-141473000.0,943518104.0,-15.0,-19.406,-24144000.0,-0.287,1.0,6690000.0,1.0,7038000.0,6002000.0,524305000.0,,0.0,170232000.0,169315000.0,917000.0,424156000.0,33214000.0,390942000.0,602120104.0,61694000.0,0.0,74000.0,0.0,0.0,74000.0,85648000.0,85764000.0,-24028000.0,0.0,-24494000.0,-24494000.0,-24494000.0,0.0,0.0,-3.661,28065000.0,-21375000.0,6421000.0,0.0,-4.256,-7.036,-7.01,3874000.0,0.0,7.15,18.968,18.968,1276000.0,-978593000.0,6690000.0,6690000.0,25044000.0,,,,,2631000.0,3587000.0,1.0,84212602.0,84213000,84213000.0,0.079,275645000.0,0.0,0.0,0.0,3.273,237640000.0
56,INCY,MRQ,2007-06-30,2007-06-30,2007-06-30,2021-08-03,-306000.0,308798000.0,,288312000.0,20486000.0,,-1.422,-190000.0,33935000.0,33935000.0,0.0,-18439000.0,7.549,-3.581,375333000.0,0.0,375333000.0,375333000.0,11630000.0,3261000.0,0.0,0.0,0.0,-12474000.0,-9213000.0,-0.871,-9213000.0,-12474000.0,-18439000.0,-0.22,-0.22,-0.22,-119635000.0,,-119635000.0,856870022.0,-16.0,-19.546,-15960000.0,-0.19,1.0,10576000.0,1.0,7610000.0,5965000.0,604394000.0,,0.0,255870000.0,247533000.0,8337000.0,428433000.0,38192000.0,390241000.0,503969022.0,13637000.0,0.0,844000.0,0.0,0.0,844000.0,28563000.0,28753000.0,-15770000.0,0.0,-18439000.0,-18439000.0,-18439000.0,0.0,0.0,-1.743,26763000.0,-16187000.0,4959000.0,0.0,-4.213,-6.551,-6.522,4539000.0,0.0,6.0,15.592,15.618,1267000.0,-954099000.0,10576000.0,10576000.0,23301000.0,,,,,2601000.0,3535000.0,1.0,83994837.0,84136000,84136000.0,0.126,301188000.0,0.0,0.0,0.0,3.58,250120000.0
57,INCY,MRQ,2007-03-31,2007-03-31,2007-03-31,2021-08-03,-143000.0,324933000.0,,300422000.0,24511000.0,,-1.244,-155000.0,20298000.0,20298000.0,0.0,-22147000.0,7.577,-4.11,373199000.0,0.0,373199000.0,373199000.0,17687000.0,3199000.0,0.0,0.0,0.0,-16217000.0,-13018000.0,-1.754,-13018000.0,-16217000.0,-22147000.0,-0.26,-0.26,-0.26,-104477000.0,,-104477000.0,905701555.0,-15.0,-18.105,-25507000.0,-0.304,1.0,7422000.0,1.0,8204000.0,5930000.0,629980000.0,,0.0,284590000.0,273480000.0,11110000.0,429410000.0,39650000.0,389760000.0,553459555.0,1437000.0,0.0,95000.0,0.0,0.0,95000.0,26694000.0,26849000.0,-25352000.0,0.0,-22147000.0,-22147000.0,-22147000.0,0.0,0.0,-2.984,27705000.0,-20283000.0,4511000.0,0.0,-5.297,-7.005,-7.011,5197000.0,0.0,6.59,19.351,19.351,1440000.0,-935660000.0,7422000.0,7422000.0,23906000.0,,,,,2210000.0,3692000.0,1.0,83984758.0,83985000,83985000.0,0.088,316729000.0,0.0,0.0,0.0,3.771,260772000.0
58,INCY,MRQ,2006-12-31,2006-12-31,2006-12-31,2021-08-03,-415000.0,353603000.0,,327761000.0,25842000.0,,-1.012,-999000.0,18861000.0,18861000.0,0.0,-20503000.0,6.643,-5.165,371103000.0,0.0,371103000.0,371103000.0,23231000.0,3271000.0,0.0,0.0,0.0,-14420000.0,-11149000.0,-1.58,-11149000.0,-14420000.0,-20503000.0,-0.25,-0.25,-0.25,-84908000.0,,-84908000.0,834524574.0,-15.0,-17.086,-23181000.0,-0.276,1.0,7056000.0,1.0,8715000.0,6083000.0,647790000.0,,0.0,310949000.0,299712000.0,11237000.0,438511000.0,49340000.0,389171000.0,489713574.0,-97060000.0,0.0,431000.0,-91616000.0,0.0,-91185000.0,16307000.0,17306000.0,-22182000.0,0.0,-20503000.0,-20503000.0,-20503000.0,0.0,0.0,-2.906,26615000.0,-19559000.0,5916000.0,0.0,-5.768,-6.603,-6.562,5890000.0,0.0,5.84,17.716,17.704,2073000.0,-913513000.0,7056000.0,7056000.0,23559000.0,,,,,2250000.0,3277000.0,1.0,83855064.0,83931000,83931000.0,0.084,344888000.0,0.0,0.0,0.0,4.109,278421000.0
59,INCY,MRQ,2006-09-30,2006-09-30,2006-09-30,2021-08-03,521000.0,464886000.0,,432001000.0,32885000.0,,-0.789,-304000.0,115921000.0,115921000.0,0.0,-15838000.0,3.158,-8.028,460732000.0,91690000.0,369042000.0,460732000.0,28873000.0,1302000.0,0.0,0.0,0.0,-11761000.0,-10459000.0,-1.439,-10459000.0,-11761000.0,-15838000.0,-0.19,-0.19,-0.19,-66150000.0,,-66150000.0,667418135.0,-10.0,-11.091,-23051000.0,-0.275,1.0,7268000.0,1.0,9354000.0,4077000.0,663550000.0,,0.0,328170000.0,310380000.0,17790000.0,531036000.0,136793000.0,394243000.0,354683135.0,79983000.0,0.0,23000.0,111907000.0,0.0,111930000.0,-9200000.0,-8896000.0,-22747000.0,0.0,-15838000.0,-15838000.0,-15838000.0,0.0,0.0,-2.179,23025000.0,-15757000.0,3704000.0,0.0,-5.362,-4.367,-4.361,5741000.0,0.0,4.23,16.408,16.409,1390000.0,-893010000.0,7268000.0,7268000.0,19558000.0,,,,,2059000.0,3454000.0,1.0,83849441.0,83852000,83852000.0,0.087,455532000.0,0.0,0.0,0.0,5.433,295208000.0
60,INCY,MRQ,2006-06-30,2006-06-30,2006-06-30,2021-08-03,-1809000.0,375112000.0,,296167000.0,78945000.0,,-0.653,-158000.0,35938000.0,35938000.0,0.0,-20520000.0,2.101,-7.854,348673000.0,91747000.0,256926000.0,348673000.0,34463000.0,1229000.0,0.0,0.0,0.0,-16629000.0,-15400000.0,-2.247,-15400000.0,-16629000.0,-20520000.0,-0.24,-0.24,-0.24,-54725000.0,,-54725000.0,684595192.0,-8.0,-9.487,-21198000.0,-0.253,1.0,6855000.0,1.0,9785000.0,3891000.0,537111000.0,,0.0,316715000.0,253808000.0,62907000.0,429837000.0,140951000.0,288886000.0,384765192.0,-12866000.0,0.0,716000.0,0.0,0.0,716000.0,7458000.0,7616000.0,-21040000.0,0.0,-20520000.0,-20520000.0,-20520000.0,0.0,0.0,-2.993,26035000.0,-19180000.0,5377000.0,0.0,-7.031,-4.025,-4.035,6253000.0,0.0,4.6,24.702,24.744,1346000.0,-877173000.0,6855000.0,6855000.0,19724000.0,,,,,2254000.0,3421000.0,1.0,83644607.0,83786000,83786000.0,0.082,365327000.0,0.0,0.0,0.0,4.36,155216000.0
61,INCY,MRQ,2006-03-31,2006-03-31,2006-03-31,2021-08-03,-2406000.0,398756000.0,,329179000.0,69577000.0,,-0.452,-107000.0,48804000.0,48804000.0,0.0,-17306000.0,2.346,-11.557,348634000.0,91804000.0,256830000.0,348634000.0,40115000.0,1609000.0,0.0,0.0,0.0,-13447000.0,-11838000.0,-1.831,-11838000.0,-13447000.0,-17306000.0,-0.21,-0.21,-0.21,-37771000.0,,-37771000.0,833905524.0,-10.0,-10.798,15495000.0,0.185,1.0,6465000.0,1.0,10408000.0,3859000.0,547836000.0,,0.0,325027000.0,272695000.0,52332000.0,436527000.0,140342000.0,296185000.0,503537524.0,37310000.0,0.0,238000.0,10000000.0,0.0,10238000.0,11470000.0,11577000.0,15602000.0,0.0,-17306000.0,-17306000.0,-17306000.0,0.0,0.0,-2.677,28834000.0,-22369000.0,5909000.0,0.0,-13.331,-5.024,-5.017,6837000.0,0.0,6.02,44.182,44.173,1584000.0,-856653000.0,6465000.0,6465000.0,24757000.0,,,,,2327000.0,3876000.0,1.0,83644107.0,83627000,83627000.0,0.077,388348000.0,0.0,0.0,0.0,4.644,188837000.0
62,INCY,MRQ,2005-12-31,2005-12-31,2005-12-31,2021-08-03,1228000.0,374108000.0,,353976000.0,20132000.0,,-0.232,-454000.0,11494000.0,11494000.0,0.0,-27556000.0,12.707,-20.287,341862000.0,0.0,341862000.0,341862000.0,604000.0,1676000.0,0.0,0.0,0.0,-24157000.0,-22481000.0,-21.869,-22481000.0,-24157000.0,-27952000.0,-0.33,-0.33,-0.33,-19397000.0,,-19397000.0,738194305.0,-8.0,-9.303,-28473000.0,-0.34,1.0,1028000.0,1.0,11153000.0,3795000.0,665466000.0,,0.0,334789000.0,333477000.0,1312000.0,393505000.0,27857000.0,365648000.0,445472305.0,-37703000.0,0.0,536000.0,1000.0,0.0,537000.0,-10235000.0,-9781000.0,-28019000.0,14000.0,-27556000.0,-27556000.0,-27556000.0,-155000.0,0.0,-26.805,27622000.0,-26594000.0,3573000.0,0.0,-22.966,-4.323,-4.306,7667000.0,0.0,5.34,56.777,56.708,1423000.0,-839347000.0,1028000.0,1028000.0,23942000.0,,,,,34000.0,3412000.0,1.0,83421780.0,83645000,83645000.0,0.012,362955000.0,0.0,-396000.0,0.0,4.339,326119000.0
63,INCY,MRQ,2005-09-30,2005-09-30,2005-09-30,2021-08-03,-2846000.0,398109000.0,,370821000.0,27288000.0,,0.042,-202000.0,49197000.0,49197000.0,0.0,-30210000.0,13.591,112.26,341919000.0,0.0,341919000.0,341919000.0,742000.0,3955000.0,0.0,0.0,0.0,-26400000.0,-22445000.0,-18.278,-22445000.0,-26400000.0,-30210000.0,-0.36,-0.36,-0.36,3515000.0,,3515000.0,704365156.0,-7.0,-8.138,-27667000.0,-0.332,1.0,1228000.0,1.0,11783000.0,3810000.0,651764000.0,,0.0,322227000.0,314841000.0,7386000.0,394594000.0,27284000.0,367310000.0,392036156.0,12020000.0,0.0,86000.0,-7388000.0,0.0,-7302000.0,46791000.0,46993000.0,-27465000.0,-4000.0,-30210000.0,-30210000.0,-30210000.0,3000.0,0.0,-24.601,30365000.0,-29137000.0,4372000.0,0.0,111.532,-3.469,-3.431,8119000.0,0.0,4.7,42.874,42.875,1045000.0,-811791000.0,1228000.0,1228000.0,27356000.0,,,,,50000.0,2710000.0,1.0,83411948.0,83414000,83414000.0,0.015,386326000.0,0.0,0.0,0.0,4.631,343537000.0
64,INCY,MRQ,2005-06-30,2005-06-30,2005-06-30,2021-08-03,-2684000.0,436647000.0,,407858000.0,28789000.0,,0.405,-882000.0,37177000.0,37177000.0,0.0,-25145000.0,15.087,11.937,349506000.0,0.0,349506000.0,349506000.0,751000.0,708000.0,0.0,0.0,0.0,-21171000.0,-20463000.0,-7.647,-20463000.0,-21171000.0,-25301000.0,-0.3,-0.3,-0.3,33751000.0,,33751000.0,868173344.0,-10.0,-10.66,-20997000.0,-0.252,1.0,2676000.0,1.0,12519000.0,4130000.0,709424000.0,,0.0,371659000.0,364272000.0,7387000.0,402896000.0,27033000.0,375863000.0,594323344.0,-67659000.0,0.0,819000.0,-28450000.0,0.0,-27631000.0,-19911000.0,-19029000.0,-20115000.0,-2000.0,-25145000.0,-25145000.0,-25145000.0,-9000.0,0.0,-9.396,29736000.0,-27060000.0,4183000.0,0.0,17.609,-5.464,-5.257,8883000.0,0.0,7.15,57.994,58.12,931000.0,-781580000.0,2676000.0,2676000.0,26556000.0,,,,,51000.0,2734000.0,1.0,83122146.0,83303000,83303000.0,0.032,424128000.0,0.0,-156000.0,0.0,5.091,380825000.0
65,INCY,MRQ,2005-03-31,2005-03-31,2005-03-31,2021-08-03,-707000.0,487458000.0,,457492000.0,29966000.0,,0.721,-36000.0,104836000.0,104836000.0,0.0,-20131000.0,21.141,7.142,378686000.0,0.0,378686000.0,378686000.0,2225000.0,1853000.0,0.0,0.0,0.0,-15814000.0,-13961000.0,-4.789,-13961000.0,-15814000.0,-20131000.0,-0.24,-0.24,-0.24,59868000.0,,59868000.0,813676604.0,-6.0,-7.006,-26309000.0,-0.317,1.0,2915000.0,1.0,13607000.0,4317000.0,726061000.0,,0.0,351206000.0,343858000.0,7348000.0,427590000.0,21640000.0,405950000.0,567090604.0,-27344000.0,0.0,48000.0,0.0,0.0,48000.0,-1117000.0,-1081000.0,-26273000.0,-2000.0,-20131000.0,-20131000.0,-20131000.0,-153000.0,0.0,-6.906,20908000.0,-17993000.0,2322000.0,0.0,9.472,-3.852,-3.539,9011000.0,0.0,6.83,48.98,48.992,2547000.0,-756435000.0,2915000.0,2915000.0,17764000.0,,,,,51000.0,2801000.0,1.0,83029371.0,83049000,83049000.0,0.035,473851000.0,0.0,0.0,0.0,5.706,435852000.0
66,INCY,MRQ,2004-12-31,2004-12-31,2004-12-31,2021-08-03,-2226000.0,516919000.0,,481313000.0,35606000.0,,0.99,-549000.0,132180000.0,132180000.0,0.0,-37526000.0,15.289,5.584,378766000.0,0.0,378766000.0,378766000.0,1807000.0,3340000.0,0.0,0.0,0.0,-33025000.0,-29685000.0,-12.768,-29685000.0,-33025000.0,-37255000.0,-0.47,-0.47,-0.47,78517000.0,,78517000.0,1037970093.0,-7.0,-7.792,-28038000.0,-0.353,1.0,2325000.0,1.0,14220000.0,4230000.0,717804000.0,,0.0,349011000.0,337584000.0,11427000.0,438402000.0,31481000.0,406921000.0,737848093.0,53456000.0,0.0,86226000.0,0.0,0.0,86226000.0,-5288000.0,-4768000.0,-27489000.0,7000.0,-37526000.0,-37526000.0,-37526000.0,254000.0,0.0,-16.14,37272000.0,-34947000.0,2321000.0,0.0,9.397,-4.477,-4.52,9959000.0,0.0,9.99,52.159,52.651,2143000.0,-736304000.0,2325000.0,2325000.0,21061000.0,,,,,95000.0,4572000.0,1.0,73858668.0,79322000,79322000.0,0.029,502699000.0,0.0,271000.0,0.0,6.337,449832000.0
67,INCY,MRQ,2004-09-30,2004-09-30,2004-09-30,2021-08-03,-1188000.0,470504000.0,,420843000.0,49661000.0,,0.42,444000.0,78724000.0,78724000.0,0.0,-25976000.0,6.911,14.296,378846000.0,0.0,378846000.0,378846000.0,4172000.0,4021000.0,0.0,0.0,0.0,-21353000.0,-17332000.0,-7.432,-17332000.0,-21353000.0,-25976000.0,-0.35,-0.35,-0.35,30760000.0,,30760000.0,971202173.0,-6.0,-6.997,-24290000.0,-0.331,1.0,2332000.0,1.0,27395000.0,4623000.0,682333000.0,,0.0,345593000.0,333838000.0,11755000.0,439744000.0,60898000.0,378846000.0,706557173.0,-74209000.0,0.0,1137000.0,-38412000.0,0.0,-37275000.0,-12207000.0,-12612000.0,-24734000.0,7000.0,-25976000.0,-25976000.0,-25976000.0,258000.0,0.0,-11.139,22414000.0,-20082000.0,2950000.0,0.0,22.97,-4.204,-4.187,10511000.0,0.0,9.63,43.55,43.522,2679000.0,-698778000.0,2332000.0,2332000.0,17648000.0,,,,,121000.0,4898000.0,1.0,73370423.0,73323000,73323000.0,0.032,443109000.0,0.0,0.0,0.0,6.043,359945000.0
68,INCY,MRQ,2004-06-30,2004-06-30,2004-06-30,2021-08-03,-4034000.0,538118000.0,,483395000.0,54723000.0,,0.722,439000.0,152933000.0,152933000.0,0.0,-63600000.0,7.118,9.224,417578000.0,0.0,417578000.0,417578000.0,3523000.0,3490000.0,0.0,0.0,0.0,-58658000.0,-55168000.0,-13.771,-55168000.0,-58658000.0,-63526000.0,-0.87,-0.87,-0.87,52632000.0,,52632000.0,837675086.0,-5.0,-5.319,-25496000.0,-0.35,1.0,4006000.0,1.0,30030000.0,4868000.0,704825000.0,,0.0,333780000.0,320622000.0,13158000.0,485486000.0,67908000.0,417578000.0,555840086.0,17086000.0,0.0,2026000.0,0.0,0.0,2026000.0,40999000.0,40617000.0,-25935000.0,-4000.0,-63600000.0,-63600000.0,-63600000.0,352000.0,0.0,-15.876,64622000.0,-60616000.0,5010000.0,0.0,10.561,-3.003,-2.996,11535000.0,0.0,7.64,20.48,20.529,3336000.0,-672802000.0,4006000.0,4006000.0,24451000.0,,,,,122000.0,5634000.0,1.0,72753938.0,72929000,72929000.0,0.055,508088000.0,0.0,74000.0,0.0,6.967,415487000.0
69,INCY,MRQ,2004-03-31,2004-03-31,2004-03-31,2021-08-03,-300000.0,582468000.0,,514119000.0,68349000.0,,1.622,-97000.0,135847000.0,135847000.0,0.0,-37715000.0,10.946,3.944,417682000.0,0.0,417682000.0,417682000.0,4030000.0,3062000.0,0.0,0.0,0.0,-34087000.0,-31025000.0,-5.658,-31025000.0,-34087000.0,-37607000.0,-0.52,-0.52,-0.52,117818000.0,,117818000.0,742010984.0,-5.0,-6.079,-36606000.0,-0.504,1.0,5483000.0,1.0,32231000.0,3520000.0,785104000.0,,0.0,378132000.0,364860000.0,13272000.0,464650000.0,46968000.0,417682000.0,603922984.0,106149000.0,0.0,761000.0,242500000.0,0.0,243261000.0,-100664000.0,-100546000.0,-36509000.0,61000.0,-37715000.0,-37715000.0,-37715000.0,288000.0,0.0,-6.879,38692000.0,-33209000.0,6469000.0,0.0,5.126,-4.07,-4.054,22846000.0,0.0,8.31,17.674,17.666,3909000.0,-609202000.0,5483000.0,5483000.0,25112000.0,,,,,125000.0,5938000.0,1.0,72674246.0,72643000,72643000.0,0.075,550237000.0,0.0,108000.0,0.0,7.575,467151000.0
70,INCY,MRQ,2003-12-31,2003-12-31,2003-12-31,2021-08-03,-566000.0,379545000.0,,310927000.0,68618000.0,,2.131,-1042000.0,29698000.0,29698000.0,0.0,-40767000.0,7.405,1.459,167786000.0,0.0,167786000.0,167786000.0,4534000.0,3452000.0,0.0,0.0,0.0,-38732000.0,-35280000.0,-8.013,-35280000.0,-38732000.0,-41116000.0,-0.56,-0.56,-0.56,154333000.0,,154333000.0,649184940.0,-4.0,-4.648,-21001000.0,-0.29,1.0,4403000.0,1.0,23109000.0,2384000.0,452534000.0,,0.0,280305000.0,264109000.0,16196000.0,225212000.0,41990000.0,183222000.0,495601940.0,15391000.0,-599000.0,789000.0,0.0,0.0,789000.0,34588000.0,36229000.0,-19959000.0,-27000.0,-40767000.0,-40767000.0,-40767000.0,77000.0,0.0,-9.259,42494000.0,-38091000.0,6450000.0,0.0,3.211,-2.977,-2.936,27193000.0,0.0,6.84,12.03,11.85,5228000.0,-571487000.0,4403000.0,4403000.0,22729000.0,,,,,343000.0,5714000.0,1.0,72456424.0,72410000,72410000.0,0.061,356436000.0,0.0,-349000.0,0.0,4.922,268937000.0
71,INCY,MRQ,2003-09-30,2003-09-30,2003-09-30,2021-08-03,-85000.0,415437000.0,,337834000.0,77603000.0,,2.688,-1737000.0,14307000.0,14307000.0,0.0,-43012000.0,6.317,1.141,167890000.0,0.0,167890000.0,167890000.0,8922000.0,4504000.0,0.0,0.0,0.0,-40523000.0,-36019000.0,-2.719,-36019000.0,-40523000.0,-42822000.0,-0.6,-0.6,-0.6,194065000.0,,194065000.0,483981533.0,-3.0,-2.948,-41737000.0,-0.578,1.0,13249000.0,1.0,28609000.0,2299000.0,486929000.0,,0.0,318999000.0,300791000.0,18208000.0,221372000.0,53482000.0,167890000.0,334173533.0,-7708000.0,-989000.0,91000.0,-3059000.0,0.0,-2968000.0,35285000.0,38011000.0,-40000000.0,-25000.0,-43012000.0,-43012000.0,-43012000.0,0.0,0.0,-3.246,43419000.0,-30170000.0,7157000.0,0.0,1.722,-1.73,-1.665,30786000.0,0.0,4.63,6.451,6.452,10179000.0,-530720000.0,13249000.0,13249000.0,28619000.0,,,,,286000.0,8585000.0,1.0,72175709.0,72185000,72185000.0,0.184,386828000.0,0.0,190000.0,0.0,5.359,284352000.0
72,INCY,MRQ,2003-06-30,2003-06-30,2003-06-30,2021-08-03,571000.0,470475000.0,,378553000.0,91922000.0,,3.301,-1375000.0,22015000.0,22015000.0,0.0,-26900000.0,6.176,0.982,171823000.0,0.0,171823000.0,171823000.0,15071000.0,4482000.0,0.0,0.0,0.0,-24220000.0,-19738000.0,-1.789,-19738000.0,-24220000.0,-26659000.0,-0.37,-0.37,-0.37,237356000.0,,237356000.0,509616203.0,-3.0,-3.221,-16998000.0,-0.236,1.0,11036000.0,1.0,28543000.0,2439000.0,530444000.0,,0.0,369982000.0,338624000.0,31358000.0,233119000.0,61296000.0,171823000.0,348323203.0,11378000.0,-605000.0,1109000.0,0.0,0.0,1109000.0,25889000.0,27869000.0,-15623000.0,3000.0,-26900000.0,-26900000.0,-26900000.0,0.0,0.0,-2.437,37854000.0,-26818000.0,5416000.0,0.0,1.468,-1.847,-1.767,32021000.0,0.0,4.86,5.715,5.733,7515000.0,-487708000.0,11036000.0,11036000.0,29870000.0,,,,,498000.0,7694000.0,1.0,71671441.0,71895000,71895000.0,0.154,441932000.0,0.0,241000.0,0.0,6.147,317257000.0
73,INCY,MRQ,2003-03-31,2003-03-31,2003-03-31,2021-08-03,1931000.0,496878000.0,,401906000.0,94972000.0,,3.827,-5584000.0,10637000.0,10637000.0,0.0,-55784000.0,6.595,0.882,171930000.0,0.0,171930000.0,171930000.0,13048000.0,4457000.0,0.0,0.0,0.0,-53085000.0,-48628000.0,-3.887,-48628000.0,-53085000.0,-55524000.0,-0.81,-0.81,-0.81,264009000.0,,264009000.0,360788494.0,-2.0,-2.447,-48334000.0,-0.701,1.0,12509000.0,1.0,27434000.0,2439000.0,569798000.0,,0.0,399296000.0,365547000.0,33749000.0,232869000.0,60939000.0,171930000.0,211680494.0,-12291000.0,-3532000.0,-97000.0,0.0,0.0,-97000.0,30589000.0,39705000.0,-42750000.0,-33000.0,-55784000.0,-55784000.0,-55784000.0,0.0,0.0,-4.46,66782000.0,-54273000.0,7466000.0,0.0,0.802,-1.181,-1.133,33789000.0,0.0,2.99,2.681,2.612,8024000.0,-460808000.0,12509000.0,12509000.0,30186000.0,,,,,501000.0,7377000.0,1.0,70796152.0,68986000,68986000.0,0.181,469444000.0,0.0,260000.0,0.0,6.805,340967000.0
74,INCY,MRQ,2002-12-31,2002-12-31,2002-12-31,2021-08-03,2454000.0,552139000.0,,458771000.0,93368000.0,,4.476,-1403000.0,22928000.0,22928000.0,0.0,-67492000.0,5.905,0.826,172036000.0,0.0,172036000.0,172036000.0,11662000.0,5245000.0,0.0,0.0,0.0,-65030000.0,-59785000.0,-3.983,-59785000.0,-65030000.0,-67450000.0,-1.0,-1.0,-1.0,302410000.0,,302410000.0,466168767.0,-4.0,-4.481,-21005000.0,-0.311,1.0,15010000.0,1.0,26066000.0,2420000.0,597488000.0,,0.0,441605000.0,406090000.0,35515000.0,249729000.0,77693000.0,172036000.0,309761767.0,7192000.0,0.0,-4457000.0,0.0,0.0,-4458000.0,31259000.0,32662000.0,-19602000.0,-7000.0,-67492000.0,-67492000.0,-67492000.0,3088000.0,0.0,-4.496,68499000.0,-53489000.0,9999000.0,0.0,1.024,-2.263,-2.246,31787000.0,0.0,4.56,3.244,3.219,8485000.0,-405024000.0,15010000.0,15010000.0,26547000.0,,,,,688000.0,6085000.0,1.0,67930212.0,67568000,67568000.0,0.222,526073000.0,0.0,42000.0,0.0,7.786,381078000.0
75,INCY,MRQ,2002-09-30,2002-09-30,2002-09-30,2021-08-03,-736000.0,603054000.0,,489309000.0,113745000.0,,5.469,-3776000.0,15736000.0,15736000.0,0.0,-38411000.0,8.097,0.628,172143000.0,0.0,172143000.0,172143000.0,15516000.0,5609000.0,0.0,0.0,0.0,-35661000.0,-30052000.0,-1.342,-30052000.0,-35661000.0,-38111000.0,-0.57,-0.57,-0.57,370482000.0,,370482000.0,441391662.0,-2.0,-2.474,-27613000.0,-0.408,1.0,22390000.0,1.0,24679000.0,2450000.0,674353000.0,,0.0,481737000.0,437093000.0,44644000.0,232572000.0,60429000.0,172143000.0,313334662.0,-28457000.0,0.0,1271000.0,0.0,0.0,1271000.0,-5903000.0,-2127000.0,-23837000.0,12000.0,-38411000.0,-38411000.0,-38411000.0,0.0,0.0,-1.716,59854000.0,-37464000.0,7216000.0,0.0,0.846,-1.46,-1.441,44422000.0,0.0,4.64,2.317,2.324,14780000.0,-337532000.0,22390000.0,22390000.0,47406000.0,,,,,1081000.0,12147000.0,1.0,67529022.0,67740000,67740000.0,0.331,578375000.0,0.0,300000.0,0.0,8.538,428880000.0
76,INCY,MRQ,2002-06-30,2002-06-30,2002-06-30,2021-08-03,-3005000.0,645736000.0,,527520000.0,118216000.0,,5.995,-4716000.0,44193000.0,44193000.0,0.0,-17541000.0,7.622,0.597,172250000.0,0.0,172250000.0,172250000.0,16857000.0,5885000.0,0.0,0.0,0.0,-14852000.0,-8967000.0,-0.309,-8967000.0,-14852000.0,-17241000.0,-0.26,-0.26,-0.26,404272000.0,,404272000.0,568563189.0,-3.0,-3.79,-13523000.0,-0.201,1.0,29059000.0,1.0,27262000.0,2389000.0,677317000.0,,0.0,477648000.0,431958000.0,45690000.0,241464000.0,69214000.0,172250000.0,488582189.0,-54963000.0,0.0,1774000.0,-4690000.0,0.0,-2898000.0,-43189000.0,-38473000.0,-8807000.0,-69000.0,-17541000.0,-17541000.0,-17541000.0,0.0,0.0,-0.604,51836000.0,-22777000.0,8447000.0,0.0,1.209,-2.518,-2.49,45264000.0,0.0,7.27,2.871,2.881,25129000.0,-299121000.0,29059000.0,29059000.0,37717000.0,,,,,867000.0,12748000.0,1.0,67205253.0,67440000,67440000.0,0.431,618474000.0,0.0,300000.0,0.0,9.171,458306000.0
77,INCY,MRQ,2002-03-31,2002-03-31,2002-03-31,2021-08-03,-748000.0,666847000.0,,547441000.0,119406000.0,,6.303,-1995000.0,99156000.0,99156000.0,0.0,-13441000.0,8.257,0.582,179137000.0,0.0,179137000.0,179137000.0,20531000.0,5369000.0,0.0,0.0,0.0,-10600000.0,-5231000.0,-0.18,-5231000.0,-10600000.0,-13138000.0,-0.2,-0.2,-0.2,421411000.0,,421411000.0,924056382.0,-5.0,-6.801,-8015000.0,-0.12,1.0,29014000.0,1.0,2786000.0,2538000.0,677743000.0,,0.0,441851000.0,392554000.0,49297000.0,245436000.0,66299000.0,179137000.0,790186382.0,55788000.0,0.0,2871000.0,0.0,0.0,2926000.0,59061000.0,61056000.0,-6020000.0,-179000.0,-13441000.0,-13441000.0,-13441000.0,0.0,0.0,-0.463,47911000.0,-18897000.0,6485000.0,0.0,1.875,-4.24,-4.235,45308000.0,0.0,11.9,4.008,4.036,27691000.0,-281580000.0,29014000.0,29014000.0,33743000.0,,,,,1461000.0,14168000.0,1.0,66402217.0,66864000,66864000.0,0.434,664061000.0,0.0,303000.0,0.0,9.932,481142000.0
78,INCY,MRQ,2001-12-31,2001-12-31,2001-12-31,2021-08-03,8990000.0,705559000.0,,591221000.0,114338000.0,,6.612,-1425000.0,43368000.0,43368000.0,0.0,-145205000.0,6.866,0.603,179248000.0,0.0,179248000.0,179248000.0,24045000.0,8381000.0,0.0,0.0,0.0,-142544000.0,-134163000.0,-2.449,-134163000.0,-142544000.0,-144980000.0,-2.19,-2.19,-2.19,440203000.0,,440203000.0,1424729098.0,-8.0,-11.328,-10731000.0,-0.161,1.0,54772000.0,1.0,21139000.0,2436000.0,734192000.0,,0.0,509807000.0,464535000.0,45272000.0,265356000.0,86108000.0,179248000.0,1290859098.0,-2120000.0,0.0,3781000.0,0.0,0.0,3926000.0,3291000.0,4716000.0,-9306000.0,-31000.0,-145205000.0,-145205000.0,-145205000.0,0.0,0.0,-2.651,199520000.0,-144748000.0,12348000.0,0.0,2.932,-7.045,-7.018,47927000.0,0.0,19.44,5.887,5.869,54038000.0,-268139000.0,54772000.0,54772000.0,51560000.0,,,,,437000.0,17588000.0,1.0,66402217.0,66580000,66580000.0,0.823,684420000.0,0.0,225000.0,0.0,10.28,505113000.0
79,INCY,MRQ,2001-09-30,2001-09-30,2001-09-30,2021-08-03,11382000.0,825640000.0,,592915000.0,232725000.0,,8.791,-2495000.0,45488000.0,45488000.0,0.0,-17827000.0,9.435,0.415,179358000.0,0.0,179358000.0,179358000.0,18888000.0,13417000.0,0.0,0.0,0.0,-15055000.0,-1638000.0,-0.029,-1638000.0,-15055000.0,-17602000.0,-0.27,-0.27,-0.27,583437000.0,,583437000.0,1021121009.0,-30.0,84.161,-27412000.0,-0.413,1.0,57319000.0,1.0,73970000.0,2547000.0,822695000.0,,0.0,524147000.0,472058000.0,52089000.0,242203000.0,62845000.0,179358000.0,906047009.0,-18907000.0,0.0,961000.0,0.0,0.0,961000.0,5001000.0,7196000.0,-24917000.0,48000.0,-17827000.0,-17827000.0,-17827000.0,0.0,0.0,-0.311,74325000.0,-17006000.0,8212000.0,0.0,1.553,-19.957,-19.797,80194000.0,0.0,13.66,4.12,4.123,44117000.0,-122935000.0,57319000.0,57319000.0,50662000.0,,,,,235000.0,17886000.0,1.0,66328478.0,66370000,66370000.0,0.864,751670000.0,0.0,225000.0,0.0,11.325,530070000.0
80,INCY,MRQ,2001-06-30,2001-06-30,2001-06-30,2021-08-03,15441000.0,852068000.0,,592470000.0,259598000.0,,9.145,-4119000.0,64395000.0,64395000.0,0.0,-9891000.0,8.674,0.41,179469000.0,0.0,179469000.0,179469000.0,19737000.0,12283000.0,0.0,0.0,0.0,-7131000.0,5152000.0,0.092,5152000.0,-7131000.0,-9666000.0,-0.15,-0.15,-0.15,604292000.0,,604292000.0,1678003271.0,-71.0,89.766,-17280000.0,-0.262,1.0,56051000.0,1.0,76961000.0,2535000.0,821874000.0,,0.0,541431000.0,475006000.0,66425000.0,247776000.0,68307000.0,179469000.0,1613112271.0,-50294000.0,0.0,5621000.0,-1000.0,0.0,5620000.0,-42728000.0,-38609000.0,-13161000.0,-25000.0,-9891000.0,-9891000.0,-9891000.0,0.0,0.0,-0.176,73746000.0,-17695000.0,8428000.0,0.0,2.669,-45.865,-45.407,92163000.0,0.0,24.52,7.518,7.551,31581000.0,-105107000.0,56051000.0,56051000.0,55155000.0,,,,,308000.0,18591000.0,1.0,65787613.0,66076000,66076000.0,0.848,775107000.0,0.0,225000.0,0.0,11.731,524163000.0
81,INCY,MRQ,2001-03-31,2001-03-31,2001-03-31,2021-08-03,17406000.0,851943000.0,,609853000.0,242090000.0,,9.279,-4880000.0,114689000.0,114689000.0,0.0,-10312000.0,9.788,0.397,179580000.0,0.0,179580000.0,179580000.0,23952000.0,12329000.0,0.0,0.0,0.0,-7447000.0,4882000.0,0.095,4882000.0,-7447000.0,-10057000.0,-0.16,-0.16,-0.16,610055000.0,,610055000.0,859849265.0,-43.0,46.789,-4500000.0,-0.068,1.0,51121000.0,1.0,79953000.0,2610000.0,774573000.0,,0.0,500235000.0,452651000.0,47584000.0,241888000.0,62308000.0,179580000.0,985059265.0,4534000.0,0.0,905000.0,-5642000.0,0.0,-4737000.0,8879000.0,13759000.0,380000.0,12000.0,-10312000.0,-10312000.0,-10312000.0,0.0,0.0,-0.202,72520000.0,-21399000.0,8317000.0,0.0,1.615,-30.909,-31.327,95836000.0,0.0,15.35,4.816,4.934,21600000.0,-95216000.0,51121000.0,51121000.0,55959000.0,,,,,275000.0,16561000.0,1.0,64173242.0,65745000,65745000.0,0.778,771990000.0,0.0,255000.0,0.0,11.742,547545000.0
82,INCY,MRQ,2000-12-31,2000-12-31,2000-12-31,2021-08-03,20913000.0,886820000.0,,647895000.0,238925000.0,,9.674,-9856000.0,110155000.0,110155000.0,0.0,-7370000.0,8.49,0.424,187814000.0,0.0,187814000.0,187814000.0,22756000.0,8167000.0,0.0,0.0,0.0,-4430000.0,3737000.0,0.067,3737000.0,-4430000.0,-7165000.0,-0.11,-0.11,-0.11,622694000.0,,622694000.0,1471420261.0,-77.0,95.989,-18074000.0,-0.281,1.0,55416000.0,1.0,82944000.0,2735000.0,805223000.0,,0.0,512028000.0,472025000.0,40003000.0,264126000.0,76312000.0,187814000.0,1596630261.0,-218222000.0,-36866000.0,4488000.0,-11872000.0,0.0,-7384000.0,-201656000.0,-154934000.0,-8218000.0,-964000.0,-7370000.0,-7370000.0,-7370000.0,0.0,0.0,-0.133,72467000.0,-17051000.0,17962000.0,0.0,2.564,-53.695,-52.936,98948000.0,0.0,24.88,8.223,8.1,35022000.0,-84904000.0,55416000.0,55416000.0,53935000.0,,,,,512000.0,18532000.0,1.0,64173242.0,64369000,64369000.0,0.861,803876000.0,0.0,205000.0,0.0,12.489,571583000.0
83,INCY,MRQ,2000-09-30,2000-09-30,2000-09-30,2021-08-03,34580000.0,865924000.0,,684574000.0,181350000.0,,9.514,-16166000.0,328377000.0,328377000.0,0.0,-7598000.0,12.851,0.421,203167000.0,0.0,203167000.0,203167000.0,16255000.0,9634000.0,0.0,0.0,0.0,-4712000.0,4922000.0,0.095,4922000.0,-4712000.0,-7598000.0,-0.12,-0.12,-0.12,609486000.0,,609486000.0,2396479963.0,-111.0,191.78,-42804000.0,-0.668,1.0,51982000.0,1.0,12771000.0,2886000.0,674672000.0,,0.0,370845000.0,316255000.0,54590000.0,256438000.0,53271000.0,203167000.0,2631300963.0,-109736000.0,0.0,7467000.0,-69000.0,0.0,7398000.0,-91430000.0,-75264000.0,-26638000.0,934000.0,-7598000.0,-7598000.0,-7598000.0,0.0,0.0,-0.146,67728000.0,-15746000.0,11848000.0,0.0,4.317,-91.46,-87.511,96285000.0,0.0,41.13,14.241,14.26,21015000.0,-77534000.0,51982000.0,51982000.0,51880000.0,,,,,0.0,15848000.0,1.0,63975224.0,64064000,64064000.0,0.811,853153000.0,0.0,0.0,0.0,13.317,631303000.0
84,INCY,MRQ,2000-06-30,2000-06-30,2000-06-30,2021-08-03,26978000.0,876635000.0,,711108000.0,165527000.0,,9.435,-20998000.0,438113000.0,438113000.0,0.0,-6590000.0,9.959,0.456,203292000.0,0.0,203292000.0,203292000.0,31384000.0,8415000.0,0.0,0.0,0.0,-3579000.0,4836000.0,0.105,4836000.0,-3579000.0,-6590000.0,-0.1,-0.1,-0.1,601941000.0,,601941000.0,2395884449.0,-86.0,687.88,-17205000.0,-0.27,1.0,46015000.0,1.0,13369000.0,3011000.0,557043000.0,,0.0,288913000.0,242805000.0,46108000.0,274694000.0,71402000.0,203292000.0,2613795449.0,16779000.0,0.0,3435000.0,52000.0,0.0,3487000.0,9619000.0,30617000.0,3793000.0,-120000.0,-6590000.0,-6590000.0,-6590000.0,0.0,0.0,-0.143,60407000.0,-14392000.0,13547000.0,0.0,4.342,-81.078,-74.718,87930000.0,0.0,41.095,15.539,15.587,14732000.0,-69936000.0,46015000.0,46015000.0,45407000.0,,,,,0.0,15000000.0,1.0,63603734.0,63798000,63798000.0,0.721,863266000.0,0.0,0.0,0.0,13.531,639706000.0
85,INCY,MRQ,2000-03-31,2000-03-31,2000-03-31,2021-08-03,26275000.0,875692000.0,,728940000.0,146752000.0,,9.97,-12490000.0,421334000.0,421334000.0,0.0,-8177000.0,10.728,0.449,203423000.0,0.0,203423000.0,203423000.0,38092000.0,8114000.0,0.0,0.0,0.0,-6280000.0,1834000.0,0.045,1834000.0,-6280000.0,-8177000.0,-0.13,-0.13,-0.13,604320000.0,,604320000.0,2741957285.0,-87.0,-1823.11,4629000.0,0.076,1.0,40754000.0,1.0,13966000.0,1897000.0,575866000.0,,0.0,312092000.0,270820000.0,41272000.0,271372000.0,67949000.0,203423000.0,2773983285.0,389114000.0,0.0,419262000.0,196337000.0,0.0,615619000.0,-243626000.0,-231136000.0,17119000.0,2000.0,-8177000.0,-8177000.0,-8177000.0,0.0,0.0,-0.201,56155000.0,-15401000.0,11903000.0,0.0,4.59,-83.971,-75.379,73562000.0,0.0,43.72,17.328,16.553,14368000.0,-63346000.0,40754000.0,40754000.0,41334000.0,,,,,0.0,14821000.0,1.0,63448840.0,60612000,60612000.0,0.672,861726000.0,0.0,0.0,0.0,14.217,660991000.0
86,INCY,MRQ,1999-12-31,1999-12-31,1999-12-31,2021-08-03,3443000.0,221934000.0,,109501000.0,112433000.0,,2.985,-6987000.0,32220000.0,32220000.0,0.0,-6405000.0,2.128,0.303,194000.0,0.0,194000.0,194000.0,26459000.0,8019000.0,0.0,0.0,0.0,-7115000.0,904000.0,0.02,904000.0,-7115000.0,-7205000.0,-0.12,-0.12,-0.12,170282000.0,,170282000.0,1666179140.0,-61.0,1951.029,-23756000.0,-0.416,1.0,46024000.0,1.0,14564000.0,90000.0,123886000.0,,0.0,53992000.0,34717000.0,19275000.0,51652000.0,51458000.0,194000.0,1707328140.0,-9168000.0,0.0,13614000.0,-303000.0,0.0,7127000.0,581000.0,7568000.0,-16769000.0,-107000.0,-6405000.0,-6405000.0,-6405000.0,0.0,0.0,-0.139,52963000.0,-6939000.0,6501000.0,0.0,10.026,-63.782,-62.5,67293000.0,0.0,30.0,10.877,10.756,26608000.0,-55169000.0,46024000.0,46024000.0,42593000.0,,,,,0.0,10370000.0,1.0,56910938.0,57044000,57044000.0,0.807,207370000.0,0.0,-800000.0,0.0,3.635,58043000.0
87,INCY,MRQ,1999-09-30,1999-09-30,1999-09-30,2021-08-03,-81000.0,209659000.0,,98915000.0,110744000.0,,2.938,-7803000.0,41388000.0,41388000.0,0.0,-11066000.0,2.259,0.266,239000.0,0.0,239000.0,239000.0,21942000.0,6903000.0,0.0,0.0,0.0,-10994000.0,-4091000.0,-0.116,-4091000.0,-10994000.0,-11066000.0,-0.2,-0.2,-0.2,165632000.0,,165632000.0,595220237.0,-33.0,73.922,-3183000.0,-0.056,1.0,35415000.0,1.0,15162000.0,72000.0,109560000.0,,0.0,59020000.0,40675000.0,18345000.0,44027000.0,43788000.0,239000.0,648122237.0,-11896000.0,0.0,-1751000.0,-251000.0,0.0,4191000.0,2163000.0,9966000.0,4620000.0,139000.0,-11066000.0,-11066000.0,-11066000.0,0.0,0.0,-0.312,45863000.0,-10448000.0,6090000.0,0.0,3.913,-34.332,-34.015,66640000.0,0.0,11.565,4.392,4.418,8020000.0,-48764000.0,35415000.0,35415000.0,36874000.0,,,,,0.0,8989000.0,1.0,56041698.0,56380000,56380000.0,0.628,194497000.0,0.0,0.0,0.0,3.45,55127000.0
88,INCY,MRQ,1999-06-30,1999-06-30,1999-06-30,2021-08-03,-1302000.0,224170000.0,,117363000.0,106807000.0,,3.057,-11041000.0,53284000.0,53284000.0,0.0,-7387000.0,2.221,0.311,382000.0,0.0,382000.0,382000.0,35042000.0,7155000.0,0.0,0.0,0.0,-7306000.0,-151000.0,-0.004,-151000.0,-7306000.0,-7387000.0,-0.13,-0.13,-0.13,170934000.0,,170934000.0,655005428.0,-49.0,64.109,-52000000.0,-0.93,1.0,37893000.0,1.0,15760000.0,81000.0,102654000.0,,0.0,69714000.0,52797000.0,16917000.0,53236000.0,52854000.0,382000.0,738002428.0,-30262000.0,0.0,1383000.0,-317000.0,0.0,1070000.0,-13335000.0,-2294000.0,-40959000.0,-47000.0,-7387000.0,-7387000.0,-7387000.0,0.0,0.0,-0.195,45619000.0,-7726000.0,4597000.0,0.0,4.317,-50.555,-49.887,63966000.0,0.0,13.22,5.025,5.034,4594000.0,-37698000.0,37893000.0,37893000.0,36122000.0,,,,,0.0,9497000.0,1.0,55824692.0,55922000,55922000.0,0.678,208410000.0,0.0,0.0,0.0,3.727,64509000.0
89,INCY,MRQ,1999-03-31,1999-03-31,1999-03-31,2021-08-03,-562000.0,250755000.0,,148985000.0,101770000.0,,3.185,-8927000.0,83546000.0,83546000.0,0.0,-1910000.0,2.051,0.412,549000.0,0.0,549000.0,549000.0,53087000.0,6029000.0,0.0,0.0,0.0,-1772000.0,4257000.0,0.113,4257000.0,-1772000.0,-1910000.0,-0.035,-0.035,-0.035,177573000.0,,177573000.0,510447436.0,9115.0,25.026,22735000.0,0.408,1.0,37630000.0,1.0,16358000.0,138000.0,78767000.0,,0.0,69226000.0,50184000.0,19042000.0,73182000.0,72633000.0,549000.0,559699436.0,33498000.0,0.0,368000.0,-289000.0,0.0,79000.0,1907000.0,10834000.0,31662000.0,-150000.0,-1910000.0,-1910000.0,-1910000.0,0.0,0.0,-0.051,39623000.0,-1993000.0,6493000.0,0.0,3.152,-279.291,-286.571,58616000.0,0.0,10.03,3.94,3.937,9713000.0,-30311000.0,37630000.0,37630000.0,31244000.0,,,,,0.0,8379000.0,1.0,55802536.0,55758000,55758000.0,0.675,234397000.0,0.0,0.0,0.0,4.204,76352000.0
90,INCY,MRQ,1998-12-31,1998-12-31,1998-12-31,2021-08-03,-10000.0,230290000.0,,131364000.0,98926000.0,,3.232,-9217000.0,50048000.0,50048000.0,0.0,1485000.0,2.631,0.282,796000.0,0.0,796000.0,796000.0,29054000.0,6161000.0,0.0,0.0,0.0,1876000.0,8037000.0,0.219,8037000.0,1876000.0,1726000.0,0.025,0.025,0.025,179567000.0,,179567000.0,991829346.0,166.0,41.672,-14962000.0,-0.269,1.0,36647000.0,1.0,16955000.0,150000.0,114156000.0,,0.0,81838000.0,61185000.0,20653000.0,50723000.0,49927000.0,796000.0,1037179346.0,4698000.0,0.0,1471000.0,-561000.0,0.0,926000.0,9921000.0,19138000.0,-5745000.0,-404000.0,1485000.0,1485000.0,1485000.0,0.0,0.0,0.041,35853000.0,794000.0,8244000.0,0.0,5.776,298.727,311.5,54429000.0,0.0,18.69,7.694,7.465,14318000.0,-28401000.0,36647000.0,36647000.0,27611000.0,,,,,-348000.0,8242000.0,1.0,55493812.0,55564000,58674000.0,0.66,213335000.0,0.0,241000.0,0.0,3.839,81437000.0
91,INCY,MRQ,1998-09-30,1998-09-30,1998-09-30,2021-08-03,750000.0,232959000.0,,137553000.0,95406000.0,,3.276,-6168000.0,45350000.0,45350000.0,0.0,-6786000.0,2.469,0.326,0.0,0.0,0.0,0.0,34437000.0,4177000.0,0.0,0.0,0.0,-6103000.0,-1926000.0,-0.056,-1926000.0,-6103000.0,-6103000.0,-0.125,-0.125,-0.125,175729000.0,,175729000.0,529656310.0,70.0,23.265,2716000.0,0.051,1.0,34692000.0,1.0,17553000.0,0.0,114336000.0,,0.0,102166000.0,80861000.0,21305000.0,57230000.0,55720000.0,1510000.0,566600310.0,12406000.0,-3977000.0,355000.0,-85000.0,0.0,270000.0,3252000.0,13397000.0,8884000.0,0.0,-6786000.0,-6786000.0,-6786000.0,0.0,0.0,-0.196,42614000.0,-7922000.0,5650000.0,0.0,3.224,111.91,106.25,50326000.0,0.0,10.625,4.514,4.541,4079000.0,-29886000.0,34692000.0,34692000.0,24762000.0,,,,,102000.0,6874000.0,1.0,53327088.0,53642000,53642000.0,0.647,215406000.0,0.0,683000.0,0.0,4.016,81833000.0
92,INCY,MRQ,1998-06-30,1998-06-30,1998-06-30,2021-08-03,7000.0,219188000.0,,147196000.0,71992000.0,,2.966,-6258000.0,36944000.0,36944000.0,0.0,5207000.0,2.437,0.388,0.0,0.0,0.0,0.0,43213000.0,3974000.0,0.0,0.0,0.0,6055000.0,10029000.0,0.303,10029000.0,6055000.0,6055000.0,0.1,0.09,0.1,157876000.0,,157876000.0,857212892.0,54.0,29.071,-5107000.0,-0.096,1.0,33093000.0,1.0,0.0,0.0,121840000.0,,0.0,114820000.0,93766000.0,21054000.0,61312000.0,60404000.0,908000.0,905312892.0,-9782000.0,0.0,1189000.0,-58000.0,0.0,1131000.0,-12064000.0,-5806000.0,1151000.0,0.0,5207000.0,5207000.0,5207000.0,0.0,0.0,0.157,28842000.0,4251000.0,3527000.0,0.0,5.734,64.883,64.396,45653000.0,0.0,17.065,7.938,7.964,10970000.0,-23100000.0,33093000.0,33093000.0,23120000.0,,,,,70000.0,5722000.0,1.0,53050858.0,53220000,57334000.0,0.622,219188000.0,0.0,848000.0,0.0,4.119,86792000.0
93,INCY,MRQ,1998-03-31,1998-03-31,1998-03-31,2021-08-03,-54000.0,219097000.0,,152190000.0,66907000.0,,2.859,-9067000.0,48726000.0,48726000.0,0.0,3566000.0,2.28,0.448,626000.0,0.0,626000.0,626000.0,44964000.0,3515000.0,0.0,0.0,0.0,4146000.0,7661000.0,0.252,7661000.0,4146000.0,4146000.0,0.065,0.06,0.065,151349000.0,,151349000.0,1181991222.0,105.0,51.031,22876000.0,0.432,1.0,30379000.0,1.0,0.0,0.0,104257000.0,,0.0,108953000.0,89713000.0,19240000.0,67748000.0,66740000.0,1008000.0,1239160222.0,-12872000.0,0.0,1734000.0,-77000.0,0.0,1657000.0,-46472000.0,-37405000.0,31943000.0,0.0,3566000.0,3566000.0,3566000.0,0.0,0.0,0.117,27470000.0,2909000.0,6663000.0,0.0,8.187,123.706,123.026,43369000.0,0.0,23.375,12.104,12.087,8626000.0,-28307000.0,30379000.0,30379000.0,21699000.0,,,,,176000.0,4600000.0,1.0,53012202.0,52940000,57832000.0,0.574,219097000.0,0.0,580000.0,0.0,4.139,85450000.0
94,INCY,MRQ,1997-12-31,1997-12-31,1997-12-31,2021-08-03,56000.0,199089000.0,,142914000.0,56175000.0,,2.789,-10359000.0,61598000.0,61598000.0,0.0,3076000.0,2.737,0.366,1173000.0,0.0,1173000.0,1173000.0,31815000.0,3505000.0,0.0,0.0,0.0,3497000.0,7002000.0,0.256,7002000.0,3497000.0,3311000.0,0.06,0.055,0.06,145702000.0,,145702000.0,,,,-9227000.0,-0.177,1.0,27347000.0,1.0,0.0,186000.0,86450000.0,,0.0,72297000.0,57497000.0,14800000.0,53387000.0,52214000.0,1173000.0,1081188090.0,-279000.0,0.0,426000.0,997000.0,0.0,1423000.0,-2834000.0,7525000.0,1132000.0,0.0,3076000.0,3076000.0,3076000.0,0.0,0.0,0.112,25471000.0,1876000.0,11791000.0,0.0,7.421,156.512,160.714,38070000.0,0.0,22.5,12.014,12.151,19983000.0,-30129000.0,27347000.0,27347000.0,21425000.0,,,,,0.0,4046000.0,1.0,48052804.0,52236000,56800000.0,0.524,199089000.0,0.0,235000.0,0.0,3.811,90700000.0
95,INCY,MRQ,1997-09-30,1997-09-30,1997-09-30,2021-08-03,,,,,,,,-7562000.0,,,0.0,2104000.0,,,,,,,,2536000.0,,0.0,0.0,2259000.0,4795000.0,0.206,4795000.0,2259000.0,2259000.0,0.04,0.04,0.04,,,,,,,-2742000.0,-0.055,1.0,23226000.0,1.0,,0.0,,,,,,,,,,1009108884.0,38537000.0,0.0,89083000.0,10000.0,0.0,89093000.0,-55376000.0,-41814000.0,4820000.0,0.0,2104000.0,2104000.0,2104000.0,0.0,0.0,0.091,22303000.0,923000.0,,0.0,,,,,0.0,21.0,,,,,23226000.0,23226000.0,18524000.0,,,,,0.0,3779000.0,1.0,48052804.0,49932000,54274000.0,0.465,,,155000.0,,,
96,INCY,MRQ,1997-06-30,1997-06-30,1997-06-30,2021-08-03,,,,,,,,-2852000.0,,,0.0,1271000.0,,,,,,,,2327000.0,,0.0,0.0,1377000.0,3704000.0,0.173,3704000.0,1377000.0,1377000.0,0.025,0.025,0.025,,,,,,,848000.0,0.018,1.0,21425000.0,1.0,,0.0,,,,,,,,,,,7088000.0,0.0,4231000.0,-20000.0,0.0,4211000.0,-823000.0,2029000.0,3700000.0,0.0,1271000.0,1271000.0,1271000.0,0.0,0.0,0.059,20620000.0,805000.0,,0.0,,,,,0.0,16.75,,,,,21425000.0,21425000.0,17370000.0,,,,,0.0,3250000.0,1.0,,46244000,50418000.0,0.463,,,106000.0,,,
97,INCY,MRQ,1997-03-31,1997-03-31,1997-03-31,2021-08-03,,,,,,,,-4756000.0,,,0.0,457000.0,,,,,,,,2265000.0,,0.0,0.0,509000.0,2774000.0,0.154,2774000.0,509000.0,509000.0,0.01,0.01,0.01,,,,,,,3579000.0,0.078,1.0,17998000.0,1.0,,0.0,,,,,,,,,,,636000.0,0.0,91000.0,-33000.0,0.0,58000.0,-7757000.0,-3001000.0,8335000.0,0.0,457000.0,457000.0,457000.0,0.0,0.0,0.025,17986000.0,12000.0,,0.0,,,,,0.0,13.0,,,,,17998000.0,17998000.0,15133000.0,,,,,0.0,2853000.0,1.0,,45990000,50494000.0,0.391,,,52000.0,,,
98,INCY,MRQ,1996-12-31,1996-12-31,1996-12-31,2021-08-03,-73000.0,66876000.0,,43175000.0,23701000.0,,1.01,,7628000.0,7628000.0,,,2.043,0.478,0.0,0.0,0.0,0.0,14878000.0,,0.0,0.0,0.0,,,,,,,,,,45247000.0,,45247000.0,,,,,,1.0,,,0.0,,38120000.0,,0.0,30935000.0,30622000.0,313000.0,21629000.0,21128000.0,501000.0,,,,,,,,,,,,,,,,,,,,4670000.0,,,,-80.469,22936000.0,,12.875,,13.767,2126000.0,-36522000.0,,,,,,,,,,1.0,,44796000,,,66876000.0,0.0,,0.0,1.493,22047000.0
0,INCY,MRT,2021-06-30,2021-06-30,2021-06-30,2021-08-03,-18273000.0,3904623000.0,3608601750.0,2620060000.0,1284563000.0,0.754,13.34,-218644000.0,1799261000.0,1799261000.0,137893000.0,337638000.0,3.968,0.33,34246000.0,2408000.0,31838000.0,34246000.0,0.0,54410000.0,0.0,0.0,0.0,407238000.0,461648000.0,0.17,461648000.0,407238000.0,405549000.0,1.54,1.53,1.54,2935861000.0,2666451500.0,2935861000.0,16865022120.0,41.0,36.532,449831000.0,2.044,1.0,2582686000.0,0.949,317116000.0,1689000.0,1162168000.0,1069065500.0,52260000.0,504076000.0,283385000.0,220691000.0,968762000.0,660324000.0,308438000.0,18502162120.0,469948000.0,0.0,57536000.0,-1622000.0,0.0,29317000.0,-226081000.0,-7437000.0,668475000.0,-1763000.0,337638000.0,337638000.0,337638000.0,0.0,0.0,0.124,2152636000.0,430050000.0,122100000.0,0.0,6.302,54.799,54.63,689043000.0,0.0,84.13,6.801,6.806,438170000.0,-1523464000.0,2720579000.0,2720579000.0,1494461000.0,0.094,0.127,0.381,0.15,181151000.0,610430000.0,1.0,219923477.0,220083000,222250000.0,12.362,3587507000.0,0.0,67911000.0,0.0,16.301,1959736000.0
1,INCY,MRT,2021-03-31,2021-03-31,2021-03-31,2021-08-03,-20358000.0,3661436000.0,3435526250.0,2449969000.0,1211467000.0,0.787,12.411,-196197000.0,1671611000.0,1671611000.0,133229000.0,478480000.0,3.927,0.342,34471000.0,2317000.0,32154000.0,34471000.0,0.0,52547000.0,0.0,0.0,0.0,543111000.0,595658000.0,0.22,595658000.0,543111000.0,541180000.0,2.19,2.18,2.19,2727844000.0,2518637250.0,2727844000.0,16386773001.0,30.0,27.51,568716000.0,2.587,1.0,2569684000.0,0.951,322500000.0,1931000.0,1077915000.0,1038407500.0,40379000.0,494599000.0,292425000.0,202174000.0,933592000.0,623881000.0,309711000.0,17866681001.0,625822000.0,0.0,115714000.0,-1222000.0,0.0,82045000.0,-220194000.0,-23997000.0,764913000.0,-942000.0,478480000.0,478480000.0,478480000.0,0.0,0.0,0.177,2048275000.0,521409000.0,85058000.0,0.0,6.55,37.34,37.11,622657000.0,0.0,81.27,6.61,6.609,397357000.0,-1672920000.0,2702913000.0,2702913000.0,1437551000.0,0.139,0.19,0.523,0.201,182722000.0,559569000.0,1.0,219843497.0,219801000,221867000.0,12.297,3338936000.0,0.0,62700000.0,0.0,15.191,1826088000.0
2,INCY,MRT,2020-12-31,2020-12-31,2020-12-31,2021-08-03,-15360000.0,3560918000.0,3208272750.0,2359894000.0,1201024000.0,0.831,11.974,-187379000.0,1514765000.0,1514765000.0,131328000.0,-295697000.0,3.739,0.364,34857000.0,2284000.0,32573000.0,34857000.0,0.0,51807000.0,0.0,0.0,0.0,-230044000.0,-178237000.0,-0.067,-178237000.0,-230044000.0,-232218000.0,-1.36,-1.36,-1.36,2611268000.0,2321106500.0,2611268000.0,17594567908.0,-76.0,-98.714,-311978000.0,-1.431,1.0,2535374000.0,0.951,327884000.0,2174000.0,1121931000.0,996573000.0,35973000.0,510670000.0,288369000.0,222301000.0,949650000.0,631195000.0,318455000.0,19048279908.0,-318942000.0,0.0,110305000.0,-836000.0,0.0,71709000.0,-269001000.0,-81622000.0,-124599000.0,2949000.0,-295697000.0,-295697000.0,-295697000.0,0.0,0.0,-0.111,2775665000.0,-240291000.0,98767000.0,0.0,7.295,-64.418,-63.956,588076000.0,0.0,86.98,7.143,7.113,481994000.0,-1726455000.0,2666702000.0,2666702000.0,2215942000.0,-0.092,-0.127,-0.231,-0.086,177877000.0,516922000.0,1.0,218996090.0,218073000,218073000.0,12.228,3233034000.0,0.0,63479000.0,0.0,14.825,1728699000.0
3,INCY,MRT,2020-09-30,2020-09-30,2020-09-30,2021-08-03,-9748000.0,3307430000.0,3174730750.0,2159425000.0,1148005000.0,0.774,10.928,-165261000.0,1500438000.0,1500438000.0,127220000.0,-334542000.0,3.562,0.383,46726000.0,13878000.0,32848000.0,46726000.0,0.0,51986000.0,0.0,0.0,0.0,-271963000.0,-219977000.0,-0.09,-219977000.0,-271963000.0,-274316000.0,-1.56,-1.58,-1.56,2390833000.0,2317891000.0,2390833000.0,18348436888.0,-67.0,-83.411,-265563000.0,-1.214,1.0,2329362000.0,0.948,333268000.0,2353000.0,914248000.0,911381250.0,25709000.0,459835000.0,237025000.0,222810000.0,916597000.0,606202000.0,310395000.0,19626055888.0,-202580000.0,0.0,121112000.0,-815000.0,0.0,89157000.0,-196299000.0,-31038000.0,-100302000.0,4864000.0,-334542000.0,-334542000.0,-334542000.0,0.0,0.0,-0.136,2639347000.0,-309985000.0,122512000.0,0.0,8.209,-58.665,-57.526,527458000.0,0.0,89.74,7.989,7.992,356182000.0,-1876305000.0,2456582000.0,2456582000.0,2122864000.0,-0.105,-0.144,-0.298,-0.111,174639000.0,486111000.0,1.0,218699085.0,218784000,218784000.0,11.228,2974162000.0,0.0,60226000.0,0.0,13.594,1553223000.0
4,INCY,MRT,2020-06-30,2020-06-30,2020-06-30,2021-08-03,-12423000.0,3212321000.0,3151577750.0,2077625000.0,1134696000.0,0.758,10.777,-95628000.0,1329313000.0,1329313000.0,122938000.0,-191068000.0,3.733,0.37,51694000.0,19777000.0,31917000.0,51694000.0,0.0,52899000.0,0.0,0.0,0.0,-120383000.0,-67484000.0,-0.028,-67484000.0,-120383000.0,-122789000.0,-0.89,-0.92,-0.89,2344604000.0,2325814500.0,2344604000.0,21605922012.0,-179.0,-320.164,-107630000.0,-0.495,1.0,2264582000.0,0.949,338653000.0,2406000.0,1039536000.0,869291000.0,25889000.0,511487000.0,262756000.0,248731000.0,867717000.0,556513000.0,311204000.0,22600318012.0,-87925000.0,0.0,116440000.0,-800000.0,0.0,91120000.0,-169562000.0,-73934000.0,-12002000.0,2519000.0,-191068000.0,-191068000.0,-191068000.0,0.0,0.0,-0.08,2449405000.0,-184823000.0,90909000.0,0.0,9.639,-118.284,-116.82,481910000.0,0.0,103.97,9.466,9.474,420250000.0,-1861102000.0,2387520000.0,2387520000.0,1966091000.0,-0.061,-0.082,-0.138,-0.05,174198000.0,467931000.0,1.0,217373454.0,217549000,220434000.0,10.975,2873668000.0,0.0,68279000.0,0.0,13.209,1521112000.0
5,INCY,MRT,2020-03-31,2020-03-31,2020-03-31,2021-08-03,-13107000.0,2752422000.0,3085405750.0,1716169000.0,1036253000.0,0.723,8.941,-99062000.0,1045789000.0,1045789000.0,118980000.0,-376048000.0,3.409,0.42,51393000.0,19434000.0,31959000.0,51393000.0,0.0,53740000.0,0.0,0.0,0.0,-319260000.0,-265520000.0,-0.119,-265520000.0,-319260000.0,-321382000.0,-1.73,-1.76,-1.73,1937721000.0,2301461250.0,1937721000.0,14091647355.0,-44.0,-53.072,-227486000.0,-1.05,1.0,2110429000.0,0.947,344037000.0,2122000.0,910577000.0,822756250.0,22217000.0,440344000.0,259351000.0,180993000.0,814701000.0,503412000.0,311289000.0,15874472355.0,-254910000.0,0.0,62437000.0,-814000.0,0.0,43723000.0,-171451000.0,-72389000.0,-128424000.0,1242000.0,-376048000.0,-376048000.0,-376048000.0,0.0,0.0,-0.169,2426859000.0,-316430000.0,60937000.0,0.0,8.192,-42.214,-42.329,438656000.0,0.0,73.23,7.12,7.119,351522000.0,-2151400000.0,2229409000.0,2229409000.0,1968853000.0,-0.122,-0.163,-0.388,-0.143,168510000.0,455876000.0,1.0,216775534.0,216721000,216721000.0,10.287,2408385000.0,0.0,54666000.0,0.0,11.113,1212757000.0
6,INCY,MRT,2019-12-31,2019-12-31,2019-12-31,2021-08-03,-15542000.0,3426750000.0,3085840500.0,2481488000.0,945262000.0,0.7,12.091,-78064000.0,1833707000.0,1833707000.0,114249000.0,446906000.0,4.834,0.319,50882000.0,18964000.0,31918000.0,50882000.0,0.0,54533000.0,0.0,0.0,0.0,488646000.0,543179000.0,0.252,543179000.0,488646000.0,486791000.0,2.08,2.05,2.08,2598406000.0,2338422750.0,2598406000.0,17156048363.0,35.0,31.585,632592000.0,2.943,1.0,2044510000.0,0.947,349421000.0,1855000.0,781164000.0,780367250.0,16505000.0,418527000.0,284870000.0,133657000.0,828344000.0,513340000.0,315004000.0,18808491363.0,668721000.0,0.0,63299000.0,-822000.0,0.0,45711000.0,-87454000.0,-9390000.0,710656000.0,-192000.0,446906000.0,446906000.0,446906000.0,0.0,0.0,0.207,1622822000.0,421688000.0,83647000.0,0.0,7.238,42.086,41.981,406625000.0,0.0,87.32,8.713,8.693,308809000.0,-1430758000.0,2158759000.0,2158759000.0,1154111000.0,0.145,0.191,0.626,0.226,166589000.0,468711000.0,1.0,215397290.0,214913000,217657000.0,10.045,3077329000.0,0.0,39885000.0,0.0,14.319,1968148000.0
7,INCY,MRT,2019-09-30,2019-09-30,2019-09-30,2021-08-03,-8614000.0,3214818000.0,2890593500.0,2319595000.0,895223000.0,0.729,11.257,-74030000.0,1703018000.0,1703018000.0,108400000.0,404964000.0,5.024,0.327,50575000.0,763000.0,49812000.0,50575000.0,0.0,55414000.0,0.0,0.0,0.0,433107000.0,488521000.0,0.232,488521000.0,433107000.0,431504000.0,1.9,1.86,1.9,2422527000.0,2170313000.0,2422527000.0,14597453871.0,34.0,29.881,588846000.0,2.736,1.0,1999372000.0,0.949,354805000.0,1603000.0,745887000.0,760570250.0,13318000.0,402097000.0,284195000.0,117902000.0,792291000.0,461683000.0,330608000.0,15964395871.0,589830000.0,0.0,43245000.0,-626000.0,0.0,20454000.0,-93523000.0,-19493000.0,662876000.0,23000.0,404964000.0,404964000.0,404964000.0,0.0,0.0,0.192,1586374000.0,412998000.0,95376000.0,0.0,6.59,39.422,39.068,376940000.0,0.0,74.23,7.574,7.579,276116000.0,-1541763000.0,2107772000.0,2107772000.0,1145482000.0,0.14,0.187,0.569,0.205,161889000.0,440892000.0,1.0,215066629.0,215199000,217791000.0,9.795,2860013000.0,0.0,26540000.0,0.0,13.29,1857912000.0
8,INCY,MRT,2019-06-30,2019-06-30,2019-06-30,2021-08-03,-8965000.0,2947633000.0,2716875750.0,2058625000.0,889008000.0,0.738,10.471,-115663000.0,1417238000.0,1417238000.0,103155000.0,305869000.0,5.608,0.312,50296000.0,791000.0,49505000.0,50296000.0,0.0,55370000.0,0.0,0.0,0.0,315872000.0,371242000.0,0.185,371242000.0,315872000.0,314461000.0,1.44,1.41,1.44,2247191000.0,2015406000.0,2247191000.0,16935647123.0,54.0,45.619,475946000.0,2.218,1.0,1902719000.0,0.949,360189000.0,1411000.0,853397000.0,732298750.0,12693000.0,395194000.0,279631000.0,115563000.0,700442000.0,367105000.0,333337000.0,18218699123.0,487721000.0,0.0,42571000.0,-409000.0,0.0,19997000.0,-123683000.0,-8020000.0,591609000.0,-202000.0,305869000.0,305869000.0,305869000.0,0.0,0.0,0.152,1591479000.0,311240000.0,66184000.0,0.0,8.107,59.564,59.0,369470000.0,0.0,84.96,9.083,9.09,302680000.0,-1670034000.0,2005874000.0,2005874000.0,1156673000.0,0.113,0.152,0.431,0.157,156531000.0,434806000.0,1.0,214438549.0,214620000,217483000.0,9.346,2587444000.0,0.0,8592000.0,0.0,12.056,1691520000.0
9,INCY,MRT,2019-03-31,2019-03-31,2019-03-31,2021-08-03,-9247000.0,2754161000.0,2579256750.0,1904500000.0,849661000.0,0.774,9.743,-79160000.0,1300699000.0,1300699000.0,98605000.0,252945000.0,5.225,0.321,17647000.0,0.0,17647000.0,17647000.0,0.0,55436000.0,0.0,0.0,0.0,261291000.0,316727000.0,0.159,316727000.0,261291000.0,259798000.0,1.2,1.17,1.2,2085567000.0,1886839000.0,2085567000.0,17262744433.0,66.0,54.504,391892000.0,1.831,1.0,1898853000.0,0.951,365573000.0,1493000.0,741021000.0,704511000.0,11005000.0,401508000.0,281320000.0,120188000.0,668594000.0,364515000.0,304079000.0,18410296433.0,405325000.0,0.0,42828000.0,-195000.0,0.0,16549000.0,-82458000.0,-3298000.0,471052000.0,182000.0,252945000.0,252945000.0,252945000.0,0.0,0.0,0.127,1602291000.0,296562000.0,70363000.0,0.0,8.827,72.784,71.675,338331000.0,0.0,86.01,9.217,9.218,244081000.0,-1775352000.0,1997458000.0,1997458000.0,1165399000.0,0.098,0.134,0.371,0.131,152521000.0,436892000.0,1.0,214048325.0,214065000,217061000.0,9.331,2388588000.0,0.0,6853000.0,0.0,11.158,1539985000.0
10,INCY,MRT,2018-12-31,2018-12-31,2018-12-31,2021-08-03,-10165000.0,2645762000.0,2467219500.0,1832254000.0,813508000.0,0.763,9.068,-73483000.0,1164986000.0,1164986000.0,94123000.0,109493000.0,4.308,0.374,17434000.0,0.0,17434000.0,17434000.0,0.0,54969000.0,0.0,0.0,0.0,116890000.0,171859000.0,0.091,171859000.0,116890000.0,115347000.0,0.52,0.51,0.52,1925967000.0,1772458250.0,1925967000.0,12444154131.0,106.0,72.409,262744000.0,1.237,1.0,1787760000.0,0.95,370957000.0,1543000.0,701976000.0,685937500.0,10405000.0,373542000.0,274343000.0,99199000.0,719795000.0,425277000.0,294518000.0,13532470131.0,264552000.0,0.0,29942000.0,0.0,0.0,14657000.0,-86423000.0,-12940000.0,336227000.0,91000.0,109493000.0,109493000.0,109493000.0,0.0,0.0,0.058,1632364000.0,155396000.0,103827000.0,0.0,7.026,123.592,122.288,319751000.0,0.0,63.59,7.191,7.177,307598000.0,-1877759000.0,1881883000.0,1881883000.0,1197957000.0,0.044,0.062,0.17,0.062,148153000.0,434407000.0,1.0,212808148.0,212383000,215635000.0,8.861,2274805000.0,0.0,5854000.0,0.0,10.711,1406977000.0
11,INCY,MRT,2018-09-30,2018-09-30,2018-09-30,2021-08-03,-9522000.0,2519947000.0,2381424500.0,1700359000.0,819588000.0,0.755,8.479,-73453000.0,1113188000.0,1113188000.0,90116000.0,-109199000.0,4.025,0.398,24872000.0,7648000.0,17224000.0,24872000.0,0.0,53602000.0,0.0,0.0,0.0,-102086000.0,-48484000.0,-0.027,-48484000.0,-102086000.0,-103647000.0,-0.52,-0.53,-0.52,1802899000.0,1698623750.0,1802899000.0,13779903177.0,-135.0,-284.215,89669000.0,0.422,1.0,1707521000.0,0.95,376341000.0,1561000.0,632801000.0,675008250.0,11418000.0,384515000.0,263134000.0,121381000.0,717048000.0,422489000.0,294559000.0,14684850177.0,-15784000.0,0.0,28690000.0,0.0,0.0,14318000.0,-193328000.0,-119875000.0,163122000.0,104000.0,-109199000.0,-109199000.0,-109199000.0,0.0,0.0,-0.061,1764365000.0,-56844000.0,95478000.0,0.0,8.145,-134.478,-132.846,300767000.0,0.0,69.08,8.169,8.171,247736000.0,-1946822000.0,1797637000.0,1797637000.0,1340590000.0,-0.046,-0.064,-0.151,-0.057,144598000.0,423775000.0,1.0,212577449.0,212627000,215964000.0,8.454,2143606000.0,0.0,5552000.0,0.0,10.082,1277870000.0
12,INCY,MRT,2018-06-30,2018-06-30,2018-06-30,2021-08-03,-9809000.0,2397157000.0,2345013000.0,1598084000.0,799073000.0,0.738,8.166,-82936000.0,929517000.0,929517000.0,87357000.0,-102321000.0,4.34,0.383,24570000.0,7554000.0,17016000.0,24570000.0,0.0,51724000.0,0.0,0.0,0.0,-89909000.0,-38185000.0,-0.022,-38185000.0,-89909000.0,-91269000.0,-0.49,-0.5,-0.49,1732923000.0,1687336500.0,1732923000.0,13330830921.0,-148.0,-349.112,-65839000.0,-0.31,1.0,1642131000.0,0.949,381725000.0,1360000.0,742246000.0,654614750.0,12570000.0,401195000.0,269865000.0,131330000.0,664234000.0,368239000.0,295995000.0,14201933921.0,476820000.0,0.0,684733000.0,0.0,0.0,665875000.0,-206291000.0,-123355000.0,17097000.0,139000.0,-102321000.0,-102321000.0,-102321000.0,0.0,0.0,-0.059,1736138000.0,-94007000.0,75559000.0,0.0,8.195,-138.798,-136.735,267586000.0,0.0,67.0,8.212,8.221,316310000.0,-1975998000.0,1729488000.0,1729488000.0,1317620000.0,-0.044,-0.061,-0.137,-0.052,141526000.0,418518000.0,1.0,211969163.0,212210000,215103000.0,8.15,2015432000.0,0.0,11052000.0,0.0,9.497,1229845000.0
13,INCY,MRT,2018-03-31,2018-03-31,2018-03-31,2021-08-03,-10122000.0,2306012000.0,2155584500.0,1469555000.0,836457000.0,0.712,7.691,-102644000.0,895374000.0,895374000.0,82761000.0,-167199000.0,3.856,0.416,24271000.0,7460000.0,16811000.0,24271000.0,0.0,50575000.0,0.0,0.0,0.0,-153315000.0,-102740000.0,-0.067,-102740000.0,-153315000.0,-154661000.0,-0.8,-0.8,-0.8,1628044000.0,1510814500.0,1628044000.0,16761516537.0,-109.0,-163.145,-1156000.0,-0.005,1.0,1451655000.0,0.946,387110000.0,1346000.0,666727000.0,597491000.0,12569000.0,442604000.0,276632000.0,165972000.0,677968000.0,381072000.0,296896000.0,17637949537.0,532649000.0,0.0,685010000.0,0.0,0.0,670845000.0,-239687000.0,-137043000.0,101488000.0,3000.0,-167199000.0,-167199000.0,-167199000.0,0.0,0.0,-0.109,1621872000.0,-170217000.0,74115000.0,0.0,10.834,-105.491,-104.162,264610000.0,0.0,83.33,11.495,11.496,220190000.0,-2028392000.0,1534416000.0,1534416000.0,1221317000.0,-0.078,-0.111,-0.257,-0.1,138666000.0,400555000.0,1.0,211663861.0,211681000,211681000.0,7.249,1918902000.0,0.0,12538000.0,0.0,9.065,1088483000.0
14,INCY,MRT,2017-12-31,2017-12-31,2017-12-31,2021-08-03,-7010000.0,2302582000.0,1980918250.0,1504854000.0,797728000.0,0.776,7.971,-111021000.0,900434000.0,900434000.0,79479000.0,-313142000.0,4.009,0.412,24001000.0,7393000.0,16608000.0,24001000.0,0.0,52178000.0,0.0,0.0,0.0,-305390000.0,-253212000.0,-0.165,-253212000.0,-305390000.0,-312290000.0,-1.53,-1.53,-1.53,1630629000.0,1345287000.0,1630629000.0,18882082535.0,-62.0,-74.57,-204009000.0,-0.997,1.0,1456737000.0,0.948,392494000.0,6900000.0,658259000.0,574025250.0,14448000.0,404492000.0,270136000.0,134356000.0,671953000.0,375396000.0,296557000.0,19987343535.0,247205000.0,0.0,716151000.0,0.0,0.0,690210000.0,-349978000.0,-238957000.0,-92988000.0,-39000.0,-313142000.0,-313142000.0,-313142000.0,0.0,0.0,-0.204,1692420000.0,-235683000.0,67671000.0,0.0,12.257,-63.828,-61.902,259763000.0,0.0,94.71,13.011,12.613,266299000.0,-1990005000.0,1536216000.0,1536216000.0,1326134000.0,-0.158,-0.233,-0.532,-0.199,133055000.0,366286000.0,1.0,211037309.0,204580000,204580000.0,7.509,1910088000.0,0.0,852000.0,0.0,9.337,1129458000.0
15,INCY,MRT,2017-09-30,2017-09-30,2017-09-30,2021-08-03,12512000.0,2374301000.0,1814922000.0,1541322000.0,832979000.0,0.782,8.5,-101642000.0,1128972000.0,1128972000.0,76730000.0,-154640000.0,4.818,0.351,23711000.0,0.0,23711000.0,23711000.0,0.0,56885000.0,0.0,0.0,0.0,-138571000.0,-81686000.0,-0.058,-81686000.0,-138571000.0,-154568000.0,-0.81,-0.8,-0.81,1757750000.0,1042496500.0,1757750000.0,23584701297.0,-170.0,-288.724,-10985000.0,-0.053,1.0,1341828000.0,0.946,397878000.0,15997000.0,551227000.0,646790000.0,14558000.0,322363000.0,153343000.0,169020000.0,616551000.0,319935000.0,296616000.0,24013970297.0,533964000.0,109000.0,725446000.0,0.0,0.0,686335000.0,-242988000.0,-141455000.0,90657000.0,-40000.0,-154640000.0,-154640000.0,-154640000.0,0.0,0.0,-0.109,1405493000.0,-63665000.0,69933000.0,0.0,13.662,-155.29,-144.123,246825000.0,0.0,116.74,16.928,17.018,198345000.0,-1840376000.0,1418558000.0,1418558000.0,1040848000.0,-0.085,-0.148,-0.214,-0.098,126890000.0,364645000.0,1.0,205704731.0,206796000,212610000.0,6.86,1976423000.0,0.0,72000.0,0.0,9.557,1221387000.0
16,INCY,MRT,2017-06-30,2017-06-30,2017-06-30,2021-08-03,10968000.0,1639443000.0,1607395500.0,844803000.0,794640000.0,0.813,5.006,-83967000.0,452697000.0,452697000.0,74899000.0,-153817000.0,2.882,0.597,23428000.0,0.0,23428000.0,23428000.0,0.0,61896000.0,0.0,0.0,0.0,-134348000.0,-72452000.0,-0.055,-72452000.0,-134348000.0,-159620000.0,-0.78,-0.78,-0.78,1026835000.0,695555500.0,1026835000.0,25462024837.0,-190.0,-351.433,48838000.0,0.238,1.0,1231594000.0,0.943,403262000.0,25272000.0,513751000.0,745611500.0,14837000.0,301277000.0,156852000.0,144425000.0,612608000.0,293161000.0,319447000.0,25783145837.0,-49866000.0,1989000.0,75329000.0,0.0,0.0,39467000.0,-222101000.0,-140123000.0,132805000.0,-37000.0,-153817000.0,-153817000.0,-153817000.0,0.0,0.0,-0.118,1263631000.0,-32037000.0,69093000.0,0.0,25.109,-167.622,-161.423,218878000.0,0.0,125.91,19.735,19.77,169516000.0,-1876430000.0,1306493000.0,1306493000.0,914475000.0,-0.096,-0.221,-0.18,-0.103,118488000.0,349156000.0,1.0,204774409.0,205141000,205141000.0,6.369,1236181000.0,0.0,-5803000.0,0.0,6.026,551642000.0
17,INCY,MRT,2017-03-31,2017-03-31,2017-03-31,2021-08-03,5377000.0,1607347000.0,1552028500.0,819175000.0,788172000.0,0.79,4.947,-135682000.0,362725000.0,362725000.0,67006000.0,-106908000.0,2.688,0.664,41604000.0,0.0,41604000.0,41604000.0,0.0,62394000.0,0.0,0.0,0.0,-80476000.0,-18082000.0,-0.015,-18082000.0,-80476000.0,-115026000.0,-0.54,-0.54,-0.54,965934000.0,513112500.0,965934000.0,25316454288.0,-315.0,-1400.091,-102099000.0,-0.523,1.0,1159331000.0,0.945,408646000.0,34550000.0,572864000.0,852413250.0,18509000.0,308454000.0,150132000.0,158322000.0,641413000.0,304716000.0,336697000.0,25318218288.0,-309799000.0,-142856000.0,73490000.0,0.0,0.0,56698000.0,-400064000.0,-121526000.0,33583000.0,-16000.0,-106908000.0,-106908000.0,-106908000.0,0.0,0.0,-0.087,1158840000.0,491000.0,86327000.0,0.0,26.211,-236.822,-247.537,193211000.0,0.0,133.67,20.645,21.283,244975000.0,-1863946000.0,1226337000.0,1226337000.0,832958000.0,-0.069,-0.208,-0.094,-0.066,106045000.0,325882000.0,1.0,189408381.0,195260000,195260000.0,6.281,1198701000.0,0.0,-8118000.0,0.0,6.139,514459000.0
18,INCY,MRT,2016-12-31,2016-12-31,2016-12-31,2021-08-03,-2886000.0,1638597000.0,1426177250.0,994178000.0,644419000.0,0.775,2.233,-120277000.0,653229000.0,653229000.0,58187000.0,104222000.0,3.635,2.906,651481000.0,0.0,651481000.0,651481000.0,0.0,58425000.0,0.0,0.0,0.0,146149000.0,204574000.0,0.185,204574000.0,146149000.0,107404000.0,0.55,0.54,0.55,419467000.0,328566000.0,419467000.0,18951764589.0,130.0,92.64,184479000.0,0.982,1.0,1047532000.0,0.947,414030000.0,38745000.0,949318000.0,924014000.0,19299000.0,188190000.0,156203000.0,31987000.0,1219130000.0,273501000.0,945629000.0,18889378589.0,116881000.0,-142856000.0,49973000.0,-445000.0,0.0,44622000.0,-232488000.0,30645000.0,304756000.0,-9000.0,104222000.0,104222000.0,104222000.0,0.0,0.0,0.094,885112000.0,162420000.0,75599000.0,0.0,45.032,181.242,182.309,167679000.0,0.0,100.27,17.083,17.037,148758000.0,-1674765000.0,1105719000.0,1105719000.0,581861000.0,0.073,0.317,0.158,0.132,96201000.0,303251000.0,1.0,188385146.0,187873000,194125000.0,5.885,1224567000.0,0.0,3182000.0,0.0,6.518,720677000.0
19,INCY,MRT,2016-09-30,2016-09-30,2016-09-30,2021-08-03,390000.0,1544195000.0,1268388000.0,886660000.0,657535000.0,0.807,1.968,-111301000.0,581048000.0,581048000.0,48281000.0,150525000.0,3.686,3.174,643434000.0,0.0,643434000.0,643434000.0,2868000.0,51463000.0,0.0,0.0,0.0,193135000.0,244598000.0,0.239,244598000.0,193135000.0,153647000.0,0.82,0.79,0.82,369986000.0,266488000.0,369986000.0,17873694138.0,93.0,73.074,171958000.0,0.915,1.0,974821000.0,0.953,419523000.0,39488000.0,946513000.0,917533000.0,18907000.0,192231000.0,136486000.0,55745000.0,1174209000.0,240545000.0,933664000.0,17726795138.0,134298000.0,-142965000.0,42033000.0,-765000.0,0.0,52059000.0,-201005000.0,53261000.0,283259000.0,-15000.0,150525000.0,150525000.0,150525000.0,0.0,0.0,0.147,796540000.0,178281000.0,57524000.0,0.0,47.912,117.766,114.988,151942000.0,0.0,94.29,17.327,17.329,131523000.0,-1683638000.0,1023102000.0,1023102000.0,536909000.0,0.119,0.565,0.21,0.189,87789000.0,259631000.0,1.0,188002918.0,188029000,194265000.0,5.441,1124672000.0,0.0,3122000.0,0.0,5.981,646115000.0
20,INCY,MRT,2016-06-30,2016-06-30,2016-06-30,2021-08-03,662000.0,1417975000.0,1115322250.0,792130000.0,625845000.0,0.844,1.583,-108030000.0,488592000.0,488592000.0,36116000.0,74066000.0,3.981,3.773,635491000.0,0.0,635491000.0,635491000.0,6083000.0,45690000.0,0.0,0.0,0.0,116990000.0,162680000.0,0.173,162680000.0,116990000.0,75772000.0,0.4,0.38,0.4,297063000.0,196175750.0,297063000.0,14961442332.0,128.0,91.969,87681000.0,0.467,1.0,905128000.0,0.962,424930000.0,41218000.0,940958000.0,914808000.0,21664000.0,172981000.0,141537000.0,31444000.0,1120912000.0,198986000.0,921926000.0,15005798332.0,47973000.0,-144845000.0,47583000.0,-1232000.0,0.0,58545000.0,-206268000.0,46607000.0,195711000.0,-15000.0,74066000.0,74066000.0,74066000.0,0.0,0.0,0.079,757252000.0,147876000.0,40724000.0,0.0,50.514,202.6,199.95,138513000.0,0.0,79.98,15.943,15.948,129486000.0,-1720515000.0,941244000.0,941244000.0,525798000.0,0.066,0.378,0.128,0.124,78866000.0,231454000.0,1.0,187619384.0,187682000,193015000.0,5.015,993045000.0,0.0,1706000.0,0.0,5.291,593144000.0
21,INCY,MRT,2016-03-31,2016-03-31,2016-03-31,2021-08-03,397000.0,1103942000.0,993412750.0,935581000.0,168361000.0,0.864,1.217,-28012000.0,671998000.0,671998000.0,30003000.0,48935000.0,4.67,3.847,627642000.0,0.0,627642000.0,627642000.0,9297000.0,44106000.0,0.0,0.0,0.0,93042000.0,137148000.0,0.16,137148000.0,93042000.0,49992000.0,0.27,0.25,0.27,227748000.0,135703500.0,227748000.0,13650327680.0,147.0,99.53,163517000.0,0.874,1.0,827937000.0,0.965,0.0,43050000.0,859267000.0,919105750.0,18586000.0,185352000.0,153054000.0,32298000.0,876194000.0,200319000.0,675875000.0,13566366680.0,235793000.0,0.0,67475000.0,-1692000.0,0.0,61942000.0,-17678000.0,10334000.0,191529000.0,0.0,48935000.0,48935000.0,48935000.0,0.0,0.0,0.057,734315000.0,93622000.0,31899000.0,0.0,59.567,277.232,268.407,92622000.0,0.0,72.47,15.813,15.811,101280000.0,-1754940000.0,857940000.0,857940000.0,517974000.0,0.049,0.361,0.101,0.108,76916000.0,216341000.0,1.0,187199761.0,187184000,192625000.0,4.583,1103942000.0,0.0,1057000.0,0.0,5.898,735262000.0
22,INCY,MRT,2015-12-31,2015-12-31,2015-12-31,2021-08-03,-809000.0,1007440000.0,933083250.0,842375000.0,165065000.0,0.808,0.953,-26003000.0,535932000.0,535932000.0,26972000.0,6531000.0,5.014,4.886,619893000.0,0.0,619893000.0,619893000.0,12512000.0,44883000.0,0.0,0.0,0.0,53159000.0,98042000.0,0.13,98042000.0,53159000.0,7556000.0,0.04,0.03,0.04,171155000.0,68413250.0,171155000.0,20331400837.0,382.0,207.374,63405000.0,0.353,1.0,726779000.0,0.964,0.0,45603000.0,923394000.0,932477500.0,19338000.0,221592000.0,186344000.0,35248000.0,836285000.0,168007000.0,668278000.0,20171896837.0,69142000.0,0.0,86436000.0,-1699000.0,0.0,84744000.0,-105010000.0,-79007000.0,89408000.0,0.0,6531000.0,6531000.0,6531000.0,0.0,0.0,0.009,676128000.0,50651000.0,30085000.0,0.0,117.857,3088.638,2711.25,86006000.0,0.0,108.45,26.762,25.841,114450000.0,-1778987000.0,753751000.0,753751000.0,479514000.0,0.007,0.095,0.057,0.071,69872000.0,196614000.0,1.0,186001815.0,179601000,187302000.0,4.197,1007440000.0,0.0,1025000.0,0.0,5.609,674368000.0
23,INCY,MRT,2015-09-30,2015-09-30,2015-09-30,2021-08-03,-275000.0,931932000.0,880342500.0,757914000.0,174018000.0,0.72,0.489,-24962000.0,464429000.0,464429000.0,19696000.0,-85590000.0,4.864,9.502,623933000.0,5000.0,623928000.0,623933000.0,15726000.0,46500000.0,0.0,0.0,0.0,-37429000.0,9071000.0,0.014,9071000.0,-37429000.0,-85335000.0,-0.5,-0.5,-0.5,88737000.0,5217500.0,88737000.0,20141946986.0,-538.0,2220.477,36285000.0,0.2,1.0,614147000.0,0.969,0.0,47906000.0,935613000.0,897575500.0,20266000.0,224958000.0,189244000.0,35714000.0,843195000.0,155823000.0,687372000.0,19921662986.0,63797000.0,0.0,105564000.0,-1379000.0,0.0,106555000.0,-103999000.0,-79037000.0,61247000.0,-6000.0,-85590000.0,-85590000.0,-85590000.0,0.0,0.0,-0.135,654201000.0,-40054000.0,27366000.0,0.0,224.502,-232.757,-220.76,83186000.0,0.0,110.38,31.43,31.587,86966000.0,-1834163000.0,633843000.0,633843000.0,461600000.0,-0.097,-16.404,-0.042,-0.059,66680000.0,192601000.0,1.0,180482542.0,181387000,181387000.0,3.494,931932000.0,9712000.0,255000.0,9712000.0,5.138,602091000.0
24,INCY,MRT,2015-06-30,2015-06-30,2015-06-30,2021-08-03,1949000.0,930337000.0,843675750.0,732990000.0,197347000.0,0.764,0.309,-22263000.0,439681000.0,439681000.0,11877000.0,13285000.0,3.808,15.862,659965000.0,42940000.0,617025000.0,659965000.0,18940000.0,45193000.0,0.0,0.0,0.0,61763000.0,106956000.0,0.166,106956000.0,61763000.0,13603000.0,0.07,0.05,0.07,55174000.0,-39364500.0,55174000.0,18933779461.0,307.0,177.024,59048000.0,0.33,1.0,632502000.0,0.982,0.0,48160000.0,958149000.0,903650750.0,20445000.0,269564000.0,188305000.0,81259000.0,875163000.0,192472000.0,682691000.0,18658054461.0,33417000.0,0.0,98190000.0,-912000.0,0.0,99587000.0,-147475000.0,-125212000.0,81311000.0,-6000.0,13285000.0,13285000.0,13285000.0,0.0,0.0,0.021,602512000.0,29990000.0,29162000.0,0.0,338.168,1404.445,1488.714,81602000.0,0.0,104.21,28.955,28.896,75122000.0,-1794581000.0,644379000.0,644379000.0,418064000.0,0.016,-0.337,0.068,0.096,64399000.0,184448000.0,1.0,179042841.0,178676000,186493000.0,3.606,930337000.0,7725000.0,318000.0,7725000.0,5.207,540518000.0
25,INCY,MRT,2015-03-31,2015-03-31,2015-03-31,2021-08-03,2258000.0,862624000.0,780868250.0,692145000.0,170479000.0,0.744,-0.241,-28766000.0,421822000.0,421822000.0,5810000.0,-32882000.0,3.068,-21.83,697547000.0,87337000.0,610210000.0,697547000.0,22154000.0,43625000.0,0.0,0.0,0.0,15442000.0,59067000.0,0.102,59067000.0,15442000.0,-32630000.0,-0.2,-0.22,-0.2,-41413000.0,-95907500.0,-41413000.0,15980855071.0,1035.0,270.555,24598000.0,0.143,1.0,575167000.0,0.99,0.0,48072000.0,912754000.0,872516250.0,19435000.0,217806000.0,164102000.0,53704000.0,904037000.0,225595000.0,678442000.0,15744034071.0,-14763000.0,0.0,77191000.0,-452000.0,0.0,81206000.0,-149327000.0,-120561000.0,53364000.0,-6000.0,-32882000.0,-32882000.0,-32882000.0,0.0,0.0,-0.057,563970000.0,11197000.0,26586000.0,0.0,-380.171,-478.804,-458.3,80667000.0,0.0,91.66,27.099,27.147,69604000.0,-1803877000.0,580977000.0,580977000.0,390302000.0,-0.042,0.343,0.018,0.027,60525000.0,173668000.0,1.0,171765591.0,172070000,172070000.0,3.376,862624000.0,6025000.0,252000.0,6025000.0,5.013,466550000.0
26,INCY,MRT,2014-12-31,2014-12-31,2014-12-31,2021-08-03,1815000.0,796477000.0,731918750.0,679573000.0,116904000.0,0.699,-0.486,-27876000.0,466797000.0,466797000.0,3004000.0,-48481000.0,3.074,-10.757,675167000.0,85186000.0,589981000.0,675167000.0,25391000.0,41413000.0,0.0,0.0,0.0,-1719000.0,39694000.0,0.078,39694000.0,-1719000.0,-48547000.0,-0.29,-0.29,-0.29,-81628000.0,-126159750.0,-81628000.0,12650648165.0,-7359.0,318.704,-1620000.0,-0.01,1.0,508491000.0,0.994,0.0,46828000.0,783786000.0,841457500.0,19436000.0,147966000.0,147966000.0,0.0,878105000.0,221061000.0,657044000.0,12351339165.0,-19132000.0,0.0,92844000.0,0.0,0.0,93057000.0,-138439000.0,-110563000.0,26256000.0,-6000.0,-48481000.0,-48481000.0,-48481000.0,0.0,0.0,-0.095,513295000.0,-4804000.0,24462000.0,0.0,-151.313,-254.767,-252.103,81790000.0,0.0,73.11,24.148,24.005,57933000.0,-1785518000.0,511495000.0,511495000.0,347523000.0,-0.066,0.384,-0.002,-0.003,62178000.0,165772000.0,1.0,168941857.0,167947000,167947000.0,3.046,796477000.0,0.0,-66000.0,0.0,4.742,458512000.0
27,INCY,MRT,2014-09-30,2014-09-30,2014-09-30,2021-08-03,1914000.0,785265000.0,690191500.0,662614000.0,122651000.0,0.702,-0.531,-24052000.0,382004000.0,382004000.0,743000.0,-54408000.0,5.315,-9.765,681313000.0,0.0,681313000.0,681313000.0,28608000.0,38044000.0,0.0,0.0,0.0,-10836000.0,27208000.0,0.056,27208000.0,-10836000.0,-54080000.0,-0.36,-0.38,-0.36,-89591000.0,-154029750.0,-89591000.0,8527656804.0,-787.0,313.425,-54205000.0,-0.322,1.0,483850000.0,0.998,0.0,43244000.0,959914000.0,823427000.0,17931000.0,164980000.0,150855000.0,14125000.0,874856000.0,124660000.0,750196000.0,8260605804.0,109882000.0,0.0,81387000.0,228702000.0,0.0,294890000.0,-154855000.0,-130803000.0,-30153000.0,0.0,-54408000.0,-54408000.0,-54408000.0,0.0,0.0,-0.112,479170000.0,4680000.0,26605000.0,0.0,-92.204,-151.827,-136.25,75258000.0,0.0,49.05,17.046,17.065,109599000.0,-1748575000.0,484593000.0,484593000.0,323824000.0,-0.079,0.353,-0.013,-0.022,55786000.0,155346000.0,1.0,168411943.0,168592000,189046000.0,2.874,785265000.0,775000.0,328000.0,775000.0,4.658,537954000.0
28,INCY,MRT,2014-06-30,2014-06-30,2014-06-30,2021-08-03,2080000.0,679107000.0,583225250.0,577145000.0,101962000.0,0.637,-1.018,-14182000.0,406264000.0,406264000.0,677000.0,-135738000.0,5.128,-4.971,673315000.0,0.0,673315000.0,673315000.0,31825000.0,32741000.0,0.0,0.0,0.0,-95953000.0,-63212000.0,-0.17,-63212000.0,-95953000.0,-135433000.0,-0.85,-0.85,-0.85,-170998000.0,-124434250.0,-170998000.0,9689559006.0,-101.0,-153.287,-84072000.0,-0.501,1.0,370892000.0,0.998,0.0,39480000.0,833611000.0,623550500.0,15860000.0,117489000.0,103239000.0,14250000.0,850105000.0,112547000.0,737558000.0,9460922006.0,148062000.0,0.0,103212000.0,228702000.0,0.0,315119000.0,-97167000.0,-82985000.0,-69890000.0,0.0,-135738000.0,-135738000.0,-135738000.0,0.0,0.0,-0.365,449338000.0,-78446000.0,27251000.0,0.0,-55.328,-69.7,-66.4,55607000.0,0.0,56.44,25.462,25.506,47205000.0,-1807867000.0,371569000.0,371569000.0,306991000.0,-0.233,1.091,-0.154,-0.258,49910000.0,142347000.0,1.0,167627959.0,167914000,167914000.0,2.213,679107000.0,900000.0,305000.0,900000.0,4.044,464598000.0
29,INCY,MRT,2014-03-31,2014-03-31,2014-03-31,2021-08-03,2040000.0,666826000.0,497003250.0,581170000.0,85656000.0,0.752,-0.982,-6036000.0,436585000.0,436585000.0,647000.0,-101436000.0,5.434,-5.106,665222000.0,0.0,665222000.0,665222000.0,35041000.0,31096000.0,0.0,0.0,0.0,-62763000.0,-31667000.0,-0.085,-31667000.0,-62763000.0,-101130000.0,-0.65,-0.65,-0.65,-162422000.0,-88631250.0,-162422000.0,9049658545.0,-144.0,-285.776,-53288000.0,-0.322,1.0,373015000.0,0.998,0.0,38367000.0,788519000.0,463565750.0,15849000.0,97646000.0,83271000.0,14375000.0,829248000.0,106944000.0,722304000.0,8859520545.0,170771000.0,0.0,100213000.0,228702000.0,0.0,302349000.0,-84326000.0,-78290000.0,-47252000.0,0.0,-101436000.0,-101436000.0,-101436000.0,0.0,0.0,-0.271,407955000.0,-34940000.0,17950000.0,0.0,-54.546,-87.341,-82.338,38654000.0,0.0,53.52,23.71,23.684,46394000.0,-1770994000.0,373662000.0,373662000.0,283258000.0,-0.204,1.144,-0.135,-0.168,44365000.0,124697000.0,1.0,165536632.0,165357000,165357000.0,2.26,666826000.0,892000.0,306000.0,892000.0,4.033,474226000.0
30,INCY,MRT,2013-12-31,2013-12-31,2013-12-31,2021-08-03,1993000.0,629568000.0,412867250.0,555799000.0,73769000.0,0.86,-1.301,-4267000.0,471429000.0,471429000.0,630000.0,-83147000.0,5.144,-4.26,661567000.0,0.0,661567000.0,661567000.0,38259000.0,29207000.0,0.0,0.0,0.0,-44196000.0,-14989000.0,-0.042,-14989000.0,-44196000.0,-82848000.0,-0.56,-0.56,-0.56,-193108000.0,-88907250.0,-193108000.0,8072497019.0,-183.0,-538.561,4913000.0,0.033,1.0,354317000.0,0.998,0.0,38652000.0,711664000.0,335224750.0,15343000.0,52575000.0,38075000.0,14500000.0,822676000.0,108042000.0,714634000.0,8157483019.0,247372000.0,0.0,73157000.0,228702000.0,0.0,275589000.0,-37397000.0,-33130000.0,9180000.0,0.0,-83147000.0,-83147000.0,-83147000.0,0.0,0.0,-0.234,370419000.0,-16102000.0,19102000.0,0.0,-42.243,-98.109,-90.411,26848000.0,0.0,50.63,22.982,21.168,35374000.0,-1737037000.0,354947000.0,354947000.0,260436000.0,-0.201,0.935,-0.132,-0.125,38184000.0,109983000.0,1.0,161119554.0,148403000,148403000.0,2.392,629568000.0,895000.0,299000.0,895000.0,4.242,447757000.0
31,INCY,MRT,2013-09-30,2013-09-30,2013-09-30,2021-08-03,2008000.0,357400000.0,338080000.0,333743000.0,23657000.0,1.1,0.186,-3166000.0,272122000.0,272122000.0,561000.0,-21498000.0,3.048,11.414,187136000.0,0.0,187136000.0,187136000.0,54086000.0,28120000.0,0.0,0.0,0.0,20231000.0,48351000.0,0.13,48351000.0,20231000.0,-21254000.0,-0.13,-0.13,-0.13,28791000.0,-84369500.0,28791000.0,5804927134.0,287.0,120.058,-4305000.0,-0.028,1.0,371160000.0,0.998,2508000.0,41485000.0,160408000.0,232649750.0,15307000.0,19052000.0,19052000.0,0.0,328609000.0,109498000.0,219111000.0,5839312134.0,33039000.0,0.0,63403000.0,0.0,0.0,52141000.0,-17963000.0,-14797000.0,-1139000.0,0.0,-21498000.0,-21498000.0,-21498000.0,0.0,0.0,-0.058,340867000.0,30293000.0,18212000.0,0.0,202.817,-271.621,-293.462,6201000.0,0.0,38.15,15.709,15.915,33197000.0,-1694166000.0,371721000.0,371721000.0,245181000.0,-0.064,0.255,0.087,0.054,37644000.0,95686000.0,1.0,153061917.0,155067000,155067000.0,2.397,354892000.0,0.0,244000.0,0.0,2.289,224245000.0
32,INCY,MRT,2013-06-30,2013-06-30,2013-06-30,2021-08-03,1993000.0,334219000.0,322863750.0,313369000.0,20850000.0,1.075,-0.195,-2783000.0,258202000.0,258202000.0,437000.0,-21171000.0,3.044,-13.028,223817000.0,0.0,223817000.0,223817000.0,70826000.0,31128000.0,0.0,0.0,0.0,24409000.0,55537000.0,0.16,55537000.0,24409000.0,-20950000.0,-0.16,-0.16,-0.16,-27786000.0,-146554750.0,-27786000.0,3058181532.0,125.0,55.066,-19117000.0,-0.134,1.0,346653000.0,0.999,3204000.0,45359000.0,193672000.0,252120250.0,11543000.0,19251000.0,19251000.0,0.0,362005000.0,102958000.0,259047000.0,2986482532.0,639000.0,0.0,43953000.0,0.0,0.0,34182000.0,-17209000.0,-14426000.0,-16334000.0,0.0,-21171000.0,-21171000.0,-21171000.0,0.0,0.0,-0.061,313315000.0,33338000.0,13471000.0,0.0,-107.482,-141.065,-137.5,6236000.0,0.0,22.0,8.604,9.019,27522000.0,-1672130000.0,347090000.0,347090000.0,223556000.0,-0.066,0.144,0.097,0.07,37780000.0,89759000.0,1.0,135749206.0,142284000,142284000.0,2.439,331015000.0,0.0,221000.0,0.0,2.326,210411000.0
33,INCY,MRT,2013-03-31,2013-03-31,2013-03-31,2021-08-03,1999000.0,330282000.0,317301750.0,309113000.0,21169000.0,1.046,-1.217,-3237000.0,265814000.0,265814000.0,296000.0,-14563000.0,2.549,-3.02,337513000.0,0.0,337513000.0,337513000.0,87566000.0,30479000.0,0.0,0.0,0.0,32150000.0,62629000.0,0.189,62629000.0,32150000.0,-14346000.0,-0.11,-0.11,-0.11,-163526000.0,-193905250.0,-163526000.0,3241545265.0,101.0,51.758,-18928000.0,-0.141,1.0,331661000.0,0.999,5543000.0,46496000.0,275155000.0,260285750.0,9330000.0,4365000.0,4365000.0,0.0,493808000.0,121283000.0,372525000.0,3134526265.0,33959000.0,0.0,52067000.0,0.0,0.0,52067000.0,-2417000.0,820000.0,-15691000.0,0.0,-14563000.0,-14563000.0,-14563000.0,0.0,0.0,-0.044,300423000.0,31238000.0,15515000.0,0.0,-19.168,-215.239,-212.818,6485000.0,0.0,23.41,9.443,9.474,28041000.0,-1669559000.0,331957000.0,331957000.0,214194000.0,-0.046,0.075,0.124,0.097,37758000.0,86229000.0,1.0,133896893.0,134345000,134345000.0,2.471,324739000.0,0.0,217000.0,0.0,2.417,187830000.0
34,INCY,MRT,2012-12-31,2012-12-31,2012-12-31,2021-08-03,1878000.0,330419000.0,308129500.0,309514000.0,20905000.0,0.964,-1.348,-2839000.0,224057000.0,224057000.0,157000.0,-44320000.0,2.275,-2.889,331076000.0,0.0,331076000.0,331076000.0,104305000.0,29979000.0,0.0,0.0,0.0,1912000.0,31891000.0,0.107,31891000.0,1912000.0,-44146000.0,-0.34,-0.34,-0.34,-174957000.0,-215238000.0,-174957000.0,2265374419.0,1185.0,71.035,-97669000.0,-0.753,1.0,296902000.0,0.999,0.0,46058000.0,301364000.0,245152000.0,8753000.0,4361000.0,4361000.0,0.0,505376000.0,136074000.0,369302000.0,2179358419.0,-49107000.0,0.0,47711000.0,0.0,0.0,47711000.0,-1988000.0,851000.0,-94830000.0,0.0,-44320000.0,-44320000.0,-44320000.0,0.0,0.0,-0.149,295754000.0,1148000.0,13961000.0,0.0,-12.457,-49.173,-48.853,6348000.0,0.0,16.61,7.336,7.255,70951000.0,-1653890000.0,297059000.0,297059000.0,210391000.0,-0.144,0.206,0.008,0.006,38493000.0,85363000.0,1.0,131207611.0,129747000,129747000.0,2.29,330419000.0,0.0,174000.0,0.0,2.547,173440000.0
35,INCY,MRT,2012-09-30,2012-09-30,2012-09-30,2021-08-03,2149000.0,296535000.0,307765250.0,278728000.0,17807000.0,0.689,-1.681,-2901000.0,248583000.0,248583000.0,58000.0,-118178000.0,2.025,-2.348,334599000.0,9816000.0,324783000.0,334599000.0,121034000.0,29256000.0,0.0,0.0,0.0,-72639000.0,-43383000.0,-0.205,-43383000.0,-72639000.0,-118085000.0,-0.94,-0.94,-0.94,-219950000.0,-228268000.0,-219950000.0,2421823932.0,-33.0,-55.824,-115502000.0,-0.883,1.0,212045000.0,1.0,6620000.0,45446000.0,238290000.0,222017500.0,5208000.0,4516000.0,4516000.0,0.0,516485000.0,137641000.0,378844000.0,2360575932.0,-73245000.0,0.0,41983000.0,0.0,0.0,41983000.0,-2627000.0,274000.0,-112601000.0,0.0,-118178000.0,-118178000.0,-118178000.0,0.0,0.0,-0.557,285291000.0,-73246000.0,12764000.0,0.0,-10.732,-19.975,-19.202,6169000.0,0.0,18.05,11.129,11.135,16540000.0,-1672669000.0,212103000.0,212103000.0,202504000.0,-0.384,0.518,-0.327,-0.342,36873000.0,82787000.0,1.0,130779830.0,130851000,130851000.0,1.621,289915000.0,0.0,93000.0,0.0,2.216,141087000.0
36,INCY,MRT,2012-06-30,2012-06-30,2012-06-30,2021-08-03,1720000.0,311971000.0,326437500.0,294158000.0,17813000.0,0.516,-1.681,-3675000.0,267062000.0,267062000.0,27000.0,-149546000.0,2.105,-2.436,328310000.0,9680000.0,318630000.0,328310000.0,146767000.0,28551000.0,0.0,0.0,0.0,-104587000.0,-76036000.0,-0.452,-76036000.0,-104587000.0,-149479000.0,-1.19,-1.19,-1.19,-217188000.0,-218535500.0,-217188000.0,2978776672.0,-28.0,-39.176,-136109000.0,-1.053,1.0,168366000.0,1.0,7154000.0,44892000.0,226334000.0,217253500.0,4332000.0,4244000.0,4244000.0,0.0,529159000.0,139731000.0,389428000.0,2907764672.0,-101511000.0,0.0,34142000.0,0.0,0.0,34142000.0,-3219000.0,456000.0,-132434000.0,0.0,-149546000.0,-149546000.0,-149546000.0,0.0,0.0,-0.888,273578000.0,-105212000.0,11102000.0,0.0,-13.388,-19.444,-19.076,6515000.0,0.0,22.7,17.268,17.42,13841000.0,-1650959000.0,168393000.0,168393000.0,197029000.0,-0.458,0.684,-0.481,-0.621,34689000.0,76549000.0,1.0,128095360.0,129224000,129224000.0,1.303,304817000.0,0.0,67000.0,0.0,2.359,154427000.0
37,INCY,MRT,2012-03-31,2012-03-31,2012-03-31,2021-08-03,1935000.0,293593000.0,352610500.0,276162000.0,17431000.0,0.28,-1.956,-3743000.0,251150000.0,251150000.0,11000.0,-205453000.0,1.941,-2.18,322162000.0,9546000.0,312616000.0,322162000.0,160518000.0,27794000.0,0.0,0.0,0.0,-161103000.0,-133309000.0,-1.351,-133309000.0,-161103000.0,-205453000.0,-1.63,-1.63,-1.63,-248857000.0,-198309500.0,-248857000.0,2481239386.0,-15.0,-18.613,-175637000.0,-1.381,1.0,98651000.0,1.0,7686000.0,44350000.0,214620000.0,216293750.0,3513000.0,4556000.0,4556000.0,0.0,542450000.0,142299000.0,400151000.0,2457544386.0,-145988000.0,0.0,28760000.0,0.0,0.0,28760000.0,-2854000.0,889000.0,-171894000.0,0.0,-205453000.0,-205453000.0,-205453000.0,0.0,0.0,-2.082,260196000.0,-161545000.0,13174000.0,0.0,-9.875,-11.962,-11.84,6232000.0,0.0,19.3,24.909,24.883,13010000.0,-1654996000.0,98662000.0,98662000.0,191488000.0,-0.583,1.036,-0.745,-1.633,31969000.0,68688000.0,1.0,127333906.0,127203000,127203000.0,0.776,285907000.0,0.0,0.0,0.0,2.248,133863000.0
38,INCY,MRT,2011-12-31,2011-12-31,2011-12-31,2021-08-03,1642000.0,328962000.0,394113750.0,310778000.0,18184000.0,0.24,-1.811,-3799000.0,292458000.0,292458000.0,0.0,-186540000.0,2.292,-2.449,316153000.0,0.0,316153000.0,316153000.0,173575000.0,26990000.0,0.0,0.0,0.0,-142721000.0,-115731000.0,-1.225,-115731000.0,-142721000.0,-186540000.0,-1.49,-1.49,-1.49,-227077000.0,-162089750.0,-227077000.0,1864813260.0,-13.0,-16.113,-165514000.0,-1.32,1.0,94455000.0,1.0,8217000.0,43819000.0,208826000.0,218339250.0,3536000.0,4430000.0,4430000.0,0.0,556039000.0,135614000.0,420425000.0,1895846260.0,-144748000.0,0.0,19468000.0,0.0,0.0,19468000.0,-2501000.0,1298000.0,-161715000.0,0.0,-186540000.0,-186540000.0,-186540000.0,0.0,0.0,-1.975,237638000.0,-143183000.0,14939000.0,0.0,-8.349,-10.163,-10.074,6431000.0,0.0,15.01,20.071,19.921,6415000.0,-1609570000.0,94455000.0,94455000.0,178707000.0,-0.473,1.151,-0.654,-1.511,28983000.0,58219000.0,1.0,126305547.0,125362000,125362000.0,0.753,320745000.0,0.0,0.0,0.0,2.559,175164000.0
39,INCY,MRT,2011-09-30,2011-09-30,2011-09-30,2021-08-03,1821000.0,371224000.0,434268500.0,346418000.0,24806000.0,0.349,-1.434,-5546000.0,341310000.0,341310000.0,0.0,-98919000.0,2.864,-3.051,310277000.0,0.0,310277000.0,310277000.0,187983000.0,26774000.0,0.0,0.0,0.0,-55616000.0,-28842000.0,-0.19,-28842000.0,-55616000.0,-98919000.0,-0.77,-0.77,-0.77,-181020000.0,-127481500.0,-181020000.0,1680067190.0,-30.0,-58.251,-100079000.0,-0.793,1.0,151436000.0,1.0,0.0,43303000.0,219234000.0,216937750.0,0.0,4647000.0,4647000.0,0.0,552244000.0,120957000.0,431287000.0,1763568190.0,-76476000.0,0.0,21260000.0,0.0,0.0,21260000.0,-3203000.0,2343000.0,-94533000.0,0.0,-98919000.0,-98919000.0,-98919000.0,0.0,0.0,-0.653,208168000.0,-56732000.0,11038000.0,0.0,-9.742,-17.828,-18.143,6077000.0,0.0,13.97,11.646,11.648,2462000.0,-1554491000.0,151436000.0,151436000.0,159707000.0,-0.228,0.776,-0.256,-0.367,25657000.0,47730000.0,1.0,126239670.0,126260000,126260000.0,1.199,371224000.0,0.0,0.0,0.0,2.94,225461000.0
40,INCY,MRT,2011-06-30,2011-06-30,2011-06-30,2021-08-03,1951000.0,416663000.0,457622500.0,391923000.0,24740000.0,0.331,-1.087,-4832000.0,388035000.0,388035000.0,0.0,-77542000.0,3.541,-4.057,304534000.0,0.0,304534000.0,304534000.0,204722000.0,25281000.0,0.0,0.0,0.0,-35401000.0,-10120000.0,-0.067,-10120000.0,-35401000.0,-78200000.0,-0.61,-0.61,-0.61,-136284000.0,-114453500.0,-136284000.0,2242829499.0,-63.0,-221.623,-81909000.0,-0.654,1.0,151526000.0,1.0,0.0,42799000.0,222495000.0,211882750.0,0.0,5036000.0,5036000.0,0.0,552947000.0,110667000.0,442280000.0,2359658499.0,-55014000.0,0.0,23570000.0,0.0,0.0,23570000.0,-1507000.0,3325000.0,-77077000.0,0.0,-77542000.0,-77542000.0,-77542000.0,0.0,0.0,-0.512,188210000.0,-36684000.0,8788000.0,0.0,-17.314,-30.431,-31.049,5500000.0,0.0,18.94,15.573,15.666,2376000.0,-1501413000.0,151526000.0,151526000.0,145712000.0,-0.169,0.677,-0.167,-0.234,22317000.0,41906000.0,1.0,124585982.0,125330000,125330000.0,1.209,416663000.0,0.0,-658000.0,0.0,3.325,281256000.0
41,INCY,MRT,2011-03-31,2011-03-31,2011-03-31,2021-08-03,2089000.0,459606000.0,476877000.0,425968000.0,33638000.0,0.387,-0.842,-4355000.0,415748000.0,415748000.0,0.0,-22628000.0,3.866,-5.42,298919000.0,0.0,298919000.0,298919000.0,221461000.0,24519000.0,0.0,0.0,0.0,19347000.0,43866000.0,0.238,43866000.0,19347000.0,-22955000.0,-0.17,-0.18,-0.17,-103978000.0,-106578250.0,-103978000.0,1793562070.0,93.0,40.887,-53462000.0,-0.433,1.0,184562000.0,1.0,9793000.0,42302000.0,222802000.0,207315750.0,0.0,5783000.0,5783000.0,0.0,563584000.0,110182000.0,453402000.0,1955918070.0,-26903000.0,0.0,13492000.0,0.0,0.0,13492000.0,8712000.0,13067000.0,-49107000.0,0.0,-22628000.0,-22628000.0,-22628000.0,0.0,0.0,-0.123,166508000.0,18054000.0,7791000.0,0.0,-18.811,-86.438,-93.235,4934000.0,0.0,15.85,10.598,10.603,16579000.0,-1449542000.0,184562000.0,184562000.0,128548000.0,-0.047,0.212,0.093,0.105,18681000.0,37533000.0,1.0,123401771.0,123467000,123467000.0,1.495,449813000.0,0.0,-327000.0,0.0,3.643,315786000.0
42,INCY,MRT,2010-12-31,2010-12-31,2010-12-31,2021-08-03,1986000.0,489581000.0,487641250.0,455454000.0,34127000.0,0.348,-0.729,-4109000.0,455788000.0,455788000.0,0.0,-31846000.0,4.01,-6.523,293432000.0,0.0,293432000.0,293432000.0,238193000.0,24485000.0,0.0,0.0,0.0,11477000.0,35962000.0,0.212,35962000.0,11477000.0,-31846000.0,-0.26,-0.26,-0.26,-88644000.0,-109187000.0,-88644000.0,1890685865.0,165.0,52.575,93829000.0,0.771,1.0,169878000.0,1.0,10432000.0,43323000.0,203220000.0,201910500.0,0.0,6256000.0,6256000.0,0.0,578225000.0,113573000.0,464652000.0,2038789865.0,-31912000.0,0.0,13590000.0,-158644000.0,0.0,-145054000.0,15204000.0,19313000.0,97938000.0,0.0,-31846000.0,-31846000.0,-31846000.0,0.0,0.0,-0.187,155829000.0,14049000.0,10773000.0,0.0,-23.0,-64.02,-63.692,4804000.0,0.0,16.56,12.001,11.857,5701000.0,-1423030000.0,169878000.0,169878000.0,123880000.0,-0.065,0.292,0.057,0.068,14856000.0,32328000.0,1.0,123115330.0,121628000,121628000.0,1.397,479149000.0,0.0,0.0,0.0,3.939,341881000.0
43,INCY,MRT,2010-09-30,2010-09-30,2010-09-30,2021-08-03,1930000.0,464640000.0,543343500.0,422545000.0,42095000.0,0.167,-1.055,-1444000.0,436172000.0,436172000.0,0.0,-152828000.0,3.595,-4.604,288068000.0,0.0,288068000.0,288068000.0,254938000.0,24931000.0,0.0,0.0,0.0,-107268000.0,-82337000.0,-0.906,-82337000.0,-107268000.0,-152828000.0,-1.33,-1.34,-1.33,-128908000.0,-112622000.0,-128908000.0,1772680959.0,-17.0,-21.53,187676000.0,1.536,1.0,90873000.0,1.0,0.0,45560000.0,199014000.0,276799500.0,0.0,6781000.0,6781000.0,0.0,593548000.0,117522000.0,476026000.0,1951190959.0,21326000.0,0.0,10526000.0,-198744000.0,0.0,-188274000.0,20487000.0,21931000.0,189120000.0,-7000.0,-152828000.0,-152828000.0,-152828000.0,0.0,0.0,-1.682,160356000.0,-69483000.0,7750000.0,0.0,-15.136,-12.767,-12.023,2385000.0,0.0,15.99,21.472,21.5,4735000.0,-1455571000.0,90873000.0,90873000.0,125214000.0,-0.281,1.357,-0.388,-1.18,12662000.0,35570000.0,1.0,122025701.0,122189000,122189000.0,0.744,464640000.0,0.0,0.0,0.0,3.803,305023000.0
44,INCY,MRT,2010-06-30,2010-06-30,2010-06-30,2021-08-03,1795000.0,493681000.0,545387500.0,451293000.0,42388000.0,0.137,-0.861,-1112000.0,461335000.0,461335000.0,0.0,-164484000.0,4.068,-5.711,282825000.0,0.0,282825000.0,282825000.0,271695000.0,23826000.0,0.0,0.0,0.0,-122250000.0,-98424000.0,-1.313,-98424000.0,-122250000.0,-163826000.0,-1.51,-1.52,-1.51,-104783000.0,-130234000.0,-104783000.0,1157411472.0,-9.0,-11.759,183690000.0,1.51,1.0,74940000.0,1.0,0.0,41576000.0,204227000.0,343964250.0,0.0,8102000.0,8102000.0,0.0,598464000.0,110944000.0,487520000.0,1340949472.0,299799000.0,0.0,140164000.0,5436000.0,0.0,89377000.0,25627000.0,26739000.0,184802000.0,-7000.0,-164484000.0,-164484000.0,-164484000.0,0.0,0.0,-2.195,153930000.0,-78990000.0,9158000.0,0.0,-12.797,-8.152,-7.331,2159000.0,0.0,11.07,17.894,17.967,6360000.0,-1423869000.0,74940000.0,74940000.0,121140000.0,-0.302,1.263,-0.355,-1.631,10799000.0,31953000.0,1.0,121133647.0,121630000,121630000.0,0.616,493681000.0,0.0,658000.0,0.0,4.059,340349000.0
45,INCY,MRT,2010-03-31,2010-03-31,2010-03-31,2021-08-03,1198000.0,502663000.0,461721250.0,450807000.0,51856000.0,0.056,-0.956,-598000.0,461238000.0,461238000.0,0.0,-207563000.0,3.822,-5.393,277700000.0,0.0,277700000.0,277700000.0,288452000.0,20577000.0,0.0,0.0,0.0,-169669000.0,-149092000.0,-5.76,-149092000.0,-169669000.0,-207236000.0,-1.95,-1.95,-1.95,-114413000.0,-176895750.0,-114413000.0,1616744142.0,-10.0,-10.844,157318000.0,1.314,1.0,25882000.0,1.0,0.0,37567000.0,201181000.0,392215500.0,0.0,17508000.0,17494000.0,14000.0,617076000.0,117944000.0,499132000.0,1679653142.0,265648000.0,0.0,138624000.0,5436000.0,0.0,87837000.0,19902000.0,20500000.0,157916000.0,-7000.0,-207563000.0,-207563000.0,-207563000.0,0.0,0.0,-8.02,151234000.0,-125352000.0,13304000.0,0.0,-14.681,-8.092,-7.144,1808000.0,0.0,13.93,64.897,64.438,5253000.0,-1426913000.0,25882000.0,25882000.0,121292000.0,-0.45,1.173,-0.433,-6.555,9741000.0,28554000.0,1.0,120578115.0,119727000,119727000.0,0.216,502663000.0,0.0,327000.0,0.0,4.198,332863000.0
46,INCY,MRT,2009-12-31,2009-12-31,2009-12-31,2021-08-03,707000.0,712390000.0,383464250.0,656055000.0,56335000.0,0.024,-0.995,-387000.0,506047000.0,506047000.0,0.0,-211870000.0,4.939,-7.958,443138000.0,0.0,443138000.0,443138000.0,305199000.0,16690000.0,0.0,0.0,0.0,-179745000.0,-163055000.0,-17.599,-163055000.0,-179745000.0,-211870000.0,-2.06,-2.06,-2.06,-102384000.0,-212480250.0,-102384000.0,1133677445.0,-6.0,-6.953,11971000.0,0.116,1.0,9265000.0,1.0,13879000.0,32125000.0,502776000.0,442739250.0,0.0,24107000.0,20594000.0,3513000.0,814774000.0,132826000.0,681948000.0,1079903445.0,271057000.0,0.0,134397000.0,164080000.0,0.0,242254000.0,16452000.0,16839000.0,12358000.0,-7000.0,-211870000.0,-211870000.0,-211870000.0,0.0,0.0,-22.868,149033000.0,-139768000.0,20964000.0,0.0,-10.548,-5.097,-4.422,1752000.0,0.0,9.11,116.557,101.221,163661000.0,-1391184000.0,9265000.0,9265000.0,119442000.0,-0.553,0.997,-0.406,-19.4,9980000.0,27580000.0,1.0,118540444.0,102943000,102943000.0,0.09,698511000.0,0.0,0.0,0.0,6.785,523229000.0
47,INCY,MRT,2009-09-30,2009-09-30,2009-09-30,2021-08-03,502000.0,472816000.0,263463750.0,402657000.0,70159000.0,0.013,-2.034,-679000.0,423645000.0,423645000.0,0.0,-171833000.0,9.094,-3.372,477419000.0,0.0,477419000.0,477419000.0,32000.0,12679000.0,0.0,0.0,0.0,-146284000.0,-133605000.0,-40.037,-133605000.0,-146284000.0,-171833000.0,-1.75,-1.75,-1.75,-199356000.0,-242071750.0,-199356000.0,946985067.0,-6.0,-7.088,-139118000.0,-1.419,1.0,3337000.0,1.0,14641000.0,25549000.0,467673000.0,415823250.0,0.0,27681000.0,20767000.0,6914000.0,672172000.0,44276000.0,627896000.0,660049067.0,159881000.0,0.0,134452000.0,204180000.0,0.0,282465000.0,15855000.0,16534000.0,-138439000.0,0.0,-171833000.0,-171833000.0,-171833000.0,0.0,0.0,-51.493,144551000.0,-141214000.0,14176000.0,0.0,-3.311,-3.841,-3.857,1981000.0,0.0,6.75,197.797,198.293,862000.0,-1302742000.0,3337000.0,3337000.0,123483000.0,-0.652,0.71,-0.352,-43.837,11932000.0,18359000.0,1.0,97785047.0,98030000,98030000.0,0.034,458175000.0,0.0,0.0,0.0,4.674,358381000.0
48,INCY,MRT,2009-06-30,2009-06-30,2009-06-30,2021-08-03,-107000.0,159016000.0,211439250.0,146718000.0,12298000.0,0.016,-2.985,-687000.0,114289000.0,114289000.0,0.0,-173270000.0,3.216,-1.546,401225000.0,0.0,401225000.0,401225000.0,52000.0,11656000.0,0.0,0.0,0.0,-147998000.0,-136342000.0,-39.417,-136342000.0,-147998000.0,-173270000.0,-1.79,-1.79,-1.79,-291430000.0,-236577000.0,-291430000.0,579824103.0,-4.0,-4.253,-144034000.0,-1.475,1.0,3459000.0,1.0,3099000.0,25272000.0,397232000.0,400196500.0,0.0,33196000.0,26186000.0,7010000.0,450446000.0,45621000.0,404825000.0,320248103.0,-20423000.0,0.0,103692000.0,0.0,0.0,103692000.0,19232000.0,19919000.0,-143347000.0,0.0,-173270000.0,-173270000.0,-173270000.0,0.0,0.0,-50.093,152903000.0,-149444000.0,15840000.0,0.0,-1.099,-1.848,-1.838,2189000.0,0.0,3.29,92.584,92.872,807000.0,-1259385000.0,3459000.0,3459000.0,133897000.0,-0.819,0.732,-0.37,-42.786,13593000.0,17523000.0,1.0,97339849.0,97643000,97643000.0,0.035,155917000.0,0.0,0.0,0.0,1.597,101097000.0
49,INCY,MRT,2009-03-31,2009-03-31,2009-03-31,2021-08-03,-2072000.0,189635000.0,222869000.0,165365000.0,24270000.0,0.015,-2.638,-671000.0,139098000.0,139098000.0,0.0,-178798000.0,3.928,-1.739,398674000.0,0.0,398674000.0,398674000.0,72000.0,12292000.0,0.0,0.0,0.0,-153695000.0,-141403000.0,-43.058,-141403000.0,-153695000.0,-178798000.0,-1.92,-1.92,-1.92,-256751000.0,-223018250.0,-256751000.0,445175247.0,-3.0,-3.148,-146884000.0,-1.509,1.0,3284000.0,1.0,3837000.0,25103000.0,403276000.0,404411500.0,0.0,36529000.0,18591000.0,17938000.0,446386000.0,42098000.0,404288000.0,227775247.0,-23643000.0,0.0,104360000.0,0.0,0.0,104360000.0,18210000.0,18881000.0,-146213000.0,0.0,-178798000.0,-178798000.0,-178798000.0,0.0,0.0,-54.445,160693000.0,-157409000.0,15084000.0,0.0,-0.887,-1.274,-1.219,2495000.0,0.0,2.34,69.359,69.359,739000.0,-1219350000.0,3284000.0,3284000.0,142994000.0,-0.802,0.802,-0.38,-46.801,15041000.0,17540000.0,1.0,97339849.0,97340000,97340000.0,0.034,185798000.0,0.0,0.0,0.0,1.909,123267000.0
50,INCY,MRT,2008-12-31,2008-12-31,2008-12-31,2021-08-03,-2747000.0,232388000.0,234713000.0,205494000.0,26894000.0,0.017,-2.459,-698000.0,178767000.0,178767000.0,0.0,-178920000.0,4.082,-2.053,396167000.0,0.0,396167000.0,396167000.0,62000.0,13071000.0,0.0,0.0,0.0,-153983000.0,-140912000.0,-35.956,-140912000.0,-153983000.0,-178920000.0,-1.99,-1.99,-1.99,-220750000.0,-208092500.0,-220750000.0,554383935.0,-4.0,-3.934,-141558000.0,-1.577,1.0,3919000.0,1.0,4339000.0,24937000.0,395112000.0,409339250.0,0.0,39016000.0,19257000.0,19759000.0,453138000.0,50337000.0,402801000.0,368278935.0,69913000.0,0.0,104880000.0,0.0,0.0,104880000.0,105893000.0,106591000.0,-140860000.0,0.0,-178920000.0,-178920000.0,-178920000.0,0.0,0.0,-45.655,163208000.0,-159289000.0,15679000.0,0.0,-1.668,-2.058,-1.905,2796000.0,0.0,3.79,93.973,86.83,1050000.0,-1179314000.0,3919000.0,3919000.0,146362000.0,-0.762,0.86,-0.376,-39.291,15026000.0,17073000.0,1.0,97171223.0,89785000,89785000.0,0.044,228049000.0,0.0,0.0,0.0,2.54,155157000.0
51,INCY,MRT,2008-09-30,2008-09-30,2008-09-30,2021-08-03,-3363000.0,264718000.0,245539750.0,257024000.0,7694000.0,0.052,-1.92,-1024000.0,207597000.0,207597000.0,0.0,-152315000.0,6.297,-2.492,393702000.0,0.0,393702000.0,393702000.0,32000.0,13060000.0,0.0,0.0,0.0,-127541000.0,-114481000.0,-8.99,-114481000.0,-127541000.0,-152315000.0,-1.75,-1.75,-1.75,-177377000.0,-192784250.0,-177377000.0,906737822.0,-7.0,-7.92,-137216000.0,-1.485,1.0,12734000.0,1.0,4837000.0,24774000.0,405166000.0,438151000.0,0.0,42296000.0,42264000.0,32000.0,442095000.0,40820000.0,401275000.0,650170822.0,111968000.0,0.0,105655000.0,10000000.0,0.0,115655000.0,132505000.0,133529000.0,-136192000.0,0.0,-152315000.0,-152315000.0,-152315000.0,0.0,0.0,-11.961,156790000.0,-144056000.0,13465000.0,0.0,-3.665,-4.269,-4.371,2825000.0,0.0,7.65,51.058,55.501,879000.0,-1130909000.0,12734000.0,12734000.0,140674000.0,-0.62,0.79,-0.291,-10.016,13764000.0,16886000.0,1.0,84989650.0,92385000,92385000.0,0.138,259881000.0,0.0,0.0,0.0,2.813,216204000.0
52,INCY,MRT,2008-06-30,2008-06-30,2008-06-30,2021-08-03,-1857000.0,204735000.0,250031000.0,194055000.0,10680000.0,0.073,-2.795,-998000.0,134712000.0,134712000.0,0.0,-132015000.0,4.659,-1.863,391279000.0,0.0,391279000.0,391279000.0,52000.0,13063000.0,0.0,0.0,0.0,-107493000.0,-94430000.0,-5.142,-94430000.0,-107493000.0,-132015000.0,-1.56,-1.56,-1.56,-237195000.0,-183808250.0,-237195000.0,870304990.0,-8.0,-9.216,-122470000.0,-1.443,1.0,18363000.0,1.0,5559000.0,24522000.0,414092000.0,467935750.0,0.0,53320000.0,51309000.0,2011000.0,441930000.0,41651000.0,400279000.0,644148990.0,100777000.0,0.0,3468000.0,10000000.0,0.0,13468000.0,208781000.0,209779000.0,-121472000.0,0.0,-132015000.0,-132015000.0,-132015000.0,0.0,0.0,-7.189,144001000.0,-125638000.0,13481000.0,0.0,-2.716,-4.879,-4.878,3110000.0,0.0,7.61,35.079,35.172,787000.0,-1086115000.0,18363000.0,18363000.0,128769000.0,-0.528,0.718,-0.23,-5.854,12538000.0,16468000.0,1.0,84645071.0,84871000,84871000.0,0.216,199176000.0,0.0,0.0,0.0,2.347,152404000.0
53,INCY,MRT,2008-03-31,2008-03-31,2008-03-31,2021-08-03,-1766000.0,237011000.0,276046750.0,227595000.0,9416000.0,0.103,-2.329,-1120000.0,162741000.0,162741000.0,0.0,-104891000.0,6.635,-2.203,388897000.0,0.0,388897000.0,388897000.0,72000.0,13052000.0,0.0,0.0,0.0,-80617000.0,-67565000.0,-2.385,-67565000.0,-80617000.0,-104891000.0,-1.24,-1.24,-1.24,-197048000.0,-154418250.0,-197048000.0,1167046818.0,-14.0,-17.273,-105844000.0,-1.251,1.0,28325000.0,1.0,5876000.0,24274000.0,422987000.0,515511250.0,0.0,56411000.0,56372000.0,39000.0,434059000.0,34304000.0,399755000.0,889344818.0,142443000.0,0.0,2750000.0,10000000.0,0.0,12750000.0,234417000.0,235537000.0,-104724000.0,0.0,-104891000.0,-104891000.0,-104891000.0,0.0,0.0,-3.703,129447000.0,-101122000.0,13228000.0,0.0,-4.513,-8.479,-8.476,3501000.0,0.0,10.51,31.398,31.392,840000.0,-1040551000.0,28325000.0,28325000.0,113938000.0,-0.38,0.679,-0.156,-2.846,11194000.0,15900000.0,1.0,84618917.0,84602000,84602000.0,0.335,231135000.0,0.0,0.0,0.0,2.732,193291000.0
54,INCY,MRT,2007-12-31,2007-12-31,2007-12-31,2021-08-03,-528000.0,275695000.0,298027250.0,264412000.0,11283000.0,0.116,-1.895,-1153000.0,108854000.0,108854000.0,0.0,-86881000.0,7.225,-2.728,386556000.0,0.0,386556000.0,386556000.0,649000.0,12963000.0,0.0,0.0,0.0,-62849000.0,-49886000.0,-1.448,-49886000.0,-62849000.0,-86881000.0,-1.03,-1.03,-1.03,-159517000.0,-131275500.0,-159517000.0,1128568933.0,-18.0,-22.623,-93847000.0,-1.115,1.0,34440000.0,1.0,6443000.0,24032000.0,510359000.0,567259500.0,0.0,148473000.0,147576000.0,897000.0,435212000.0,36595000.0,398617000.0,846694933.0,89993000.0,0.0,2325000.0,10000000.0,0.0,12325000.0,170362000.0,171515000.0,-92694000.0,0.0,-86881000.0,-86881000.0,-86881000.0,0.0,0.0,-2.523,119720000.0,-85280000.0,7806000.0,0.0,-5.308,-9.745,-9.757,3943000.0,0.0,10.05,24.585,24.566,1551000.0,-1000394000.0,34440000.0,34440000.0,104889000.0,-0.292,0.662,-0.111,-1.825,10059000.0,15238000.0,1.0,84248252.0,84185000,84185000.0,0.409,269252000.0,0.0,0.0,0.0,3.198,227817000.0
55,INCY,MRT,2007-09-30,2007-09-30,2007-09-30,2021-08-03,-356000.0,282683000.0,317504250.0,270854000.0,11829000.0,0.1,-1.68,-1460000.0,95629000.0,95629000.0,0.0,-85583000.0,8.155,-2.998,377503000.0,0.0,377503000.0,377503000.0,5995000.0,12984000.0,0.0,0.0,0.0,-61603000.0,-48619000.0,-1.532,-48619000.0,-61603000.0,-85583000.0,-1.02,-1.02,-1.02,-141473000.0,-112623250.0,-141473000.0,943518104.0,-15.0,-19.406,-88792000.0,-1.054,1.0,31744000.0,1.0,7038000.0,23980000.0,524305000.0,601617250.0,0.0,170232000.0,169315000.0,917000.0,424156000.0,33214000.0,390942000.0,602120104.0,-20292000.0,0.0,1444000.0,-91616000.0,0.0,-90172000.0,157212000.0,158672000.0,-87332000.0,0.0,-85583000.0,-85583000.0,-85583000.0,0.0,0.0,-2.696,109148000.0,-77404000.0,6421000.0,0.0,-4.256,-7.036,-7.01,3874000.0,0.0,7.15,18.968,18.968,1276000.0,-978593000.0,31744000.0,31744000.0,95810000.0,-0.27,0.76,-0.102,-1.941,9692000.0,14091000.0,1.0,84212602.0,84213000,84213000.0,0.377,275645000.0,0.0,0.0,0.0,3.273,237640000.0
56,INCY,MRT,2007-06-30,2007-06-30,2007-06-30,2021-08-03,-306000.0,308798000.0,363055000.0,288312000.0,20486000.0,0.089,-1.422,-1648000.0,33935000.0,33935000.0,0.0,-76927000.0,7.549,-3.581,375333000.0,0.0,375333000.0,375333000.0,11630000.0,11033000.0,0.0,0.0,0.0,-54872000.0,-43839000.0,-1.356,-43839000.0,-54872000.0,-76927000.0,-0.92,-0.92,-0.92,-119635000.0,-93792500.0,-119635000.0,856870022.0,-16.0,-19.546,-87699000.0,-1.042,1.0,32322000.0,1.0,7610000.0,22055000.0,604394000.0,636428500.0,0.0,255870000.0,247533000.0,8337000.0,428433000.0,38192000.0,390241000.0,503969022.0,-2003000.0,0.0,1393000.0,20291000.0,0.0,21684000.0,62364000.0,64012000.0,-86051000.0,0.0,-76927000.0,-76927000.0,-76927000.0,0.0,0.0,-2.38,104108000.0,-71786000.0,4959000.0,0.0,-4.213,-6.551,-6.522,4539000.0,0.0,6.0,15.592,15.618,1267000.0,-954099000.0,32322000.0,32322000.0,90324000.0,-0.212,0.82,-0.086,-1.698,9120000.0,13958000.0,1.0,83994837.0,84136000,84136000.0,0.384,301188000.0,0.0,0.0,0.0,3.58,250120000.0
57,INCY,MRT,2007-03-31,2007-03-31,2007-03-31,2021-08-03,-143000.0,324933000.0,379633500.0,300422000.0,24511000.0,0.075,-1.244,-1616000.0,20298000.0,20298000.0,0.0,-79008000.0,7.577,-4.11,373199000.0,0.0,373199000.0,373199000.0,17687000.0,9001000.0,0.0,0.0,0.0,-59027000.0,-50026000.0,-1.749,-50026000.0,-59027000.0,-79008000.0,-0.94,-0.94,-0.94,-104477000.0,-77565000.0,-104477000.0,905701555.0,-15.0,-18.105,-92937000.0,-1.107,1.0,28601000.0,1.0,8204000.0,19981000.0,629980000.0,619607750.0,0.0,284590000.0,273480000.0,11110000.0,429410000.0,39650000.0,389760000.0,553459555.0,-28506000.0,0.0,1265000.0,20291000.0,0.0,21556000.0,41259000.0,42875000.0,-91321000.0,0.0,-79008000.0,-79008000.0,-79008000.0,0.0,0.0,-2.762,103380000.0,-74779000.0,4511000.0,0.0,-5.297,-7.005,-7.011,5197000.0,0.0,6.59,19.351,19.351,1440000.0,-935660000.0,28601000.0,28601000.0,86747000.0,-0.208,1.019,-0.095,-2.064,8773000.0,13844000.0,1.0,83984758.0,83985000,83985000.0,0.341,316729000.0,0.0,0.0,0.0,3.771,260772000.0
58,INCY,MRT,2006-12-31,2006-12-31,2006-12-31,2021-08-03,-415000.0,353603000.0,398089250.0,327761000.0,25842000.0,0.069,-1.013,-1568000.0,18861000.0,18861000.0,0.0,-74166000.0,6.643,-5.165,371103000.0,0.0,371103000.0,371103000.0,23231000.0,7411000.0,0.0,0.0,0.0,-56255000.0,-48844000.0,-1.767,-48844000.0,-56255000.0,-74166000.0,-0.89,-0.89,-0.89,-84908000.0,-60888500.0,-84908000.0,834524574.0,-15.0,-17.086,-51935000.0,-0.62,1.0,27643000.0,1.0,8715000.0,17911000.0,647790000.0,599071750.0,0.0,310949000.0,299712000.0,11237000.0,438511000.0,49340000.0,389171000.0,489713574.0,7367000.0,0.0,1408000.0,30291000.0,0.0,31699000.0,26035000.0,27603000.0,-50367000.0,0.0,-74166000.0,-74166000.0,-74166000.0,0.0,0.0,-2.683,104507000.0,-76864000.0,5916000.0,0.0,-5.768,-6.603,-6.562,5890000.0,0.0,5.84,17.716,17.704,2073000.0,-913513000.0,27643000.0,27643000.0,87596000.0,-0.186,1.218,-0.094,-2.035,8890000.0,14027000.0,1.0,83855064.0,83799000,83799000.0,0.33,344888000.0,0.0,0.0,0.0,4.116,278421000.0
59,INCY,MRT,2006-09-30,2006-09-30,2006-09-30,2021-08-03,521000.0,464886000.0,403215500.0,432001000.0,32885000.0,0.054,-0.789,-1023000.0,115921000.0,115921000.0,0.0,-81220000.0,3.158,-8.028,460732000.0,91690000.0,369042000.0,460732000.0,28873000.0,5816000.0,0.0,0.0,0.0,-65994000.0,-60178000.0,-2.784,-60178000.0,-65994000.0,-81616000.0,-0.97,-0.97,-0.97,-66150000.0,-44510750.0,-66150000.0,667418135.0,-10.0,-11.091,-57227000.0,-0.682,1.0,21616000.0,1.0,9354000.0,15622000.0,663550000.0,603490750.0,0.0,328170000.0,310380000.0,17790000.0,531036000.0,136793000.0,394243000.0,354683135.0,66724000.0,0.0,1513000.0,121908000.0,0.0,123421000.0,-507000.0,516000.0,-56204000.0,14000.0,-81220000.0,-81220000.0,-81220000.0,-155000.0,0.0,-3.757,105516000.0,-83900000.0,3704000.0,0.0,-5.362,-4.367,-4.361,5741000.0,0.0,4.23,16.408,16.409,1390000.0,-893010000.0,21616000.0,21616000.0,87981000.0,-0.201,1.825,-0.109,-3.053,6674000.0,14163000.0,1.0,83849441.0,83852000,83852000.0,0.258,455532000.0,0.0,-396000.0,0.0,5.433,295208000.0
60,INCY,MRT,2006-06-30,2006-06-30,2006-06-30,2021-08-03,-1809000.0,375112000.0,386521250.0,296167000.0,78945000.0,0.04,-0.653,-921000.0,35938000.0,35938000.0,0.0,-95592000.0,2.101,-7.854,348673000.0,91747000.0,256926000.0,348673000.0,34463000.0,8469000.0,0.0,0.0,0.0,-80633000.0,-72164000.0,-4.633,-72164000.0,-80633000.0,-95988000.0,-1.14,-1.14,-1.14,-54725000.0,-27094500.0,-54725000.0,684595192.0,-8.0,-9.487,-61843000.0,-0.738,1.0,15576000.0,1.0,9785000.0,15355000.0,537111000.0,600544250.0,0.0,316715000.0,253808000.0,62907000.0,429837000.0,140951000.0,288886000.0,384765192.0,-1239000.0,0.0,1576000.0,2613000.0,0.0,4189000.0,55484000.0,56405000.0,-60922000.0,10000.0,-95592000.0,-95592000.0,-95592000.0,-152000.0,0.0,-6.137,112856000.0,-97280000.0,5377000.0,0.0,-7.031,-4.025,-4.035,6253000.0,0.0,4.6,24.702,24.744,1346000.0,-877173000.0,15576000.0,15576000.0,95779000.0,-0.247,3.528,-0.134,-5.177,4665000.0,13419000.0,1.0,83644607.0,83786000,83786000.0,0.186,365327000.0,0.0,-396000.0,0.0,4.36,155216000.0
61,INCY,MRT,2006-03-31,2006-03-31,2006-03-31,2021-08-03,-2406000.0,398756000.0,401905000.0,329179000.0,69577000.0,0.028,-0.452,-1645000.0,48804000.0,48804000.0,0.0,-100217000.0,2.346,-11.557,348634000.0,91804000.0,256830000.0,348634000.0,40115000.0,7948000.0,0.0,0.0,0.0,-85175000.0,-77227000.0,-6.776,-77227000.0,-85175000.0,-100769000.0,-1.2,-1.2,-1.2,-37771000.0,-4975500.0,-37771000.0,833905524.0,-10.0,-10.798,-61642000.0,-0.737,1.0,11397000.0,1.0,10408000.0,15594000.0,547836000.0,643622500.0,0.0,325027000.0,272695000.0,52332000.0,436527000.0,140342000.0,296185000.0,503537524.0,-56032000.0,0.0,1679000.0,-25837000.0,0.0,-24158000.0,28115000.0,29760000.0,-59997000.0,8000.0,-100217000.0,-100217000.0,-100217000.0,-161000.0,0.0,-8.793,116557000.0,-105160000.0,5909000.0,0.0,-13.331,-5.024,-5.017,6837000.0,0.0,6.02,44.182,44.173,1584000.0,-856653000.0,11397000.0,11397000.0,102611000.0,-0.249,20.142,-0.132,-7.473,2462000.0,12732000.0,1.0,83644107.0,83627000,83627000.0,0.136,388348000.0,0.0,-552000.0,0.0,4.644,188837000.0
62,INCY,MRT,2005-12-31,2005-12-31,2005-12-31,2021-08-03,1228000.0,374108000.0,424080500.0,353976000.0,20132000.0,0.019,-0.233,-1574000.0,11494000.0,11494000.0,0.0,-103043000.0,12.707,-20.287,341862000.0,0.0,341862000.0,341862000.0,604000.0,8192000.0,0.0,0.0,0.0,-87543000.0,-79351000.0,-10.114,-79351000.0,-87543000.0,-103595000.0,-1.24,-1.24,-1.24,-19397000.0,19434250.0,-19397000.0,738194305.0,-8.0,-9.303,-103446000.0,-1.242,1.0,7846000.0,1.0,11153000.0,16052000.0,665466000.0,688178750.0,0.0,334789000.0,333477000.0,1312000.0,393505000.0,27857000.0,365648000.0,445472305.0,-120686000.0,0.0,1489000.0,-35837000.0,0.0,-34348000.0,15528000.0,17102000.0,-101872000.0,6000.0,-103043000.0,-103043000.0,-103043000.0,-314000.0,0.0,-13.133,108630000.0,-100784000.0,3573000.0,0.0,-22.966,-4.323,-4.306,7667000.0,0.0,5.34,56.777,56.708,1423000.0,-839347000.0,7846000.0,7846000.0,95618000.0,-0.243,-5.302,-0.127,-11.158,186000.0,11656000.0,1.0,83421780.0,83321000,83321000.0,0.094,362955000.0,0.0,-552000.0,0.0,4.356,326119000.0
63,INCY,MRT,2005-09-30,2005-09-30,2005-09-30,2021-08-03,-2846000.0,398109000.0,459783250.0,370821000.0,27288000.0,0.02,0.042,-1669000.0,49197000.0,49197000.0,0.0,-113012000.0,13.591,112.26,341919000.0,0.0,341919000.0,341919000.0,742000.0,9856000.0,0.0,0.0,0.0,-96410000.0,-86554000.0,-9.466,-86554000.0,-96410000.0,-112897000.0,-1.37,-1.37,-1.37,3515000.0,43912750.0,3515000.0,704365156.0,-7.0,-8.138,-103011000.0,-1.235,1.0,9144000.0,1.0,11783000.0,16487000.0,651764000.0,701263250.0,0.0,322227000.0,314841000.0,7386000.0,394594000.0,27284000.0,367310000.0,392036156.0,-29527000.0,0.0,87179000.0,-35838000.0,0.0,51341000.0,20475000.0,22115000.0,-101342000.0,-1000.0,-113012000.0,-113012000.0,-113012000.0,95000.0,0.0,-12.359,118281000.0,-109137000.0,4372000.0,0.0,111.532,-3.469,-3.431,8119000.0,0.0,4.7,42.874,42.875,1045000.0,-811791000.0,9144000.0,9144000.0,92737000.0,-0.246,-2.574,-0.137,-10.544,247000.0,12817000.0,1.0,83411948.0,83414000,83414000.0,0.11,386326000.0,0.0,115000.0,0.0,4.631,343537000.0
64,INCY,MRT,2005-06-30,2005-06-30,2005-06-30,2021-08-03,-2684000.0,436647000.0,477882000.0,407858000.0,28789000.0,0.021,0.405,-1023000.0,37177000.0,37177000.0,0.0,-108778000.0,15.087,11.937,349506000.0,0.0,349506000.0,349506000.0,751000.0,9922000.0,0.0,0.0,0.0,-91363000.0,-81441000.0,-7.947,-81441000.0,-91363000.0,-108663000.0,-1.36,-1.36,-1.36,33751000.0,50724000.0,33751000.0,868173344.0,-10.0,-10.66,-99634000.0,-1.196,1.0,10248000.0,1.0,12519000.0,17300000.0,709424000.0,708905500.0,0.0,371659000.0,364272000.0,7387000.0,402896000.0,27033000.0,375863000.0,594323344.0,-115756000.0,0.0,88230000.0,-66862000.0,0.0,21368000.0,-38523000.0,-37490000.0,-98611000.0,10000.0,-108778000.0,-108778000.0,-108778000.0,350000.0,0.0,-10.615,110330000.0,-100082000.0,4183000.0,0.0,17.609,-5.464,-5.257,8883000.0,0.0,7.15,57.994,58.12,931000.0,-781580000.0,10248000.0,10248000.0,83029000.0,-0.228,-2.145,-0.129,-8.915,318000.0,15005000.0,1.0,83122146.0,83303000,83303000.0,0.123,424128000.0,0.0,115000.0,0.0,5.091,380825000.0
65,INCY,MRT,2005-03-31,2005-03-31,2005-03-31,2021-08-03,-707000.0,487458000.0,503249750.0,457492000.0,29966000.0,0.023,0.721,298000.0,104836000.0,104836000.0,0.0,-147233000.0,21.141,7.142,378686000.0,0.0,378686000.0,378686000.0,2225000.0,12704000.0,0.0,0.0,0.0,-128850000.0,-116146000.0,-10.032,-116146000.0,-128850000.0,-146888000.0,-1.93,-1.93,-1.93,59868000.0,55444250.0,59868000.0,813676604.0,-6.0,-7.006,-104133000.0,-1.254,1.0,11578000.0,1.0,13607000.0,18038000.0,726061000.0,707755750.0,0.0,351206000.0,343858000.0,7348000.0,427590000.0,21640000.0,405950000.0,567090604.0,-31011000.0,0.0,89437000.0,-38412000.0,0.0,51025000.0,22387000.0,22156000.0,-104431000.0,8000.0,-147233000.0,-147233000.0,-147233000.0,711000.0,0.0,-12.717,145216000.0,-133638000.0,2322000.0,0.0,9.472,-3.852,-3.539,9011000.0,0.0,6.83,48.98,48.992,2547000.0,-756435000.0,11578000.0,11578000.0,80924000.0,-0.293,-2.656,-0.182,-11.129,389000.0,17905000.0,1.0,83029371.0,83049000,83049000.0,0.139,473851000.0,0.0,345000.0,0.0,5.706,435852000.0
66,INCY,MRT,2004-12-31,2004-12-31,2004-12-31,2021-08-03,-2226000.0,516919000.0,527002250.0,481313000.0,35606000.0,0.027,1.053,237000.0,132180000.0,132180000.0,0.0,-164817000.0,15.289,5.584,378766000.0,0.0,378766000.0,378766000.0,1807000.0,13913000.0,0.0,0.0,0.0,-147123000.0,-133210000.0,-9.417,-133210000.0,-147123000.0,-164364000.0,-2.21,-2.21,-2.21,78517000.0,69931750.0,78517000.0,1037970093.0,-7.0,-7.792,-114430000.0,-1.535,1.0,14146000.0,1.0,14220000.0,17241000.0,717804000.0,722516500.0,0.0,349011000.0,337584000.0,11427000.0,438402000.0,31481000.0,406921000.0,737848093.0,102482000.0,0.0,90150000.0,204088000.0,0.0,294238000.0,-77160000.0,-77309000.0,-114667000.0,71000.0,-164817000.0,-164817000.0,-164817000.0,1153000.0,0.0,-11.651,162999000.0,-148853000.0,2321000.0,0.0,9.397,-4.477,-4.52,9959000.0,0.0,9.99,52.159,52.651,2143000.0,-736304000.0,14146000.0,14146000.0,88271000.0,-0.313,-2.357,-0.204,-10.4,463000.0,20551000.0,1.0,73858668.0,74555000,74555000.0,0.19,502699000.0,0.0,453000.0,0.0,6.743,449832000.0
67,INCY,MRT,2004-09-30,2004-09-30,2004-09-30,2021-08-03,-1188000.0,470504000.0,492658750.0,420843000.0,49661000.0,0.033,0.42,-256000.0,78724000.0,78724000.0,0.0,-168058000.0,6.911,14.296,378846000.0,0.0,378846000.0,378846000.0,4172000.0,14025000.0,0.0,0.0,0.0,-152830000.0,-138805000.0,-8.556,-138805000.0,-152830000.0,-168225000.0,-2.3,-2.3,-2.3,30760000.0,88885750.0,30760000.0,971202173.0,-6.0,-6.997,-107393000.0,-1.465,1.0,16224000.0,1.0,27395000.0,15395000.0,682333000.0,656199000.0,0.0,345593000.0,333838000.0,11755000.0,439744000.0,60898000.0,378846000.0,706557173.0,64417000.0,-599000.0,4713000.0,204088000.0,0.0,208801000.0,-37284000.0,-36312000.0,-107137000.0,37000.0,-168058000.0,-168058000.0,-168058000.0,975000.0,0.0,-10.359,168222000.0,-151998000.0,2950000.0,0.0,22.97,-4.204,-4.187,10511000.0,0.0,9.63,43.55,43.522,2679000.0,-698778000.0,16224000.0,16224000.0,89940000.0,-0.341,-1.891,-0.233,-9.42,711000.0,22184000.0,1.0,73370423.0,73323000,73323000.0,0.221,443109000.0,0.0,-167000.0,0.0,6.043,359945000.0
68,INCY,MRT,2004-06-30,2004-06-30,2004-06-30,2021-08-03,-4034000.0,538118000.0,478892000.0,483395000.0,54723000.0,0.057,0.722,-2437000.0,152933000.0,152933000.0,0.0,-185094000.0,7.118,9.224,417578000.0,0.0,417578000.0,417578000.0,3523000.0,14508000.0,0.0,0.0,0.0,-172000000.0,-157492000.0,-5.803,-157492000.0,-172000000.0,-185071000.0,-2.55,-2.55,-2.55,52632000.0,129712000.0,52632000.0,837675086.0,-5.0,-5.319,-124840000.0,-1.712,1.0,27141000.0,1.0,30030000.0,13071000.0,704825000.0,607348000.0,0.0,333780000.0,320622000.0,13158000.0,485486000.0,67908000.0,417578000.0,555840086.0,130918000.0,-1588000.0,3667000.0,239441000.0,0.0,243108000.0,10208000.0,14311000.0,-122403000.0,5000.0,-185094000.0,-185094000.0,-185094000.0,717000.0,0.0,-6.82,189227000.0,-162086000.0,5010000.0,0.0,10.561,-3.003,-2.996,11535000.0,0.0,7.64,20.48,20.529,3336000.0,-672802000.0,27141000.0,27141000.0,100911000.0,-0.387,-1.427,-0.283,-6.337,876000.0,25871000.0,1.0,72753938.0,72929000,72929000.0,0.372,508088000.0,0.0,23000.0,0.0,6.967,415487000.0
69,INCY,MRT,2004-03-31,2004-03-31,2004-03-31,2021-08-03,-300000.0,582468000.0,461981250.0,514119000.0,68349000.0,0.074,1.622,-4251000.0,135847000.0,135847000.0,0.0,-148394000.0,10.946,3.944,417682000.0,0.0,417682000.0,417682000.0,4030000.0,15500000.0,0.0,0.0,0.0,-137562000.0,-122062000.0,-3.572,-122062000.0,-137562000.0,-148204000.0,-2.05,-2.05,-2.05,117818000.0,175893000.0,117818000.0,742010984.0,-5.0,-6.079,-116342000.0,-1.602,1.0,34171000.0,1.0,32231000.0,10642000.0,785104000.0,563752750.0,0.0,378132000.0,364860000.0,13272000.0,464650000.0,46968000.0,417682000.0,603922984.0,125210000.0,-2193000.0,2750000.0,239441000.0,0.0,242191000.0,-4902000.0,1563000.0,-112091000.0,12000.0,-148394000.0,-148394000.0,-148394000.0,365000.0,0.0,-4.343,162459000.0,-128288000.0,6469000.0,0.0,5.126,-4.07,-4.054,22846000.0,0.0,8.31,17.674,17.666,3909000.0,-609202000.0,34171000.0,34171000.0,106330000.0,-0.321,-0.844,-0.244,-4.026,1252000.0,27931000.0,1.0,72674246.0,72643000,72643000.0,0.47,550237000.0,0.0,190000.0,0.0,7.575,467151000.0
70,INCY,MRT,2003-12-31,2003-12-31,2003-12-31,2021-08-03,-566000.0,379545000.0,440583750.0,310927000.0,68618000.0,0.094,2.162,-9738000.0,29698000.0,29698000.0,0.0,-166463000.0,7.405,1.459,167786000.0,0.0,167786000.0,167786000.0,4534000.0,16895000.0,0.0,0.0,0.0,-156560000.0,-139665000.0,-3.39,-139665000.0,-156560000.0,-166121000.0,-2.33,-2.33,-2.33,154333000.0,212440750.0,154333000.0,649184940.0,-4.0,-4.648,-128070000.0,-1.794,1.0,41197000.0,1.0,23109000.0,9561000.0,452534000.0,509926250.0,0.0,280305000.0,264109000.0,16196000.0,225212000.0,41990000.0,183222000.0,495601940.0,6770000.0,-5725000.0,1892000.0,-3059000.0,0.0,-1167000.0,126351000.0,141814000.0,-118332000.0,-82000.0,-166463000.0,-166463000.0,-166463000.0,77000.0,0.0,-4.041,190549000.0,-149352000.0,6450000.0,0.0,3.211,-2.977,-2.936,27193000.0,0.0,6.84,12.03,11.85,5228000.0,-571487000.0,41197000.0,41197000.0,111404000.0,-0.378,-0.784,-0.307,-3.8,1628000.0,29370000.0,1.0,72456424.0,71369000,71369000.0,0.577,356436000.0,0.0,342000.0,0.0,4.994,268937000.0
71,INCY,MRT,2003-09-30,2003-09-30,2003-09-30,2021-08-03,-85000.0,415437000.0,483732250.0,337834000.0,77603000.0,0.107,2.688,-10099000.0,14307000.0,14307000.0,0.0,-193188000.0,6.317,1.141,167890000.0,0.0,167890000.0,167890000.0,8922000.0,18688000.0,0.0,0.0,0.0,-182858000.0,-164170000.0,-3.169,-164170000.0,-182858000.0,-192455000.0,-2.78,-2.78,-2.78,194065000.0,249460000.0,194065000.0,483981533.0,-3.0,-2.948,-128074000.0,-1.774,1.0,51804000.0,1.0,28609000.0,9597000.0,486929000.0,546164750.0,0.0,318999000.0,300791000.0,18208000.0,221372000.0,53482000.0,167890000.0,334173533.0,-1429000.0,-5126000.0,-3354000.0,-3059000.0,0.0,-6414000.0,123022000.0,138247000.0,-117975000.0,-62000.0,-193188000.0,-193188000.0,-193188000.0,3088000.0,0.0,-3.729,216554000.0,-164750000.0,7157000.0,0.0,1.722,-1.73,-1.665,30786000.0,0.0,4.63,6.451,6.452,10179000.0,-530720000.0,51804000.0,51804000.0,115222000.0,-0.399,-0.774,-0.335,-3.53,1973000.0,29741000.0,1.0,72175709.0,72185000,72185000.0,0.718,386828000.0,0.0,733000.0,0.0,5.359,284352000.0
72,INCY,MRT,2003-06-30,2003-06-30,2003-06-30,2021-08-03,571000.0,470475000.0,530636500.0,378553000.0,91922000.0,0.115,3.301,-12138000.0,22015000.0,22015000.0,0.0,-188587000.0,6.176,0.982,171823000.0,0.0,171823000.0,171823000.0,15071000.0,19793000.0,0.0,0.0,0.0,-177996000.0,-158203000.0,-2.596,-158203000.0,-177996000.0,-187744000.0,-2.75,-2.75,-2.75,237356000.0,293564250.0,237356000.0,509616203.0,-3.0,-3.221,-113950000.0,-1.585,1.0,60945000.0,1.0,28543000.0,9748000.0,530444000.0,593020750.0,0.0,369982000.0,338624000.0,31358000.0,233119000.0,61296000.0,171823000.0,348323203.0,-22178000.0,-4137000.0,-2174000.0,0.0,0.0,-2175000.0,81834000.0,98109000.0,-101812000.0,-25000.0,-188587000.0,-188587000.0,-188587000.0,3088000.0,0.0,-3.094,232989000.0,-172044000.0,5416000.0,0.0,1.468,-1.847,-1.767,32021000.0,0.0,4.86,5.715,5.733,7515000.0,-487708000.0,60945000.0,60945000.0,134009000.0,-0.355,-0.642,-0.3,-2.921,2768000.0,33303000.0,1.0,71671441.0,71895000,71895000.0,0.848,441932000.0,0.0,843000.0,0.0,6.147,317257000.0
73,INCY,MRT,2003-03-31,2003-03-31,2003-03-31,2021-08-03,1931000.0,496878000.0,574451750.0,401906000.0,94972000.0,0.137,3.827,-15479000.0,10637000.0,10637000.0,0.0,-179228000.0,6.595,0.882,171930000.0,0.0,171930000.0,171930000.0,13048000.0,21196000.0,0.0,0.0,0.0,-168628000.0,-147432000.0,-1.867,-147432000.0,-168628000.0,-178326000.0,-2.64,-2.64,-2.64,264009000.0,335293250.0,264009000.0,360788494.0,-2.0,-2.447,-110475000.0,-1.601,1.0,78968000.0,1.0,27434000.0,9698000.0,569798000.0,629739000.0,0.0,399296000.0,365547000.0,33749000.0,232869000.0,60939000.0,171930000.0,211680494.0,-88519000.0,-3532000.0,-1509000.0,-4690000.0,0.0,-6182000.0,12756000.0,31767000.0,-94996000.0,-97000.0,-179228000.0,-179228000.0,-179228000.0,3088000.0,0.0,-2.27,246971000.0,-168003000.0,7466000.0,0.0,0.802,-1.181,-1.133,33789000.0,0.0,2.99,2.681,2.612,8024000.0,-460808000.0,78968000.0,78968000.0,141856000.0,-0.312,-0.535,-0.268,-2.135,3137000.0,38357000.0,1.0,70796152.0,68986000,68986000.0,1.145,469444000.0,0.0,902000.0,0.0,6.805,340967000.0
74,INCY,MRT,2002-12-31,2002-12-31,2002-12-31,2021-08-03,2454000.0,552139000.0,616944000.0,458771000.0,93368000.0,0.155,4.487,-11890000.0,22928000.0,22928000.0,0.0,-136885000.0,5.905,0.826,172036000.0,0.0,172036000.0,172036000.0,11662000.0,22108000.0,0.0,0.0,0.0,-126143000.0,-104035000.0,-1.09,-104035000.0,-126143000.0,-135940000.0,-2.03,-2.03,-2.03,302410000.0,374643750.0,302410000.0,466168767.0,-4.0,-4.481,-70156000.0,-1.041,1.0,95473000.0,1.0,26066000.0,9797000.0,597488000.0,656725250.0,0.0,441605000.0,406090000.0,35515000.0,249729000.0,77693000.0,172036000.0,309761767.0,-20440000.0,0.0,1459000.0,-4690000.0,0.0,-3159000.0,41228000.0,53118000.0,-58266000.0,-243000.0,-136885000.0,-136885000.0,-136885000.0,3088000.0,0.0,-1.434,228100000.0,-132627000.0,9999000.0,0.0,1.024,-2.263,-2.246,31787000.0,0.0,4.56,3.244,3.219,8485000.0,-405024000.0,95473000.0,95473000.0,145308000.0,-0.222,-0.365,-0.192,-1.321,4097000.0,45148000.0,1.0,67930212.0,67403000,67403000.0,1.416,526073000.0,0.0,945000.0,0.0,7.805,381078000.0
75,INCY,MRT,2002-09-30,2002-09-30,2002-09-30,2021-08-03,-736000.0,603054000.0,655299000.0,489309000.0,113745000.0,0.206,5.469,-11912000.0,15736000.0,15736000.0,0.0,-214598000.0,8.097,0.628,172143000.0,0.0,172143000.0,172143000.0,15516000.0,25244000.0,0.0,0.0,0.0,-203657000.0,-178413000.0,-1.319,-178413000.0,-203657000.0,-213470000.0,-3.22,-3.22,-3.22,370482000.0,409092000.0,370482000.0,441391662.0,-2.0,-2.474,-59882000.0,-0.884,1.0,135235000.0,1.0,24679000.0,9813000.0,674353000.0,690901250.0,0.0,481737000.0,437093000.0,44644000.0,232572000.0,60429000.0,172143000.0,313334662.0,-29752000.0,0.0,9697000.0,-4690000.0,0.0,5225000.0,13260000.0,25172000.0,-47970000.0,-267000.0,-214598000.0,-214598000.0,-214598000.0,0.0,0.0,-1.587,359121000.0,-223886000.0,7216000.0,0.0,0.846,-1.46,-1.441,44422000.0,0.0,4.64,2.317,2.324,14780000.0,-337532000.0,135235000.0,135235000.0,170426000.0,-0.327,-0.525,-0.295,-1.506,3846000.0,56651000.0,1.0,67529022.0,67740000,67740000.0,1.996,578375000.0,0.0,1128000.0,0.0,8.538,428880000.0
76,INCY,MRT,2002-06-30,2002-06-30,2002-06-30,2021-08-03,-3005000.0,645736000.0,710945500.0,527520000.0,118216000.0,0.239,5.995,-10631000.0,44193000.0,44193000.0,0.0,-194014000.0,7.622,0.597,172250000.0,0.0,172250000.0,172250000.0,16857000.0,33052000.0,0.0,0.0,0.0,-183051000.0,-149999000.0,-0.881,-149999000.0,-183051000.0,-192961000.0,-2.92,-2.92,-2.92,404272000.0,462330750.0,404272000.0,568563189.0,-3.0,-3.79,-59681000.0,-0.885,1.0,170164000.0,1.0,27262000.0,9910000.0,677317000.0,727986750.0,0.0,477648000.0,431958000.0,45690000.0,241464000.0,69214000.0,172250000.0,488582189.0,-20202000.0,0.0,9387000.0,-4690000.0,0.0,4915000.0,24164000.0,34495000.0,-49050000.0,-231000.0,-194014000.0,-194014000.0,-194014000.0,0.0,0.0,-1.14,373592000.0,-203428000.0,8447000.0,0.0,1.209,-2.518,-2.49,45264000.0,0.0,7.27,2.871,2.881,25129000.0,-299121000.0,170164000.0,170164000.0,173682000.0,-0.273,-0.42,-0.251,-1.076,3000000.0,62390000.0,1.0,67205253.0,67440000,67440000.0,2.523,618474000.0,0.0,1053000.0,0.0,9.171,458306000.0
77,INCY,MRT,2002-03-31,2002-03-31,2002-03-31,2021-08-03,-748000.0,666847000.0,762528500.0,547441000.0,119406000.0,0.259,6.303,-10034000.0,99156000.0,99156000.0,0.0,-186364000.0,8.257,0.582,179137000.0,0.0,179137000.0,179137000.0,20531000.0,39450000.0,0.0,0.0,0.0,-175330000.0,-135880000.0,-0.689,-135880000.0,-175330000.0,-185386000.0,-2.81,-2.81,-2.81,421411000.0,512335750.0,421411000.0,924056382.0,-5.0,-6.801,-63438000.0,-0.949,1.0,197156000.0,1.0,2786000.0,10056000.0,677743000.0,764126000.0,0.0,441851000.0,392554000.0,49297000.0,245436000.0,66299000.0,179137000.0,790186382.0,-15533000.0,0.0,13234000.0,-1000.0,0.0,13433000.0,24625000.0,34359000.0,-53404000.0,-187000.0,-186364000.0,-186364000.0,-186364000.0,0.0,0.0,-0.945,395502000.0,-198346000.0,6485000.0,0.0,1.875,-4.24,-4.235,45308000.0,0.0,11.9,4.008,4.036,27691000.0,-281580000.0,197156000.0,197156000.0,191120000.0,-0.244,-0.364,-0.229,-0.889,2441000.0,68233000.0,1.0,66402217.0,66864000,66864000.0,2.949,664061000.0,0.0,978000.0,0.0,9.932,481142000.0
78,INCY,MRT,2001-12-31,2001-12-31,2001-12-31,2021-08-03,8990000.0,705559000.0,808802500.0,591221000.0,114338000.0,0.271,6.65,-12919000.0,43368000.0,43368000.0,0.0,-183235000.0,6.866,0.603,179248000.0,0.0,179248000.0,179248000.0,24045000.0,46410000.0,0.0,0.0,0.0,-172177000.0,-125767000.0,-0.574,-125767000.0,-172177000.0,-182305000.0,-2.77,-2.77,-2.77,440203000.0,559496750.0,440203000.0,1424729098.0,-8.0,-11.328,-59923000.0,-0.905,1.0,219263000.0,1.0,21139000.0,10128000.0,734192000.0,788333500.0,0.0,509807000.0,464535000.0,45272000.0,265356000.0,86108000.0,179248000.0,1290859098.0,-66787000.0,0.0,11268000.0,-5643000.0,0.0,5770000.0,-25557000.0,-12938000.0,-47004000.0,4000.0,-183235000.0,-183235000.0,-183235000.0,0.0,0.0,-0.836,420111000.0,-200848000.0,12348000.0,0.0,2.932,-7.045,-7.018,47927000.0,0.0,19.44,5.887,5.869,54038000.0,-268139000.0,219263000.0,219263000.0,213336000.0,-0.227,-0.327,-0.218,-0.785,1255000.0,70626000.0,1.0,66402217.0,66193000,66193000.0,3.312,684420000.0,0.0,930000.0,0.0,10.34,505113000.0
79,INCY,MRT,2001-09-30,2001-09-30,2001-09-30,2021-08-03,11382000.0,825640000.0,854117750.0,592915000.0,232725000.0,0.257,8.791,-21350000.0,45488000.0,45488000.0,0.0,-45400000.0,9.435,0.415,179358000.0,0.0,179358000.0,179358000.0,18888000.0,46196000.0,0.0,0.0,0.0,-34063000.0,12133000.0,0.055,12133000.0,-34063000.0,-44490000.0,-0.69,-0.69,-0.69,583437000.0,605119500.0,583437000.0,1021121009.0,-30.0,84.161,-67266000.0,-1.014,1.0,219907000.0,1.0,73970000.0,10427000.0,822695000.0,806091250.0,0.0,524147000.0,472058000.0,52089000.0,242203000.0,62845000.0,179358000.0,906047009.0,-282889000.0,-36866000.0,11975000.0,-17515000.0,0.0,-5540000.0,-230504000.0,-172588000.0,-45916000.0,-929000.0,-45400000.0,-45400000.0,-45400000.0,0.0,0.0,-0.206,293058000.0,-73151000.0,8212000.0,0.0,1.553,-19.957,-19.797,80194000.0,0.0,13.66,4.12,4.123,44117000.0,-122935000.0,219907000.0,219907000.0,215711000.0,-0.053,-0.075,-0.042,-0.155,1330000.0,71570000.0,1.0,66328478.0,66370000,66370000.0,3.313,751670000.0,0.0,910000.0,0.0,11.325,530070000.0
80,INCY,MRT,2001-06-30,2001-06-30,2001-06-30,2021-08-03,15441000.0,852068000.0,864188750.0,592470000.0,259598000.0,0.248,9.145,-35021000.0,64395000.0,64395000.0,0.0,-35171000.0,8.674,0.41,179469000.0,0.0,179469000.0,179469000.0,19737000.0,42413000.0,0.0,0.0,0.0,-23720000.0,18693000.0,0.087,18693000.0,-23720000.0,-34486000.0,-0.54,-0.54,-0.54,604292000.0,611631750.0,604292000.0,1678003271.0,-71.0,89.766,-82658000.0,-1.251,1.0,214570000.0,1.0,76961000.0,10766000.0,821874000.0,769085500.0,0.0,541431000.0,475006000.0,66425000.0,247776000.0,68307000.0,179469000.0,1613112271.0,-373718000.0,-36866000.0,18481000.0,-17584000.0,0.0,897000.0,-326935000.0,-255048000.0,-47637000.0,-43000.0,-35171000.0,-35171000.0,-35171000.0,0.0,0.0,-0.164,286461000.0,-71891000.0,8428000.0,0.0,2.669,-45.865,-45.407,92163000.0,0.0,24.52,7.518,7.551,31581000.0,-105107000.0,214570000.0,214570000.0,216929000.0,-0.041,-0.058,-0.031,-0.111,1095000.0,69532000.0,1.0,65787613.0,66076000,66076000.0,3.247,775107000.0,0.0,685000.0,0.0,11.731,524163000.0
81,INCY,MRT,2001-03-31,2001-03-31,2001-03-31,2021-08-03,17406000.0,851943000.0,870330500.0,609853000.0,242090000.0,0.235,9.279,-51900000.0,114689000.0,114689000.0,0.0,-31870000.0,9.788,0.397,179580000.0,0.0,179580000.0,179580000.0,23952000.0,38545000.0,0.0,0.0,0.0,-20168000.0,18377000.0,0.09,18377000.0,-20168000.0,-31410000.0,-0.49,-0.49,-0.49,610055000.0,611044000.0,610055000.0,859849265.0,-43.0,46.789,-82583000.0,-1.256,1.0,204534000.0,1.0,79953000.0,11242000.0,774573000.0,702877750.0,0.0,500235000.0,452651000.0,47584000.0,241888000.0,62308000.0,179580000.0,985059265.0,-306645000.0,-36866000.0,16295000.0,-17531000.0,0.0,-1236000.0,-274588000.0,-185822000.0,-30683000.0,-138000.0,-31870000.0,-31870000.0,-31870000.0,0.0,0.0,-0.156,273122000.0,-68588000.0,8317000.0,0.0,1.615,-30.909,-31.327,95836000.0,0.0,15.35,4.816,4.934,21600000.0,-95216000.0,204534000.0,204534000.0,207181000.0,-0.037,-0.052,-0.029,-0.099,787000.0,65941000.0,1.0,64173242.0,65745000,65745000.0,3.111,771990000.0,0.0,460000.0,0.0,11.742,547545000.0
82,INCY,MRT,2000-12-31,2000-12-31,2000-12-31,2021-08-03,20913000.0,886820000.0,876267750.0,647895000.0,238925000.0,0.222,9.851,-59510000.0,110155000.0,110155000.0,0.0,-29735000.0,8.49,0.424,187814000.0,0.0,187814000.0,187814000.0,22756000.0,34330000.0,0.0,0.0,0.0,-19001000.0,15329000.0,0.079,15329000.0,-19001000.0,-29530000.0,-0.47,-0.47,-0.47,622694000.0,609610250.0,622694000.0,1471420261.0,-77.0,95.989,-73454000.0,-1.162,1.0,194167000.0,1.0,82944000.0,10529000.0,805223000.0,653201000.0,0.0,512028000.0,472025000.0,40003000.0,264126000.0,76312000.0,187814000.0,1596630261.0,77935000.0,-36866000.0,434652000.0,184448000.0,0.0,619120000.0,-527093000.0,-430717000.0,-13944000.0,-148000.0,-29735000.0,-29735000.0,-29735000.0,0.0,0.0,-0.153,256757000.0,-62590000.0,17962000.0,0.0,2.564,-53.695,-52.936,98948000.0,0.0,24.88,8.223,8.1,35022000.0,-84904000.0,194167000.0,194167000.0,192556000.0,-0.034,-0.049,-0.029,-0.098,512000.0,64201000.0,1.0,64173242.0,63211000,63211000.0,3.072,803876000.0,0.0,205000.0,0.0,12.717,571583000.0
83,INCY,MRT,2000-09-30,2000-09-30,2000-09-30,2021-08-03,34580000.0,865924000.0,710046250.0,684574000.0,181350000.0,0.26,9.514,-56641000.0,328377000.0,328377000.0,0.0,-28770000.0,12.851,0.421,203167000.0,0.0,203167000.0,203167000.0,16255000.0,34182000.0,0.0,0.0,0.0,-21686000.0,12496000.0,0.068,12496000.0,-21686000.0,-29570000.0,-0.47,-0.47,-0.47,609486000.0,496507250.0,609486000.0,2396479963.0,-111.0,191.78,-79136000.0,-1.235,1.0,184775000.0,1.0,12771000.0,7884000.0,674672000.0,482866750.0,0.0,370845000.0,316255000.0,54590000.0,256438000.0,53271000.0,203167000.0,2631300963.0,286989000.0,0.0,443778000.0,196017000.0,0.0,633631000.0,-324856000.0,-268215000.0,-22495000.0,709000.0,-28770000.0,-28770000.0,-28770000.0,0.0,0.0,-0.156,237253000.0,-52478000.0,11848000.0,0.0,4.317,-91.46,-87.511,96285000.0,0.0,41.13,14.241,14.26,21015000.0,-77534000.0,184775000.0,184775000.0,181214000.0,-0.041,-0.058,-0.045,-0.117,0.0,56039000.0,1.0,63975224.0,64064000,64064000.0,2.884,853153000.0,0.0,-800000.0,0.0,13.317,631303000.0
84,INCY,MRT,2000-06-30,2000-06-30,2000-06-30,2021-08-03,26978000.0,876635000.0,545980000.0,711108000.0,165527000.0,0.308,9.435,-48278000.0,438113000.0,438113000.0,0.0,-32238000.0,9.959,0.456,203292000.0,0.0,203292000.0,203292000.0,31384000.0,31451000.0,0.0,0.0,0.0,-27968000.0,3483000.0,0.021,3483000.0,-27968000.0,-33038000.0,-0.55,-0.55,-0.55,601941000.0,385543750.0,601941000.0,2395884449.0,-86.0,687.88,-39515000.0,-0.619,1.0,168208000.0,1.0,13369000.0,5070000.0,557043000.0,341588750.0,0.0,288913000.0,242805000.0,46108000.0,274694000.0,71402000.0,203292000.0,2613795449.0,384829000.0,0.0,434560000.0,195835000.0,0.0,630424000.0,-231263000.0,-182985000.0,8763000.0,-86000.0,-32238000.0,-32238000.0,-32238000.0,0.0,0.0,-0.192,215388000.0,-47180000.0,13547000.0,0.0,4.342,-81.078,-74.718,87930000.0,0.0,41.095,15.539,15.587,14732000.0,-69936000.0,168208000.0,168208000.0,166208000.0,-0.059,-0.084,-0.082,-0.166,0.0,49180000.0,1.0,63603734.0,63798000,63798000.0,2.637,863266000.0,0.0,-800000.0,0.0,13.531,639706000.0
85,INCY,MRT,2000-03-31,2000-03-31,2000-03-31,2021-08-03,26275000.0,875692000.0,382863750.0,728940000.0,146752000.0,0.418,9.97,-38321000.0,421334000.0,421334000.0,0.0,-33035000.0,10.728,0.449,203423000.0,0.0,203423000.0,203423000.0,38092000.0,30191000.0,0.0,0.0,0.0,-31695000.0,-1504000.0,-0.009,-1504000.0,-31695000.0,-33835000.0,-0.58,-0.58,-0.58,604320000.0,277792000.0,604320000.0,2741957285.0,-87.0,-1823.11,-74310000.0,-1.226,1.0,160086000.0,1.0,13966000.0,2140000.0,575866000.0,227991500.0,0.0,312092000.0,270820000.0,41272000.0,271372000.0,67949000.0,203423000.0,2773983285.0,337788000.0,0.0,432508000.0,195466000.0,0.0,628007000.0,-254217000.0,-215896000.0,-35989000.0,-13000.0,-33035000.0,-33035000.0,-33035000.0,0.0,0.0,-0.206,200600000.0,-40514000.0,11903000.0,0.0,4.59,-83.971,-75.379,73562000.0,0.0,43.72,17.328,16.553,14368000.0,-63346000.0,160086000.0,160086000.0,156923000.0,-0.086,-0.119,-0.139,-0.198,0.0,43677000.0,1.0,63448840.0,60612000,60612000.0,2.641,861726000.0,0.0,-800000.0,0.0,14.217,660991000.0
86,INCY,MRT,1999-12-31,1999-12-31,1999-12-31,2021-08-03,3443000.0,221934000.0,226629500.0,109501000.0,112433000.0,0.693,3.026,-34758000.0,32220000.0,32220000.0,0.0,-26768000.0,2.128,0.303,194000.0,0.0,194000.0,194000.0,26459000.0,28106000.0,0.0,0.0,0.0,-27252000.0,854000.0,0.005,854000.0,-27252000.0,-27568000.0,-0.48,-0.48,-0.48,170282000.0,171105250.0,170282000.0,1666179140.0,-61.0,1951.029,-56204000.0,-0.999,1.0,156962000.0,1.0,14564000.0,316000.0,123886000.0,103716750.0,0.0,53992000.0,34717000.0,19275000.0,51652000.0,51458000.0,194000.0,1707328140.0,-17828000.0,0.0,13614000.0,-1160000.0,0.0,12467000.0,-8684000.0,26074000.0,-21446000.0,-165000.0,-26768000.0,-26768000.0,-26768000.0,0.0,0.0,-0.171,184068000.0,-27106000.0,6501000.0,0.0,10.026,-63.782,-62.5,67293000.0,0.0,30.0,10.877,10.756,26608000.0,-55169000.0,156962000.0,156962000.0,146833000.0,-0.118,-0.156,-0.263,-0.174,0.0,37235000.0,1.0,56910938.0,56276000,56276000.0,2.789,207370000.0,0.0,-800000.0,0.0,3.685,58043000.0
87,INCY,MRT,1999-09-30,1999-09-30,1999-09-30,2021-08-03,-81000.0,209659000.0,228718500.0,98915000.0,110744000.0,0.645,2.938,-36988000.0,41388000.0,41388000.0,0.0,-18878000.0,2.259,0.266,239000.0,0.0,239000.0,239000.0,21942000.0,26248000.0,0.0,0.0,0.0,-18196000.0,8052000.0,0.055,8052000.0,-18196000.0,-18637000.0,-0.34,-0.34,-0.34,165632000.0,173426500.0,165632000.0,595220237.0,-33.0,73.922,-47410000.0,-0.841,1.0,147585000.0,1.0,15162000.0,441000.0,109560000.0,101284250.0,0.0,59020000.0,40675000.0,18345000.0,44027000.0,43788000.0,239000.0,648122237.0,-3962000.0,0.0,1471000.0,-1418000.0,0.0,6266000.0,656000.0,37644000.0,-10422000.0,-462000.0,-18878000.0,-18878000.0,-18878000.0,0.0,0.0,-0.128,166958000.0,-19373000.0,6090000.0,0.0,3.913,-34.332,-34.015,66640000.0,0.0,11.565,4.392,4.418,8020000.0,-48764000.0,147585000.0,147585000.0,131851000.0,-0.083,-0.109,-0.18,-0.123,-348000.0,35107000.0,1.0,56041698.0,56380000,56380000.0,2.618,194497000.0,0.0,241000.0,0.0,3.45,55127000.0
88,INCY,MRT,1999-06-30,1999-06-30,1999-06-30,2021-08-03,-1302000.0,224170000.0,234543500.0,117363000.0,106807000.0,0.626,3.057,-35353000.0,53284000.0,53284000.0,0.0,-14598000.0,2.221,0.311,382000.0,0.0,382000.0,382000.0,35042000.0,23522000.0,0.0,0.0,0.0,-13305000.0,10217000.0,0.07,10217000.0,-13305000.0,-13674000.0,-0.265,-0.265,-0.265,170934000.0,175950750.0,170934000.0,655005428.0,-49.0,64.109,-41511000.0,-0.742,1.0,146862000.0,1.0,15760000.0,369000.0,102654000.0,102478250.0,0.0,69714000.0,52797000.0,16917000.0,53236000.0,52854000.0,382000.0,738002428.0,20340000.0,-3977000.0,3577000.0,-1252000.0,0.0,2345000.0,1745000.0,41075000.0,-6158000.0,-601000.0,-14598000.0,-14598000.0,-14598000.0,0.0,0.0,-0.099,163709000.0,-16847000.0,4597000.0,0.0,4.317,-50.555,-49.887,63966000.0,0.0,13.22,5.025,5.034,4594000.0,-37698000.0,146862000.0,146862000.0,119739000.0,-0.062,-0.083,-0.13,-0.091,-246000.0,32992000.0,1.0,55824692.0,55922000,55922000.0,2.626,208410000.0,0.0,924000.0,0.0,3.727,64509000.0
89,INCY,MRT,1999-03-31,1999-03-31,1999-03-31,2021-08-03,-562000.0,250755000.0,233298000.0,148985000.0,101770000.0,0.609,3.185,-30570000.0,83546000.0,83546000.0,0.0,-2004000.0,2.051,0.412,549000.0,0.0,549000.0,549000.0,53087000.0,20341000.0,0.0,0.0,0.0,56000.0,20397000.0,0.144,20397000.0,56000.0,-232000.0,-0.035,-0.045,-0.035,177573000.0,172686250.0,177573000.0,510447436.0,9115.0,25.026,5382000.0,0.097,1.0,142062000.0,1.0,16358000.0,288000.0,78767000.0,107274750.0,0.0,69226000.0,50184000.0,19042000.0,73182000.0,72633000.0,549000.0,559699436.0,40820000.0,-3977000.0,3383000.0,-993000.0,0.0,2406000.0,3016000.0,37563000.0,35952000.0,-554000.0,-2004000.0,-2004000.0,-2004000.0,0.0,0.0,-0.014,146932000.0,-4870000.0,6493000.0,0.0,3.152,-279.291,-286.571,58616000.0,0.0,10.03,3.94,3.937,9713000.0,-30311000.0,142062000.0,142062000.0,106737000.0,-0.009,-0.012,0.001,0.0,-176000.0,29217000.0,1.0,55802536.0,55758000,55758000.0,2.548,234397000.0,0.0,1772000.0,0.0,4.204,76352000.0
90,INCY,MRT,1998-12-31,1998-12-31,1998-12-31,2021-08-03,-10000.0,230290000.0,225383500.0,131364000.0,98926000.0,0.598,3.335,-30710000.0,50048000.0,50048000.0,0.0,3472000.0,2.631,0.282,796000.0,0.0,796000.0,796000.0,29054000.0,17827000.0,0.0,0.0,0.0,5974000.0,23801000.0,0.177,23801000.0,5974000.0,5824000.0,0.06,0.06,0.06,179567000.0,166130250.0,179567000.0,991829346.0,166.0,41.672,5523000.0,0.103,1.0,134811000.0,1.0,16955000.0,150000.0,114156000.0,113647250.0,0.0,81838000.0,61185000.0,20653000.0,50723000.0,49927000.0,796000.0,1037179346.0,-5550000.0,-3977000.0,4749000.0,-781000.0,0.0,3984000.0,-45363000.0,-10676000.0,36233000.0,-404000.0,3472000.0,3472000.0,3472000.0,0.0,0.0,0.026,134779000.0,32000.0,8244000.0,0.0,5.776,298.727,311.5,54429000.0,0.0,18.69,7.694,7.465,14318000.0,-28401000.0,134811000.0,134811000.0,97192000.0,0.015,0.021,0.053,0.044,0.0,25438000.0,1.0,55493812.0,53842000,57798000.0,2.504,213335000.0,0.0,2352000.0,0.0,3.962,81437000.0
91,INCY,MRT,1998-09-30,1998-09-30,1998-09-30,2021-08-03,750000.0,232959000.0,217583250.0,137553000.0,95406000.0,0.577,3.276,-31852000.0,45350000.0,45350000.0,0.0,5063000.0,2.469,0.326,0.0,0.0,0.0,0.0,34437000.0,15171000.0,0.0,0.0,0.0,7595000.0,22766000.0,0.181,22766000.0,7595000.0,7409000.0,0.1,0.08,0.1,175729000.0,157664000.0,175729000.0,529656310.0,70.0,23.265,11258000.0,0.21,1.0,125511000.0,1.0,17553000.0,186000.0,114336000.0,106720750.0,0.0,102166000.0,80861000.0,21305000.0,57230000.0,55720000.0,1510000.0,566600310.0,-10527000.0,-3977000.0,3704000.0,777000.0,0.0,4481000.0,-58118000.0,-22289000.0,43110000.0,0.0,5063000.0,5063000.0,5063000.0,0.0,0.0,0.04,124397000.0,1114000.0,5650000.0,0.0,3.224,111.91,106.25,50326000.0,0.0,10.625,4.514,4.541,4079000.0,-29886000.0,125511000.0,125511000.0,91006000.0,0.023,0.032,0.071,0.061,348000.0,21242000.0,1.0,53327088.0,53642000,53642000.0,2.34,215406000.0,0.0,2346000.0,0.0,4.016,81833000.0
92,INCY,MRT,1998-06-30,1998-06-30,1998-06-30,2021-08-03,7000.0,219188000.0,,147196000.0,71992000.0,,2.966,-33246000.0,36944000.0,36944000.0,0.0,13953000.0,2.437,0.388,0.0,0.0,0.0,0.0,43213000.0,13530000.0,0.0,0.0,0.0,15957000.0,29487000.0,0.259,29487000.0,15957000.0,15771000.0,0.265,0.245,0.265,157876000.0,,157876000.0,857212892.0,54.0,29.071,5800000.0,0.109,1.0,114045000.0,1.0,0.0,186000.0,121840000.0,,0.0,114820000.0,93766000.0,21054000.0,61312000.0,60404000.0,908000.0,905312892.0,15604000.0,0.0,92432000.0,872000.0,0.0,93304000.0,-116746000.0,-77500000.0,39046000.0,0.0,13953000.0,13953000.0,13953000.0,0.0,0.0,0.122,104086000.0,9959000.0,3527000.0,0.0,5.734,64.883,64.396,45653000.0,0.0,17.065,7.938,7.964,10970000.0,-23100000.0,114045000.0,114045000.0,84768000.0,,,,0.14,246000.0,18147000.0,1.0,53050858.0,53220000,57334000.0,2.143,219188000.0,0.0,1818000.0,0.0,4.119,86792000.0
93,INCY,MRT,1998-03-31,1998-03-31,1998-03-31,2021-08-03,-54000.0,219097000.0,,152190000.0,66907000.0,,2.859,-29840000.0,48726000.0,48726000.0,0.0,10017000.0,2.28,0.448,626000.0,0.0,626000.0,626000.0,44964000.0,11883000.0,0.0,0.0,0.0,11279000.0,23162000.0,0.226,23162000.0,11279000.0,11093000.0,0.19,0.18,0.19,151349000.0,,151349000.0,1181991222.0,105.0,51.031,11755000.0,0.222,1.0,102377000.0,1.0,0.0,186000.0,104257000.0,,0.0,108953000.0,89713000.0,19240000.0,67748000.0,66740000.0,1008000.0,1239160222.0,32474000.0,0.0,95474000.0,910000.0,0.0,96384000.0,-105505000.0,-69665000.0,41595000.0,0.0,10017000.0,10017000.0,10017000.0,0.0,0.0,0.098,95864000.0,6513000.0,6663000.0,0.0,8.187,123.706,123.026,43369000.0,0.0,23.375,12.104,12.087,8626000.0,-28307000.0,102377000.0,102377000.0,79018000.0,,,,0.11,176000.0,15675000.0,1.0,53012202.0,52940000,57832000.0,1.934,219097000.0,0.0,1076000.0,0.0,4.139,85450000.0
94,INCY,MRT,1997-12-31,1997-12-31,1997-12-31,2021-08-03,56000.0,199089000.0,132982500.0,142914000.0,56175000.0,0.677,2.998,-25529000.0,61598000.0,61598000.0,0.0,6908000.0,2.737,0.366,1173000.0,0.0,1173000.0,1173000.0,31815000.0,10633000.0,0.0,0.0,0.0,7642000.0,18275000.0,0.203,18275000.0,7642000.0,7456000.0,0.14,0.13,0.14,145702000.0,95474500.0,145702000.0,,,,-7542000.0,-0.155,1.0,89996000.0,1.0,0.0,186000.0,86450000.0,62285000.0,0.0,72297000.0,57497000.0,14800000.0,53387000.0,52214000.0,1173000.0,1081188090.0,45982000.0,0.0,93831000.0,954000.0,0.0,94785000.0,-66790000.0,-35261000.0,17987000.0,0.0,6908000.0,6908000.0,6908000.0,0.0,0.0,0.077,86380000.0,3616000.0,11791000.0,0.0,7.421,156.512,160.714,38070000.0,0.0,22.5,12.014,12.151,19983000.0,-30129000.0,89996000.0,89996000.0,72452000.0,0.052,0.072,0.123,0.085,0.0,13928000.0,1.0,48052804.0,48600000,52996000.0,1.852,199089000.0,0.0,548000.0,0.0,4.096,90700000.0
95,INCY,MRT,1997-09-30,1997-09-30,1997-09-30,2021-08-03,,,,,,,,,,,,,,,,,,,,,,0.0,0.0,,,,,,,,,,,,,,,,,,1.0,,,,,,,,,,,,,,1009108884.0,,,,,,,,,,,,,,,,,,,,,,,,,,21.0,,,,,,,,,,,,,,1.0,48052804.0,49932000,,,,,,,,
96,INCY,MRT,1997-06-30,1997-06-30,1997-06-30,2021-08-03,,,,,,,,,,,,,,,,,,,,,,0.0,0.0,,,,,,,,,,,,,,,,,,1.0,,,,,,,,,,,,,,,,,,,,,,,,,,,,,,,,,,,,,,,,16.75,,,,,,,,,,,,,,1.0,,46244000,,,,,,,,
97,INCY,MRT,1997-03-31,1997-03-31,1997-03-31,2021-08-03,,,,,,,,,,,,,,,,,,,,,,0.0,0.0,,,,,,,,,,,,,,,,,,1.0,,,,,,,,,,,,,,,,,,,,,,,,,,,,,,,,,,,,,,,,13.0,,,,,,,,,,,,,,1.0,,45990000,,,,,,,,
98,INCY,MRT,1996-12-31,1996-12-31,1996-12-31,2021-08-03,-73000.0,66876000.0,,43175000.0,23701000.0,,1.01,-20453000.0,7628000.0,7628000.0,0.0,-7276000.0,2.043,0.478,0.0,0.0,0.0,0.0,14878000.0,6529000.0,0.0,0.0,0.0,-7026000.0,-497000.0,-0.012,-497000.0,-7026000.0,-7276000.0,-0.16,-0.16,-0.16,45247000.0,,45247000.0,,,,-1926000.0,-0.043,1.0,41895000.0,1.0,0.0,250000.0,38120000.0,,0.0,30935000.0,30622000.0,313000.0,21629000.0,21128000.0,501000.0,,-968000.0,0.0,1582000.0,-121000.0,0.0,1461000.0,-20956000.0,-503000.0,18527000.0,0.0,-7276000.0,-7276000.0,-7276000.0,0.0,0.0,-0.174,51459000.0,-9564000.0,4670000.0,0.0,,,-80.469,22936000.0,0.0,12.875,,13.767,2126000.0,-36522000.0,41895000.0,41895000.0,41337000.0,,,,-0.168,0.0,6957000.0,1.0,,44796000,44796000.0,0.935,66876000.0,0.0,0.0,0.0,1.493,22047000.0
99,INCY,MRT,1995-12-31,1995-12-31,1995-12-31,2021-08-03,,,,,,,,-8042000.0,,,0.0,-9937000.0,,,,,,,,2750000.0,,0.0,0.0,-9741000.0,-6991000.0,-0.572,-6991000.0,-9741000.0,-9937000.0,-0.295,-0.295,-0.295,,,,,,,-16843000.0,-0.503,1.0,12212000.0,1.0,,196000.0,,,,,,,,,,,3598000.0,0.0,32759000.0,-3000.0,0.0,32756000.0,-20357000.0,-12315000.0,-8801000.0,0.0,-9937000.0,-9937000.0,-9937000.0,0.0,0.0,-0.814,23139000.0,-10927000.0,,0.0,,,-21.186,,0.0,6.25,,17.129,,,12212000.0,12212000.0,19212000.0,,,,-0.798,0.0,3927000.0,1.0,,33468000,33468000.0,0.365,,,0.0,,,
