None,ticker,dimension,calendardate,datekey,reportperiod,lastupdated,accoci,assets,assetsavg,assetsc,assetsnc,assetturnover,bvps,capex,cashneq,cashnequsd,cor,consolinc,currentratio,de,debt,debtc,debtnc,debtusd,deferredrev,depamor,deposits,divyield,dps,ebit,ebitda,ebitdamargin,ebitdausd,ebitusd,ebt,eps,epsdil,epsusd,equity,equityavg,equityusd,ev,evebit,evebitda,fcf,fcfps,fxusd,gp,grossmargin,intangibles,intexp,invcap,invcapavg,inventory,investments,investmentsc,investmentsnc,liabilities,liabilitiesc,liabilitiesnc,marketcap,ncf,ncfbus,ncfcommon,ncfdebt,ncfdiv,ncff,ncfi,ncfinv,ncfo,ncfx,netinc,netinccmn,netinccmnusd,netincdis,netincnci,netmargin,opex,opinc,payables,payoutratio,pb,pe,pe1,ppnenet,prefdivis,price,ps,ps1,receivables,retearn,revenue,revenueusd,rnd,roa,roe,roic,ros,sbcomp,sgna,sharefactor,sharesbas,shareswa,shareswadil,sps,tangibles,taxassets,taxexp,taxliabilities,tbvps,workingcapital
0,PXD,MRY,2020-12-31,2020-12-31,2020-12-31,2021-08-05,0.0,19229000000.0,18790750000.0,2595000000.0,16634000000.0,0.356,70.115,-1727000000.0,1501000000.0,1501000000.0,4557000000.0,-200000000.0,1.361,0.662,3510000000.0,240000000.0,3270000000.0,3510000000.0,0.0,1639000000.0,0.0,0.019,2.2,-132000000.0,1507000000.0,0.225,1507000000.0,-132000000.0,-261000000.0,-1.21,-1.21,-1.21,11569000000.0,11793500000.0,11569000000.0,20833307194.0,-158.0,13.824,356000000.0,2.158,1.0,2128000000.0,0.318,261000000.0,129000000.0,19071000000.0,18803000000.0,224000000.0,123000000.0,123000000.0,0.0,7660000000.0,1906000000.0,5754000000.0,18724307194.0,796000000.0,60000000.0,-167000000.0,1103000000.0,-346000000.0,381000000.0,-1668000000.0,-1000000.0,2083000000.0,0.0,-200000000.0,-200000000.0,-200000000.0,0.0,0.0,-0.03,2260000000.0,-132000000.0,1030000000.0,-1.818,1.618,-93.622,-94.124,16220000000.0,0.0,113.89,2.801,2.811,695000000.0,3478000000.0,6685000000.0,6685000000.0,47000000.0,-0.011,-0.017,-0.007,-0.02,72000000.0,244000000.0,1.0,164406947.0,165000000,165000000.0,40.515,18968000000.0,4000000.0,-61000000.0,1370000000.0,114.958,689000000.0
1,PXD,MRY,2019-12-31,2019-12-31,2019-12-31,2021-08-05,0.0,19088000000.0,18406750000.0,2191000000.0,16897000000.0,0.507,72.671,-3220000000.0,705000000.0,705000000.0,5645000000.0,773000000.0,0.878,0.573,2595000000.0,586000000.0,2009000000.0,2595000000.0,0.0,1711000000.0,0.0,0.008,1.2,1129000000.0,2840000000.0,0.305,2840000000.0,1129000000.0,1008000000.0,4.6,4.59,4.6,12136000000.0,12019250000.0,12136000000.0,27170914792.0,24.0,9.567,-105000000.0,-0.629,1.0,3680000000.0,0.395,261000000.0,121000000.0,18221000000.0,17648250000.0,205000000.0,187000000.0,187000000.0,0.0,6952000000.0,2496000000.0,4456000000.0,25073914792.0,-120000000.0,149000000.0,-647000000.0,0.0,-127000000.0,-788000000.0,-2447000000.0,624000000.0,3115000000.0,0.0,773000000.0,773000000.0,773000000.0,0.0,0.0,0.083,2551000000.0,1129000000.0,1411000000.0,0.261,2.066,32.437,32.907,16357000000.0,0.0,151.37,2.689,2.711,1035000000.0,4042000000.0,9325000000.0,9325000000.0,58000000.0,0.042,0.064,0.064,0.121,100000000.0,324000000.0,1.0,165646527.0,167000000,167000000.0,55.838,18827000000.0,7000000.0,235000000.0,1396000000.0,112.737,-305000000.0
2,PXD,MRY,2018-12-31,2018-12-31,2018-12-31,2021-08-05,0.0,17903000000.0,17674750000.0,2580000000.0,15323000000.0,0.533,70.825,-3783000000.0,825000000.0,825000000.0,5069000000.0,975000000.0,1.419,0.478,2284000000.0,0.0,2284000000.0,2284000000.0,0.0,1534000000.0,0.0,0.002,0.32,1380000000.0,2914000000.0,0.31,2914000000.0,1380000000.0,1254000000.0,5.71,5.7,5.71,12111000000.0,11721000000.0,12111000000.0,23786173945.0,17.0,8.163,-541000000.0,-3.164,1.0,4346000000.0,0.462,264000000.0,126000000.0,17280000000.0,16781500000.0,242000000.0,740000000.0,615000000.0,125000000.0,5792000000.0,1818000000.0,3974000000.0,22419173945.0,-71000000.0,469000000.0,-171000000.0,-450000000.0,-55000000.0,-703000000.0,-2610000000.0,704000000.0,3242000000.0,0.0,978000000.0,978000000.0,978000000.0,0.0,-3000000.0,0.104,2969000000.0,1377000000.0,1624000000.0,0.056,1.851,22.923,23.033,14839000000.0,0.0,131.52,2.381,2.389,814000000.0,3470000000.0,9415000000.0,9415000000.0,114000000.0,0.055,0.083,0.082,0.147,85000000.0,381000000.0,1.0,170462089.0,171000000,171000000.0,55.058,17639000000.0,7000000.0,276000000.0,1154000000.0,103.152,762000000.0
3,PXD,MRY,2017-12-31,2017-12-31,2017-12-31,2021-08-05,0.0,17003000000.0,16372000000.0,3007000000.0,13996000000.0,0.333,66.318,-2707000000.0,896000000.0,896000000.0,2613000000.0,833000000.0,1.413,0.508,2732000000.0,449000000.0,2283000000.0,2732000000.0,0.0,1400000000.0,0.0,0.0,0.08,462000000.0,1862000000.0,0.341,1862000000.0,462000000.0,309000000.0,4.86,4.85,4.86,11274000000.0,10700750000.0,11274000000.0,31508066055.0,68.0,16.922,-608000000.0,-3.576,1.0,2842000000.0,0.521,270000000.0,153000000.0,16441000000.0,16530000000.0,212000000.0,1279000000.0,1213000000.0,66000000.0,5724000000.0,2128000000.0,3596000000.0,29413066055.0,-222000000.0,352000000.0,-30000000.0,-485000000.0,-14000000.0,-529000000.0,-1792000000.0,563000000.0,2099000000.0,0.0,833000000.0,833000000.0,833000000.0,0.0,0.0,0.153,2380000000.0,462000000.0,1282000000.0,0.016,2.609,35.31,35.566,13528000000.0,0.0,172.85,5.392,5.387,645000000.0,2547000000.0,5455000000.0,5455000000.0,106000000.0,0.051,0.078,0.028,0.085,79000000.0,326000000.0,1.0,170165265.0,170000000,170000000.0,32.088,16733000000.0,7000000.0,-524000000.0,899000000.0,98.429,879000000.0
4,PXD,MRY,2016-12-31,2016-12-31,2016-12-31,2021-08-05,0.0,16459000000.0,16440750000.0,3298000000.0,13161000000.0,0.206,62.675,-2064000000.0,1118000000.0,1118000000.0,1872000000.0,-556000000.0,2.106,0.581,3213000000.0,485000000.0,2728000000.0,3213000000.0,0.0,1480000000.0,0.0,0.0,0.08,-752000000.0,728000000.0,0.215,728000000.0,-752000000.0,-959000000.0,-3.34,-3.34,-3.34,10404000000.0,10223750000.0,10404000000.0,32881602307.0,-44.0,45.167,-564000000.0,-3.398,1.0,1510000000.0,0.446,272000000.0,207000000.0,16716000000.0,16605000000.0,181000000.0,1861000000.0,1441000000.0,420000000.0,6048000000.0,1566000000.0,4482000000.0,30561602307.0,-273000000.0,79000000.0,2516000000.0,-455000000.0,-13000000.0,2048000000.0,-3821000000.0,-1836000000.0,1500000000.0,0.0,-556000000.0,-556000000.0,-556000000.0,0.0,0.0,-0.164,2262000000.0,-752000000.0,875000000.0,-0.024,2.937,-54.967,-53.913,12370000000.0,0.0,180.07,9.037,8.838,518000000.0,1728000000.0,3382000000.0,3382000000.0,119000000.0,-0.034,-0.054,-0.045,-0.222,89000000.0,325000000.0,1.0,169720677.0,166000000,166000000.0,20.373,16187000000.0,3000000.0,-403000000.0,1397000000.0,97.512,1732000000.0
5,PXD,MRY,2015-12-31,2015-12-31,2015-12-31,2021-08-05,0.0,15154000000.0,14617000000.0,3194000000.0,11960000000.0,0.312,56.161,-2393000000.0,1391000000.0,1391000000.0,1601000000.0,-273000000.0,2.185,0.81,3655000000.0,448000000.0,3207000000.0,3655000000.0,0.0,1385000000.0,0.0,0.001,0.08,-241000000.0,1144000000.0,0.251,1144000000.0,-241000000.0,-428000000.0,-1.83,-1.83,-1.83,8368000000.0,8533500000.0,8368000000.0,20823003484.0,-86.0,18.202,-1138000000.0,-7.638,1.0,2960000000.0,0.649,272000000.0,187000000.0,15684000000.0,15418000000.0,155000000.0,498000000.0,498000000.0,0.0,6779000000.0,1462000000.0,5317000000.0,18729003484.0,366000000.0,553000000.0,-25000000.0,998000000.0,-12000000.0,951000000.0,-1840000000.0,0.0,1255000000.0,0.0,-273000000.0,-273000000.0,-273000000.0,7000000.0,0.0,-0.06,3194000000.0,-234000000.0,883000000.0,-0.044,2.238,-68.604,-68.514,11545000000.0,0.0,125.38,4.106,4.096,385000000.0,2298000000.0,4561000000.0,4561000000.0,99000000.0,-0.019,-0.032,-0.016,-0.053,90000000.0,327000000.0,1.0,149377919.0,149000000,149000000.0,30.611,14882000000.0,43000000.0,-155000000.0,1778000000.0,99.879,1732000000.0
6,PXD,MRY,2014-12-31,2014-12-31,2014-12-31,2021-08-05,0.0,14909000000.0,13339000000.0,2359000000.0,12550000000.0,0.38,59.59,-3576000000.0,1025000000.0,1025000000.0,1616000000.0,930000000.0,1.662,0.737,2648000000.0,0.0,2648000000.0,2648000000.0,0.0,1047000000.0,0.0,0.001,0.08,1670000000.0,2717000000.0,0.536,2717000000.0,1670000000.0,1486000000.0,6.4,6.38,6.4,8581000000.0,7295500000.0,8581000000.0,23419563426.0,14.0,8.62,-1210000000.0,-8.403,1.0,3456000000.0,0.681,272000000.0,184000000.0,14841000000.0,13775250000.0,241000000.0,239000000.0,0.0,239000000.0,6320000000.0,1419000000.0,4901000000.0,21307563426.0,632000000.0,877000000.0,959000000.0,0.0,-12000000.0,965000000.0,-2699000000.0,0.0,2366000000.0,0.0,930000000.0,930000000.0,930000000.0,111000000.0,0.0,0.183,1675000000.0,1781000000.0,1320000000.0,0.013,2.483,22.911,23.258,11781000000.0,0.0,148.85,4.201,4.226,440000000.0,2583000000.0,5072000000.0,5072000000.0,177000000.0,0.07,0.127,0.121,0.329,84000000.0,333000000.0,1.0,143147890.0,144000000,144000000.0,35.222,14637000000.0,23000000.0,556000000.0,1965000000.0,101.646,940000000.0
7,PXD,MRY,2013-12-31,2013-12-31,2013-12-31,2021-08-05,0.0,12294000000.0,13690707000.0,1730000000.0,10564000000.0,0.267,48.544,-2876000000.0,393000000.0,393000000.0,1116000000.0,-799000000.0,1.384,0.86,2653000000.0,0.0,2653000000.0,2653000000.0,0.0,889000000.0,0.0,0.0,0.08,-867000000.0,22000000.0,0.006,22000000.0,-867000000.0,-1051000000.0,-6.16,-6.16,-6.16,6602000000.0,7184282000.0,6602000000.0,27631653514.0,-32.0,1255.984,-730000000.0,-5.368,1.0,2542000000.0,0.695,274000000.0,184000000.0,13030000000.0,14566096000.0,220000000.0,225000000.0,0.0,225000000.0,5679000000.0,1250000000.0,4429000000.0,25524561514.0,164000000.0,736000000.0,1271000000.0,-1080000000.0,-11000000.0,158000000.0,-2140000000.0,0.0,2146000000.0,0.0,-838000000.0,-838000000.0,-838000000.0,438000000.0,39000000.0,-0.229,2932000000.0,-390000000.0,1060000000.0,-0.013,3.866,-30.459,-29.881,9850000000.0,0.0,184.07,6.978,6.843,434000000.0,1665000000.0,3658000000.0,3658000000.0,97000000.0,-0.061,-0.117,-0.06,-0.237,71000000.0,296000000.0,1.0,138667689.0,136000000,136000000.0,26.897,12020000000.0,5000000.0,-213000000.0,1492000000.0,88.382,480000000.0
8,PXD,MRY,2012-12-31,2012-12-31,2012-12-31,2021-08-05,0.0,13069030000.0,12619581000.0,1050355000.0,12018675000.0,0.238,46.255,-3055000000.0,229396000.0,229396000.0,821000000.0,243000000.0,1.015,1.266,3721193000.0,0.0,3721193000.0,3721193000.0,0.0,689000000.0,0.0,0.001,0.08,684000000.0,1373000000.0,0.456,1373000000.0,684000000.0,480000000.0,1.54,1.5,1.54,5689354000.0,5640351000.0,5689354000.0,16363534363.0,24.0,11.918,-1218000000.0,-9.902,1.0,2188000000.0,0.727,298142000.0,204000000.0,15227895000.0,14254026000.0,197056000.0,204129000.0,0.0,204129000.0,7201722000.0,1034790000.0,6166932000.0,13135350363.0,-308000000.0,-201000000.0,-56000000.0,1165000000.0,-10000000.0,1111000000.0,-3256000000.0,0.0,1837000000.0,0.0,192000000.0,192000000.0,192000000.0,301000000.0,51000000.0,0.064,1152000000.0,1036000000.0,826877000.0,0.052,2.309,68.413,69.214,11296044000.0,0.0,106.59,4.365,4.357,320153000.0,2514640000.0,3009000000.0,3009000000.0,97000000.0,0.015,0.034,0.048,0.227,63000000.0,244000000.0,1.0,123232483.0,123000000,126000000.0,24.463,12770888000.0,7447000.0,288000000.0,2227105000.0,103.828,15565000.0
9,PXD,MRY,2011-12-31,2011-12-31,2011-12-31,2021-08-05,-3130000.0,11447156000.0,10702818250.0,1402292000.0,10044864000.0,0.235,46.951,-2290211000.0,537484000.0,537484000.0,550335000.0,881914000.0,1.311,1.056,2528905000.0,0.0,2528905000.0,2528905000.0,42069000.0,489579000.0,0.0,0.001,0.08,1204371000.0,1693950000.0,0.674,1693950000.0,1204371000.0,1022767000.0,7.01,6.88,7.01,5488794000.0,4934401500.0,5488794000.0,12835342934.0,11.0,7.577,-760497000.0,-6.505,1.0,1962912000.0,0.781,298142000.0,181604000.0,12070924000.0,11737585750.0,241609000.0,169532000.0,0.0,169532000.0,5796018000.0,1069511000.0,4726507000.0,10458536934.0,426324000.0,729424000.0,570477000.0,-98267000.0,-9556000.0,457397000.0,-1560787000.0,0.0,1529714000.0,0.0,834489000.0,834489000.0,834489000.0,-474124000.0,47425000.0,0.332,1185240000.0,777672000.0,716211000.0,0.011,1.905,12.533,12.765,9173942000.0,0.0,89.48,4.161,4.162,443821000.0,2335066000.0,2513247000.0,2513247000.0,80691000.0,0.078,0.169,0.103,0.479,41442000.0,189985000.0,1.0,116881280.0,116904000,119215000.0,21.498,11149014000.0,3000.0,188278000.0,2009947000.0,95.369,332781000.0
10,PXD,MRY,2010-12-31,2010-12-31,2010-12-31,2021-08-05,7361000.0,9679102000.0,9265299750.0,1197183000.0,8481919000.0,0.257,35.812,-1195772000.0,111160000.0,111160000.0,476905000.0,645995000.0,1.556,1.323,2601670000.0,0.0,2601670000.0,2601670000.0,87020000.0,499856000.0,0.0,0.001,0.08,1057919000.0,1557775000.0,0.654,1557775000.0,1057919000.0,874835000.0,5.14,5.08,5.14,4120583000.0,3967580500.0,4120583000.0,12540722216.0,12.0,8.05,89251000.0,0.776,1.0,1904790000.0,0.8,298182000.0,183084000.0,11102210000.0,10820341750.0,173615000.0,72045000.0,0.0,72045000.0,5453077000.0,769220000.0,4683857000.0,10079471216.0,83792000.0,240916000.0,-6664000.0,-182910000.0,-9488000.0,-246375000.0,-954856000.0,0.0,1285023000.0,0.0,605208000.0,605208000.0,605208000.0,-134050000.0,40787000.0,0.254,940134000.0,964656000.0,419150000.0,0.016,2.446,16.655,16.891,7847328000.0,0.0,86.82,4.232,4.194,358656000.0,1510427000.0,2381695000.0,2381695000.0,189597000.0,0.065,0.153,0.098,0.444,39854000.0,164332000.0,1.0,116096190.0,115062000,116330000.0,20.699,9380920000.0,187551000.0,269627000.0,1771622000.0,81.529,427963000.0
11,PXD,MRY,2009-12-31,2009-12-31,2009-12-31,2021-08-05,51009000.0,8867265000.0,8868205000.0,616118000.0,8251147000.0,0.146,30.971,-462585000.0,27368000.0,27368000.0,444256000.0,-42267000.0,1.079,1.477,2761011000.0,0.0,2761011000.0,2761011000.0,177236000.0,564149000.0,0.0,0.002,0.08,38052000.0,602201000.0,0.467,602201000.0,38052000.0,-135301000.0,-0.46,-0.46,-0.46,3536188000.0,3491037500.0,3536188000.0,8366694558.0,220.0,13.894,80474000.0,0.705,1.0,846125000.0,0.656,309259000.0,173353000.0,10720458000.0,10890436750.0,139177000.0,0.0,0.0,0.0,5224234000.0,571191000.0,4653043000.0,5555011558.0,-20969000.0,51600000.0,47568000.0,-159375000.0,-9370000.0,-153043000.0,-410985000.0,0.0,543059000.0,0.0,-52106000.0,-52106000.0,-52106000.0,-99716000.0,9839000.0,-0.04,897950000.0,-51825000.0,253583000.0,-0.174,1.571,-106.61,-104.717,7721686000.0,0.0,48.17,4.305,4.262,516154000.0,917688000.0,1290381000.0,1290381000.0,79095000.0,-0.006,-0.015,0.003,0.029,37638000.0,130863000.0,1.0,115320979.0,114176000,114176000.0,11.302,8558006000.0,52266000.0,-83195000.0,1488438000.0,74.955,44927000.0
12,PXD,MRY,2008-12-31,2008-12-31,2008-12-31,2021-08-05,88788000.0,9161785000.0,9034817500.0,486911000.0,8674874000.0,0.226,30.452,-1444330000.0,48337000.0,48337000.0,567292000.0,231655000.0,0.701,1.533,2899241000.0,0.0,2899241000.0,2899241000.0,325141000.0,474608000.0,0.0,0.019,0.3,490706000.0,965314000.0,0.472,965314000.0,490706000.0,323936000.0,1.76,1.76,1.76,3576896000.0,3316215500.0,3576896000.0,4660775433.0,9.0,4.828,-410467000.0,-3.494,1.0,1478688000.0,0.723,310563000.0,166770000.0,11007129000.0,10504461750.0,76901000.0,0.0,0.0,0.0,5482172000.0,694997000.0,4787175000.0,1904221433.0,36166000.0,292920000.0,-7691000.0,217966000.0,-35917000.0,153713000.0,-1151410000.0,0.0,1033863000.0,0.0,210020000.0,210020000.0,210020000.0,-44774000.0,21635000.0,0.103,1011121000.0,467567000.0,356972000.0,0.17,0.532,9.067,9.193,8021268000.0,0.0,16.18,0.931,0.929,492400000.0,988786000.0,2045980000.0,2045980000.0,191943000.0,0.023,0.063,0.047,0.24,34077000.0,132637000.0,1.0,117689829.0,117462000,117947000.0,17.418,8851222000.0,67636000.0,113916000.0,1506323000.0,75.354,-208086000.0
13,PXD,MRY,2007-12-31,2007-12-31,2007-12-31,2021-08-05,-228257000.0,8616981000.0,8252186250.0,765055000.0,7851926000.0,0.216,25.323,-2203866000.0,12171000.0,12171000.0,409881000.0,372376000.0,0.77,1.832,2755491000.0,0.0,2755491000.0,2755491000.0,483280000.0,373344000.0,0.0,0.006,0.27,613921000.0,987265000.0,0.553,987265000.0,613921000.0,478651000.0,3.05,3.04,3.05,3042722000.0,3045112500.0,3042722000.0,8427072929.0,14.0,8.536,-1430576000.0,-11.906,1.0,1375137000.0,0.77,310870000.0,135270000.0,10055262000.0,9335602500.0,97619000.0,0.0,0.0,0.0,5574259000.0,994169000.0,4580090000.0,5835660929.0,3642000.0,420874000.0,-207533000.0,1252138000.0,-32804000.0,1013344000.0,-1782992000.0,0.0,773290000.0,1496000.0,372728000.0,372728000.0,372728000.0,-143233000.0,-352000.0,0.209,841357000.0,533780000.0,378416000.0,0.089,1.918,15.657,16.013,7375631000.0,0.0,48.84,3.269,3.288,618276000.0,822089000.0,1785018000.0,1785018000.0,278657000.0,0.045,0.122,0.066,0.344,35309000.0,129735000.0,1.0,119485277.0,120158000,120614000.0,14.856,8306111000.0,158382000.0,105923000.0,1242519000.0,69.127,-229114000.0
14,PXD,MRY,2006-12-31,2006-12-31,2006-12-31,2021-08-05,-114817000.0,7355399000.0,7132590250.0,536558000.0,6818841000.0,0.21,24.0,-1499314000.0,7033000.0,7033000.0,349066000.0,739731000.0,0.605,1.464,1497162000.0,0.0,1497162000.0,1497162000.0,664511000.0,314081000.0,0.0,0.006,0.25,987802000.0,1301883000.0,0.87,1301883000.0,987802000.0,880752000.0,5.95,5.81,5.95,2984671000.0,2956185750.0,2984671000.0,5961154873.0,6.0,4.579,-744486000.0,-5.987,1.0,1146913000.0,0.767,309908000.0,107050000.0,7648641000.0,7038397250.0,95131000.0,0.0,0.0,0.0,4370728000.0,886979000.0,3483749000.0,4866670873.0,-13200000.0,1644829000.0,-331564000.0,-554064000.0,-31726000.0,-913543000.0,145515000.0,0.0,754828000.0,1431000.0,739731000.0,739731000.0,739731000.0,-589514000.0,0.0,0.494,718888000.0,428025000.0,349820000.0,0.042,1.631,6.579,6.671,6414484000.0,0.0,39.69,3.253,3.299,289142000.0,497488000.0,1495979000.0,1495979000.0,250196000.0,0.104,0.25,0.14,0.66,32065000.0,116595000.0,1.0,122617054.0,124359000,127608000.0,12.03,7045491000.0,107965000.0,141021000.0,1185372000.0,56.654,-350421000.0
15,PXD,MRY,2005-12-31,2005-12-31,2005-12-31,2021-08-05,-447633000.0,7329234000.0,7088440250.0,623804000.0,6705430000.0,0.201,16.17,-1162882000.0,18802000.0,18802000.0,309714000.0,534568000.0,0.604,2.306,2058412000.0,0.0,2058412000.0,2058412000.0,854838000.0,267757000.0,0.0,0.004,0.22,809786000.0,1077543000.0,0.756,1077543000.0,809786000.0,683799000.0,3.9,3.8,3.9,2217102000.0,2373481250.0,2217102000.0,8464576010.0,10.0,7.855,114272000.0,0.833,1.0,1115692000.0,0.783,311651000.0,125987000.0,8023838000.0,7553349750.0,79659000.0,0.0,0.0,0.0,5112132000.0,1033355000.0,4078777000.0,6589788010.0,8254000.0,1247616000.0,-907682000.0,-413702000.0,-30339000.0,-1353634000.0,84734000.0,0.0,1277154000.0,3291000.0,534568000.0,534568000.0,534568000.0,-350263000.0,0.0,0.375,616356000.0,499336000.0,345204000.0,0.056,2.972,12.327,13.146,6325198000.0,0.0,51.27,4.623,4.932,413463000.0,-184320000.0,1425406000.0,1425406000.0,153779000.0,0.075,0.225,0.107,0.568,26857000.0,110104000.0,1.0,128531071.0,137110000,141417000.0,10.396,7017583000.0,160076000.0,149231000.0,789799000.0,51.182,-409551000.0
16,PXD,MRY,2004-12-31,2004-12-31,2004-12-31,2021-08-05,-190465000.0,6733487000.0,5300613750.0,393425000.0,6340062000.0,0.191,22.626,-599877000.0,7257000.0,7257000.0,224903000.0,312854000.0,0.723,1.378,2385950000.0,0.0,2385950000.0,2385950000.0,0.0,231598000.0,0.0,0.006,0.2,477950000.0,709548000.0,0.699,709548000.0,477950000.0,375933000.0,2.5,2.46,2.5,2831780000.0,2253857000.0,2831780000.0,7579714572.0,16.0,10.682,451682000.0,3.609,1.0,789901000.0,0.778,320900000.0,102017000.0,8246821000.0,6527188250.0,40332000.0,0.0,0.0,0.0,3901707000.0,544459000.0,3357248000.0,5117761572.0,-12716000.0,-878656000.0,-57188000.0,499176000.0,-26557000.0,414258000.0,-1478533000.0,0.0,1051559000.0,674000.0,312854000.0,312854000.0,312854000.0,-178422000.0,0.0,0.308,490373000.0,299528000.0,216051000.0,0.08,1.807,16.358,14.04,5959763000.0,0.0,35.1,5.043,4.329,276035000.0,-634146000.0,1014804000.0,1014804000.0,113371000.0,0.059,0.139,0.073,0.471,12503000.0,73192000.0,1.0,145805173.0,125156000,127488000.0,8.108,6412587000.0,118169000.0,63079000.0,625955000.0,51.237,-151034000.0
17,PXD,MRY,2003-12-31,2003-12-31,2003-12-31,2021-08-05,-72662000.0,3951572000.0,3804069250.0,205115000.0,3746457000.0,0.321,15.017,-672428000.0,19299000.0,19299000.0,228183000.0,410592000.0,0.477,1.246,1555461000.0,0.0,1555461000.0,1555461000.0,0.0,374295000.0,0.0,0.0,0.0,434612000.0,808907000.0,0.662,808907000.0,434612000.0,343224000.0,3.5,3.46,3.5,1759772000.0,1575404500.0,1759772000.0,5377325040.0,12.0,6.648,65681000.0,0.56,1.0,993986000.0,0.813,0.0,91388000.0,5057982000.0,5088073750.0,17509000.0,0.0,0.0,0.0,2191800000.0,429752000.0,1762048000.0,3768612040.0,9659000.0,35698000.0,30671000.0,-105537000.0,0.0,-91720000.0,-636730000.0,0.0,738109000.0,1150000.0,410592000.0,410592000.0,410592000.0,-17382000.0,0.0,0.336,592169000.0,401817000.0,186418000.0,0.0,2.142,9.178,9.123,3515327000.0,0.0,31.93,3.084,3.062,154864000.0,-887848000.0,1222169000.0,1222169000.0,131192000.0,0.108,0.261,0.085,0.356,5429000.0,60322000.0,1.0,118027311.0,117185000,118513000.0,10.429,3951572000.0,232858000.0,-67368000.0,18049000.0,33.721,-224637000.0
18,PXD,MRY,2002-12-31,2002-12-31,2002-12-31,2021-08-05,4085000.0,3455116000.0,3321663000.0,147093000.0,3308023000.0,0.214,12.217,-626981000.0,8490000.0,8490000.0,192145000.0,26713000.0,0.536,1.513,1668536000.0,0.0,1668536000.0,1668536000.0,0.0,216375000.0,0.0,0.0,0.0,127591000.0,343966000.0,0.484,343966000.0,127591000.0,31776000.0,0.24,0.23,0.24,1374897000.0,1345925500.0,1374897000.0,4580615505.0,36.0,13.317,-294736000.0,-2.619,1.0,517864000.0,0.729,0.0,95815000.0,4840570000.0,4667650750.0,10648000.0,0.0,0.0,0.0,2080219000.0,274592000.0,1805627000.0,2955361505.0,-5013000.0,0.0,250389000.0,48022000.0,0.0,170873000.0,-508131000.0,0.0,332245000.0,-831000.0,26713000.0,26713000.0,26713000.0,0.0,0.0,0.038,390273000.0,127591000.0,124774000.0,0.0,2.15,110.634,105.208,3191213000.0,0.0,25.25,4.162,4.002,145389000.0,-1298440000.0,710009000.0,710009000.0,85894000.0,0.008,0.02,0.027,0.18,1884000.0,48402000.0,1.0,117044020.0,112542000,114288000.0,6.309,3455116000.0,90740000.0,5063000.0,8760000.0,30.701,-127499000.0
19,PXD,MRY,2001-12-31,2001-12-31,2001-12-31,2021-08-05,193388000.0,3271053000.0,3108775500.0,255643000.0,3015410000.0,0.282,13.046,-547313000.0,14334000.0,14334000.0,209664000.0,99996000.0,1.12,1.545,1577304000.0,0.0,1577304000.0,1577304000.0,0.0,222632000.0,0.0,0.0,0.0,235970000.0,458602000.0,0.523,458602000.0,235970000.0,104012000.0,1.01,1.0,1.01,1285389000.0,1087373250.0,1285389000.0,3424525576.0,15.0,7.467,-71713000.0,-0.728,1.0,666817000.0,0.761,0.0,131958000.0,4605814000.0,4396201500.0,14549000.0,0.0,0.0,0.0,1985664000.0,228209000.0,1757455000.0,1890710576.0,-11181000.0,11119000.0,-13028000.0,-5079000.0,0.0,-64040000.0,-422741000.0,0.0,475600000.0,-644000.0,99996000.0,99996000.0,99996000.0,0.0,0.0,0.114,430847000.0,235970000.0,99165000.0,0.0,1.471,18.908,19.069,2805818000.0,0.0,19.26,2.157,2.165,82211000.0,-1323343000.0,876481000.0,876481000.0,127906000.0,0.032,0.092,0.054,0.269,0.0,36968000.0,1.0,98167735.0,98529000,99714000.0,8.896,3271053000.0,90719000.0,4016000.0,13768000.0,33.199,27434000.0
20,PXD,MRY,2000-12-31,2000-12-31,2000-12-31,2021-08-05,11669000.0,2954435000.0,2939779250.0,191391000.0,2763044000.0,0.31,9.106,-297237000.0,26159000.0,26159000.0,189265000.0,152181000.0,0.884,2.265,1578776000.0,0.0,1578776000.0,1578776000.0,0.0,214938000.0,0.0,0.0,0.0,308133000.0,523071000.0,0.573,523071000.0,308133000.0,146181000.0,1.53,1.53,1.53,904905000.0,839398000.0,904905000.0,3564657434.0,12.0,6.815,132859000.0,1.337,1.0,723432000.0,0.793,0.0,161952000.0,4290538000.0,4353451750.0,14842000.0,0.0,0.0,0.0,2049530000.0,216514000.0,1833016000.0,1999179434.0,-8473000.0,0.0,-27298000.0,-177328000.0,0.0,-244068000.0,-194501000.0,0.0,430096000.0,-156000.0,152181000.0,152181000.0,152181000.0,0.0,0.0,0.167,402981000.0,320451000.0,102275000.0,0.0,2.209,13.137,12.869,2540579000.0,0.0,19.69,2.19,2.144,125654000.0,-1422703000.0,912697000.0,912697000.0,87550000.0,0.052,0.181,0.071,0.338,0.0,33262000.0,1.0,101532729.0,99378000,99763000.0,9.184,2954435000.0,89200000.0,-6000000.0,28500000.0,29.729,-25123000.0
21,PXD,MRY,1999-12-31,1999-12-31,1999-12-31,2021-08-05,10425000.0,2929473000.0,3081704000.0,183136000.0,2746337000.0,0.23,7.722,-191536000.0,34788000.0,34788000.0,159530000.0,-22460000.0,0.931,2.782,1745936000.0,828000.0,1745108000.0,1745936000.0,0.0,236047000.0,0.0,0.0,0.0,147284000.0,383331000.0,0.54,383331000.0,147284000.0,-23060000.0,-0.22,-0.22,-0.22,774614000.0,760692500.0,774614000.0,2578461468.0,18.0,6.726,63698000.0,0.635,1.0,550605000.0,0.775,0.0,170344000.0,4443808000.0,4648173500.0,13721000.0,0.0,0.0,0.0,2154859000.0,196813000.0,1958046000.0,896537468.0,-24840000.0,0.0,0.0,-438426000.0,0.0,-479069000.0,198995000.0,0.0,255234000.0,407000.0,-22460000.0,-22460000.0,-22460000.0,0.0,0.0,-0.032,403321000.0,147284000.0,86868000.0,0.0,1.157,-39.917,-40.627,2545968000.0,0.0,8.938,1.262,1.262,118575000.0,-1574884000.0,710135000.0,710135000.0,65974000.0,-0.007,-0.03,0.032,0.207,0.0,40241000.0,1.0,100306273.0,100307000,100307000.0,7.08,2929473000.0,89200000.0,-600000.0,43500000.0,29.205,-13677000.0
22,PXD,MRY,1998-12-31,1998-12-31,1998-12-31,2021-08-05,2903000.0,3481314000.0,3869442500.0,201988000.0,3279326000.0,0.186,7.886,-538883000.0,59221000.0,59221000.0,223551000.0,-746426000.0,0.383,3.412,2175265000.0,306521000.0,1868744000.0,2175265000.0,0.0,337308000.0,0.0,0.011,0.1,-566541000.0,-229233000.0,-0.318,-229233000.0,-566541000.0,-730826000.0,-7.46,-7.46,-7.46,789077000.0,1297247750.0,789077000.0,2947572564.0,-5.0,-12.858,-224807000.0,-2.247,1.0,497948000.0,0.69,0.0,164285000.0,5070526000.0,5648572250.0,15221000.0,0.0,0.0,0.0,2692237000.0,526832000.0,2165405000.0,876906564.0,-11998000.0,0.0,-10367000.0,235656000.0,-10076000.0,190933000.0,-517007000.0,0.0,314076000.0,-494000.0,-746426000.0,-746426000.0,-746426000.0,0.0,0.0,-1.035,1064489000.0,-566541000.0,99429000.0,-0.013,1.111,-1.175,-1.173,3089118000.0,0.0,8.75,1.215,1.213,110520000.0,-1552442000.0,721499000.0,721499000.0,121858000.0,-0.193,-0.575,-0.1,-0.785,0.0,73000000.0,1.0,100217893.0,100055000,100055000.0,7.211,3481314000.0,103900000.0,15600000.0,64200000.0,34.794,-324844000.0
23,PXD,MRY,1997-12-31,1997-12-31,1997-12-31,2021-08-05,0.0,4152990000.0,2676427500.0,308188000.0,3844802000.0,0.204,29.801,-441423000.0,71713000.0,71713000.0,144170000.0,-890671000.0,1.178,1.681,1949509000.0,5791000.0,1943718000.0,1949509000.0,0.0,212435000.0,0.0,0.002,0.05,-1313421000.0,-1100986000.0,-2.016,-1100986000.0,-1313421000.0,-1390971000.0,-17.14,-17.14,-17.14,1548845000.0,1039570500.0,1548845000.0,,,,-213214000.0,-4.102,1.0,401859000.0,0.736,0.0,77550000.0,5769234000.0,3591979000.0,13576000.0,0.0,0.0,0.0,2604145000.0,261552000.0,2342593000.0,2926091880.0,53002000.0,-15490000.0,-2953000.0,172940000.0,-5476000.0,165971000.0,-341178000.0,0.0,228209000.0,0.0,-890671000.0,-890671000.0,-890671000.0,0.0,0.0,-1.631,1701872000.0,-1300013000.0,186691000.0,-0.003,1.889,-3.285,-1.692,3559859000.0,0.0,29.0,5.359,2.76,191932000.0,-795940000.0,546029000.0,546029000.0,77160000.0,-0.333,-0.857,-0.366,-2.405,0.0,48763000.0,1.0,100899720.0,51973000,51973000.0,10.506,4152990000.0,223300000.0,-500300000.0,218600000.0,79.907,46636000.0
24,PXD,MRY,1996-12-31,1996-12-31,1996-12-31,2021-08-05,0.0,1199865000.0,,117039000.0,1082826000.0,,14.948,-227822000.0,20460000.0,20460000.0,122862000.0,140248000.0,1.287,1.263,326289000.0,5381000.0,320908000.0,326289000.0,0.0,112134000.0,0.0,,0.0,246503000.0,358637000.0,0.67,358637000.0,246503000.0,200348000.0,3.95,3.47,3.95,530296000.0,,530296000.0,,,,2284000.0,0.064,1.0,412481000.0,0.77,0.0,46155000.0,1414724000.0,,3644000.0,0.0,0.0,0.0,669569000.0,90970000.0,578599000.0,,-1519000.0,183181000.0,-17767000.0,-221375000.0,-3550000.0,-245354000.0,13729000.0,0.0,230106000.0,290000.0,140248000.0,140248000.0,140248000.0,0.0,0.0,0.262,165978000.0,246503000.0,64241000.0,0.0,,,,1068199000.0,0.0,,,,82968000.0,100207000.0,535343000.0,535343000.0,23030000.0,,,,0.46,0.0,28363000.0,1.0,,35475000,35475000.0,15.091,1199865000.0,7400000.0,60100000.0,62543000.0,33.823,26069000.0
25,PXD,MRY,1995-12-31,1995-12-31,1995-12-31,2021-08-05,,,,,,,,-227685000.0,,,232434000.0,-99769000.0,,,,,,,,159058000.0,,,0.0,-80220000.0,78838000.0,0.153,78838000.0,-80220000.0,-145669000.0,-2.84,-2.84,-2.84,,,,,,,-71129000.0,-2.027,1.0,281312000.0,0.548,,65449000.0,,,,,,,,,,,-3968000.0,0.0,1646000.0,-100223000.0,-3501000.0,-107924000.0,-52600000.0,0.0,156556000.0,-299000.0,-99769000.0,-99769000.0,-99769000.0,0.0,0.0,-0.194,365870000.0,-84558000.0,,0.0,,,,,0.0,,,,,,513746000.0,513746000.0,27552000.0,,,,-0.156,0.0,37409000.0,1.0,,35090000,35090000.0,14.641,,,-45900000.0,,,
0,PXD,MRQ,2021-06-30,2021-06-30,2021-06-30,2021-08-05,0.0,36784000000.0,,2359000000.0,34425000000.0,,96.744,-760000000.0,142000000.0,142000000.0,2096000000.0,380000000.0,0.552,0.625,7287000000.0,123000000.0,7164000000.0,7287000000.0,0.0,647000000.0,0.0,0.014,0.56,541000000.0,1188000000.0,0.347,1188000000.0,541000000.0,500000000.0,1.62,1.54,1.62,22638000000.0,,22638000000.0,45483144211.0,95.0,19.039,706000000.0,3.017,1.0,1323000000.0,0.387,261000000.0,41000000.0,39395000000.0,,350000000.0,152000000.0,152000000.0,0.0,14146000000.0,4273000000.0,9873000000.0,39647144211.0,-582000000.0,-943000000.0,-1000000.0,-221000000.0,-122000000.0,-354000000.0,-1694000000.0,0.0,1466000000.0,0.0,380000000.0,380000000.0,380000000.0,0.0,0.0,0.111,782000000.0,541000000.0,2451000000.0,0.346,1.751,152.489,164.162,34006000000.0,0.0,162.52,4.203,4.032,1670000000.0,3550000000.0,3419000000.0,3419000000.0,10000000.0,,,,,17000000.0,75000000.0,1.0,243952401.0,234000000,247000000.0,14.611,36523000000.0,1000000.0,120000000.0,1559000000.0,156.081,-1914000000.0
1,PXD,MRQ,2021-03-31,2021-03-31,2021-03-31,2021-08-05,0.0,30351000000.0,,2552000000.0,27799000000.0,,86.41,-488000000.0,724000000.0,724000000.0,1620000000.0,-70000000.0,0.787,0.673,6560000000.0,125000000.0,6435000000.0,6560000000.0,0.0,474000000.0,0.0,0.014,0.56,-42000000.0,432000000.0,0.177,432000000.0,-42000000.0,-81000000.0,-0.33,-0.33,-0.33,18146000000.0,,18146000000.0,36406280070.0,-62.0,33.339,-111000000.0,-0.529,1.0,824000000.0,0.337,261000000.0,39000000.0,32683000000.0,,327000000.0,177000000.0,177000000.0,0.0,12205000000.0,3243000000.0,8962000000.0,34397280070.0,-777000000.0,117000000.0,-7000000.0,-540000000.0,-91000000.0,-806000000.0,-348000000.0,0.0,377000000.0,0.0,-70000000.0,-70000000.0,-70000000.0,0.0,0.0,-0.029,866000000.0,-42000000.0,1793000000.0,-1.697,1.896,-60.452,-47.268,27381000000.0,0.0,158.82,5.019,4.867,1273000000.0,3308000000.0,2444000000.0,2444000000.0,19000000.0,,,,,52000000.0,68000000.0,1.0,216580280.0,210000000,210000000.0,11.638,30090000000.0,1000000.0,-11000000.0,1446000000.0,143.286,-691000000.0
2,PXD,MRQ,2020-12-31,2020-12-31,2020-12-31,2021-08-05,0.0,19229000000.0,,2595000000.0,16634000000.0,,70.115,-328000000.0,1501000000.0,1501000000.0,1271000000.0,-30000000.0,1.361,0.662,3510000000.0,240000000.0,3270000000.0,3510000000.0,0.0,396000000.0,0.0,0.019,0.55,-38000000.0,358000000.0,0.204,358000000.0,-38000000.0,-73000000.0,-0.18,-0.18,-0.18,11569000000.0,,11569000000.0,20833307194.0,-158.0,13.824,209000000.0,1.267,1.0,484000000.0,0.276,261000000.0,35000000.0,19071000000.0,,224000000.0,123000000.0,123000000.0,0.0,7660000000.0,1906000000.0,5754000000.0,18724307194.0,110000000.0,60000000.0,1000000.0,0.0,-91000000.0,-101000000.0,-326000000.0,0.0,537000000.0,0.0,-30000000.0,-30000000.0,-30000000.0,0.0,0.0,-0.017,522000000.0,-38000000.0,1030000000.0,-3.056,1.618,-93.622,-94.124,16220000000.0,0.0,113.89,2.801,2.811,695000000.0,3478000000.0,1755000000.0,1755000000.0,12000000.0,,,,,18000000.0,64000000.0,1.0,164406947.0,165000000,165000000.0,10.636,18968000000.0,4000000.0,-43000000.0,1370000000.0,114.958,689000000.0
3,PXD,MRQ,2020-09-30,2020-09-30,2020-09-30,2021-08-05,0.0,18977000000.0,,2420000000.0,16557000000.0,,70.63,-287000000.0,1391000000.0,1391000000.0,1224000000.0,-20000000.0,1.434,0.628,3500000000.0,239000000.0,3261000000.0,3500000000.0,0.0,393000000.0,0.0,0.024,0.55,18000000.0,411000000.0,0.226,411000000.0,18000000.0,-16000000.0,-0.12,-0.12,-0.12,11654000000.0,,11654000000.0,16304107858.0,42.0,7.865,105000000.0,0.636,1.0,591000000.0,0.326,261000000.0,34000000.0,19137000000.0,,191000000.0,67000000.0,67000000.0,0.0,7323000000.0,1688000000.0,5635000000.0,14126107858.0,1142000000.0,0.0,4000000.0,1091000000.0,-91000000.0,986000000.0,-236000000.0,0.0,392000000.0,0.0,-20000000.0,-20000000.0,-20000000.0,0.0,0.0,-0.011,573000000.0,18000000.0,1008000000.0,-4.583,1.212,77.192,81.123,16152000000.0,0.0,85.99,1.864,1.872,662000000.0,3582000000.0,1815000000.0,1815000000.0,16000000.0,,,,,21000000.0,64000000.0,1.0,164276170.0,165000000,165000000.0,11.0,18716000000.0,22000000.0,4000000.0,1408000000.0,113.43,732000000.0
4,PXD,MRQ,2020-06-30,2020-06-30,2020-06-30,2021-08-05,0.0,17906000000.0,,1195000000.0,16711000000.0,,71.152,-431000000.0,249000000.0,249000000.0,786000000.0,-449000000.0,0.754,0.525,2427000000.0,249000000.0,2178000000.0,2427000000.0,0.0,416000000.0,0.0,0.02,0.55,-525000000.0,-109000000.0,-0.13,-109000000.0,-525000000.0,-558000000.0,-2.73,-2.73,-2.73,11740000000.0,,11740000000.0,18162136106.0,26.0,7.468,-102000000.0,-0.618,1.0,53000000.0,0.063,261000000.0,33000000.0,18239000000.0,,170000000.0,85000000.0,85000000.0,0.0,6166000000.0,1584000000.0,4582000000.0,16107136106.0,-609000000.0,0.0,-50000000.0,-338000000.0,-91000000.0,-513000000.0,-425000000.0,0.0,329000000.0,0.0,-449000000.0,-449000000.0,-449000000.0,0.0,0.0,-0.535,578000000.0,-525000000.0,852000000.0,-0.201,1.372,37.113,38.164,16283000000.0,0.0,97.7,1.991,1.993,566000000.0,3693000000.0,839000000.0,839000000.0,10000000.0,,,,,17000000.0,60000000.0,1.0,164863215.0,165000000,165000000.0,5.085,17645000000.0,21000000.0,-109000000.0,1407000000.0,106.939,-389000000.0
5,PXD,MRQ,2020-03-31,2020-03-31,2020-03-31,2021-08-05,0.0,19051000000.0,,2069000000.0,16982000000.0,,73.56,-682000000.0,858000000.0,858000000.0,1279000000.0,291000000.0,0.995,0.56,2913000000.0,627000000.0,2286000000.0,2913000000.0,0.0,434000000.0,0.0,0.02,0.55,395000000.0,829000000.0,0.367,829000000.0,395000000.0,368000000.0,1.75,1.75,1.75,12211000000.0,,12211000000.0,13514891186.0,13.0,4.886,143000000.0,0.861,1.0,981000000.0,0.434,261000000.0,27000000.0,18765000000.0,,188000000.0,42000000.0,42000000.0,0.0,6840000000.0,2080000000.0,4760000000.0,11624891186.0,153000000.0,0.0,-122000000.0,350000000.0,-73000000.0,9000000.0,-681000000.0,0.0,825000000.0,0.0,291000000.0,291000000.0,291000000.0,0.0,0.0,0.129,586000000.0,395000000.0,1073000000.0,0.314,0.952,16.281,16.39,16504000000.0,0.0,70.15,1.267,1.27,555000000.0,4223000000.0,2260000000.0,2260000000.0,9000000.0,,,,,16000000.0,56000000.0,1.0,165714771.0,166000000,166000000.0,13.614,18790000000.0,9000000.0,77000000.0,1468000000.0,113.193,-11000000.0
6,PXD,MRQ,2019-12-31,2019-12-31,2019-12-31,2021-08-05,0.0,19088000000.0,,2191000000.0,16897000000.0,,74.0,-656000000.0,705000000.0,705000000.0,1571000000.0,361000000.0,0.878,0.573,2595000000.0,586000000.0,2009000000.0,2595000000.0,0.0,440000000.0,0.0,0.008,0.44,502000000.0,942000000.0,0.354,942000000.0,502000000.0,469000000.0,2.16,2.15,2.16,12136000000.0,,12136000000.0,27170914792.0,24.0,9.567,172000000.0,1.049,1.0,1093000000.0,0.41,261000000.0,33000000.0,18221000000.0,,205000000.0,187000000.0,187000000.0,0.0,6952000000.0,2496000000.0,4456000000.0,25073914792.0,192000000.0,149000000.0,-26000000.0,0.0,-73000000.0,-103000000.0,-533000000.0,56000000.0,828000000.0,0.0,361000000.0,361000000.0,361000000.0,0.0,0.0,0.136,591000000.0,502000000.0,1411000000.0,0.204,2.066,32.437,32.907,16357000000.0,0.0,151.37,2.689,2.711,1035000000.0,4042000000.0,2664000000.0,2664000000.0,12000000.0,,,,,19000000.0,78000000.0,1.0,165646527.0,164000000,164000000.0,16.244,18827000000.0,7000000.0,108000000.0,1396000000.0,114.799,-305000000.0
7,PXD,MRQ,2019-09-30,2019-09-30,2019-09-30,2021-08-05,0.0,18078000000.0,,1923000000.0,16155000000.0,,70.994,-919000000.0,513000000.0,513000000.0,1438000000.0,231000000.0,0.782,0.525,2610000000.0,589000000.0,2021000000.0,2610000000.0,0.0,438000000.0,0.0,0.006,0.44,332000000.0,770000000.0,0.331,770000000.0,332000000.0,303000000.0,1.38,1.38,1.38,11856000000.0,,11856000000.0,22925654094.0,21.0,8.361,-25000000.0,-0.15,1.0,887000000.0,0.382,261000000.0,29000000.0,17454000000.0,,246000000.0,151000000.0,151000000.0,0.0,6222000000.0,2460000000.0,3762000000.0,21021654094.0,-205000000.0,0.0,-197000000.0,0.0,0.0,-205000000.0,-894000000.0,0.0,894000000.0,0.0,231000000.0,231000000.0,231000000.0,0.0,0.0,0.099,555000000.0,332000000.0,1417000000.0,0.319,1.773,28.601,29.113,15647000000.0,0.0,125.77,2.252,2.25,853000000.0,3755000000.0,2325000000.0,2325000000.0,11000000.0,,,,,19000000.0,72000000.0,1.0,167143628.0,167000000,167000000.0,13.922,17817000000.0,6000000.0,72000000.0,1279000000.0,106.689,-537000000.0
8,PXD,MRQ,2019-06-30,2019-06-30,2019-06-30,2021-08-05,0.0,18106000000.0,,2175000000.0,15931000000.0,,70.69,-832000000.0,718000000.0,718000000.0,1390000000.0,-169000000.0,0.861,0.525,2622000000.0,590000000.0,2032000000.0,2622000000.0,0.0,412000000.0,0.0,0.003,0.0,-187000000.0,225000000.0,0.117,225000000.0,-187000000.0,-216000000.0,-1.01,-1.01,-1.01,11876000000.0,,11876000000.0,28049676021.0,22.0,9.586,-43000000.0,-0.256,1.0,533000000.0,0.277,262000000.0,29000000.0,17223000000.0,,249000000.0,344000000.0,344000000.0,0.0,6230000000.0,2525000000.0,3705000000.0,25913676021.0,207000000.0,-6000000.0,-202000000.0,0.0,-54000000.0,-257000000.0,-325000000.0,456000000.0,789000000.0,0.0,-169000000.0,-169000000.0,-169000000.0,0.0,0.0,-0.088,720000000.0,-187000000.0,1572000000.0,0.0,2.182,28.321,28.813,15369000000.0,0.0,153.86,2.731,2.725,789000000.0,3597000000.0,1923000000.0,1923000000.0,15000000.0,,,,,38000000.0,80000000.0,1.0,168423736.0,168000000,168000000.0,11.446,17844000000.0,6000000.0,-47000000.0,1208000000.0,106.214,-350000000.0
9,PXD,MRQ,2019-03-31,2019-03-31,2019-03-31,2021-08-05,0.0,18355000000.0,,2505000000.0,15850000000.0,,72.243,-813000000.0,511000000.0,511000000.0,1246000000.0,350000000.0,0.989,0.503,2647000000.0,594000000.0,2053000000.0,2647000000.0,0.0,421000000.0,0.0,0.003,0.32,482000000.0,903000000.0,0.374,903000000.0,482000000.0,453000000.0,2.06,2.06,2.06,12209000000.0,,12209000000.0,27098310962.0,17.0,8.479,-209000000.0,-1.237,1.0,1167000000.0,0.484,264000000.0,29000000.0,17695000000.0,,253000000.0,803000000.0,792000000.0,11000000.0,6146000000.0,2532000000.0,3614000000.0,25639310962.0,-314000000.0,6000000.0,-222000000.0,0.0,0.0,-223000000.0,-695000000.0,112000000.0,604000000.0,0.0,350000000.0,350000000.0,350000000.0,0.0,0.0,0.145,685000000.0,482000000.0,1717000000.0,0.155,2.1,22.295,22.627,15473000000.0,0.0,152.28,2.65,2.66,877000000.0,3766000000.0,2413000000.0,2413000000.0,20000000.0,,,,,24000000.0,94000000.0,1.0,168369523.0,169000000,169000000.0,14.278,18091000000.0,6000000.0,103000000.0,1257000000.0,107.047,-27000000.0
10,PXD,MRQ,2018-12-31,2018-12-31,2018-12-31,2021-08-05,0.0,17903000000.0,,2580000000.0,15323000000.0,,70.825,-1101000000.0,825000000.0,825000000.0,1165000000.0,323000000.0,1.419,0.478,2284000000.0,0.0,2284000000.0,2284000000.0,0.0,404000000.0,0.0,0.002,0.0,440000000.0,844000000.0,0.316,844000000.0,440000000.0,411000000.0,1.89,1.88,1.89,12111000000.0,,12111000000.0,23786173945.0,17.0,8.163,-187000000.0,-1.094,1.0,1510000000.0,0.564,264000000.0,29000000.0,17280000000.0,,242000000.0,740000000.0,615000000.0,125000000.0,5792000000.0,1818000000.0,3974000000.0,22419173945.0,-94000000.0,86000000.0,-128000000.0,0.0,-28000000.0,-175000000.0,-833000000.0,182000000.0,914000000.0,0.0,323000000.0,323000000.0,323000000.0,0.0,0.0,0.121,1070000000.0,440000000.0,1624000000.0,0.0,1.851,22.923,23.033,14839000000.0,0.0,131.52,2.381,2.389,814000000.0,3470000000.0,2675000000.0,2675000000.0,31000000.0,,,,,22000000.0,99000000.0,1.0,170462089.0,171000000,171000000.0,15.643,17639000000.0,7000000.0,88000000.0,1154000000.0,103.152,762000000.0
11,PXD,MRQ,2018-09-30,2018-09-30,2018-09-30,2021-08-05,0.0,18024000000.0,,2660000000.0,15364000000.0,,69.556,-978000000.0,919000000.0,919000000.0,1222000000.0,411000000.0,1.196,0.515,2286000000.0,0.0,2286000000.0,2286000000.0,0.0,395000000.0,0.0,0.002,0.16,559000000.0,954000000.0,0.385,954000000.0,559000000.0,529000000.0,2.4,2.39,2.4,11894000000.0,,11894000000.0,31175189209.0,30.0,12.303,-104000000.0,-0.608,1.0,1254000000.0,0.506,267000000.0,30000000.0,16899000000.0,,269000000.0,750000000.0,557000000.0,193000000.0,6130000000.0,2225000000.0,3905000000.0,29682189209.0,127000000.0,272000000.0,7000000.0,0.0,0.0,6000000.0,-753000000.0,-47000000.0,874000000.0,0.0,411000000.0,411000000.0,411000000.0,0.0,0.0,0.166,695000000.0,559000000.0,1555000000.0,0.067,2.496,22.487,22.622,14795000000.0,0.0,174.19,3.592,3.605,876000000.0,3147000000.0,2476000000.0,2476000000.0,20000000.0,,,,,22000000.0,96000000.0,1.0,170401224.0,171000000,171000000.0,14.48,17757000000.0,7000000.0,118000000.0,1066000000.0,103.842,435000000.0
12,PXD,MRQ,2018-06-30,2018-06-30,2018-06-30,2021-08-05,0.0,17449000000.0,,2459000000.0,14990000000.0,,67.541,-835000000.0,792000000.0,792000000.0,1339000000.0,63000000.0,1.087,0.52,2285000000.0,0.0,2285000000.0,2285000000.0,0.0,378000000.0,0.0,0.001,0.0,117000000.0,495000000.0,0.234,495000000.0,117000000.0,85000000.0,0.38,0.38,0.38,11482000000.0,,11482000000.0,33983694991.0,71.0,17.535,64000000.0,0.376,1.0,772000000.0,0.366,269000000.0,32000000.0,16411000000.0,,236000000.0,704000000.0,391000000.0,313000000.0,5965000000.0,2262000000.0,3703000000.0,32251694991.0,-209000000.0,107000000.0,-5000000.0,-450000000.0,-27000000.0,-489000000.0,-619000000.0,109000000.0,899000000.0,0.0,66000000.0,66000000.0,66000000.0,0.0,-3000000.0,0.031,658000000.0,114000000.0,1523000000.0,0.0,2.809,36.401,36.603,14295000000.0,0.0,189.24,4.638,4.626,853000000.0,2764000000.0,2111000000.0,2111000000.0,28000000.0,,,,,24000000.0,95000000.0,1.0,170427473.0,170000000,171000000.0,12.418,17180000000.0,7000000.0,19000000.0,947000000.0,101.059,197000000.0
13,PXD,MRQ,2018-03-31,2018-03-31,2018-03-31,2021-08-05,0.0,17323000000.0,,2824000000.0,14499000000.0,,67.041,-869000000.0,1001000000.0,1001000000.0,1343000000.0,178000000.0,1.255,0.52,2733000000.0,449000000.0,2284000000.0,2733000000.0,0.0,357000000.0,0.0,0.001,0.16,264000000.0,621000000.0,0.289,621000000.0,264000000.0,228000000.0,1.04,1.04,1.04,11397000000.0,,11397000000.0,31090275718.0,41.0,14.308,-314000000.0,-1.847,1.0,807000000.0,0.375,269000000.0,36000000.0,16536000000.0,,218000000.0,815000000.0,722000000.0,93000000.0,5921000000.0,2250000000.0,3671000000.0,29254275718.0,105000000.0,4000000.0,-45000000.0,0.0,0.0,-45000000.0,-405000000.0,460000000.0,555000000.0,0.0,178000000.0,178000000.0,178000000.0,0.0,0.0,0.083,543000000.0,264000000.0,1270000000.0,0.154,2.567,27.782,27.932,14029000000.0,0.0,171.78,4.64,4.632,826000000.0,2698000000.0,2150000000.0,2150000000.0,35000000.0,,,,,17000000.0,90000000.0,1.0,170300825.0,170000000,171000000.0,12.647,17054000000.0,7000000.0,50000000.0,929000000.0,100.318,574000000.0
14,PXD,MRQ,2017-12-31,2017-12-31,2017-12-31,2021-08-05,0.0,17003000000.0,,3007000000.0,13996000000.0,,66.318,-752000000.0,896000000.0,896000000.0,880000000.0,665000000.0,1.413,0.508,2732000000.0,449000000.0,2283000000.0,2732000000.0,0.0,367000000.0,0.0,0.0,0.0,97000000.0,464000000.0,0.304,464000000.0,97000000.0,62000000.0,3.88,3.87,3.88,11274000000.0,,11274000000.0,31508066055.0,68.0,16.922,46000000.0,0.271,1.0,646000000.0,0.423,270000000.0,35000000.0,16441000000.0,,212000000.0,1279000000.0,1213000000.0,66000000.0,5724000000.0,2128000000.0,3596000000.0,29413066055.0,260000000.0,352000000.0,-1000000.0,0.0,-7000000.0,-8000000.0,-530000000.0,217000000.0,798000000.0,0.0,665000000.0,665000000.0,665000000.0,0.0,0.0,0.436,549000000.0,97000000.0,1282000000.0,0.0,2.609,35.31,35.566,13528000000.0,0.0,172.85,5.392,5.387,645000000.0,2547000000.0,1526000000.0,1526000000.0,28000000.0,,,,,18000000.0,81000000.0,1.0,170165265.0,170000000,170000000.0,8.976,16733000000.0,7000000.0,-603000000.0,899000000.0,98.429,879000000.0
15,PXD,MRQ,2017-09-30,2017-09-30,2017-09-30,2021-08-05,0.0,16465000000.0,,2901000000.0,13564000000.0,,62.3,-705000000.0,636000000.0,636000000.0,647000000.0,-23000000.0,1.692,0.554,2731000000.0,449000000.0,2282000000.0,2731000000.0,0.0,355000000.0,0.0,0.001,0.04,3000000.0,358000000.0,0.307,358000000.0,3000000.0,-34000000.0,-0.13,-0.13,-0.13,10591000000.0,,10591000000.0,27166194740.0,83.0,15.822,-251000000.0,-1.476,1.0,520000000.0,0.446,270000000.0,37000000.0,16575000000.0,,187000000.0,1508000000.0,1357000000.0,151000000.0,5868000000.0,1715000000.0,4153000000.0,25096194740.0,-24000000.0,0.0,7000000.0,0.0,0.0,7000000.0,-485000000.0,218000000.0,454000000.0,0.0,-23000000.0,-23000000.0,-23000000.0,0.0,0.0,-0.02,517000000.0,3000000.0,1105000000.0,-0.308,2.37,200.77,199.378,13030000000.0,0.0,147.54,5.392,5.389,649000000.0,1882000000.0,1167000000.0,1167000000.0,18000000.0,,,,,18000000.0,81000000.0,1.0,170097565.0,170000000,170000000.0,6.865,16195000000.0,1000000.0,-11000000.0,1475000000.0,95.265,1186000000.0
16,PXD,MRQ,2017-06-30,2017-06-30,2017-06-30,2021-08-05,0.0,16271000000.0,,3064000000.0,13207000000.0,,62.335,-731000000.0,660000000.0,660000000.0,561000000.0,233000000.0,1.967,0.535,2730000000.0,449000000.0,2281000000.0,2730000000.0,0.0,341000000.0,0.0,0.001,0.0,389000000.0,730000000.0,0.499,730000000.0,389000000.0,354000000.0,1.36,1.36,1.36,10597000000.0,,10597000000.0,29209626372.0,92.0,16.797,-248000000.0,-1.459,1.0,901000000.0,0.616,270000000.0,35000000.0,16513000000.0,,192000000.0,1726000000.0,1539000000.0,187000000.0,5669000000.0,1558000000.0,4111000000.0,27143626372.0,-3000000.0,0.0,0.0,0.0,-7000000.0,-7000000.0,-479000000.0,-15000000.0,483000000.0,0.0,233000000.0,233000000.0,233000000.0,0.0,0.0,0.159,512000000.0,389000000.0,944000000.0,0.0,2.561,159.668,159.58,12618000000.0,0.0,159.58,5.809,5.805,491000000.0,1912000000.0,1462000000.0,1462000000.0,26000000.0,,,,,21000000.0,81000000.0,1.0,170094162.0,170000000,170000000.0,8.6,16001000000.0,1000000.0,121000000.0,1487000000.0,94.124,1506000000.0
17,PXD,MRQ,2017-03-31,2017-03-31,2017-03-31,2021-08-05,0.0,15749000000.0,,2940000000.0,12809000000.0,,60.829,-519000000.0,663000000.0,663000000.0,523000000.0,-42000000.0,3.088,0.522,2729000000.0,0.0,2729000000.0,2729000000.0,0.0,337000000.0,0.0,0.0,0.04,-27000000.0,310000000.0,0.238,310000000.0,-27000000.0,-73000000.0,-0.25,-0.25,-0.25,10341000000.0,,10341000000.0,33716288419.0,-79.0,32.482,-155000000.0,-0.912,1.0,777000000.0,0.598,272000000.0,46000000.0,16591000000.0,,200000000.0,1714000000.0,1546000000.0,168000000.0,5401000000.0,952000000.0,4449000000.0,31621288419.0,-455000000.0,0.0,-36000000.0,-485000000.0,0.0,-521000000.0,-298000000.0,143000000.0,364000000.0,0.0,-42000000.0,-42000000.0,-42000000.0,0.0,0.0,-0.032,804000000.0,-27000000.0,802000000.0,-0.16,3.058,-95.533,-93.583,12259000000.0,0.0,186.23,7.911,7.921,427000000.0,1679000000.0,1300000000.0,1300000000.0,33000000.0,,,,,22000000.0,84000000.0,1.0,169796963.0,170000000,170000000.0,7.647,15477000000.0,3000000.0,-31000000.0,1366000000.0,91.041,1988000000.0
18,PXD,MRQ,2016-12-31,2016-12-31,2016-12-31,2021-08-05,0.0,16459000000.0,,3298000000.0,13161000000.0,,61.562,-521000000.0,1118000000.0,1118000000.0,224000000.0,-43000000.0,2.106,0.581,3213000000.0,485000000.0,2728000000.0,3213000000.0,0.0,357000000.0,0.0,0.0,0.0,-38000000.0,319000000.0,0.44,319000000.0,-38000000.0,-84000000.0,-0.24,-0.24,-0.24,10404000000.0,,10404000000.0,32881602307.0,-44.0,45.167,20000000.0,0.118,1.0,501000000.0,0.691,272000000.0,46000000.0,16716000000.0,,181000000.0,1861000000.0,1441000000.0,420000000.0,6048000000.0,1566000000.0,4482000000.0,30561602307.0,227000000.0,5000000.0,-1000000.0,0.0,-6000000.0,-7000000.0,-307000000.0,209000000.0,541000000.0,0.0,-43000000.0,-43000000.0,-43000000.0,0.0,0.0,-0.059,539000000.0,-38000000.0,875000000.0,0.0,2.937,-54.967,-53.913,12370000000.0,0.0,180.07,9.037,8.838,518000000.0,1728000000.0,725000000.0,725000000.0,23000000.0,,,,,23000000.0,90000000.0,1.0,169720677.0,169000000,169000000.0,4.29,16187000000.0,3000000.0,-41000000.0,1397000000.0,95.781,1732000000.0
19,PXD,MRQ,2016-09-30,2016-09-30,2016-09-30,2021-08-05,0.0,16325000000.0,,3454000000.0,12871000000.0,,61.318,-446000000.0,891000000.0,891000000.0,631000000.0,22000000.0,2.508,0.565,3211000000.0,485000000.0,2726000000.0,3211000000.0,0.0,386000000.0,0.0,0.0,0.04,-6000000.0,380000000.0,0.32,380000000.0,-6000000.0,-56000000.0,0.13,0.13,0.13,10424000000.0,,10424000000.0,33326702365.0,-20.0,-250.577,-6000000.0,-0.035,1.0,555000000.0,0.468,272000000.0,50000000.0,16996000000.0,,159000000.0,2052000000.0,1733000000.0,319000000.0,5894000000.0,1377000000.0,4517000000.0,31487702365.0,-934000000.0,72000000.0,6000000.0,-455000000.0,0.0,-449000000.0,-925000000.0,-551000000.0,440000000.0,0.0,22000000.0,22000000.0,22000000.0,0.0,0.0,0.019,561000000.0,-6000000.0,783000000.0,0.308,3.021,-27.718,-25.432,12183000000.0,0.0,185.65,9.079,9.1,447000000.0,1772000000.0,1186000000.0,1186000000.0,19000000.0,,,,,22000000.0,82000000.0,1.0,169607877.0,170000000,170000000.0,6.976,16053000000.0,26000000.0,-78000000.0,1437000000.0,94.429,2077000000.0
20,PXD,MRQ,2016-06-30,2016-06-30,2016-06-30,2021-08-05,0.0,16808000000.0,,4699000000.0,12109000000.0,,63.287,-547000000.0,1825000000.0,1825000000.0,587000000.0,-268000000.0,2.566,0.619,3664000000.0,939000000.0,2725000000.0,3664000000.0,0.0,384000000.0,0.0,0.001,0.0,-355000000.0,29000000.0,0.037,29000000.0,-355000000.0,-411000000.0,-1.63,-1.63,-1.63,10379000000.0,,10379000000.0,26779395905.0,-46.0,29.821,-138000000.0,-0.841,1.0,199000000.0,0.253,272000000.0,56000000.0,16544000000.0,,165000000.0,1997000000.0,1974000000.0,23000000.0,6422000000.0,1831000000.0,4591000000.0,24731395905.0,213000000.0,1000000.0,937000000.0,0.0,-7000000.0,930000000.0,-1126000000.0,-580000000.0,409000000.0,0.0,-268000000.0,-268000000.0,-268000000.0,0.0,0.0,-0.341,554000000.0,-355000000.0,741000000.0,0.0,2.383,-48.304,-48.003,11717000000.0,0.0,151.21,5.473,5.488,434000000.0,1756000000.0,786000000.0,786000000.0,18000000.0,,,,,23000000.0,80000000.0,1.0,163556616.0,164000000,164000000.0,4.793,16536000000.0,4000000.0,-143000000.0,1494000000.0,100.829,2868000000.0
21,PXD,MRQ,2016-03-31,2016-03-31,2016-03-31,2021-08-05,0.0,16171000000.0,,4081000000.0,12090000000.0,,59.802,-550000000.0,1612000000.0,1612000000.0,428000000.0,-267000000.0,2.289,0.668,3660000000.0,936000000.0,2724000000.0,3660000000.0,0.0,353000000.0,0.0,0.001,0.04,-353000000.0,0.0,0.0,0.0,-353000000.0,-408000000.0,-1.65,-1.65,-1.65,9688000000.0,,9688000000.0,25242128617.0,-48.0,27.954,-440000000.0,-2.716,1.0,257000000.0,0.375,272000000.0,55000000.0,16164000000.0,,153000000.0,1414000000.0,1393000000.0,21000000.0,6476000000.0,1783000000.0,4693000000.0,22978128617.0,221000000.0,1000000.0,1574000000.0,0.0,0.0,1574000000.0,-1463000000.0,-914000000.0,110000000.0,0.0,-267000000.0,-267000000.0,-267000000.0,0.0,0.0,-0.39,610000000.0,-353000000.0,728000000.0,-0.024,2.372,-49.736,-47.228,11665000000.0,0.0,140.74,5.25,5.209,351000000.0,2024000000.0,685000000.0,685000000.0,59000000.0,,,,,21000000.0,74000000.0,1.0,163266510.0,162000000,162000000.0,4.228,15899000000.0,3000000.0,-141000000.0,1637000000.0,98.142,2298000000.0
22,PXD,MRQ,2015-12-31,2015-12-31,2015-12-31,2021-08-05,0.0,15154000000.0,,3194000000.0,11960000000.0,,56.161,-629000000.0,1391000000.0,1391000000.0,273000000.0,-623000000.0,2.185,0.81,3655000000.0,448000000.0,3207000000.0,3655000000.0,0.0,382000000.0,0.0,0.001,0.0,-924000000.0,-542000000.0,-0.668,-542000000.0,-924000000.0,-973000000.0,-4.15,-4.15,-4.15,8368000000.0,,8368000000.0,20823003484.0,-86.0,18.202,-163000000.0,-1.094,1.0,538000000.0,0.663,272000000.0,49000000.0,15684000000.0,,155000000.0,498000000.0,498000000.0,0.0,6779000000.0,1462000000.0,5317000000.0,18729003484.0,810000000.0,-3000000.0,0.0,998000000.0,-6000000.0,976000000.0,-632000000.0,0.0,466000000.0,0.0,-623000000.0,-623000000.0,-623000000.0,1000000.0,0.0,-0.768,1461000000.0,-923000000.0,883000000.0,0.0,2.238,-68.604,-68.514,11545000000.0,0.0,125.38,4.106,4.096,385000000.0,2298000000.0,811000000.0,811000000.0,20000000.0,,,,,20000000.0,81000000.0,1.0,149377919.0,149000000,149000000.0,5.443,14882000000.0,43000000.0,-350000000.0,1778000000.0,99.879,1732000000.0
23,PXD,MRQ,2015-09-30,2015-09-30,2015-09-30,2021-08-05,0.0,14965000000.0,,2403000000.0,12562000000.0,,60.228,-551000000.0,581000000.0,581000000.0,564000000.0,646000000.0,2.095,0.667,2675000000.0,0.0,2675000000.0,2675000000.0,0.0,364000000.0,0.0,0.001,0.04,1047000000.0,1411000000.0,0.631,1411000000.0,1047000000.0,1001000000.0,4.28,4.27,4.28,8974000000.0,,8974000000.0,20614823052.0,15.0,7.599,-194000000.0,-1.302,1.0,1673000000.0,0.748,272000000.0,46000000.0,15640000000.0,,238000000.0,497000000.0,497000000.0,0.0,5984000000.0,1147000000.0,4837000000.0,18161823052.0,362000000.0,549000000.0,6000000.0,0.0,0.0,7000000.0,-2000000.0,0.0,357000000.0,0.0,646000000.0,646000000.0,646000000.0,2000000.0,0.0,0.289,624000000.0,1049000000.0,849000000.0,0.009,2.024,23.255,23.17,12042000000.0,0.0,121.64,3.342,3.335,413000000.0,2921000000.0,2237000000.0,2237000000.0,25000000.0,,,,,23000000.0,81000000.0,1.0,149307983.0,149000000,150000000.0,15.013,14693000000.0,0.0,355000000.0,2124000000.0,98.611,1256000000.0
24,PXD,MRQ,2015-06-30,2015-06-30,2015-06-30,2021-08-05,0.0,14002000000.0,,1305000000.0,12697000000.0,,55.711,-492000000.0,219000000.0,219000000.0,437000000.0,-218000000.0,1.263,0.686,2672000000.0,0.0,2672000000.0,2672000000.0,0.0,329000000.0,0.0,0.001,0.0,-295000000.0,34000000.0,0.053,34000000.0,-295000000.0,-341000000.0,-1.46,-1.46,-1.46,8301000000.0,,8301000000.0,22991260974.0,23.0,10.301,-164000000.0,-1.101,1.0,207000000.0,0.321,272000000.0,46000000.0,15150000000.0,,269000000.0,277000000.0,0.0,277000000.0,5694000000.0,1033000000.0,4661000000.0,20706260974.0,-164000000.0,3000000.0,-1000000.0,0.0,-6000000.0,-3000000.0,-489000000.0,0.0,328000000.0,0.0,-218000000.0,-218000000.0,-218000000.0,1000000.0,0.0,-0.339,501000000.0,-294000000.0,829000000.0,0.0,2.494,40.68,39.068,11961000000.0,0.0,138.69,4.396,4.387,390000000.0,2281000000.0,644000000.0,644000000.0,28000000.0,,,,,25000000.0,83000000.0,1.0,149298875.0,149000000,149000000.0,4.322,13730000000.0,22000000.0,-123000000.0,1795000000.0,92.148,272000000.0
25,PXD,MRQ,2015-03-31,2015-03-31,2015-03-31,2021-08-05,0.0,14347000000.0,,1694000000.0,12653000000.0,,56.987,-721000000.0,383000000.0,383000000.0,327000000.0,-78000000.0,1.458,0.689,2668000000.0,0.0,2668000000.0,2668000000.0,0.0,310000000.0,0.0,0.0,0.04,-69000000.0,241000000.0,0.277,241000000.0,-69000000.0,-115000000.0,-0.52,-0.52,-0.52,8491000000.0,,8491000000.0,25997063253.0,19.0,10.312,-617000000.0,-4.141,1.0,542000000.0,0.624,272000000.0,46000000.0,15198000000.0,,266000000.0,259000000.0,0.0,259000000.0,5848000000.0,1162000000.0,4686000000.0,24357063253.0,-642000000.0,4000000.0,-30000000.0,0.0,0.0,-29000000.0,-717000000.0,0.0,104000000.0,0.0,-78000000.0,-78000000.0,-78000000.0,4000000.0,0.0,-0.09,607000000.0,-65000000.0,878000000.0,-0.077,2.869,33.458,32.572,11846000000.0,0.0,163.51,4.873,4.875,343000000.0,2500000000.0,869000000.0,869000000.0,25000000.0,,,,,22000000.0,82000000.0,1.0,148963753.0,149000000,149000000.0,5.832,14075000000.0,22000000.0,-37000000.0,1924000000.0,94.463,532000000.0
26,PXD,MRQ,2014-12-31,2014-12-31,2014-12-31,2021-08-05,0.0,14909000000.0,,2359000000.0,12550000000.0,,58.374,-1093000000.0,1025000000.0,1025000000.0,419000000.0,431000000.0,1.662,0.737,2648000000.0,0.0,2648000000.0,2648000000.0,0.0,313000000.0,0.0,0.001,0.0,714000000.0,1027000000.0,0.61,1027000000.0,714000000.0,668000000.0,2.95,2.94,2.95,8581000000.0,,8581000000.0,23419563426.0,14.0,8.62,-525000000.0,-3.571,1.0,1265000000.0,0.751,272000000.0,46000000.0,14841000000.0,,241000000.0,239000000.0,0.0,239000000.0,6320000000.0,1419000000.0,4901000000.0,21307563426.0,475000000.0,22000000.0,979000000.0,0.0,-6000000.0,978000000.0,-1071000000.0,0.0,568000000.0,0.0,431000000.0,431000000.0,431000000.0,-2000000.0,0.0,0.256,553000000.0,712000000.0,1320000000.0,0.0,2.483,22.911,23.258,11781000000.0,0.0,148.85,4.201,4.226,440000000.0,2583000000.0,1684000000.0,1684000000.0,97000000.0,,,,,21000000.0,89000000.0,1.0,143147890.0,147000000,147000000.0,11.456,14637000000.0,23000000.0,237000000.0,1965000000.0,99.571,940000000.0
27,PXD,MRQ,2014-09-30,2014-09-30,2014-09-30,2021-08-05,0.0,13272000000.0,,1491000000.0,11781000000.0,,49.965,-1011000000.0,550000000.0,550000000.0,420000000.0,374000000.0,1.036,0.856,2662000000.0,0.0,2662000000.0,2662000000.0,0.0,274000000.0,0.0,0.0,0.04,656000000.0,930000000.0,0.615,930000000.0,656000000.0,610000000.0,2.58,2.58,2.58,7145000000.0,,7145000000.0,30400090272.0,-35.0,271.429,-396000000.0,-2.769,1.0,1093000000.0,0.722,272000000.0,46000000.0,13673000000.0,,237000000.0,221000000.0,0.0,221000000.0,6119000000.0,1439000000.0,4680000000.0,28186090272.0,105000000.0,486000000.0,6000000.0,0.0,0.0,15000000.0,-525000000.0,0.0,615000000.0,0.0,374000000.0,374000000.0,374000000.0,37000000.0,0.0,0.247,400000000.0,693000000.0,1330000000.0,0.016,3.945,-32.435,-29.889,11130000000.0,0.0,196.97,6.483,6.478,490000000.0,2152000000.0,1513000000.0,1513000000.0,22000000.0,,,,,20000000.0,81000000.0,1.0,143098392.0,143000000,143000000.0,10.58,13000000000.0,24000000.0,236000000.0,1735000000.0,90.909,52000000.0
28,PXD,MRQ,2014-06-30,2014-06-30,2014-06-30,2021-08-05,0.0,12710000000.0,,1380000000.0,11330000000.0,,47.14,-760000000.0,445000000.0,445000000.0,421000000.0,1000000.0,0.942,0.884,2659000000.0,0.0,2659000000.0,2659000000.0,0.0,243000000.0,0.0,0.0,0.0,80000000.0,323000000.0,0.347,323000000.0,80000000.0,33000000.0,0.01,0.01,0.01,6741000000.0,,6741000000.0,35322619809.0,-26.0,-83.902,-43000000.0,-0.301,1.0,511000000.0,0.548,274000000.0,47000000.0,13185000000.0,,221000000.0,229000000.0,0.0,229000000.0,5960000000.0,1465000000.0,4495000000.0,32873619809.0,188000000.0,283000000.0,1000000.0,-50000000.0,-6000000.0,-52000000.0,-477000000.0,0.0,717000000.0,0.0,1000000.0,1000000.0,1000000.0,54000000.0,0.0,0.001,377000000.0,134000000.0,1145000000.0,0.0,4.877,-28.536,-26.973,10704000000.0,0.0,229.81,9.026,9.023,465000000.0,1784000000.0,932000000.0,932000000.0,28000000.0,,,,,21000000.0,82000000.0,1.0,143046951.0,143000000,143000000.0,6.517,12436000000.0,7000000.0,32000000.0,1512000000.0,86.965,-85000000.0
29,PXD,MRQ,2014-03-31,2014-03-31,2014-03-31,2021-08-05,0.0,12465000000.0,,1542000000.0,10923000000.0,,46.958,-712000000.0,257000000.0,257000000.0,356000000.0,123000000.0,1.246,0.855,2706000000.0,0.0,2706000000.0,2706000000.0,0.0,217000000.0,0.0,0.0,0.04,219000000.0,436000000.0,0.462,436000000.0,219000000.0,174000000.0,0.85,0.85,0.85,6715000000.0,,6715000000.0,29005829080.0,-34.0,659.223,-246000000.0,-1.72,1.0,588000000.0,0.623,274000000.0,45000000.0,13402000000.0,,231000000.0,239000000.0,0.0,239000000.0,5741000000.0,1238000000.0,4503000000.0,26745416080.0,-136000000.0,86000000.0,-27000000.0,50000000.0,0.0,24000000.0,-626000000.0,0.0,466000000.0,0.0,123000000.0,123000000.0,123000000.0,22000000.0,0.0,0.13,347000000.0,241000000.0,971000000.0,0.047,3.983,-32.776,-30.628,10215000000.0,0.0,187.14,6.913,6.917,439000000.0,1782000000.0,944000000.0,944000000.0,31000000.0,,,,,22000000.0,81000000.0,1.0,142916619.0,143000000,143000000.0,6.601,12191000000.0,0.0,51000000.0,1525000000.0,85.252,304000000.0
30,PXD,MRQ,2013-12-31,2013-12-31,2013-12-31,2021-08-05,0.0,12294000000.0,,1730000000.0,10564000000.0,,47.496,-729000000.0,393000000.0,393000000.0,333000000.0,-1358000000.0,1.384,0.86,2653000000.0,0.0,2653000000.0,2653000000.0,0.0,239000000.0,0.0,0.0,0.0,-1816000000.0,-1577000000.0,-1.644,-1577000000.0,-1816000000.0,-1861000000.0,-10.03,-9.98,-10.03,6602000000.0,,6602000000.0,27631653514.0,-32.0,1255.984,-188000000.0,-1.353,1.0,626000000.0,0.653,274000000.0,45000000.0,13030000000.0,,220000000.0,225000000.0,0.0,225000000.0,5679000000.0,1250000000.0,4429000000.0,25524561514.0,-351000000.0,51000000.0,0.0,-201000000.0,-5000000.0,-214000000.0,-678000000.0,0.0,541000000.0,0.0,-1367000000.0,-1367000000.0,-1367000000.0,490000000.0,9000000.0,-1.425,1943000000.0,-1317000000.0,1060000000.0,0.0,3.866,-30.459,-29.881,9850000000.0,0.0,184.07,6.978,6.843,434000000.0,1665000000.0,959000000.0,959000000.0,32000000.0,,,,,18000000.0,96000000.0,1.0,138667689.0,139000000,133000000.0,6.899,12020000000.0,5000000.0,-494000000.0,1492000000.0,86.475,480000000.0
31,PXD,MRQ,2013-09-30,2013-09-30,2013-09-30,2021-08-05,0.0,14544944000.0,,1533261000.0,13011683000.0,,54.541,-658000000.0,744120000.0,744120000.0,284000000.0,98000000.0,1.262,0.895,2851212000.0,0.0,2851212000.0,2851212000.0,0.0,213000000.0,0.0,0.0,0.04,184000000.0,397000000.0,0.492,397000000.0,184000000.0,139000000.0,0.65,0.65,0.65,7581207000.0,,7581207000.0,28285410142.0,23.0,14.248,10000000.0,0.072,1.0,523000000.0,0.648,279687000.0,45000000.0,15157538000.0,,226438000.0,235631000.0,0.0,235631000.0,6782193000.0,1214811000.0,5567382000.0,26157607142.0,48000000.0,10000000.0,5000000.0,25000000.0,0.0,28000000.0,-648000000.0,0.0,668000000.0,0.0,91000000.0,91000000.0,91000000.0,-19000000.0,7000000.0,0.113,351000000.0,172000000.0,1060384000.0,0.062,3.45,46.915,46.388,12246677000.0,0.0,188.8,7.85,7.875,413452000.0,3032531000.0,807000000.0,807000000.0,30000000.0,,,,,19000000.0,72000000.0,1.0,138546648.0,139000000,139000000.0,5.806,14265257000.0,10168000.0,48000000.0,2476132000.0,102.628,318450000.0
32,PXD,MRQ,2013-06-30,2013-06-30,2013-06-30,2021-08-05,0.0,14162587000.0,,1465192000.0,12697395000.0,,54.096,-736000000.0,695625000.0,695625000.0,259000000.0,351000000.0,1.448,0.873,2823428000.0,0.0,2823428000.0,2823428000.0,0.0,225000000.0,0.0,0.001,0.0,563000000.0,788000000.0,0.68,788000000.0,563000000.0,520000000.0,2.42,2.4,2.42,7465291000.0,,7465291000.0,22356660383.0,20.0,11.892,-159000000.0,-1.152,1.0,900000000.0,0.777,279687000.0,43000000.0,14998575000.0,,198650000.0,228475000.0,0.0,228475000.0,6514430000.0,1012128000.0,5502302000.0,19769678383.0,266000000.0,629000000.0,3000000.0,-197000000.0,-6000000.0,-204000000.0,-107000000.0,0.0,577000000.0,0.0,337000000.0,337000000.0,337000000.0,-11000000.0,14000000.0,0.291,334000000.0,566000000.0,878683000.0,0.0,2.648,40.697,40.546,11877641000.0,0.0,144.75,6.294,6.36,350488000.0,2947040000.0,1159000000.0,1159000000.0,18000000.0,,,,,17000000.0,66000000.0,1.0,136578089.0,138000000,139000000.0,8.399,13882900000.0,927000.0,183000000.0,2416426000.0,100.601,453064000.0
33,PXD,MRQ,2013-03-31,2013-03-31,2013-03-31,2021-08-05,0.0,13761297000.0,,1196414000.0,12564883000.0,,54.951,-753000000.0,430298000.0,430298000.0,258000000.0,109000000.0,1.231,0.916,3017280000.0,0.0,3017280000.0,3017280000.0,0.0,212000000.0,0.0,0.001,0.04,202000000.0,414000000.0,0.54,414000000.0,202000000.0,151000000.0,0.77,0.75,0.77,7088630000.0,,7088630000.0,18819319369.0,37.0,15.345,-393000000.0,-3.047,1.0,509000000.0,0.664,298142000.0,51000000.0,15078271000.0,,233402000.0,216369000.0,0.0,216369000.0,6495226000.0,971866000.0,5523360000.0,15327522369.0,201000000.0,46000000.0,1263000000.0,-707000000.0,0.0,548000000.0,-707000000.0,0.0,360000000.0,0.0,101000000.0,101000000.0,101000000.0,-16000000.0,8000000.0,0.132,315000000.0,194000000.0,820363000.0,0.052,2.162,195.552,214.224,11821133000.0,0.0,124.25,5.286,5.527,359217000.0,2609801000.0,767000000.0,767000000.0,18000000.0,,,,,17000000.0,62000000.0,1.0,123360341.0,129000000,133000000.0,5.946,13463155000.0,1394000.0,50000000.0,2254712000.0,104.366,224548000.0
34,PXD,MRQ,2012-12-31,2012-12-31,2012-12-31,2021-08-05,0.0,13069030000.0,,1050355000.0,12018675000.0,,46.113,-743397000.0,229396000.0,229396000.0,219381000.0,39880000.0,1.015,1.266,3721193000.0,0.0,3721193000.0,3721193000.0,0.0,99263000.0,0.0,0.001,0.0,287011000.0,386274000.0,0.644,386274000.0,287011000.0,233318000.0,0.23,0.22,0.23,5689354000.0,,5689354000.0,16363534363.0,24.0,11.918,-263867000.0,-2.139,1.0,379997000.0,0.634,298142000.0,53693000.0,15227895000.0,,197056000.0,204129000.0,0.0,204129000.0,7201722000.0,1034790000.0,6166932000.0,13135350363.0,-104402000.0,95959000.0,-6395000.0,153276000.0,-4972000.0,155979000.0,-739911000.0,0.0,479530000.0,0.0,28549000.0,28549000.0,28549000.0,356007000.0,11331000.0,0.048,-274352000.0,654349000.0,826877000.0,0.0,2.309,68.413,69.214,11296044000.0,0.0,106.59,4.365,4.357,320153000.0,2514640000.0,599378000.0,599378000.0,-20504000.0,,,,,16101000.0,63409000.0,1.0,123232483.0,123378000,125667000.0,4.858,12770888000.0,7447000.0,204769000.0,2227105000.0,103.51,15565000.0
35,PXD,MRQ,2012-09-30,2012-09-30,2012-09-30,2021-08-05,0.0,12814001000.0,,1579884000.0,11234117000.0,,45.686,-722566000.0,333886000.0,333886000.0,229466000.0,21699000.0,1.593,1.247,3562070000.0,0.0,3562070000.0,3562070000.0,10575000.0,207398000.0,0.0,0.001,0.04,84279000.0,291677000.0,0.474,291677000.0,84279000.0,29838000.0,0.15,0.15,0.15,5624391000.0,,5624391000.0,15812661866.0,66.0,16.944,-290506000.0,-2.36,1.0,385971000.0,0.627,293449000.0,54441000.0,14756888000.0,,277419000.0,194003000.0,0.0,194003000.0,7013892000.0,991848000.0,6022044000.0,12844933866.0,16117000.0,-985000.0,5704000.0,268631000.0,0.0,278080000.0,-694023000.0,0.0,432060000.0,0.0,19224000.0,19224000.0,19224000.0,-32295000.0,2475000.0,0.031,331512000.0,54459000.0,804636000.0,0.267,2.284,245.578,326.25,10532233000.0,0.0,104.4,4.585,4.588,413979000.0,2485935000.0,615437000.0,615437000.0,27039000.0,,,,,15929000.0,62567000.0,1.0,123035765.0,123111000,123111000.0,4.999,12520552000.0,10126000.0,10614000.0,2273621000.0,101.701,588036000.0
36,PXD,MRQ,2012-06-30,2012-06-30,2012-06-30,2021-08-05,0.0,12569734000.0,,1284033000.0,11285701000.0,,45.315,-850857000.0,317769000.0,317769000.0,194576000.0,-39537000.0,1.137,1.222,3285497000.0,0.0,3285497000.0,3285497000.0,21150000.0,200921000.0,0.0,0.001,0.0,-66470000.0,134451000.0,0.146,134451000.0,-66470000.0,-115478000.0,-0.57,-0.57,-0.57,5575023000.0,,5575023000.0,13155663270.0,18.0,9.743,-351533000.0,-2.857,1.0,723399000.0,0.788,298142000.0,49008000.0,14110329000.0,,277539000.0,184374000.0,0.0,184374000.0,6812758000.0,1128991000.0,5683767000.0,10851966270.0,851000.0,-295974000.0,-188000.0,658896000.0,-4985000.0,643927000.0,-1142400000.0,0.0,499324000.0,0.0,-70392000.0,-70392000.0,-70392000.0,-12017000.0,30855000.0,-0.077,771031000.0,-47632000.0,809158000.0,0.0,1.947,28.22,28.182,10381880000.0,0.0,88.21,3.424,3.424,412869000.0,2473504000.0,917975000.0,917975000.0,37178000.0,,,,,15884000.0,54957000.0,1.0,123024218.0,123028000,123028000.0,7.462,12271592000.0,2417000.0,-45086000.0,2245838000.0,99.746,155042000.0
37,PXD,MRQ,2012-03-31,2012-03-31,2012-03-31,2021-08-05,-1550000.0,12025559000.0,,1367109000.0,10658450000.0,,46.315,-738180000.0,316918000.0,316918000.0,177577000.0,220958000.0,1.231,1.092,2620615000.0,0.0,2620615000.0,2620615000.0,31610000.0,181418000.0,0.0,0.001,0.04,379180000.0,560598000.0,0.715,560598000.0,379180000.0,332322000.0,1.73,1.68,1.73,5672636000.0,,5672636000.0,15746044349.0,13.0,8.855,-312094000.0,-2.548,1.0,606883000.0,0.774,298142000.0,46858000.0,12920992000.0,,281890000.0,176513000.0,0.0,176513000.0,6192888000.0,1110122000.0,5082766000.0,13754623349.0,-220566000.0,0.0,-55121000.0,84197000.0,-43000.0,33014000.0,-679666000.0,0.0,426086000.0,0.0,214619000.0,214619000.0,214619000.0,-10695000.0,6339000.0,0.274,323809000.0,283074000.0,817477000.0,0.023,2.425,19.635,19.34,9768042000.0,0.0,111.59,4.5,4.471,450445000.0,2543873000.0,784460000.0,784460000.0,53287000.0,,,,,15086000.0,63067000.0,1.0,123260358.0,122480000,126247000.0,6.405,11727417000.0,87365000.0,117703000.0,2203398000.0,95.75,256987000.0
38,PXD,MRQ,2011-12-31,2011-12-31,2011-12-31,2021-08-05,-3130000.0,11447156000.0,,1402292000.0,10044864000.0,,46.028,-705340000.0,537484000.0,537484000.0,139255000.0,-113188000.0,1.311,1.056,2528905000.0,0.0,2528905000.0,2528905000.0,42069000.0,102259000.0,0.0,0.001,0.0,-155778000.0,-53519000.0,-0.111,-53519000.0,-155778000.0,-201600000.0,-0.99,-0.97,-0.99,5488794000.0,,5488794000.0,12835342934.0,11.0,7.577,-205664000.0,-1.725,1.0,344372000.0,0.712,298142000.0,45822000.0,12070924000.0,,241609000.0,169532000.0,0.0,169532000.0,5796018000.0,1069511000.0,4726507000.0,10458536934.0,326919000.0,-594000.0,607113000.0,-65000000.0,-4744000.0,533177000.0,-705934000.0,0.0,499676000.0,0.0,-111146000.0,-111146000.0,-111146000.0,-63568000.0,-2042000.0,-0.23,564342000.0,-219970000.0,716211000.0,0.0,1.905,12.533,12.765,9173942000.0,0.0,89.48,4.161,4.162,443821000.0,2335066000.0,483627000.0,483627000.0,37882000.0,,,,,9917000.0,52117000.0,1.0,116881280.0,119250000,121810000.0,4.056,11149014000.0,3000.0,-90454000.0,2009947000.0,93.493,332781000.0
39,PXD,MRQ,2011-09-30,2011-09-30,2011-09-30,2021-08-05,-58000.0,10985043000.0,,1103643000.0,9881400000.0,,43.612,-612356000.0,210565000.0,210565000.0,150374000.0,385598000.0,1.422,1.141,2587371000.0,0.0,2587371000.0,2587371000.0,89526000.0,128975000.0,0.0,0.001,0.04,579752000.0,708727000.0,0.721,708727000.0,579752000.0,534192000.0,2.96,2.95,2.96,5071235000.0,,5071235000.0,9899345182.0,7.0,5.212,-146772000.0,-1.262,1.0,833171000.0,0.847,298154000.0,45560000.0,12287578000.0,,260356000.0,164107000.0,0.0,164107000.0,5788376000.0,776117000.0,5012259000.0,7680788182.0,-141856000.0,-645000.0,2220000.0,9933000.0,0.0,5561000.0,-613001000.0,0.0,465584000.0,0.0,351464000.0,351464000.0,351464000.0,-330000.0,34134000.0,0.357,221102000.0,612069000.0,631804000.0,0.014,1.515,7.486,7.586,9053860000.0,0.0,65.77,3.139,3.125,411355000.0,2446217000.0,983545000.0,983545000.0,14021000.0,,,,,10370000.0,49618000.0,1.0,116782548.0,116281000,117075000.0,8.458,10686889000.0,101810000.0,182728000.0,2148751000.0,91.906,327526000.0
40,PXD,MRQ,2011-06-30,2011-06-30,2011-06-30,2021-08-05,2863000.0,10353088000.0,,1071107000.0,9281981000.0,,40.571,-533261000.0,352421000.0,352421000.0,137605000.0,265700000.0,1.417,1.174,2570978000.0,0.0,2570978000.0,2570978000.0,64730000.0,131664000.0,0.0,0.001,0.0,430754000.0,562418000.0,0.698,562418000.0,430754000.0,385759000.0,2.07,2.03,2.07,4714932000.0,,4714932000.0,12499835286.0,11.0,7.956,-112021000.0,-0.964,1.0,667583000.0,0.829,298177000.0,44995000.0,11517827000.0,,234108000.0,155701000.0,0.0,155701000.0,5537124000.0,755641000.0,4781483000.0,10457798286.0,-168230000.0,-42759000.0,-3511000.0,2020000.0,-4739000.0,-13450000.0,-576020000.0,0.0,421240000.0,0.0,245577000.0,245577000.0,245577000.0,3025000.0,20123000.0,0.305,213683000.0,453900000.0,517396000.0,0.0,2.218,13.296,13.449,8547940000.0,0.0,89.57,5.103,5.079,405102000.0,2099623000.0,805188000.0,805188000.0,19732000.0,,,,,10981000.0,44339000.0,1.0,116755591.0,116213000,118592000.0,6.929,10054911000.0,5715000.0,140182000.0,1870018000.0,86.521,315466000.0
41,PXD,MRQ,2011-03-31,2011-03-31,2011-03-31,2021-08-05,3439000.0,10025986000.0,,1235593000.0,8790393000.0,,38.515,-439254000.0,520651000.0,520651000.0,132131000.0,343804000.0,1.776,1.226,2562688000.0,0.0,2562688000.0,2562688000.0,75937000.0,126681000.0,0.0,0.001,0.04,345914000.0,472595000.0,1.808,472595000.0,345914000.0,300687000.0,2.96,2.96,2.96,4462645000.0,,4462645000.0,14359313026.0,15.0,9.909,-296040000.0,-2.555,1.0,129294000.0,0.495,298145000.0,45227000.0,11074014000.0,,187715000.0,109391000.0,0.0,109391000.0,5472419000.0,695864000.0,4776555000.0,11868803026.0,409491000.0,773422000.0,-35345000.0,-45220000.0,-73000.0,-67891000.0,334168000.0,0.0,143214000.0,0.0,348594000.0,348594000.0,348594000.0,-419882000.0,-4790000.0,1.333,207981000.0,-78687000.0,369333000.0,0.014,2.66,16.751,16.958,8154310000.0,0.0,101.92,7.019,6.984,399630000.0,1854041000.0,261425000.0,261425000.0,17484000.0,,,,,10174000.0,43911000.0,1.0,116452149.0,115869000,115869000.0,2.256,9727841000.0,53702000.0,-47907000.0,1797048000.0,83.956,539729000.0
42,PXD,MRQ,2010-12-31,2010-12-31,2010-12-31,2021-08-05,7361000.0,9679102000.0,,1197183000.0,8481919000.0,,35.74,-349479000.0,111160000.0,111160000.0,110632000.0,82127000.0,1.556,1.323,2601670000.0,0.0,2601670000.0,2601670000.0,87020000.0,64023000.0,0.0,0.001,0.0,91723000.0,155746000.0,0.392,155746000.0,91723000.0,46532000.0,0.68,0.65,0.68,4120583000.0,,4120583000.0,12540722216.0,12.0,8.05,33822000.0,0.293,1.0,286402000.0,0.721,298182000.0,45191000.0,11102210000.0,,173615000.0,72045000.0,0.0,72045000.0,5453077000.0,769220000.0,4683857000.0,10079471216.0,32995000.0,-41175000.0,376000.0,56200000.0,-4705000.0,40348000.0,-390654000.0,0.0,383301000.0,0.0,80343000.0,80343000.0,80343000.0,-70305000.0,1784000.0,0.202,263200000.0,23202000.0,419150000.0,0.0,2.446,16.655,16.891,7847328000.0,0.0,86.82,4.232,4.194,358656000.0,1510427000.0,397034000.0,397034000.0,128396000.0,,,,,11223000.0,42167000.0,1.0,116096190.0,115293000,117824000.0,3.444,9380920000.0,187551000.0,-33811000.0,1771622000.0,81.366,427963000.0
43,PXD,MRQ,2010-09-30,2010-09-30,2010-09-30,2021-08-05,17675000.0,9297120000.0,,689476000.0,8607644000.0,,35.102,-310716000.0,78165000.0,78165000.0,133762000.0,114573000.0,1.156,1.271,2539416000.0,0.0,2539416000.0,2539416000.0,109497000.0,147096000.0,0.0,0.001,0.04,233248000.0,380344000.0,0.649,380344000.0,233248000.0,188246000.0,0.95,0.94,0.95,4043382000.0,,4043382000.0,9876837031.0,10.0,6.484,-102208000.0,-0.887,1.0,452034000.0,0.772,298413000.0,45002000.0,10863737000.0,,182238000.0,0.0,0.0,0.0,5139282000.0,596221000.0,4543061000.0,7543092031.0,-119521000.0,-15113000.0,2910000.0,2000000.0,0.0,-2200000.0,-325829000.0,0.0,208508000.0,0.0,112035000.0,112035000.0,112035000.0,-18083000.0,2538000.0,0.191,234331000.0,217703000.0,363794000.0,0.042,1.866,12.971,13.137,7923912000.0,0.0,65.03,4.474,4.443,372688000.0,1430566000.0,585796000.0,585796000.0,21610000.0,,,,,9582000.0,43417000.0,1.0,115994034.0,115191000,116021000.0,5.085,8998707000.0,23378000.0,76211000.0,1765336000.0,78.12,93255000.0
44,PXD,MRQ,2010-06-30,2010-06-30,2010-06-30,2021-08-05,29166000.0,9112322000.0,,712578000.0,8399744000.0,,34.19,-334049000.0,197686000.0,197686000.0,119350000.0,188689000.0,1.213,1.284,2531431000.0,0.0,2531431000.0,2531431000.0,132166000.0,144309000.0,0.0,0.001,0.0,296164000.0,440473000.0,0.986,440473000.0,296164000.0,250796000.0,1.42,1.41,1.42,3935391000.0,,3935391000.0,9505090134.0,11.0,7.112,59802000.0,0.52,1.0,327289000.0,0.733,298563000.0,45368000.0,10560219000.0,,122393000.0,0.0,0.0,0.0,5054189000.0,587285000.0,4466904000.0,6892026134.0,163146000.0,262219000.0,445000.0,-124818000.0,-4718000.0,-158875000.0,-71830000.0,0.0,393851000.0,0.0,167576000.0,167576000.0,167576000.0,-41851000.0,21113000.0,0.375,224207000.0,103082000.0,342256000.0,0.0,1.751,14.907,15.089,7781394000.0,0.0,59.45,4.616,4.583,397169000.0,1323662000.0,446639000.0,446639000.0,22743000.0,,,,,9425000.0,40433000.0,1.0,115929792.0,115104000,116006000.0,3.88,8813759000.0,3938000.0,83220000.0,1694159000.0,76.572,125293000.0
45,PXD,MRQ,2010-03-31,2010-03-31,2010-03-31,2021-08-05,39450000.0,8972655000.0,,587026000.0,8385629000.0,,32.89,-201528000.0,34540000.0,34540000.0,113161000.0,260606000.0,1.125,1.35,2647604000.0,0.0,2647604000.0,2647604000.0,154753000.0,144428000.0,0.0,0.001,0.04,436784000.0,581212000.0,1.146,581212000.0,436784000.0,389261000.0,2.09,2.08,2.09,3770966000.0,,3770966000.0,9241437135.0,21.0,9.532,97835000.0,0.853,1.0,393835000.0,0.777,308831000.0,47523000.0,10755201000.0,,120750000.0,0.0,0.0,0.0,5089027000.0,521687000.0,4567340000.0,6507794135.0,7172000.0,34985000.0,-10395000.0,-116292000.0,-65000.0,-125648000.0,-166543000.0,0.0,299363000.0,0.0,245254000.0,245254000.0,245254000.0,-3811000.0,15352000.0,0.484,218396000.0,175439000.0,259806000.0,0.019,1.726,31.325,32.0,7786758000.0,0.0,56.32,4.932,4.894,435926000.0,1156578000.0,506996000.0,506996000.0,16848000.0,,,,,9624000.0,38315000.0,1.0,115550322.0,114655000,115462000.0,4.422,8663824000.0,4249000.0,144007000.0,1605150000.0,75.564,65339000.0
46,PXD,MRQ,2009-12-31,2009-12-31,2009-12-31,2021-08-05,51009000.0,8867265000.0,,616118000.0,8251147000.0,,30.924,-125347000.0,27368000.0,27368000.0,79136000.0,54230000.0,1.079,1.477,2761011000.0,0.0,2761011000.0,2761011000.0,177236000.0,54727000.0,0.0,0.002,0.0,66438000.0,121165000.0,0.828,121165000.0,66438000.0,21136000.0,0.49,0.49,0.49,3536188000.0,,3536188000.0,8366694558.0,220.0,13.894,6887000.0,0.06,1.0,67282000.0,0.46,309259000.0,45302000.0,10720458000.0,,139177000.0,0.0,0.0,0.0,5224234000.0,571191000.0,4653043000.0,5555011558.0,-28247000.0,51600000.0,61426000.0,-111375000.0,-4691000.0,-62487000.0,-97994000.0,0.0,132234000.0,0.0,56660000.0,56660000.0,56660000.0,-85848000.0,-2430000.0,0.387,89122000.0,-21840000.0,253583000.0,0.0,1.571,-106.61,-104.717,7721686000.0,0.0,48.17,4.305,4.262,516154000.0,917688000.0,146418000.0,146418000.0,1234000.0,,,,,8319000.0,28135000.0,1.0,115320979.0,114350000,114350000.0,1.28,8558006000.0,52266000.0,-35524000.0,1488438000.0,74.84,44927000.0
47,PXD,MRQ,2009-09-30,2009-09-30,2009-09-30,2021-08-05,64851000.0,8681068000.0,,422962000.0,8258106000.0,,30.207,-73689000.0,55615000.0,55615000.0,118483000.0,1833000.0,0.817,1.493,2867298000.0,0.0,2867298000.0,2867298000.0,214240000.0,162605000.0,0.0,0.002,0.04,31067000.0,193672000.0,0.493,193672000.0,31067000.0,-12371000.0,-0.06,-0.06,-0.06,3447356000.0,,3447356000.0,7090173205.0,-45.0,14.528,88808000.0,0.778,1.0,274552000.0,0.699,309371000.0,43438000.0,10665560000.0,,145976000.0,0.0,0.0,0.0,5146836000.0,517820000.0,4629016000.0,4175677205.0,-8708000.0,0.0,4006000.0,-117000000.0,0.0,-118021000.0,-53184000.0,0.0,162497000.0,0.0,-7165000.0,-7165000.0,-7165000.0,-12107000.0,8998000.0,-0.018,246594000.0,27958000.0,220330000.0,-0.667,1.211,-23.437,-23.719,7718472000.0,0.0,36.29,3.039,3.014,339750000.0,861922000.0,393035000.0,393035000.0,25073000.0,,,,,10096000.0,34799000.0,1.0,115064128.0,114123000,114123000.0,3.444,8371697000.0,22279000.0,-5206000.0,1421533000.0,73.357,-94858000.0
48,PXD,MRQ,2009-06-30,2009-06-30,2009-06-30,2021-08-05,76637000.0,8872842000.0,,481850000.0,8390992000.0,,30.281,-92286000.0,64323000.0,64323000.0,108508000.0,-87518000.0,0.831,1.545,2978819000.0,0.0,2978819000.0,2978819000.0,251447000.0,158673000.0,0.0,0.008,0.0,-85245000.0,73428000.0,0.269,73428000.0,-85245000.0,-128720000.0,-0.76,-0.76,-0.76,3451455000.0,,3451455000.0,5937594630.0,-42.0,12.776,131621000.0,1.155,1.0,164536000.0,0.603,310551000.0,43475000.0,10897028000.0,,119077000.0,0.0,0.0,0.0,5331756000.0,579759000.0,4751997000.0,2906584630.0,19847000.0,0.0,1301000.0,-101665000.0,-4679000.0,-115316000.0,-88744000.0,0.0,223907000.0,0.0,-86996000.0,-86996000.0,-86996000.0,-2731000.0,-522000.0,-0.319,253034000.0,-88498000.0,205804000.0,0.0,0.842,-16.493,-16.887,7790634000.0,0.0,25.5,1.835,1.835,408196000.0,875226000.0,273044000.0,273044000.0,21618000.0,,,,,9926000.0,33275000.0,1.0,113983711.0,113979000,113979000.0,2.396,8562291000.0,39150000.0,-41724000.0,1442852000.0,75.122,-97909000.0
49,PXD,MRQ,2009-03-31,2009-03-31,2009-03-31,2021-08-05,74134000.0,9051645000.0,,448708000.0,8602937000.0,,30.892,-171263000.0,44476000.0,44476000.0,138130000.0,-10813000.0,0.909,1.536,3075486000.0,0.0,3075486000.0,3075486000.0,288422000.0,188144000.0,0.0,0.012,0.04,25791000.0,213935000.0,0.448,213935000.0,25791000.0,-15347000.0,-0.13,-0.13,-0.13,3529151000.0,,3529151000.0,4819909407.0,18.0,5.857,-146842000.0,-1.285,1.0,339754000.0,0.711,310563000.0,41138000.0,11278701000.0,,68365000.0,0.0,0.0,0.0,5421544000.0,493391000.0,4928153000.0,1904199407.0,-3861000.0,0.0,-19165000.0,170665000.0,0.0,142781000.0,-171063000.0,0.0,24421000.0,0.0,-14606000.0,-14606000.0,-14606000.0,970000.0,3793000.0,-0.031,309200000.0,30554000.0,198034000.0,-0.308,0.54,28.229,29.945,7909480000.0,0.0,16.47,0.973,0.961,472644000.0,968326000.0,477884000.0,477884000.0,31170000.0,,,,,9297000.0,34654000.0,1.0,115616236.0,114242000,114242000.0,4.183,8741082000.0,35273000.0,-741000.0,1506340000.0,76.514,-44683000.0
50,PXD,MRQ,2008-12-31,2008-12-31,2008-12-31,2021-08-05,88788000.0,9161785000.0,,486911000.0,8674874000.0,,30.985,-416259000.0,48337000.0,48337000.0,140323000.0,-63151000.0,0.701,1.533,2899241000.0,0.0,2899241000.0,2899241000.0,325141000.0,136455000.0,0.0,0.019,0.0,-129451000.0,7004000.0,0.03,7004000.0,-129451000.0,-173097000.0,-0.58,-0.56,-0.58,3576896000.0,,3576896000.0,4660775433.0,9.0,4.828,-198900000.0,-1.723,1.0,89613000.0,0.39,310563000.0,43646000.0,11007129000.0,,76901000.0,0.0,0.0,0.0,5482172000.0,694997000.0,4787175000.0,1904221433.0,-18480000.0,149568000.0,-95476000.0,151057000.0,-19021000.0,30852000.0,-266691000.0,0.0,217359000.0,0.0,-69398000.0,-69398000.0,-69398000.0,-30056000.0,6247000.0,-0.302,246724000.0,-157111000.0,356972000.0,0.0,0.532,9.067,9.193,8021268000.0,0.0,16.18,0.931,0.929,492400000.0,988786000.0,229936000.0,229936000.0,19229000.0,,,,,8506000.0,28898000.0,1.0,117689829.0,115440000,115493000.0,1.992,8851222000.0,67636000.0,-103699000.0,1506323000.0,76.674,-208086000.0
51,PXD,MRQ,2008-09-30,2008-09-30,2008-09-30,2021-08-05,-90364000.0,9066581000.0,,685398000.0,8381183000.0,,29.725,-390817000.0,66817000.0,66817000.0,153283000.0,3187000.0,0.842,1.583,2823371000.0,0.0,2823371000.0,2823371000.0,364636000.0,121265000.0,0.0,0.006,0.16,49106000.0,170371000.0,0.283,170371000.0,49106000.0,7930000.0,-0.04,-0.04,-0.04,3510774000.0,,3510774000.0,8854885684.0,10.0,6.72,-85045000.0,-0.72,1.0,449605000.0,0.746,310563000.0,41176000.0,10698522000.0,,146136000.0,0.0,0.0,0.0,5555807000.0,814050000.0,4741757000.0,6255724684.0,23535000.0,-2421000.0,-56463000.0,170431000.0,-3000.0,111001000.0,-393238000.0,0.0,305772000.0,0.0,-5235000.0,-5235000.0,-5235000.0,-327000.0,8422000.0,-0.009,388005000.0,61600000.0,399459000.0,-4.0,1.782,12.921,13.103,7855391000.0,0.0,52.28,2.696,2.661,486821000.0,1064155000.0,602888000.0,602888000.0,109420000.0,,,,,8323000.0,31622000.0,1.0,119658085.0,118110000,118110000.0,5.104,8756018000.0,113534000.0,13165000.0,1446099000.0,74.134,-128652000.0
52,PXD,MRQ,2008-06-30,2008-06-30,2008-06-30,2021-08-05,-546064000.0,9164937000.0,,858010000.0,8306927000.0,,26.413,-327581000.0,43282000.0,43282000.0,142985000.0,162921000.0,0.641,1.932,2642443000.0,0.0,2642443000.0,2642443000.0,404344000.0,112251000.0,0.0,0.004,0.0,319339000.0,431590000.0,0.667,431590000.0,319339000.0,277669000.0,1.3,1.29,1.3,3126288000.0,,3126288000.0,12143954448.0,12.0,8.32,5469000.0,0.046,1.0,503807000.0,0.779,310596000.0,41670000.0,10114203000.0,,131973000.0,0.0,0.0,0.0,6038649000.0,1339299000.0,4699350000.0,9357716448.0,25962000.0,13640000.0,170321000.0,-143855000.0,-16841000.0,6853000.0,-313941000.0,0.0,333050000.0,0.0,156694000.0,156694000.0,156694000.0,-7351000.0,6227000.0,0.242,184191000.0,319616000.0,417414000.0,0.0,2.993,15.825,16.041,7794428000.0,0.0,78.28,4.239,4.197,576233000.0,1087079000.0,646792000.0,646792000.0,26108000.0,,,,,8268000.0,35596000.0,1.0,119541600.0,118363000,119370000.0,5.464,8854341000.0,288135000.0,120975000.0,1379208000.0,74.807,-481289000.0
53,PXD,MRQ,2008-03-31,2008-03-31,2008-03-31,2021-08-05,-318093000.0,8745967000.0,,688637000.0,8057330000.0,,25.87,-309673000.0,17320000.0,17320000.0,132647000.0,128698000.0,0.673,1.867,2803558000.0,0.0,2803558000.0,2803558000.0,443801000.0,109627000.0,0.0,0.006,0.14,254460000.0,364087000.0,0.622,364087000.0,254460000.0,214182000.0,1.07,1.07,1.07,3050904000.0,,3050904000.0,8607756554.0,11.0,7.174,-131991000.0,-1.119,1.0,452558000.0,0.773,310861000.0,40278000.0,10197993000.0,,124386000.0,0.0,0.0,0.0,5695063000.0,1023351000.0,4671712000.0,5864436554.0,5149000.0,132133000.0,-26073000.0,46223000.0,-52000.0,5007000.0,-177540000.0,0.0,177682000.0,0.0,127960000.0,127960000.0,127960000.0,-1940000.0,738000.0,0.219,198842000.0,253716000.0,335613000.0,0.131,1.922,12.449,12.66,7574123000.0,0.0,49.12,2.925,2.889,458448000.0,933974000.0,585205000.0,585205000.0,38677000.0,,,,,8980000.0,36481000.0,1.0,119389995.0,117934000,118260000.0,4.962,8435106000.0,212999000.0,86222000.0,1313245000.0,71.524,-334714000.0
54,PXD,MRQ,2007-12-31,2007-12-31,2007-12-31,2021-08-05,-228257000.0,8616981000.0,,765055000.0,7851926000.0,,25.88,-783757000.0,12171000.0,12171000.0,101501000.0,204376000.0,0.77,1.832,2755491000.0,0.0,2755491000.0,2755491000.0,483280000.0,92417000.0,0.0,0.006,0.0,259308000.0,351725000.0,0.725,351725000.0,259308000.0,218470000.0,1.66,1.67,1.66,3042722000.0,,3042722000.0,8427072929.0,14.0,8.536,-548440000.0,-4.665,1.0,383832000.0,0.791,310870000.0,40838000.0,10055262000.0,,97619000.0,0.0,0.0,0.0,5574259000.0,994169000.0,4580090000.0,5835660929.0,-7187000.0,405827000.0,-2492000.0,153523000.0,-16769000.0,135426000.0,-377930000.0,0.0,235317000.0,87000.0,204728000.0,204728000.0,204728000.0,-132859000.0,-352000.0,0.422,253929000.0,129903000.0,378416000.0,0.0,1.918,15.657,16.013,7375631000.0,0.0,48.84,3.269,3.288,618276000.0,822089000.0,485333000.0,485333000.0,108514000.0,,,,,10493000.0,35431000.0,1.0,119485277.0,117572000,114968000.0,4.128,8306111000.0,158382000.0,13742000.0,1242519000.0,70.647,-229114000.0
55,PXD,MRQ,2007-09-30,2007-09-30,2007-09-30,2021-08-05,5935000.0,8553584000.0,,1307125000.0,7246459000.0,,25.471,-415635000.0,19271000.0,19271000.0,113554000.0,101927000.0,1.303,1.791,2610683000.0,0.0,2610683000.0,2610683000.0,528577000.0,113879000.0,0.0,0.006,0.14,198351000.0,312230000.0,0.637,312230000.0,198351000.0,162875000.0,0.85,0.84,0.85,3064726000.0,,3064726000.0,7744480792.0,18.0,9.738,-225022000.0,-1.87,1.0,376567000.0,0.768,310872000.0,35476000.0,9830652000.0,,98918000.0,0.0,0.0,0.0,5488858000.0,1003472000.0,4485386000.0,5539810792.0,-6806000.0,-2990000.0,-157877000.0,378730000.0,0.0,221206000.0,-418625000.0,0.0,190613000.0,758000.0,101927000.0,101927000.0,101927000.0,-8908000.0,0.0,0.208,186842000.0,189725000.0,362458000.0,0.165,1.808,28.31,26.934,6799652000.0,0.0,44.98,3.338,3.261,366241000.0,621582000.0,490121000.0,490121000.0,34498000.0,,,,,8461000.0,32330000.0,1.0,123161645.0,120323000,121805000.0,4.073,8242712000.0,181196000.0,60948000.0,1306863000.0,68.505,303653000.0
56,PXD,MRQ,2007-06-30,2007-06-30,2007-06-30,2021-08-05,-32847000.0,8137863000.0,,597222000.0,7540641000.0,,25.491,-552254000.0,25318000.0,25318000.0,105378000.0,36480000.0,0.679,1.633,2229988000.0,0.0,2229988000.0,2229988000.0,574155000.0,88198000.0,0.0,0.005,0.0,83612000.0,171810000.0,0.387,171810000.0,83612000.0,53081000.0,0.3,0.3,0.3,3090222000.0,,3090222000.0,7858855518.0,21.0,11.082,-334892000.0,-2.763,1.0,338951000.0,0.763,309830000.0,30531000.0,9152512000.0,,108483000.0,0.0,0.0,0.0,5047641000.0,880191000.0,4167450000.0,6012950518.0,11449000.0,13272000.0,-18096000.0,365195000.0,-16035000.0,333069000.0,-538982000.0,0.0,217362000.0,519000.0,36480000.0,36480000.0,36480000.0,111000.0,0.0,0.082,208029000.0,130922000.0,323602000.0,0.0,1.946,34.447,33.136,7141304000.0,0.0,48.71,3.837,3.768,283704000.0,538542000.0,444329000.0,444329000.0,63874000.0,,,,,8617000.0,29350000.0,1.0,123443862.0,121226000,122776000.0,3.665,7828033000.0,152318000.0,16601000.0,1280355000.0,64.574,-282969000.0
57,PXD,MRQ,2007-03-31,2007-03-31,2007-03-31,2021-08-05,-110386000.0,7700317000.0,,513814000.0,7186503000.0,,24.545,-452220000.0,13350000.0,13350000.0,89448000.0,29593000.0,0.551,1.582,1859255000.0,0.0,1859255000.0,1859255000.0,619477000.0,78850000.0,0.0,0.006,0.13,72650000.0,151500000.0,0.412,151500000.0,72650000.0,44225000.0,0.24,0.24,0.24,2982780000.0,,2982780000.0,6814301470.0,15.0,8.666,-322223000.0,-2.652,1.0,277871000.0,0.756,309869000.0,28425000.0,8303984000.0,,95654000.0,0.0,0.0,0.0,4717537000.0,932369000.0,3785168000.0,5324172470.0,6185000.0,4765000.0,-29068000.0,360445000.0,0.0,323643000.0,-447455000.0,0.0,129997000.0,132000.0,29593000.0,29593000.0,29593000.0,-1577000.0,0.0,0.081,193250000.0,84621000.0,392409000.0,0.542,1.785,23.546,23.053,6789730000.0,0.0,43.11,3.465,3.409,298092000.0,507798000.0,367319000.0,367319000.0,71771000.0,,,,,7738000.0,32624000.0,1.0,123502029.0,121523000,122794000.0,3.023,7390448000.0,107598000.0,14632000.0,1212749000.0,60.815,-418555000.0
58,PXD,MRQ,2006-12-31,2006-12-31,2006-12-31,2021-08-05,-114817000.0,7355399000.0,,536558000.0,6818841000.0,,24.692,-455218000.0,7033000.0,7033000.0,84325000.0,27686000.0,0.605,1.464,1497162000.0,0.0,1497162000.0,1497162000.0,664511000.0,80812000.0,0.0,0.006,0.0,78934000.0,159746000.0,0.447,159746000.0,78934000.0,54741000.0,0.28,0.28,0.28,2984671000.0,,2984671000.0,5961154873.0,6.0,4.579,-357060000.0,-2.954,1.0,273434000.0,0.764,309908000.0,24193000.0,7648641000.0,,95131000.0,0.0,0.0,0.0,4370728000.0,886979000.0,3483749000.0,4866670873.0,-92756000.0,2621000.0,-45808000.0,307032000.0,-16216000.0,261683000.0,-452597000.0,0.0,98158000.0,-283000.0,27686000.0,27686000.0,27686000.0,-1718000.0,0.0,0.077,204481000.0,68953000.0,349820000.0,0.0,1.631,6.579,6.671,6414484000.0,0.0,39.69,3.253,3.299,289142000.0,497488000.0,357759000.0,357759000.0,91525000.0,,,,,6708000.0,28129000.0,1.0,122617054.0,120876000,123030000.0,2.96,7045491000.0,107965000.0,27055000.0,1185372000.0,58.287,-350421000.0
59,PXD,MRQ,2006-09-30,2006-09-30,2006-09-30,2021-08-05,-134094000.0,6998285000.0,,518155000.0,6480130000.0,,23.942,-366825000.0,100072000.0,100072000.0,88687000.0,80799000.0,0.59,1.357,1194556000.0,0.0,1194556000.0,1194556000.0,711607000.0,82562000.0,0.0,0.006,0.13,143537000.0,226099000.0,0.569,226099000.0,143537000.0,120070000.0,0.65,0.64,0.65,2969334000.0,,2969334000.0,5686004972.0,5.0,3.942,-187039000.0,-1.508,1.0,309006000.0,0.777,310626000.0,23467000.0,6903656000.0,,109509000.0,0.0,0.0,0.0,4028951000.0,878487000.0,3150464000.0,4879052972.0,-356884000.0,-354000.0,-117977000.0,-56744000.0,0.0,-169491000.0,-367179000.0,0.0,179786000.0,-86000.0,80799000.0,80799000.0,80799000.0,-2302000.0,0.0,0.203,167771000.0,141235000.0,333475000.0,0.2,1.643,5.721,5.813,6062935000.0,0.0,39.12,3.105,3.088,161476000.0,478345000.0,397693000.0,397693000.0,41006000.0,,,,,7047000.0,29262000.0,1.0,124720168.0,124021000,126734000.0,3.207,6687659000.0,82638000.0,39271000.0,1139515000.0,53.924,-360332000.0
60,PXD,MRQ,2006-06-30,2006-06-30,2006-06-30,2021-08-05,-218713000.0,7067428000.0,,895071000.0,6172357000.0,,23.203,-335835000.0,457042000.0,457042000.0,103066000.0,88039000.0,1.016,1.425,1263994000.0,0.0,1263994000.0,1263994000.0,759003000.0,87984000.0,0.0,0.005,0.0,161012000.0,248996000.0,0.602,248996000.0,161012000.0,138246000.0,0.7,0.69,0.7,2914927000.0,,2914927000.0,7117618922.0,6.0,4.868,-177189000.0,-1.41,1.0,310842000.0,0.751,311346000.0,22766000.0,6681946000.0,,115917000.0,0.0,0.0,0.0,4152501000.0,881088000.0,3271413000.0,6000837922.0,411921000.0,679371000.0,-167720000.0,95648000.0,-15510000.0,-90261000.0,343536000.0,0.0,158646000.0,2139000.0,88039000.0,88039000.0,88039000.0,-22153000.0,0.0,0.213,171983000.0,138859000.0,238410000.0,0.0,2.059,6.7,6.649,5752569000.0,0.0,46.41,3.819,3.71,176731000.0,424186000.0,413908000.0,413908000.0,41618000.0,,,,,10824000.0,29468000.0,1.0,129300537.0,125629000,129624000.0,3.295,6756082000.0,115963000.0,50207000.0,1128519000.0,53.778,13983000.0
61,PXD,MRQ,2006-03-31,2006-03-31,2006-03-31,2021-08-05,-245110000.0,7109249000.0,,1212638000.0,5896611000.0,,23.284,-341436000.0,42982000.0,42982000.0,94683000.0,543207000.0,1.219,1.405,1159763000.0,0.0,1159763000.0,1159763000.0,806889000.0,82406000.0,0.0,0.005,0.12,600500000.0,682906000.0,1.74,682906000.0,600500000.0,563924000.0,4.28,4.28,4.28,2955811000.0,,2955811000.0,7732019208.0,6.0,4.995,-23198000.0,-0.183,1.0,297823000.0,0.759,311603000.0,36576000.0,6919346000.0,,89942000.0,0.0,0.0,0.0,4153438000.0,995081000.0,3158357000.0,5692409208.0,24519000.0,963191000.0,-59000.0,-900000000.0,0.0,-915474000.0,621755000.0,0.0,318238000.0,-339000.0,543207000.0,543207000.0,543207000.0,-544174000.0,0.0,1.384,203497000.0,94326000.0,237402000.0,0.028,1.926,5.732,5.822,5529736000.0,0.0,44.25,3.821,3.77,195456000.0,340452000.0,392506000.0,392506000.0,82642000.0,,,,,7486000.0,32247000.0,1.0,128642016.0,126944000,126944000.0,3.092,6797646000.0,111644000.0,20717000.0,1140625000.0,53.548,217557000.0
62,PXD,MRQ,2005-12-31,2005-12-31,2005-12-31,2021-08-05,-447633000.0,7329234000.0,,623804000.0,6705430000.0,,17.439,-281899000.0,18802000.0,18802000.0,56321000.0,140779000.0,0.604,2.306,2058412000.0,0.0,2058412000.0,2058412000.0,854838000.0,52614000.0,0.0,0.004,0.0,231752000.0,284366000.0,0.775,284366000.0,231752000.0,196776000.0,1.1,1.06,1.1,2217102000.0,,2217102000.0,8464576010.0,10.0,7.855,71881000.0,0.565,1.0,310682000.0,0.847,311651000.0,34976000.0,8023838000.0,,79659000.0,0.0,0.0,0.0,5112132000.0,1033355000.0,4078777000.0,6589788010.0,-45617000.0,1248581000.0,-249048000.0,50835000.0,-16007000.0,-181883000.0,-217514000.0,0.0,353780000.0,-89000.0,140779000.0,140779000.0,140779000.0,-67938000.0,0.0,0.384,107055000.0,203627000.0,345204000.0,0.0,2.972,12.327,13.146,6325198000.0,0.0,51.27,4.623,4.932,413463000.0,-184320000.0,367003000.0,367003000.0,6088000.0,,,,,7238000.0,26203000.0,1.0,128531071.0,127132000,131358000.0,2.887,7017583000.0,160076000.0,55997000.0,789799000.0,55.199,-409551000.0
63,PXD,MRQ,2005-09-30,2005-09-30,2005-09-30,2021-08-05,-640073000.0,7227613000.0,,649636000.0,6577977000.0,,15.432,-420578000.0,64508000.0,64508000.0,92809000.0,123573000.0,0.574,2.402,1939296000.0,0.0,1939296000.0,1939296000.0,876732000.0,75836000.0,0.0,0.004,0.12,169873000.0,245709000.0,0.617,245709000.0,169873000.0,141011000.0,0.9,0.88,0.9,2124250000.0,,2124250000.0,9130401109.0,14.0,12.96,-110775000.0,-0.805,1.0,305130000.0,0.767,306666000.0,28862000.0,7663559000.0,,65094000.0,0.0,0.0,0.0,5103363000.0,1132176000.0,3971187000.0,7794113109.0,5439000.0,0.0,-459844000.0,532733000.0,0.0,52616000.0,-356980000.0,0.0,309803000.0,618000.0,123573000.0,123573000.0,123573000.0,-62060000.0,0.0,0.311,197317000.0,107813000.0,273541000.0,0.133,3.669,15.719,15.558,6211127000.0,0.0,54.92,9.712,9.42,257957000.0,-323978000.0,397939000.0,397939000.0,56364000.0,,,,,6449000.0,29817000.0,1.0,141917573.0,137655000,141786000.0,2.891,6920947000.0,233562000.0,17438000.0,637468000.0,50.277,-482540000.0
64,PXD,MRQ,2005-06-30,2005-06-30,2005-06-30,2021-08-05,-444211000.0,6914577000.0,,544876000.0,6369701000.0,,18.788,-254403000.0,58451000.0,58451000.0,79640000.0,185559000.0,0.616,1.614,1394739000.0,0.0,1394739000.0,1394739000.0,898614000.0,65999000.0,0.0,0.005,0.0,268847000.0,334846000.0,1.007,334846000.0,268847000.0,239444000.0,1.32,1.28,1.32,2645633000.0,,2645633000.0,7874820370.0,13.0,10.893,55514000.0,0.394,1.0,252837000.0,0.76,307068000.0,29403000.0,7058716000.0,,56282000.0,0.0,0.0,0.0,4268944000.0,885081000.0,3383863000.0,6058921370.0,39851000.0,0.0,-71890000.0,-444270000.0,-14332000.0,-536165000.0,266099000.0,0.0,309917000.0,2561000.0,185559000.0,185559000.0,185559000.0,-163330000.0,0.0,0.558,147320000.0,105517000.0,273484000.0,0.0,2.29,13.37,12.713,6002850000.0,0.0,42.08,7.286,7.125,265191000.0,-417294000.0,332477000.0,332477000.0,37498000.0,,,,,8018000.0,26596000.0,1.0,143985774.0,140812000,145246000.0,2.361,6607509000.0,151316000.0,53885000.0,679032000.0,46.924,-340205000.0
65,PXD,MRQ,2005-03-31,2005-03-31,2005-03-31,2021-08-05,-472862000.0,6882337000.0,,487861000.0,6394476000.0,,17.544,-206002000.0,16039000.0,16039000.0,80946000.0,84657000.0,0.529,1.745,1831938000.0,0.0,1831938000.0,1831938000.0,630280000.0,73308000.0,0.0,0.005,0.1,139165000.0,212473000.0,0.649,212473000.0,139165000.0,106419000.0,0.59,0.58,0.59,2506940000.0,,2506940000.0,8516243915.0,17.0,12.683,97652000.0,0.683,1.0,246616000.0,0.753,307951000.0,32746000.0,7467286000.0,,41256000.0,0.0,0.0,0.0,4375397000.0,922999000.0,3452398000.0,6137550915.0,8581000.0,-965000.0,-126900000.0,-553000000.0,0.0,-688202000.0,393129000.0,0.0,303654000.0,201000.0,84657000.0,84657000.0,84657000.0,-57666000.0,0.0,0.258,165117000.0,81499000.0,282854000.0,0.169,2.448,18.195,16.558,6024877000.0,0.0,42.72,6.634,6.598,224874000.0,-600361000.0,327562000.0,327562000.0,53829000.0,,,,,5152000.0,27488000.0,1.0,143669263.0,142898000,147345000.0,2.292,6574386000.0,190162000.0,21762000.0,534586000.0,46.008,-435138000.0
66,PXD,MRQ,2004-12-31,2004-12-31,2004-12-31,2021-08-05,-190465000.0,6733487000.0,,393425000.0,6340062000.0,,19.612,-107987000.0,7257000.0,7257000.0,2196000.0,102048000.0,0.723,1.378,2385950000.0,0.0,2385950000.0,2385950000.0,0.0,-174160000.0,0.0,0.006,0.0,85651000.0,-88509000.0,0.346,-88509000.0,85651000.0,51439000.0,0.72,0.71,0.72,2831780000.0,,2831780000.0,7579714572.0,16.0,10.682,186099000.0,1.289,1.0,-257663000.0,1.009,320900000.0,34212000.0,8246821000.0,,40332000.0,0.0,0.0,0.0,3901707000.0,544459000.0,3357248000.0,5117761572.0,3896000.0,-29206000.0,-41220000.0,-131822000.0,-14552000.0,-151947000.0,-138243000.0,0.0,294086000.0,412000.0,102048000.0,102048000.0,102048000.0,-169031000.0,0.0,-0.399,-174283000.0,-83380000.0,216051000.0,0.0,1.807,16.358,14.04,5959763000.0,0.0,35.1,5.043,4.329,276035000.0,-634146000.0,-255467000.0,-255467000.0,-38862000.0,,,,,4709000.0,18346000.0,1.0,145805173.0,144389000,148989000.0,-1.769,6412587000.0,118169000.0,-50609000.0,625955000.0,44.412,-151034000.0
67,PXD,MRQ,2004-09-30,2004-09-30,2004-09-30,2021-08-05,-294812000.0,6596223000.0,,259219000.0,6337004000.0,,22.256,-126816000.0,2949000.0,2949000.0,75095000.0,80916000.0,0.407,1.498,2464902000.0,0.0,2464902000.0,2464902000.0,0.0,135459000.0,0.0,0.006,0.1,128636000.0,264095000.0,0.618,264095000.0,128636000.0,103809000.0,0.68,0.67,0.68,2640908000.0,,2640908000.0,5516937124.0,11.0,5.449,112323000.0,0.947,1.0,351907000.0,0.824,333203000.0,24827000.0,8088113000.0,,35576000.0,0.0,0.0,0.0,3955315000.0,636860000.0,3318455000.0,4140786124.0,-12878000.0,-849450000.0,-14690000.0,766998000.0,0.0,723739000.0,-975756000.0,0.0,239139000.0,615000.0,80916000.0,80916000.0,80916000.0,-3842000.0,0.0,0.189,227113000.0,124794000.0,177585000.0,0.147,1.568,15.44,15.257,5949957000.0,0.0,34.48,2.687,2.655,173900000.0,-711993000.0,427002000.0,427002000.0,32882000.0,,,,,2928000.0,19431000.0,1.0,120092405.0,118663000,120297000.0,3.598,6263020000.0,21443000.0,22893000.0,451337000.0,52.78,-377641000.0
68,PXD,MRQ,2004-06-30,2004-06-30,2004-06-30,2021-08-05,-172614000.0,3944461000.0,,247660000.0,3696801000.0,,15.018,-192488000.0,15212000.0,15212000.0,81177000.0,69702000.0,0.539,1.21,1391363000.0,0.0,1391363000.0,1391363000.0,0.0,140528000.0,0.0,0.003,0.0,142863000.0,283391000.0,0.665,283391000.0,142863000.0,121461000.0,0.59,0.58,0.59,1784913000.0,,1784913000.0,5660944683.0,12.0,5.854,72216000.0,0.608,1.0,344958000.0,0.81,0.0,21402000.0,4861440000.0,,21784000.0,0.0,0.0,0.0,2159548000.0,459172000.0,1700376000.0,4213271683.0,6363000.0,0.0,-4207000.0,-46000000.0,-12005000.0,-66108000.0,-192233000.0,0.0,264704000.0,-173000.0,69702000.0,69702000.0,69702000.0,-5494000.0,0.0,0.164,207589000.0,137369000.0,170269000.0,0.0,2.36,11.115,10.894,3468071000.0,0.0,35.08,2.904,2.874,166539000.0,-770840000.0,426135000.0,426135000.0,39605000.0,,,,,2887000.0,17140000.0,1.0,120104666.0,118855000,120402000.0,3.585,3944461000.0,211383000.0,51759000.0,21712000.0,33.187,-211512000.0
69,PXD,MRQ,2004-03-31,2004-03-31,2004-03-31,2021-08-05,-129652000.0,3928284000.0,,222713000.0,3705571000.0,,14.807,-172586000.0,9022000.0,9022000.0,78212000.0,60188000.0,0.48,1.235,1456695000.0,0.0,1456695000.0,1456695000.0,0.0,136499000.0,0.0,0.003,0.1,121541000.0,258040000.0,0.59,258040000.0,121541000.0,99965000.0,0.51,0.5,0.51,1757827000.0,,1757827000.0,5391023265.0,12.0,6.072,81044000.0,0.683,1.0,359037000.0,0.821,0.0,21576000.0,4912379000.0,,17210000.0,0.0,0.0,0.0,2170457000.0,463578000.0,1706879000.0,3854861265.0,-10097000.0,0.0,2929000.0,-90000000.0,0.0,-91426000.0,-172301000.0,0.0,253630000.0,-180000.0,60188000.0,60188000.0,60188000.0,0.0,0.0,0.138,237496000.0,121541000.0,175901000.0,0.196,2.193,9.972,9.818,3466315000.0,0.0,32.3,2.813,2.798,146139000.0,-839646000.0,437249000.0,437249000.0,80506000.0,,,,,1979000.0,18329000.0,1.0,119345550.0,118719000,120264000.0,3.683,3928284000.0,234367000.0,39777000.0,21818000.0,33.089,-240865000.0
70,PXD,MRQ,2003-12-31,2003-12-31,2003-12-31,2021-08-05,-72662000.0,3951572000.0,,205115000.0,3746457000.0,,14.942,-142273000.0,19299000.0,19299000.0,10709000.0,57374000.0,0.477,1.246,1555461000.0,0.0,1555461000.0,1555461000.0,0.0,100153000.0,0.0,0.0,0.0,106829000.0,206982000.0,0.826,206982000.0,106829000.0,84967000.0,0.48,0.47,0.48,1759772000.0,,1759772000.0,5377325040.0,12.0,6.648,49160000.0,0.417,1.0,239851000.0,0.957,0.0,21862000.0,5057982000.0,,17509000.0,0.0,0.0,0.0,2191800000.0,429752000.0,1762048000.0,3768612040.0,6773000.0,35698000.0,20678000.0,-58000000.0,0.0,-43079000.0,-141581000.0,0.0,191433000.0,-125000.0,57374000.0,57374000.0,57374000.0,-17382000.0,0.0,0.229,150404000.0,89447000.0,186418000.0,0.0,2.142,9.178,9.123,3515327000.0,0.0,31.93,3.084,3.062,154864000.0,-887848000.0,250560000.0,250560000.0,23762000.0,,,,,1108000.0,15990000.0,1.0,118027311.0,117770000,119203000.0,2.128,3951572000.0,232858000.0,27593000.0,18049000.0,33.553,-224637000.0
71,PXD,MRQ,2003-09-30,2003-09-30,2003-09-30,2021-08-05,-31705000.0,3841610000.0,,195738000.0,3645872000.0,,14.639,-136703000.0,12651000.0,12651000.0,75764000.0,191813000.0,0.606,1.239,1621364000.0,0.0,1621364000.0,1621364000.0,0.0,103534000.0,0.0,0.0,0.0,115130000.0,218664000.0,0.649,218664000.0,115130000.0,91918000.0,1.64,1.62,1.64,1715905000.0,,1715905000.0,4698756084.0,13.0,6.647,85762000.0,0.732,1.0,261103000.0,0.775,0.0,23212000.0,5127492000.0,,19054000.0,0.0,0.0,0.0,2125705000.0,322831000.0,1802874000.0,3000175084.0,668000.0,0.0,2481000.0,-92000000.0,0.0,-94388000.0,-127409000.0,0.0,222465000.0,-173000.0,191813000.0,191813000.0,191813000.0,0.0,0.0,0.569,145973000.0,115130000.0,141674000.0,0.0,1.748,8.073,7.981,3419734000.0,0.0,25.46,2.582,2.569,97627000.0,-945222000.0,336867000.0,336867000.0,24516000.0,,,,,1609000.0,15207000.0,1.0,117838770.0,117216000,118457000.0,2.874,3841610000.0,228212000.0,-99895000.0,16629000.0,32.774,-127093000.0
72,PXD,MRQ,2003-06-30,2003-06-30,2003-06-30,2021-08-05,-128455000.0,3700688000.0,,185228000.0,3515460000.0,,12.085,-138418000.0,12156000.0,12156000.0,73843000.0,77185000.0,0.516,1.617,1710737000.0,0.0,1710737000.0,1710737000.0,0.0,100559000.0,0.0,0.0,0.0,103638000.0,204197000.0,0.591,204197000.0,103638000.0,79815000.0,0.66,0.65,0.66,1413986000.0,,1413986000.0,4831454207.0,17.0,8.557,51446000.0,0.44,1.0,271761000.0,0.786,0.0,23823000.0,5040090000.0,,14810000.0,2831000.0,2538000.0,293000.0,2286702000.0,359179000.0,1927523000.0,3070662207.0,4316000.0,0.0,2166000.0,-57165000.0,0.0,-57289000.0,-128259000.0,0.0,189864000.0,982000.0,77185000.0,77185000.0,77185000.0,0.0,0.0,0.223,168123000.0,103638000.0,125820000.0,0.0,2.172,17.161,16.948,3400181000.0,0.0,26.1,3.059,3.042,116229000.0,-1137035000.0,345604000.0,345604000.0,47047000.0,,,,,1343000.0,13644000.0,1.0,117649893.0,117005000,118969000.0,2.954,3700688000.0,90995000.0,2630000.0,14400000.0,31.628,-173951000.0
73,PXD,MRQ,2003-03-31,2003-03-31,2003-03-31,2021-08-05,-49792000.0,3722407000.0,,184545000.0,3537862000.0,,12.095,-255034000.0,6858000.0,6858000.0,67867000.0,84220000.0,0.518,1.636,1767650000.0,0.0,1767650000.0,1767650000.0,0.0,70049000.0,0.0,0.0,0.0,109015000.0,179064000.0,0.619,179064000.0,109015000.0,86524000.0,0.72,0.71,0.72,1411955000.0,,1411955000.0,4604259283.0,22.0,10.261,-118245000.0,-1.013,1.0,221271000.0,0.765,0.0,22491000.0,5126731000.0,,10951000.0,0.0,0.0,0.0,2310452000.0,356468000.0,1953984000.0,2944213283.0,-2098000.0,0.0,5346000.0,101628000.0,0.0,100594000.0,-239481000.0,0.0,136789000.0,466000.0,84220000.0,84220000.0,84220000.0,0.0,0.0,0.291,127669000.0,93602000.0,161098000.0,0.0,2.085,26.08,25.612,3417264000.0,0.0,25.1,3.537,3.52,125836000.0,-1214220000.0,289138000.0,289138000.0,35867000.0,,,,,0.0,15481000.0,1.0,117299334.0,116743000,118675000.0,2.477,3722407000.0,90849000.0,2304000.0,13341000.0,31.885,-171923000.0
74,PXD,MRQ,2002-12-31,2002-12-31,2002-12-31,2021-08-05,4085000.0,3455116000.0,,147093000.0,3308023000.0,,11.803,-128713000.0,8490000.0,8490000.0,41440000.0,18420000.0,0.536,1.513,1668536000.0,0.0,1668536000.0,1668536000.0,0.0,60294000.0,0.0,0.0,0.0,44677000.0,104971000.0,0.552,104971000.0,44677000.0,20267000.0,0.17,0.16,0.17,1374897000.0,,1374897000.0,4580615505.0,36.0,13.317,-24722000.0,-0.212,1.0,148820000.0,0.782,0.0,24410000.0,4840570000.0,,10648000.0,0.0,0.0,0.0,2080219000.0,274592000.0,1805627000.0,2955361505.0,-17674000.0,0.0,14389000.0,23937000.0,0.0,7029000.0,-128694000.0,0.0,103991000.0,662000.0,18420000.0,18420000.0,18420000.0,0.0,0.0,0.097,104143000.0,44677000.0,124774000.0,0.0,2.15,110.634,105.208,3191213000.0,0.0,25.25,4.162,4.002,145389000.0,-1298440000.0,190260000.0,190260000.0,28590000.0,,,,,1884000.0,13260000.0,1.0,117044020.0,116487000,118485000.0,1.633,3455116000.0,90740000.0,1847000.0,8760000.0,29.661,-127499000.0
75,PXD,MRQ,2002-09-30,2002-09-30,2002-09-30,2021-08-05,47708000.0,3389478000.0,,135902000.0,3253576000.0,,12.007,-229115000.0,25502000.0,25502000.0,49970000.0,-890000.0,0.666,1.43,1650756000.0,0.0,1650756000.0,1650756000.0,0.0,54748000.0,0.0,0.0,0.0,21646000.0,76394000.0,0.427,76394000.0,21646000.0,1299000.0,-0.01,-0.01,-0.01,1395100000.0,,1395100000.0,4260828366.0,47.0,14.222,-141461000.0,-1.217,1.0,128783000.0,0.72,0.0,20347000.0,4810638000.0,,10151000.0,0.0,0.0,0.0,1994378000.0,204094000.0,1790284000.0,2815762366.0,8837000.0,0.0,-4000.0,154535000.0,0.0,90403000.0,-169220000.0,0.0,87654000.0,-63000.0,-890000.0,-890000.0,-890000.0,0.0,0.0,-0.005,107137000.0,21646000.0,93426000.0,0.0,2.018,-224.007,-161.667,3131079000.0,0.0,24.25,4.079,4.082,77473000.0,-1316793000.0,178753000.0,178753000.0,18324000.0,,,,,0.0,12466000.0,1.0,116113912.0,116193000,116193000.0,1.538,3389478000.0,90733000.0,2189000.0,6394000.0,29.171,-68192000.0
76,PXD,MRQ,2002-06-30,2002-06-30,2002-06-30,2021-08-05,77241000.0,3278808000.0,,136008000.0,3142800000.0,,12.549,-178737000.0,16728000.0,16728000.0,49717000.0,11142000.0,0.605,1.306,1461794000.0,0.0,1461794000.0,1461794000.0,0.0,50945000.0,0.0,0.0,0.0,37320000.0,88265000.0,0.506,88265000.0,37320000.0,12579000.0,0.1,0.1,0.1,1421894000.0,,1421894000.0,4590516515.0,36.0,13.403,-88173000.0,-0.778,1.0,124621000.0,0.715,0.0,24741000.0,4499158000.0,,10079000.0,0.0,0.0,0.0,1856914000.0,224716000.0,1632198000.0,3019420515.0,625000.0,0.0,239172000.0,-148450000.0,0.0,81506000.0,-171445000.0,0.0,90564000.0,-654000.0,11142000.0,11142000.0,11142000.0,0.0,0.0,0.064,87301000.0,37320000.0,120407000.0,0.0,2.124,233.665,236.818,2994613000.0,0.0,26.05,4.217,4.122,83501000.0,-1315695000.0,174338000.0,174338000.0,17860000.0,,,,,0.0,10758000.0,1.0,115908657.0,113306000,115239000.0,1.539,3278808000.0,90795000.0,1437000.0,4900000.0,28.938,-88708000.0
77,PXD,MRQ,2002-03-31,2002-03-31,2002-03-31,2021-08-05,97330000.0,3163250000.0,,167241000.0,2996009000.0,,11.454,-90416000.0,16757000.0,16757000.0,51018000.0,-1959000.0,0.781,1.654,1587853000.0,0.0,1587853000.0,1587853000.0,0.0,50388000.0,0.0,0.0,0.0,23948000.0,74336000.0,0.446,74336000.0,23948000.0,-2369000.0,-0.02,-0.02,-0.02,1191811000.0,,1191811000.0,3882305931.0,25.0,10.302,-40380000.0,-0.388,1.0,115640000.0,0.694,0.0,26317000.0,4520237000.0,,11974000.0,0.0,0.0,0.0,1971439000.0,214109000.0,1757330000.0,2319335931.0,3199000.0,0.0,4439000.0,18000000.0,0.0,-8065000.0,-38772000.0,0.0,50036000.0,-776000.0,-1959000.0,-1959000.0,-1959000.0,0.0,0.0,-0.012,91692000.0,23948000.0,100127000.0,0.0,1.946,77.008,74.3,2849126000.0,0.0,22.29,3.002,3.002,88862000.0,-1326528000.0,166658000.0,166658000.0,21120000.0,,,,,0.0,11918000.0,1.0,104052756.0,104055000,104055000.0,1.602,3163250000.0,90719000.0,-410000.0,5633000.0,30.4,-46868000.0
78,PXD,MRQ,2001-12-31,2001-12-31,2001-12-31,2021-08-05,193388000.0,3271053000.0,,255643000.0,3015410000.0,,12.993,-172395000.0,14334000.0,14334000.0,50175000.0,-20863000.0,1.12,1.545,1577304000.0,0.0,1577304000.0,1577304000.0,0.0,53010000.0,0.0,0.0,0.0,7587000.0,60597000.0,0.355,60597000.0,7587000.0,-22234000.0,-0.22,-0.21,-0.22,1285389000.0,,1285389000.0,3424525576.0,15.0,7.467,-86759000.0,-0.877,1.0,120351000.0,0.706,0.0,29821000.0,4605814000.0,,14549000.0,0.0,0.0,0.0,1985664000.0,228209000.0,1757455000.0,1890710576.0,-6046000.0,11119000.0,-6606000.0,39976000.0,0.0,29147000.0,-120829000.0,0.0,85636000.0,-357000.0,-20863000.0,-20863000.0,-20863000.0,0.0,0.0,-0.122,111390000.0,8961000.0,99165000.0,0.0,1.471,18.908,19.069,2805818000.0,0.0,19.26,2.157,2.165,82211000.0,-1323343000.0,170526000.0,170526000.0,33774000.0,,,,,0.0,10362000.0,1.0,98167735.0,98931000,99918000.0,1.724,3271053000.0,90719000.0,-1371000.0,13768000.0,33.064,27434000.0
79,PXD,MRQ,2001-09-30,2001-09-30,2001-09-30,2021-08-05,176457000.0,3179787000.0,,261081000.0,2918706000.0,,12.026,-132233000.0,20737000.0,20737000.0,51713000.0,24602000.0,1.058,1.685,1554552000.0,0.0,1554552000.0,1554552000.0,0.0,60065000.0,0.0,0.0,0.0,59242000.0,119307000.0,0.583,119307000.0,59242000.0,26981000.0,0.25,0.25,0.25,1184130000.0,,1184130000.0,2955156295.0,8.0,5.144,-9333000.0,-0.095,1.0,152758000.0,0.747,0.0,32261000.0,4466780000.0,,17863000.0,0.0,0.0,0.0,1995657000.0,246822000.0,1748835000.0,1401156295.0,2655000.0,0.0,-4797000.0,-30055000.0,0.0,-45823000.0,-74422000.0,0.0,122900000.0,-145000.0,24602000.0,24602000.0,24602000.0,0.0,0.0,0.12,94890000.0,57868000.0,120599000.0,0.0,1.183,6.833,6.841,2668120000.0,0.0,14.23,1.436,1.436,93623000.0,-1302201000.0,204471000.0,204471000.0,24666000.0,,,,,0.0,8153000.0,1.0,98464954.0,98468000,99523000.0,2.077,3179787000.0,89211000.0,2379000.0,24973000.0,32.293,14259000.0
80,PXD,MRQ,2001-06-30,2001-06-30,2001-06-30,2021-08-05,1760000.0,3062054000.0,,201219000.0,2860835000.0,,10.566,-141981000.0,18227000.0,18227000.0,51974000.0,28338000.0,0.816,1.947,1572227000.0,0.0,1572227000.0,1572227000.0,0.0,57396000.0,0.0,0.0,0.0,65206000.0,122602000.0,0.531,122602000.0,65206000.0,30946000.0,0.29,0.28,0.29,1039002000.0,,1039002000.0,3206846635.0,8.0,5.19,-6650000.0,-0.068,1.0,179064000.0,0.775,0.0,34260000.0,4369370000.0,,15068000.0,0.0,0.0,0.0,2023052000.0,246684000.0,1776368000.0,1674921635.0,-175000.0,0.0,3272000.0,24000000.0,0.0,3183000.0,-138689000.0,0.0,135331000.0,97000.0,28338000.0,28338000.0,28338000.0,0.0,0.0,0.123,113858000.0,65206000.0,116246000.0,0.0,1.612,6.707,6.739,2628682000.0,0.0,17.05,1.627,1.629,102682000.0,-1326497000.0,231038000.0,231038000.0,46583000.0,,,,,0.0,8005000.0,1.0,98235873.0,98337000,99700000.0,2.349,3062054000.0,89211000.0,2608000.0,24485000.0,31.138,-45465000.0
81,PXD,MRQ,2001-03-31,2001-03-31,2001-03-31,2021-08-05,-4778000.0,2922208000.0,,158228000.0,2763980000.0,,8.548,-100704000.0,18305000.0,18305000.0,55802000.0,67919000.0,0.508,2.475,1550230000.0,0.0,1550230000.0,1550230000.0,0.0,52161000.0,0.0,0.0,0.0,103935000.0,156096000.0,0.577,156096000.0,103935000.0,68319000.0,0.69,0.68,0.69,840972000.0,,840972000.0,3097718307.0,9.0,5.406,31030000.0,0.315,1.0,214644000.0,0.794,0.0,35616000.0,4142842000.0,,12965000.0,0.0,0.0,0.0,2081236000.0,311291000.0,1769945000.0,1545101307.0,-7615000.0,0.0,-4898000.0,-39000000.0,0.0,-50548000.0,-88801000.0,0.0,131734000.0,-239000.0,67919000.0,67919000.0,67919000.0,0.0,0.0,0.251,110709000.0,103935000.0,112597000.0,0.0,1.837,7.525,7.548,2579595000.0,0.0,15.7,1.55,1.55,103916000.0,-1354784000.0,270446000.0,270446000.0,22883000.0,,,,,0.0,10448000.0,1.0,98414096.0,98379000,99708000.0,2.749,2922208000.0,90000000.0,400000.0,25100000.0,29.704,-153063000.0
82,PXD,MRQ,2000-12-31,2000-12-31,2000-12-31,2021-08-05,11669000.0,2954435000.0,,191391000.0,2763044000.0,,9.2,-117585000.0,26159000.0,26159000.0,53275000.0,84184000.0,0.884,2.265,1578776000.0,0.0,1578776000.0,1578776000.0,0.0,52909000.0,0.0,0.0,0.0,123524000.0,176433000.0,0.654,176433000.0,123524000.0,83984000.0,0.85,0.85,0.85,904905000.0,,904905000.0,3564657434.0,12.0,6.815,27417000.0,0.279,1.0,216621000.0,0.803,0.0,39540000.0,4290538000.0,,14842000.0,0.0,0.0,0.0,2049530000.0,216514000.0,1833016000.0,1999179434.0,-11728000.0,0.0,-14651000.0,-25162000.0,0.0,-48155000.0,-108575000.0,0.0,145002000.0,-11000.0,84184000.0,84184000.0,84184000.0,0.0,0.0,0.312,93097000.0,123524000.0,102275000.0,0.0,2.209,13.137,12.869,2540579000.0,0.0,19.69,2.19,2.144,125654000.0,-1422703000.0,269896000.0,269896000.0,23348000.0,,,,,0.0,10003000.0,1.0,101532729.0,98358000,98896000.0,2.744,2954435000.0,89200000.0,-200000.0,28500000.0,30.038,-25123000.0
83,PXD,MRQ,2000-09-30,2000-09-30,2000-09-30,2021-08-05,9997000.0,2901586000.0,,194669000.0,2706917000.0,,8.36,-68275000.0,37898000.0,37898000.0,49728000.0,69288000.0,0.923,2.495,1603376000.0,163000.0,1603213000.0,1603376000.0,0.0,56572000.0,0.0,0.0,0.0,106182000.0,162754000.0,0.631,162754000.0,106182000.0,65388000.0,0.7,0.69,0.7,830262000.0,,830262000.0,3073168117.0,13.0,6.904,47453000.0,0.478,1.0,208217000.0,0.807,0.0,40794000.0,4256257000.0,,11983000.0,0.0,0.0,0.0,2071324000.0,210807000.0,1860517000.0,1408448117.0,-320000.0,0.0,-6340000.0,-100164000.0,0.0,-112977000.0,-3071000.0,0.0,115728000.0,-51000.0,69288000.0,69288000.0,69288000.0,0.0,0.0,0.269,102035000.0,106182000.0,79722000.0,0.0,1.696,18.477,18.192,2483622000.0,0.0,14.19,1.735,1.736,129715000.0,-1506887000.0,257945000.0,257945000.0,23431000.0,,,,,0.0,6537000.0,1.0,99256386.0,99312000,99804000.0,2.597,2901586000.0,90200000.0,-3900000.0,30600000.0,29.217,-16138000.0
84,PXD,MRQ,2000-06-30,2000-06-30,2000-06-30,2021-08-05,48981000.0,2933205000.0,,186428000.0,2746777000.0,,8.084,-51896000.0,38269000.0,38269000.0,43140000.0,-16061000.0,0.863,2.64,1702989000.0,327000.0,1702662000.0,1702989000.0,0.0,53549000.0,0.0,0.0,0.0,24202000.0,77751000.0,0.392,77751000.0,24202000.0,-17661000.0,-0.16,-0.16,-0.16,805825000.0,,805825000.0,2985306255.0,14.0,7.084,70269000.0,0.705,1.0,155214000.0,0.783,0.0,41863000.0,4381810000.0,,14702000.0,0.0,0.0,0.0,2127380000.0,216115000.0,1911265000.0,1272119255.0,5220000.0,0.0,-1990000.0,-51134000.0,0.0,-74024000.0,-42921000.0,0.0,122165000.0,-87000.0,-16061000.0,-16061000.0,-16061000.0,0.0,0.0,-0.081,118694000.0,36520000.0,69401000.0,0.0,1.579,23.838,23.648,2514181000.0,0.0,12.77,1.658,1.66,117528000.0,-1576175000.0,198354000.0,198354000.0,27696000.0,,,,,0.0,6963000.0,1.0,99617796.0,99683000,99683000.0,1.99,2933205000.0,89200000.0,-1600000.0,39200000.0,29.425,-29687000.0
85,PXD,MRQ,2000-03-31,2000-03-31,2000-03-31,2021-08-05,41705000.0,2969891000.0,,200965000.0,2768926000.0,,8.153,-59481000.0,33136000.0,33136000.0,43122000.0,14770000.0,1.016,2.637,1746323000.0,505000.0,1745818000.0,1746323000.0,0.0,51908000.0,0.0,0.0,0.0,54225000.0,106133000.0,0.569,106133000.0,54225000.0,14470000.0,0.15,0.15,0.15,816600000.0,,816600000.0,2761324180.0,17.0,7.273,-12280000.0,-0.123,1.0,143380000.0,0.769,0.0,39755000.0,4485202000.0,,12905000.0,0.0,0.0,0.0,2153291000.0,197876000.0,1955415000.0,1050176180.0,-1645000.0,0.0,-4064000.0,-868000.0,0.0,-8912000.0,-39934000.0,0.0,47201000.0,-7000.0,14770000.0,14770000.0,14770000.0,0.0,0.0,0.079,89155000.0,54225000.0,72673000.0,0.0,1.286,-202.385,-262.5,2551886000.0,0.0,10.5,1.493,1.495,137896000.0,-1560114000.0,186502000.0,186502000.0,13075000.0,,,,,0.0,9759000.0,1.0,100016779.0,100163000,100163000.0,1.862,2969891000.0,89200000.0,-300000.0,41600000.0,29.651,3089000.0
86,PXD,MRQ,1999-12-31,1999-12-31,1999-12-31,2021-08-05,10425000.0,2929473000.0,,183136000.0,2746337000.0,,7.722,-94992000.0,34788000.0,34788000.0,36069000.0,8229000.0,0.931,2.782,1745936000.0,828000.0,1745108000.0,1745936000.0,0.0,51459000.0,0.0,0.0,0.0,47047000.0,98506000.0,0.583,98506000.0,47047000.0,7129000.0,0.09,0.09,0.09,774614000.0,,774614000.0,2578461468.0,18.0,6.726,-26465000.0,-0.264,1.0,132966000.0,0.787,0.0,39918000.0,4443808000.0,,13721000.0,0.0,0.0,0.0,2154859000.0,196813000.0,1958046000.0,896537468.0,1371000.0,0.0,-25000.0,29521000.0,0.0,23975000.0,-91131000.0,0.0,68527000.0,171000.0,8229000.0,8229000.0,8229000.0,0.0,0.0,0.049,85919000.0,47047000.0,86868000.0,0.0,1.157,-39.917,-40.627,2545968000.0,0.0,8.938,1.262,1.262,118575000.0,-1574884000.0,169035000.0,169035000.0,24382000.0,,,,,0.0,11009000.0,1.0,100306273.0,100316000,100316000.0,1.685,2929473000.0,89200000.0,-1100000.0,43500000.0,29.202,-13677000.0
87,PXD,MRQ,1999-09-30,1999-09-30,1999-09-30,2021-08-05,7805000.0,2897106000.0,,165671000.0,2731435000.0,,7.612,-32169000.0,33246000.0,33246000.0,34643000.0,46428000.0,0.886,2.794,1715170000.0,856000.0,1714314000.0,1715170000.0,0.0,50981000.0,0.0,0.0,0.0,88030000.0,139011000.0,0.652,139011000.0,88030000.0,47028000.0,0.46,0.46,0.46,763522000.0,,763522000.0,2915872244.0,-7.0,-18.815,57159000.0,0.57,1.0,178522000.0,0.837,0.0,41002000.0,4391993000.0,,12902000.0,0.0,0.0,0.0,2133584000.0,187037000.0,1946547000.0,1066189244.0,-46088000.0,0.0,25000.0,-215016000.0,0.0,-220485000.0,85069000.0,0.0,89328000.0,65000.0,46428000.0,46428000.0,46428000.0,0.0,0.0,0.218,90492000.0,88030000.0,70372000.0,0.0,1.396,-1.583,-1.582,2524216000.0,0.0,10.63,1.523,1.523,104661000.0,-1583131000.0,213165000.0,213165000.0,11891000.0,,,,,0.0,8795000.0,1.0,100300023.0,100305000,100305000.0,2.125,2897106000.0,103900000.0,600000.0,59000000.0,28.883,-21366000.0
88,PXD,MRQ,1999-06-30,1999-06-30,1999-06-30,2021-08-05,8732000.0,3083108000.0,,219179000.0,2863929000.0,,7.157,-17303000.0,79269000.0,79269000.0,41624000.0,-74616000.0,0.839,3.295,1928952000.0,69951000.0,1859001000.0,1928952000.0,0.0,64235000.0,0.0,0.005,0.0,-28213000.0,36022000.0,0.267,36022000.0,-28213000.0,-75116000.0,-0.74,-0.74,-0.74,717888000.0,,717888000.0,3278153253.0,-6.0,-14.056,71785000.0,0.716,1.0,93120000.0,0.691,0.0,46903000.0,4671522000.0,,13929000.0,0.0,0.0,0.0,2365220000.0,261269000.0,2103951000.0,1103300253.0,45850000.0,0.0,0.0,-280407000.0,0.0,-290217000.0,246979000.0,0.0,89088000.0,-144000.0,-74616000.0,-74616000.0,-74616000.0,0.0,0.0,-0.554,121333000.0,-28213000.0,77052000.0,0.0,1.537,-1.444,-1.444,2654506000.0,0.0,11.0,1.657,1.657,111223000.0,-1629559000.0,134744000.0,134744000.0,17925000.0,,,,,0.0,10188000.0,1.0,100300023.0,100300000,100300000.0,1.343,3083108000.0,103900000.0,-500000.0,64600000.0,30.739,-42090000.0
89,PXD,MRQ,1999-03-31,1999-03-31,1999-03-31,2021-08-05,2998000.0,3417129000.0,,171280000.0,3245849000.0,,7.844,-47072000.0,33563000.0,33563000.0,47194000.0,-2501000.0,0.338,3.343,2208416000.0,339282000.0,1869134000.0,2208416000.0,0.0,69372000.0,0.0,0.006,0.0,40420000.0,109792000.0,0.568,109792000.0,40420000.0,-2101000.0,-0.02,-0.02,-0.02,786746000.0,,786746000.0,2893369178.0,-6.0,-14.843,-38781000.0,-0.387,1.0,145997000.0,0.756,0.0,42521000.0,5085371000.0,,13450000.0,0.0,0.0,0.0,2630383000.0,506611000.0,2123772000.0,777325178.0,-25973000.0,0.0,0.0,27476000.0,0.0,7658000.0,-41922000.0,0.0,8291000.0,315000.0,-2501000.0,-2501000.0,-2501000.0,0.0,0.0,-0.013,105577000.0,40420000.0,68758000.0,0.0,0.988,-1.077,-1.075,3055915000.0,0.0,7.75,1.085,1.085,109021000.0,-1554943000.0,193191000.0,193191000.0,11776000.0,,,,,0.0,10249000.0,1.0,100300023.0,100300000,100300000.0,1.926,3417129000.0,103900000.0,400000.0,64800000.0,34.069,-335331000.0
90,PXD,MRQ,1998-12-31,1998-12-31,1998-12-31,2021-08-05,2903000.0,3481314000.0,,201988000.0,3279326000.0,,7.869,-87131000.0,59221000.0,59221000.0,54043000.0,-642871000.0,0.383,3.412,2175265000.0,306521000.0,1868744000.0,2175265000.0,0.0,90100000.0,0.0,0.011,0.0,-529903000.0,-439803000.0,-2.767,-439803000.0,-529903000.0,-571871000.0,-6.42,-6.42,-6.42,789077000.0,,789077000.0,2947572564.0,-5.0,-12.858,-39563000.0,-0.395,1.0,104923000.0,0.66,0.0,41968000.0,5070526000.0,,15221000.0,0.0,0.0,0.0,2692237000.0,526832000.0,2165405000.0,876906564.0,-10675000.0,0.0,-477000.0,7248000.0,3000.0,26694000.0,-84937000.0,0.0,47568000.0,-389000.0,-642871000.0,-642871000.0,-642871000.0,0.0,0.0,-4.044,634826000.0,-529903000.0,99429000.0,0.0,1.111,-1.175,-1.173,3089118000.0,0.0,8.75,1.215,1.213,110520000.0,-1552442000.0,158966000.0,158966000.0,35709000.0,,,,,0.0,16352000.0,1.0,100217893.0,100274000,100274000.0,1.585,3481314000.0,103900000.0,71000000.0,64200000.0,34.718,-324844000.0
91,PXD,MRQ,1998-09-30,1998-09-30,1998-09-30,2021-08-05,2022000.0,3992626000.0,,238494000.0,3754132000.0,,14.253,-103851000.0,95305000.0,95305000.0,57753000.0,-43902000.0,1.049,1.803,2165971000.0,1712000.0,2164259000.0,2165971000.0,0.0,87150000.0,0.0,0.007,0.05,-26380000.0,60770000.0,0.34,60770000.0,-26380000.0,-68202000.0,-0.44,-0.44,-0.44,1424439000.0,,1424439000.0,3508770718.0,-2.0,-3.238,2237000.0,0.022,1.0,121116000.0,0.677,0.0,41822000.0,5835959000.0,,17460000.0,0.0,0.0,0.0,2568187000.0,227333000.0,2340854000.0,1411955718.0,24643000.0,0.0,-3112000.0,33432000.0,-5023000.0,18846000.0,-100291000.0,0.0,106088000.0,-51000.0,-43902000.0,-43902000.0,-43902000.0,0.0,0.0,-0.245,147496000.0,-26380000.0,113120000.0,-0.114,0.991,-1.401,-0.76,3567651000.0,0.0,14.06,1.875,1.866,99391000.0,-909574000.0,178869000.0,178869000.0,35627000.0,,,,,0.0,19236000.0,1.0,100423593.0,99939000,99939000.0,1.79,3992626000.0,118300000.0,-24300000.0,0.0,39.951,11161000.0
92,PXD,MRQ,1998-06-30,1998-06-30,1998-06-30,2021-08-05,-2762000.0,3998421000.0,,252971000.0,3745450000.0,,14.714,-148293000.0,46041000.0,46041000.0,56613000.0,-32809000.0,1.202,1.719,2142856000.0,3772000.0,2139084000.0,2142856000.0,0.0,83808000.0,0.0,0.004,0.0,-9492000.0,74316000.0,0.401,74316000.0,-9492000.0,-50509000.0,-0.33,-0.33,-0.33,1470497000.0,,1470497000.0,4432054062.0,-3.0,-4.137,-56924000.0,-0.57,1.0,128494000.0,0.694,0.0,41017000.0,5884794000.0,,20752000.0,0.0,0.0,0.0,2527924000.0,210442000.0,2317482000.0,2398194062.0,-28405000.0,0.0,-1206000.0,37512000.0,0.0,25281000.0,-145055000.0,0.0,91369000.0,-54000.0,-32809000.0,-32809000.0,-32809000.0,0.0,0.0,-0.177,137986000.0,-9492000.0,118252000.0,0.0,1.631,-2.456,-1.308,3590238000.0,0.0,23.88,3.305,3.289,157790000.0,-860649000.0,185107000.0,185107000.0,26573000.0,,,,,0.0,17387000.0,1.0,100426887.0,99939000,99939000.0,1.852,3998421000.0,88800000.0,-17700000.0,0.0,40.009,42529000.0
93,PXD,MRQ,1998-03-31,1998-03-31,1998-03-31,2021-08-05,940000.0,4005409000.0,,306244000.0,3699165000.0,,14.968,-199179000.0,75347000.0,75347000.0,55142000.0,-26844000.0,1.296,1.661,2109207000.0,10052000.0,2099155000.0,2109207000.0,0.0,76250000.0,0.0,0.004,0.05,-766000.0,75484000.0,0.38,75484000.0,-766000.0,-40244000.0,-0.27,-0.27,-0.27,1504978000.0,,1504978000.0,4386486034.0,-3.0,-4.014,-130128000.0,-1.294,1.0,143415000.0,0.722,0.0,39478000.0,5803010000.0,,20102000.0,0.0,0.0,0.0,2500431000.0,236259000.0,2264172000.0,2510385034.0,2439000.0,-429000.0,-5572000.0,157464000.0,-5056000.0,120112000.0,-186724000.0,0.0,69051000.0,0.0,-26844000.0,-26844000.0,-26844000.0,0.0,0.0,-0.135,144181000.0,-766000.0,142413000.0,-0.185,1.668,-2.682,-1.404,3563764000.0,0.0,24.88,3.936,3.922,185381000.0,-827840000.0,198557000.0,198557000.0,23949000.0,,,,,0.0,20025000.0,1.0,100899720.0,100545000,100545000.0,1.975,4005409000.0,62400000.0,-13400000.0,0.0,39.837,69985000.0
94,PXD,MRQ,1997-12-31,1997-12-31,1997-12-31,2021-08-05,0.0,4152990000.0,,308188000.0,3844802000.0,,29.801,-184971000.0,71713000.0,71713000.0,52496000.0,-904131000.0,1.178,1.681,1949509000.0,5791000.0,1943718000.0,1949509000.0,0.0,85538000.0,0.0,0.002,0.0,-1379645000.0,-1294107000.0,-6.788,-1294107000.0,-1379645000.0,-1412931000.0,-17.45,-17.45,-17.45,1548845000.0,,1548845000.0,,,,-135830000.0,-2.613,1.0,138159000.0,0.725,0.0,33286000.0,5769234000.0,,13576000.0,0.0,0.0,0.0,2604145000.0,261552000.0,2342593000.0,2926091880.0,31082000.0,-14971000.0,-11279000.0,86323000.0,0.0,78986000.0,-97045000.0,0.0,49141000.0,0.0,-904131000.0,-904131000.0,-904131000.0,0.0,0.0,-4.742,1505914000.0,-1367755000.0,186691000.0,0.0,1.889,-3.285,-1.692,3559859000.0,0.0,29.0,5.359,2.76,191932000.0,-795940000.0,190655000.0,190655000.0,42850000.0,,,,,0.0,16994000.0,1.0,100899720.0,51973000,51973000.0,3.668,4152990000.0,223300000.0,-508800000.0,218600000.0,79.907,46636000.0
95,PXD,MRQ,1997-09-30,1997-09-30,1997-09-30,2021-08-05,,,,,,,,-86202000.0,,,42003000.0,-12566000.0,,,,,,,,67388000.0,,0.001,0.05,5544000.0,72932000.0,0.482,72932000.0,5544000.0,-18566000.0,-0.21,-0.21,-0.21,,,,,,,-31727000.0,-0.536,1.0,109275000.0,0.722,,24110000.0,,,,,,,,,,,30788000.0,-519000.0,10095000.0,57876000.0,-3722000.0,62474000.0,-86161000.0,0.0,54475000.0,0.0,-12566000.0,-12566000.0,-12566000.0,0.0,0.0,-0.083,102213000.0,7062000.0,,-0.238,,,,,0.0,42.0,,,,,151278000.0,151278000.0,15513000.0,,,,,0.0,16779000.0,1.0,,59200000,59200000.0,2.555,,,-6000000.0,,,
96,PXD,MRQ,1997-06-30,1997-06-30,1997-06-30,2021-08-05,,,,,,,,-96668000.0,,,24958000.0,7413000.0,,,,,,,,30879000.0,,,0.0,22072000.0,52951000.0,0.544,52951000.0,22072000.0,11813000.0,0.21,0.21,0.21,,,,,,,-45538000.0,-1.3,1.0,72431000.0,0.744,,10259000.0,,,,,,,,,,,418000.0,0.0,398000.0,39313000.0,0.0,39384000.0,-90096000.0,0.0,51130000.0,0.0,7413000.0,7413000.0,7413000.0,0.0,0.0,0.076,50359000.0,22072000.0,,0.0,,,,,0.0,,,,,,97389000.0,97389000.0,10800000.0,,,,,0.0,8270000.0,1.0,,35028000,35028000.0,2.78,,,4400000.0,,,
97,PXD,MRQ,1997-03-31,1997-03-31,1997-03-31,2021-08-05,,,,,,,,-73582000.0,,,24713000.0,18613000.0,,,,,,,,28630000.0,,,0.0,38608000.0,67238000.0,0.63,67238000.0,38608000.0,28713000.0,0.53,0.5,0.53,,,,,,,-119000.0,-0.003,1.0,81994000.0,0.768,,9895000.0,,,,,,,,,,,-9286000.0,0.0,-2167000.0,-10572000.0,-1754000.0,-14873000.0,-67876000.0,0.0,73463000.0,0.0,18613000.0,18613000.0,18613000.0,0.0,0.0,0.174,43386000.0,38608000.0,,0.0,,,,,0.0,,,,,,106707000.0,106707000.0,7615000.0,,,,,0.0,6720000.0,1.0,,35048000,35048000.0,3.045,,,10100000.0,,,
98,PXD,MRQ,1996-12-31,1996-12-31,1996-12-31,2021-08-05,0.0,1199865000.0,,117039000.0,1082826000.0,,14.948,,20460000.0,20460000.0,,,1.287,1.263,326289000.0,5381000.0,320908000.0,326289000.0,0.0,,0.0,,0.0,,,,,,,,,,530296000.0,,530296000.0,,,,,,1.0,,,0.0,,1414724000.0,,3644000.0,0.0,0.0,0.0,669569000.0,90970000.0,578599000.0,,,,,,,,,,,,,,,,,,,,64241000.0,,,,,1068199000.0,,,,,82968000.0,100207000.0,,,,,,,,,,1.0,,35475000,,,1199865000.0,7400000.0,,62543000.0,33.823,26069000.0
0,PXD,MRT,2021-06-30,2021-06-30,2021-06-30,2021-08-05,0.0,36784000000.0,26335250000.0,2359000000.0,34425000000.0,0.358,96.744,-1863000000.0,142000000.0,142000000.0,6211000000.0,260000000.0,0.552,0.625,7287000000.0,123000000.0,7164000000.0,7287000000.0,0.0,1910000000.0,0.0,0.014,2.22,479000000.0,2389000000.0,0.253,2389000000.0,479000000.0,330000000.0,0.99,0.91,0.99,22638000000.0,16001750000.0,22638000000.0,45483144211.0,95.0,19.039,909000000.0,3.885,1.0,3222000000.0,0.342,261000000.0,149000000.0,39395000000.0,27571500000.0,350000000.0,152000000.0,152000000.0,0.0,14146000000.0,4273000000.0,9873000000.0,39647144211.0,-107000000.0,-766000000.0,-3000000.0,330000000.0,-395000000.0,-275000000.0,-2604000000.0,0.0,2772000000.0,0.0,260000000.0,260000000.0,260000000.0,0.0,0.0,0.028,2743000000.0,479000000.0,2451000000.0,2.242,1.751,152.489,164.162,34006000000.0,0.0,162.52,4.203,4.032,1670000000.0,3550000000.0,9433000000.0,9433000000.0,57000000.0,0.01,0.016,0.017,0.051,108000000.0,271000000.0,1.0,243952401.0,234000000,247000000.0,40.312,36523000000.0,1000000.0,70000000.0,1559000000.0,156.081,-1914000000.0
1,PXD,MRT,2021-03-31,2021-03-31,2021-03-31,2021-08-05,0.0,30351000000.0,21615750000.0,2552000000.0,27799000000.0,0.317,86.41,-1534000000.0,724000000.0,724000000.0,4901000000.0,-569000000.0,0.787,0.673,6560000000.0,125000000.0,6435000000.0,6560000000.0,0.0,1679000000.0,0.0,0.014,2.21,-587000000.0,1092000000.0,0.159,1092000000.0,-587000000.0,-728000000.0,-3.36,-3.36,-3.36,18146000000.0,13277250000.0,18146000000.0,36406280070.0,-62.0,33.339,101000000.0,0.481,1.0,1952000000.0,0.285,261000000.0,141000000.0,32683000000.0,22282500000.0,327000000.0,177000000.0,177000000.0,0.0,12205000000.0,3243000000.0,8962000000.0,34397280070.0,-134000000.0,177000000.0,-52000000.0,213000000.0,-364000000.0,-434000000.0,-1335000000.0,0.0,1635000000.0,0.0,-569000000.0,-569000000.0,-569000000.0,0.0,0.0,-0.083,2539000000.0,-587000000.0,1793000000.0,-0.658,1.896,-60.452,-47.268,27381000000.0,0.0,158.82,5.019,4.867,1273000000.0,3308000000.0,6853000000.0,6853000000.0,57000000.0,-0.026,-0.043,-0.026,-0.086,108000000.0,256000000.0,1.0,216580280.0,210000000,210000000.0,32.633,30090000000.0,1000000.0,-159000000.0,1446000000.0,143.286,-691000000.0
2,PXD,MRT,2020-12-31,2020-12-31,2020-12-31,2021-08-05,0.0,19229000000.0,18790750000.0,2595000000.0,16634000000.0,0.356,70.115,-1727000000.0,1501000000.0,1501000000.0,4557000000.0,-200000000.0,1.361,0.662,3510000000.0,240000000.0,3270000000.0,3510000000.0,0.0,1639000000.0,0.0,0.019,2.2,-132000000.0,1507000000.0,0.225,1507000000.0,-132000000.0,-261000000.0,-1.21,-1.21,-1.21,11569000000.0,11793500000.0,11569000000.0,20833307194.0,-158.0,13.824,356000000.0,2.158,1.0,2128000000.0,0.318,261000000.0,129000000.0,19071000000.0,18803000000.0,224000000.0,123000000.0,123000000.0,0.0,7660000000.0,1906000000.0,5754000000.0,18724307194.0,796000000.0,60000000.0,-167000000.0,1103000000.0,-346000000.0,381000000.0,-1668000000.0,-1000000.0,2083000000.0,0.0,-200000000.0,-200000000.0,-200000000.0,0.0,0.0,-0.03,2260000000.0,-132000000.0,1030000000.0,-1.818,1.618,-93.622,-94.124,16220000000.0,0.0,113.89,2.801,2.811,695000000.0,3478000000.0,6685000000.0,6685000000.0,47000000.0,-0.011,-0.017,-0.007,-0.02,72000000.0,244000000.0,1.0,164406947.0,165000000,165000000.0,40.515,18968000000.0,4000000.0,-61000000.0,1370000000.0,114.958,689000000.0
3,PXD,MRT,2020-09-30,2020-09-30,2020-09-30,2021-08-05,0.0,18977000000.0,18755500000.0,2420000000.0,16557000000.0,0.404,70.63,-2056000000.0,1391000000.0,1391000000.0,4860000000.0,183000000.0,1.434,0.628,3500000000.0,239000000.0,3261000000.0,3500000000.0,0.0,1683000000.0,0.0,0.024,2.09,390000000.0,2073000000.0,0.274,2073000000.0,390000000.0,263000000.0,1.06,1.05,1.06,11654000000.0,11935250000.0,11654000000.0,16304107858.0,42.0,7.865,318000000.0,1.927,1.0,2718000000.0,0.359,261000000.0,127000000.0,19137000000.0,18590500000.0,191000000.0,67000000.0,67000000.0,0.0,7323000000.0,1688000000.0,5635000000.0,14126107858.0,878000000.0,149000000.0,-194000000.0,1103000000.0,-328000000.0,379000000.0,-1875000000.0,56000000.0,2374000000.0,0.0,183000000.0,183000000.0,183000000.0,0.0,0.0,0.024,2328000000.0,390000000.0,1008000000.0,1.972,1.212,77.192,81.123,16152000000.0,0.0,85.99,1.864,1.872,662000000.0,3582000000.0,7578000000.0,7578000000.0,47000000.0,0.01,0.015,0.021,0.051,73000000.0,258000000.0,1.0,164276170.0,165000000,165000000.0,45.927,18716000000.0,22000000.0,80000000.0,1408000000.0,113.43,732000000.0
4,PXD,MRT,2020-06-30,2020-06-30,2020-06-30,2021-08-05,0.0,17906000000.0,18530750000.0,1195000000.0,16711000000.0,0.436,71.152,-2688000000.0,249000000.0,249000000.0,5074000000.0,434000000.0,0.754,0.525,2427000000.0,249000000.0,2178000000.0,2427000000.0,0.0,1728000000.0,0.0,0.02,1.98,704000000.0,2432000000.0,0.301,2432000000.0,704000000.0,582000000.0,2.56,2.55,2.56,11740000000.0,11985750000.0,11740000000.0,18162136106.0,26.0,7.468,188000000.0,1.139,1.0,3014000000.0,0.373,261000000.0,122000000.0,18239000000.0,18169750000.0,170000000.0,85000000.0,85000000.0,0.0,6166000000.0,1584000000.0,4582000000.0,16107136106.0,-469000000.0,149000000.0,-395000000.0,12000000.0,-237000000.0,-812000000.0,-2533000000.0,56000000.0,2876000000.0,0.0,434000000.0,434000000.0,434000000.0,0.0,0.0,0.054,2310000000.0,704000000.0,852000000.0,0.773,1.372,37.113,38.164,16283000000.0,0.0,97.7,1.991,1.993,566000000.0,3693000000.0,8088000000.0,8088000000.0,42000000.0,0.023,0.036,0.039,0.087,71000000.0,266000000.0,1.0,164863215.0,165000000,165000000.0,49.018,17645000000.0,21000000.0,148000000.0,1407000000.0,106.939,-389000000.0
5,PXD,MRT,2020-03-31,2020-03-31,2020-03-31,2021-08-05,0.0,19051000000.0,18580750000.0,2069000000.0,16982000000.0,0.494,73.56,-3089000000.0,858000000.0,858000000.0,5678000000.0,714000000.0,0.995,0.56,2913000000.0,627000000.0,2286000000.0,2913000000.0,0.0,1724000000.0,0.0,0.02,1.43,1042000000.0,2766000000.0,0.302,2766000000.0,1042000000.0,924000000.0,4.28,4.27,4.28,12211000000.0,12019750000.0,12211000000.0,13514891186.0,13.0,4.886,247000000.0,1.488,1.0,3494000000.0,0.381,261000000.0,118000000.0,18765000000.0,17915750000.0,188000000.0,42000000.0,42000000.0,0.0,6840000000.0,2080000000.0,4760000000.0,11624891186.0,347000000.0,143000000.0,-547000000.0,350000000.0,-200000000.0,-556000000.0,-2433000000.0,512000000.0,3336000000.0,0.0,714000000.0,714000000.0,714000000.0,0.0,0.0,0.078,2452000000.0,1042000000.0,1073000000.0,0.334,0.952,16.281,16.39,16504000000.0,0.0,70.15,1.267,1.27,555000000.0,4223000000.0,9172000000.0,9172000000.0,47000000.0,0.038,0.059,0.058,0.114,92000000.0,286000000.0,1.0,165714771.0,166000000,166000000.0,55.253,18790000000.0,9000000.0,210000000.0,1468000000.0,113.193,-11000000.0
6,PXD,MRT,2019-12-31,2019-12-31,2019-12-31,2021-08-05,0.0,19088000000.0,18406750000.0,2191000000.0,16897000000.0,0.507,72.671,-3220000000.0,705000000.0,705000000.0,5645000000.0,773000000.0,0.878,0.573,2595000000.0,586000000.0,2009000000.0,2595000000.0,0.0,1711000000.0,0.0,0.008,1.2,1129000000.0,2840000000.0,0.305,2840000000.0,1129000000.0,1008000000.0,4.6,4.59,4.6,12136000000.0,12019250000.0,12136000000.0,27170914792.0,24.0,9.567,-105000000.0,-0.629,1.0,3680000000.0,0.395,261000000.0,121000000.0,18221000000.0,17648250000.0,205000000.0,187000000.0,187000000.0,0.0,6952000000.0,2496000000.0,4456000000.0,25073914792.0,-120000000.0,149000000.0,-647000000.0,0.0,-127000000.0,-788000000.0,-2447000000.0,624000000.0,3115000000.0,0.0,773000000.0,773000000.0,773000000.0,0.0,0.0,0.083,2551000000.0,1129000000.0,1411000000.0,0.261,2.066,32.437,32.907,16357000000.0,0.0,151.37,2.689,2.711,1035000000.0,4042000000.0,9325000000.0,9325000000.0,58000000.0,0.042,0.064,0.064,0.121,100000000.0,324000000.0,1.0,165646527.0,167000000,167000000.0,55.838,18827000000.0,7000000.0,235000000.0,1396000000.0,112.737,-305000000.0
7,PXD,MRT,2019-09-30,2019-09-30,2019-09-30,2021-08-05,0.0,18078000000.0,18110500000.0,1923000000.0,16155000000.0,0.516,70.994,-3665000000.0,513000000.0,513000000.0,5239000000.0,735000000.0,0.782,0.525,2610000000.0,589000000.0,2021000000.0,2610000000.0,0.0,1675000000.0,0.0,0.006,0.76,1067000000.0,2742000000.0,0.294,2742000000.0,1067000000.0,951000000.0,4.32,4.31,4.32,11856000000.0,12013000000.0,11856000000.0,22925654094.0,21.0,8.361,-464000000.0,-2.778,1.0,4097000000.0,0.439,261000000.0,116000000.0,17454000000.0,17413000000.0,246000000.0,151000000.0,151000000.0,0.0,6222000000.0,2460000000.0,3762000000.0,21021654094.0,-406000000.0,86000000.0,-749000000.0,0.0,-82000000.0,-860000000.0,-2747000000.0,750000000.0,3201000000.0,0.0,735000000.0,735000000.0,735000000.0,0.0,0.0,0.079,3030000000.0,1067000000.0,1417000000.0,0.176,1.773,28.601,29.113,15647000000.0,0.0,125.77,2.252,2.25,853000000.0,3755000000.0,9336000000.0,9336000000.0,77000000.0,0.041,0.061,0.061,0.114,103000000.0,345000000.0,1.0,167143628.0,167000000,167000000.0,55.904,17817000000.0,6000000.0,216000000.0,1279000000.0,106.689,-537000000.0
8,PXD,MRT,2019-06-30,2019-06-30,2019-06-30,2021-08-05,0.0,18106000000.0,18097000000.0,2175000000.0,15931000000.0,0.524,70.69,-3724000000.0,718000000.0,718000000.0,5023000000.0,915000000.0,0.861,0.525,2622000000.0,590000000.0,2032000000.0,2622000000.0,0.0,1632000000.0,0.0,0.003,0.48,1294000000.0,2926000000.0,0.308,2926000000.0,1294000000.0,1177000000.0,5.34,5.32,5.34,11876000000.0,12022500000.0,11876000000.0,28049676021.0,22.0,9.586,-543000000.0,-3.232,1.0,4464000000.0,0.471,262000000.0,117000000.0,17223000000.0,17274250000.0,249000000.0,344000000.0,344000000.0,0.0,6230000000.0,2525000000.0,3705000000.0,25913676021.0,-74000000.0,358000000.0,-545000000.0,0.0,-82000000.0,-649000000.0,-2606000000.0,703000000.0,3181000000.0,0.0,915000000.0,915000000.0,915000000.0,0.0,0.0,0.096,3170000000.0,1294000000.0,1572000000.0,0.09,2.182,28.321,28.813,15369000000.0,0.0,153.86,2.731,2.725,789000000.0,3597000000.0,9487000000.0,9487000000.0,86000000.0,0.051,0.076,0.075,0.136,106000000.0,369000000.0,1.0,168423736.0,168000000,168000000.0,56.47,17844000000.0,6000000.0,262000000.0,1208000000.0,106.214,-350000000.0
9,PXD,MRT,2019-03-31,2019-03-31,2019-03-31,2021-08-05,0.0,18355000000.0,17932750000.0,2505000000.0,15850000000.0,0.54,72.243,-3727000000.0,511000000.0,511000000.0,4972000000.0,1147000000.0,0.989,0.503,2647000000.0,594000000.0,2053000000.0,2647000000.0,0.0,1598000000.0,0.0,0.003,0.48,1598000000.0,3196000000.0,0.33,3196000000.0,1598000000.0,1478000000.0,6.73,6.71,6.73,12209000000.0,11924000000.0,12209000000.0,27098310962.0,17.0,8.479,-436000000.0,-2.58,1.0,4703000000.0,0.486,264000000.0,120000000.0,17695000000.0,17071250000.0,253000000.0,803000000.0,792000000.0,11000000.0,6146000000.0,2532000000.0,3614000000.0,25639310962.0,-490000000.0,471000000.0,-348000000.0,-450000000.0,-55000000.0,-881000000.0,-2900000000.0,356000000.0,3291000000.0,0.0,1150000000.0,1150000000.0,1150000000.0,0.0,-3000000.0,0.119,3108000000.0,1595000000.0,1717000000.0,0.071,2.1,22.295,22.627,15473000000.0,0.0,152.28,2.65,2.66,877000000.0,3766000000.0,9675000000.0,9675000000.0,99000000.0,0.064,0.096,0.094,0.165,92000000.0,384000000.0,1.0,168369523.0,169000000,169000000.0,57.249,18091000000.0,6000000.0,328000000.0,1257000000.0,107.047,-27000000.0
10,PXD,MRT,2018-12-31,2018-12-31,2018-12-31,2021-08-05,0.0,17903000000.0,17674750000.0,2580000000.0,15323000000.0,0.533,70.825,-3783000000.0,825000000.0,825000000.0,5069000000.0,975000000.0,1.419,0.478,2284000000.0,0.0,2284000000.0,2284000000.0,0.0,1534000000.0,0.0,0.002,0.32,1380000000.0,2914000000.0,0.31,2914000000.0,1380000000.0,1254000000.0,5.71,5.7,5.71,12111000000.0,11721000000.0,12111000000.0,23786173945.0,17.0,8.163,-541000000.0,-3.164,1.0,4346000000.0,0.462,264000000.0,126000000.0,17280000000.0,16781500000.0,242000000.0,740000000.0,615000000.0,125000000.0,5792000000.0,1818000000.0,3974000000.0,22419173945.0,-71000000.0,469000000.0,-171000000.0,-450000000.0,-55000000.0,-703000000.0,-2610000000.0,704000000.0,3242000000.0,0.0,978000000.0,978000000.0,978000000.0,0.0,-3000000.0,0.104,2969000000.0,1377000000.0,1624000000.0,0.056,1.851,22.923,23.033,14839000000.0,0.0,131.52,2.381,2.389,814000000.0,3470000000.0,9415000000.0,9415000000.0,114000000.0,0.055,0.083,0.082,0.147,85000000.0,381000000.0,1.0,170462089.0,171000000,171000000.0,55.058,17639000000.0,7000000.0,276000000.0,1154000000.0,103.152,762000000.0
11,PXD,MRT,2018-09-30,2018-09-30,2018-09-30,2021-08-05,0.0,18024000000.0,17449750000.0,2660000000.0,15364000000.0,0.474,69.556,-3434000000.0,919000000.0,919000000.0,4784000000.0,1317000000.0,1.196,0.515,2286000000.0,0.0,2286000000.0,2286000000.0,0.0,1497000000.0,0.0,0.002,0.32,1037000000.0,2534000000.0,0.307,2534000000.0,1037000000.0,904000000.0,7.7,7.68,7.7,11894000000.0,11511750000.0,11894000000.0,31175189209.0,30.0,12.303,-308000000.0,-1.801,1.0,3479000000.0,0.421,267000000.0,133000000.0,16899000000.0,16571750000.0,269000000.0,750000000.0,557000000.0,193000000.0,6130000000.0,2225000000.0,3905000000.0,29682189209.0,283000000.0,735000000.0,-44000000.0,-450000000.0,-34000000.0,-536000000.0,-2307000000.0,739000000.0,3126000000.0,0.0,1320000000.0,1320000000.0,1320000000.0,0.0,-3000000.0,0.16,2445000000.0,1034000000.0,1555000000.0,0.042,2.496,22.487,22.622,14795000000.0,0.0,174.19,3.592,3.605,876000000.0,3147000000.0,8263000000.0,8263000000.0,111000000.0,0.076,0.115,0.063,0.125,81000000.0,362000000.0,1.0,170401224.0,171000000,171000000.0,48.322,17757000000.0,7000000.0,-416000000.0,1066000000.0,103.842,435000000.0
12,PXD,MRT,2018-06-30,2018-06-30,2018-06-30,2021-08-05,0.0,17449000000.0,17060000000.0,2459000000.0,14990000000.0,0.408,67.541,-3161000000.0,792000000.0,792000000.0,4209000000.0,883000000.0,1.087,0.52,2285000000.0,0.0,2285000000.0,2285000000.0,0.0,1457000000.0,0.0,0.001,0.2,481000000.0,1938000000.0,0.279,1938000000.0,481000000.0,341000000.0,5.17,5.16,5.17,11482000000.0,11186000000.0,11482000000.0,33983694991.0,71.0,17.535,-455000000.0,-2.676,1.0,2745000000.0,0.395,269000000.0,140000000.0,16411000000.0,16490750000.0,236000000.0,704000000.0,391000000.0,313000000.0,5965000000.0,2262000000.0,3703000000.0,32251694991.0,132000000.0,463000000.0,-44000000.0,-450000000.0,-34000000.0,-535000000.0,-2039000000.0,1004000000.0,2706000000.0,0.0,886000000.0,886000000.0,886000000.0,0.0,-3000000.0,0.127,2267000000.0,478000000.0,1523000000.0,0.039,2.809,36.401,36.603,14295000000.0,0.0,189.24,4.638,4.626,853000000.0,2764000000.0,6954000000.0,6954000000.0,109000000.0,0.052,0.079,0.029,0.069,77000000.0,347000000.0,1.0,170427473.0,170000000,171000000.0,40.906,17180000000.0,7000000.0,-545000000.0,947000000.0,101.059,197000000.0
13,PXD,MRT,2018-03-31,2018-03-31,2018-03-31,2021-08-05,0.0,17323000000.0,16765500000.0,2824000000.0,14499000000.0,0.376,67.041,-3057000000.0,1001000000.0,1001000000.0,3431000000.0,1053000000.0,1.255,0.52,2733000000.0,449000000.0,2284000000.0,2733000000.0,0.0,1420000000.0,0.0,0.001,0.2,753000000.0,2173000000.0,0.345,2173000000.0,753000000.0,610000000.0,6.15,6.14,6.15,11397000000.0,10964750000.0,11397000000.0,31090275718.0,41.0,14.308,-767000000.0,-4.512,1.0,2874000000.0,0.456,269000000.0,143000000.0,16536000000.0,16516250000.0,218000000.0,815000000.0,722000000.0,93000000.0,5921000000.0,2250000000.0,3671000000.0,29254275718.0,338000000.0,356000000.0,-39000000.0,0.0,-14000000.0,-53000000.0,-1899000000.0,880000000.0,2290000000.0,0.0,1053000000.0,1053000000.0,1053000000.0,0.0,0.0,0.167,2121000000.0,753000000.0,1270000000.0,0.033,2.567,27.782,27.932,14029000000.0,0.0,171.78,4.64,4.632,826000000.0,2698000000.0,6305000000.0,6305000000.0,107000000.0,0.063,0.096,0.046,0.119,74000000.0,333000000.0,1.0,170300825.0,170000000,171000000.0,37.088,17054000000.0,7000000.0,-443000000.0,929000000.0,100.318,574000000.0
14,PXD,MRT,2017-12-31,2017-12-31,2017-12-31,2021-08-05,0.0,17003000000.0,16372000000.0,3007000000.0,13996000000.0,0.333,66.318,-2707000000.0,896000000.0,896000000.0,2613000000.0,833000000.0,1.413,0.508,2732000000.0,449000000.0,2283000000.0,2732000000.0,0.0,1400000000.0,0.0,0.0,0.08,462000000.0,1862000000.0,0.341,1862000000.0,462000000.0,309000000.0,4.86,4.85,4.86,11274000000.0,10700750000.0,11274000000.0,31508066055.0,68.0,16.922,-608000000.0,-3.576,1.0,2842000000.0,0.521,270000000.0,153000000.0,16441000000.0,16530000000.0,212000000.0,1279000000.0,1213000000.0,66000000.0,5724000000.0,2128000000.0,3596000000.0,29413066055.0,-222000000.0,352000000.0,-30000000.0,-485000000.0,-14000000.0,-529000000.0,-1792000000.0,563000000.0,2099000000.0,0.0,833000000.0,833000000.0,833000000.0,0.0,0.0,0.153,2380000000.0,462000000.0,1282000000.0,0.016,2.609,35.31,35.566,13528000000.0,0.0,172.85,5.392,5.387,645000000.0,2547000000.0,5455000000.0,5455000000.0,106000000.0,0.051,0.078,0.028,0.085,79000000.0,326000000.0,1.0,170165265.0,170000000,170000000.0,32.088,16733000000.0,7000000.0,-524000000.0,899000000.0,98.429,879000000.0
15,PXD,MRT,2017-09-30,2017-09-30,2017-09-30,2021-08-05,0.0,16465000000.0,16236000000.0,2901000000.0,13564000000.0,0.287,62.3,-2476000000.0,636000000.0,636000000.0,1955000000.0,125000000.0,1.692,0.554,2731000000.0,449000000.0,2282000000.0,2731000000.0,0.0,1390000000.0,0.0,0.001,0.08,327000000.0,1717000000.0,0.369,1717000000.0,327000000.0,163000000.0,0.74,0.74,0.74,10591000000.0,10483250000.0,10591000000.0,27166194740.0,83.0,15.822,-634000000.0,-3.729,1.0,2699000000.0,0.58,270000000.0,164000000.0,16575000000.0,16598750000.0,187000000.0,1508000000.0,1357000000.0,151000000.0,5868000000.0,1715000000.0,4153000000.0,25096194740.0,-255000000.0,5000000.0,-30000000.0,-485000000.0,-13000000.0,-528000000.0,-1569000000.0,555000000.0,1842000000.0,0.0,125000000.0,125000000.0,125000000.0,0.0,0.0,0.027,2372000000.0,327000000.0,1105000000.0,0.108,2.37,200.77,199.378,13030000000.0,0.0,147.54,5.392,5.389,649000000.0,1882000000.0,4654000000.0,4654000000.0,100000000.0,0.008,0.012,0.02,0.07,84000000.0,336000000.0,1.0,170097565.0,170000000,170000000.0,27.376,16195000000.0,1000000.0,38000000.0,1475000000.0,95.265,1186000000.0
16,PXD,MRT,2017-06-30,2017-06-30,2017-06-30,2021-08-05,0.0,16271000000.0,16201000000.0,3064000000.0,13207000000.0,0.288,62.335,-2217000000.0,660000000.0,660000000.0,1939000000.0,170000000.0,1.967,0.535,2730000000.0,449000000.0,2281000000.0,2730000000.0,0.0,1421000000.0,0.0,0.001,0.08,318000000.0,1739000000.0,0.372,1739000000.0,318000000.0,141000000.0,1.0,1.0,1.0,10597000000.0,10441500000.0,10597000000.0,29209626372.0,92.0,16.797,-389000000.0,-2.288,1.0,2734000000.0,0.585,270000000.0,177000000.0,16513000000.0,16704000000.0,192000000.0,1726000000.0,1539000000.0,187000000.0,5669000000.0,1558000000.0,4111000000.0,27143626372.0,-1165000000.0,77000000.0,-31000000.0,-940000000.0,-13000000.0,-984000000.0,-2009000000.0,-214000000.0,1828000000.0,0.0,170000000.0,170000000.0,170000000.0,0.0,0.0,0.036,2416000000.0,318000000.0,944000000.0,0.08,2.561,159.668,159.58,12618000000.0,0.0,159.58,5.809,5.805,491000000.0,1912000000.0,4673000000.0,4673000000.0,101000000.0,0.01,0.016,0.019,0.068,88000000.0,337000000.0,1.0,170094162.0,170000000,170000000.0,27.488,16001000000.0,1000000.0,-29000000.0,1487000000.0,94.124,1506000000.0
17,PXD,MRT,2017-03-31,2017-03-31,2017-03-31,2021-08-05,0.0,15749000000.0,16335250000.0,2940000000.0,12809000000.0,0.245,60.829,-2033000000.0,663000000.0,663000000.0,1965000000.0,-331000000.0,3.088,0.522,2729000000.0,0.0,2729000000.0,2729000000.0,0.0,1464000000.0,0.0,0.0,0.08,-426000000.0,1038000000.0,0.26,1038000000.0,-426000000.0,-624000000.0,-1.99,-1.99,-1.99,10341000000.0,10387000000.0,10341000000.0,33716288419.0,-79.0,32.482,-279000000.0,-1.641,1.0,2032000000.0,0.508,272000000.0,198000000.0,16591000000.0,16711750000.0,200000000.0,1714000000.0,1546000000.0,168000000.0,5401000000.0,952000000.0,4449000000.0,31621288419.0,-949000000.0,78000000.0,906000000.0,-940000000.0,-13000000.0,-47000000.0,-2656000000.0,-779000000.0,1754000000.0,0.0,-331000000.0,-331000000.0,-331000000.0,0.0,0.0,-0.083,2458000000.0,-426000000.0,802000000.0,-0.04,3.058,-95.533,-93.583,12259000000.0,0.0,186.23,7.911,7.921,427000000.0,1679000000.0,3997000000.0,3997000000.0,93000000.0,-0.02,-0.032,-0.025,-0.107,90000000.0,336000000.0,1.0,169796963.0,170000000,170000000.0,23.512,15477000000.0,3000000.0,-293000000.0,1366000000.0,91.041,1988000000.0
18,PXD,MRT,2016-12-31,2016-12-31,2016-12-31,2021-08-05,0.0,16459000000.0,16440750000.0,3298000000.0,13161000000.0,0.206,62.675,-2064000000.0,1118000000.0,1118000000.0,1872000000.0,-556000000.0,2.106,0.581,3213000000.0,485000000.0,2728000000.0,3213000000.0,0.0,1480000000.0,0.0,0.0,0.08,-752000000.0,728000000.0,0.215,728000000.0,-752000000.0,-959000000.0,-3.34,-3.34,-3.34,10404000000.0,10223750000.0,10404000000.0,32881602307.0,-44.0,45.167,-564000000.0,-3.398,1.0,1510000000.0,0.446,272000000.0,207000000.0,16716000000.0,16605000000.0,181000000.0,1861000000.0,1441000000.0,420000000.0,6048000000.0,1566000000.0,4482000000.0,30561602307.0,-273000000.0,79000000.0,2516000000.0,-455000000.0,-13000000.0,2048000000.0,-3821000000.0,-1836000000.0,1500000000.0,0.0,-556000000.0,-556000000.0,-556000000.0,0.0,0.0,-0.164,2262000000.0,-752000000.0,875000000.0,-0.024,2.937,-54.967,-53.913,12370000000.0,0.0,180.07,9.037,8.838,518000000.0,1728000000.0,3382000000.0,3382000000.0,119000000.0,-0.034,-0.054,-0.045,-0.222,89000000.0,325000000.0,1.0,169720677.0,166000000,166000000.0,20.373,16187000000.0,3000000.0,-403000000.0,1397000000.0,97.512,1732000000.0
19,PXD,MRT,2016-09-30,2016-09-30,2016-09-30,2021-08-05,0.0,16325000000.0,16114500000.0,3454000000.0,12871000000.0,0.215,61.318,-2172000000.0,891000000.0,891000000.0,1919000000.0,-1136000000.0,2.508,0.565,3211000000.0,485000000.0,2726000000.0,3211000000.0,0.0,1505000000.0,0.0,0.0,0.08,-1638000000.0,-133000000.0,-0.038,-133000000.0,-1638000000.0,-1848000000.0,-7.3,-7.3,-7.3,10424000000.0,9714750000.0,10424000000.0,33326702365.0,-20.0,-250.577,-747000000.0,-4.394,1.0,1549000000.0,0.447,272000000.0,210000000.0,16996000000.0,16347000000.0,159000000.0,2052000000.0,1733000000.0,319000000.0,5894000000.0,1377000000.0,4517000000.0,31487702365.0,310000000.0,71000000.0,2517000000.0,543000000.0,-13000000.0,3031000000.0,-4146000000.0,-2045000000.0,1425000000.0,0.0,-1136000000.0,-1136000000.0,-1136000000.0,1000000.0,0.0,-0.328,3186000000.0,-1637000000.0,783000000.0,-0.011,3.021,-27.718,-25.432,12183000000.0,0.0,185.65,9.079,9.1,447000000.0,1772000000.0,3468000000.0,3468000000.0,116000000.0,-0.07,-0.117,-0.1,-0.472,86000000.0,317000000.0,1.0,169607877.0,170000000,170000000.0,20.4,16053000000.0,26000000.0,-712000000.0,1437000000.0,94.429,2077000000.0
20,PXD,MRT,2016-06-30,2016-06-30,2016-06-30,2021-08-05,0.0,16808000000.0,15774500000.0,4699000000.0,12109000000.0,0.286,63.287,-2277000000.0,1825000000.0,1825000000.0,1852000000.0,-512000000.0,2.566,0.619,3664000000.0,939000000.0,2725000000.0,3664000000.0,0.0,1483000000.0,0.0,0.001,0.08,-585000000.0,898000000.0,0.199,898000000.0,-585000000.0,-791000000.0,-3.15,-3.16,-3.15,10379000000.0,9352250000.0,10379000000.0,26779395905.0,-46.0,29.821,-935000000.0,-5.701,1.0,2667000000.0,0.59,272000000.0,206000000.0,16544000000.0,16008000000.0,165000000.0,1997000000.0,1974000000.0,23000000.0,6422000000.0,1831000000.0,4591000000.0,24731395905.0,1606000000.0,548000000.0,2517000000.0,998000000.0,-13000000.0,3487000000.0,-3223000000.0,-1494000000.0,1342000000.0,0.0,-512000000.0,-512000000.0,-512000000.0,3000000.0,0.0,-0.113,3249000000.0,-582000000.0,741000000.0,-0.025,2.383,-48.304,-48.003,11717000000.0,0.0,151.21,5.473,5.488,434000000.0,1756000000.0,4519000000.0,4519000000.0,122000000.0,-0.032,-0.055,-0.037,-0.129,87000000.0,316000000.0,1.0,163556616.0,164000000,164000000.0,27.555,16536000000.0,4000000.0,-279000000.0,1494000000.0,100.829,2868000000.0
21,PXD,MRT,2016-03-31,2016-03-31,2016-03-31,2021-08-05,0.0,16171000000.0,15073000000.0,4081000000.0,12090000000.0,0.29,59.802,-2222000000.0,1612000000.0,1612000000.0,1702000000.0,-462000000.0,2.289,0.668,3660000000.0,936000000.0,2724000000.0,3660000000.0,0.0,1428000000.0,0.0,0.001,0.08,-525000000.0,903000000.0,0.206,903000000.0,-525000000.0,-721000000.0,-2.98,-2.99,-2.98,9688000000.0,8832750000.0,9688000000.0,25242128617.0,-48.0,27.954,-961000000.0,-5.932,1.0,2675000000.0,0.611,272000000.0,196000000.0,16164000000.0,15659500000.0,153000000.0,1414000000.0,1393000000.0,21000000.0,6476000000.0,1783000000.0,4693000000.0,22978128617.0,1229000000.0,550000000.0,1579000000.0,998000000.0,-12000000.0,2554000000.0,-2586000000.0,-914000000.0,1261000000.0,0.0,-462000000.0,-462000000.0,-462000000.0,4000000.0,0.0,-0.106,3196000000.0,-521000000.0,728000000.0,-0.027,2.372,-49.736,-47.228,11665000000.0,0.0,140.74,5.25,5.209,351000000.0,2024000000.0,4377000000.0,4377000000.0,132000000.0,-0.031,-0.052,-0.034,-0.12,89000000.0,319000000.0,1.0,163266510.0,162000000,162000000.0,27.019,15899000000.0,3000000.0,-259000000.0,1637000000.0,98.142,2298000000.0
22,PXD,MRT,2015-12-31,2015-12-31,2015-12-31,2021-08-05,0.0,15154000000.0,14617000000.0,3194000000.0,11960000000.0,0.312,56.161,-2393000000.0,1391000000.0,1391000000.0,1601000000.0,-273000000.0,2.185,0.81,3655000000.0,448000000.0,3207000000.0,3655000000.0,0.0,1385000000.0,0.0,0.001,0.08,-241000000.0,1144000000.0,0.251,1144000000.0,-241000000.0,-428000000.0,-1.83,-1.83,-1.83,8368000000.0,8533500000.0,8368000000.0,20823003484.0,-86.0,18.202,-1138000000.0,-7.638,1.0,2960000000.0,0.649,272000000.0,187000000.0,15684000000.0,15418000000.0,155000000.0,498000000.0,498000000.0,0.0,6779000000.0,1462000000.0,5317000000.0,18729003484.0,366000000.0,553000000.0,-25000000.0,998000000.0,-12000000.0,951000000.0,-1840000000.0,0.0,1255000000.0,0.0,-273000000.0,-273000000.0,-273000000.0,7000000.0,0.0,-0.06,3194000000.0,-234000000.0,883000000.0,-0.044,2.238,-68.604,-68.514,11545000000.0,0.0,125.38,4.106,4.096,385000000.0,2298000000.0,4561000000.0,4561000000.0,99000000.0,-0.019,-0.032,-0.016,-0.053,90000000.0,327000000.0,1.0,149377919.0,149000000,149000000.0,30.611,14882000000.0,43000000.0,-155000000.0,1778000000.0,99.879,1732000000.0
23,PXD,MRT,2015-09-30,2015-09-30,2015-09-30,2021-08-05,0.0,14965000000.0,14555750000.0,2403000000.0,12562000000.0,0.373,60.228,-2857000000.0,581000000.0,581000000.0,1747000000.0,781000000.0,2.095,0.667,2675000000.0,0.0,2675000000.0,2675000000.0,0.0,1316000000.0,0.0,0.001,0.08,1397000000.0,2713000000.0,0.499,2713000000.0,1397000000.0,1213000000.0,5.25,5.23,5.25,8974000000.0,8586750000.0,8974000000.0,20614823052.0,15.0,7.599,-1500000000.0,-10.067,1.0,3687000000.0,0.679,272000000.0,184000000.0,15640000000.0,15207250000.0,238000000.0,497000000.0,497000000.0,0.0,5984000000.0,1147000000.0,4837000000.0,18161823052.0,31000000.0,578000000.0,954000000.0,0.0,-12000000.0,953000000.0,-2279000000.0,0.0,1357000000.0,0.0,781000000.0,781000000.0,781000000.0,5000000.0,0.0,0.144,2285000000.0,1402000000.0,849000000.0,0.015,2.024,23.255,23.17,12042000000.0,0.0,121.64,3.342,3.335,413000000.0,2921000000.0,5434000000.0,5434000000.0,175000000.0,0.054,0.091,0.092,0.257,91000000.0,335000000.0,1.0,149307983.0,149000000,150000000.0,36.47,14693000000.0,0.0,432000000.0,2124000000.0,98.611,1256000000.0
24,PXD,MRT,2015-06-30,2015-06-30,2015-06-30,2021-08-05,0.0,14002000000.0,14132500000.0,1305000000.0,12697000000.0,0.333,55.711,-3317000000.0,219000000.0,219000000.0,1603000000.0,509000000.0,1.263,0.686,2672000000.0,0.0,2672000000.0,2672000000.0,0.0,1226000000.0,0.0,0.001,0.08,1006000000.0,2232000000.0,0.474,2232000000.0,1006000000.0,822000000.0,3.55,3.54,3.55,8301000000.0,8129500000.0,8301000000.0,22991260974.0,23.0,10.301,-1702000000.0,-11.423,1.0,3107000000.0,0.66,272000000.0,184000000.0,15150000000.0,14715500000.0,269000000.0,277000000.0,0.0,277000000.0,5694000000.0,1033000000.0,4661000000.0,20706260974.0,-226000000.0,515000000.0,954000000.0,0.0,-12000000.0,961000000.0,-2802000000.0,0.0,1615000000.0,0.0,509000000.0,509000000.0,509000000.0,40000000.0,0.0,0.108,2061000000.0,1046000000.0,829000000.0,0.023,2.494,40.68,39.068,11961000000.0,0.0,138.69,4.396,4.387,390000000.0,2281000000.0,4710000000.0,4710000000.0,172000000.0,0.036,0.063,0.068,0.214,88000000.0,335000000.0,1.0,149298875.0,149000000,149000000.0,31.611,13730000000.0,22000000.0,313000000.0,1795000000.0,92.148,272000000.0
25,PXD,MRT,2015-03-31,2015-03-31,2015-03-31,2021-08-05,0.0,14347000000.0,13809500000.0,1694000000.0,12653000000.0,0.362,56.987,-3585000000.0,383000000.0,383000000.0,1587000000.0,728000000.0,1.458,0.689,2668000000.0,0.0,2668000000.0,2668000000.0,0.0,1140000000.0,0.0,0.0,0.08,1381000000.0,2521000000.0,0.504,2521000000.0,1381000000.0,1196000000.0,5.02,5.01,5.02,8491000000.0,7739500000.0,8491000000.0,25997063253.0,19.0,10.312,-1581000000.0,-10.611,1.0,3411000000.0,0.682,272000000.0,185000000.0,15198000000.0,14224250000.0,266000000.0,259000000.0,0.0,259000000.0,5848000000.0,1162000000.0,4686000000.0,24357063253.0,126000000.0,795000000.0,956000000.0,-50000000.0,-12000000.0,912000000.0,-2790000000.0,0.0,2004000000.0,0.0,728000000.0,728000000.0,728000000.0,93000000.0,0.0,0.146,1937000000.0,1474000000.0,878000000.0,0.016,2.869,33.458,32.572,11846000000.0,0.0,163.51,4.873,4.875,343000000.0,2500000000.0,4998000000.0,4998000000.0,172000000.0,0.053,0.094,0.097,0.276,84000000.0,334000000.0,1.0,148963753.0,149000000,149000000.0,33.544,14075000000.0,22000000.0,468000000.0,1924000000.0,94.463,532000000.0
26,PXD,MRT,2014-12-31,2014-12-31,2014-12-31,2021-08-05,0.0,14909000000.0,13339000000.0,2359000000.0,12550000000.0,0.38,59.59,-3576000000.0,1025000000.0,1025000000.0,1616000000.0,930000000.0,1.662,0.737,2648000000.0,0.0,2648000000.0,2648000000.0,0.0,1047000000.0,0.0,0.001,0.08,1670000000.0,2717000000.0,0.536,2717000000.0,1670000000.0,1486000000.0,6.4,6.38,6.4,8581000000.0,7295500000.0,8581000000.0,23419563426.0,14.0,8.62,-1210000000.0,-8.403,1.0,3456000000.0,0.681,272000000.0,184000000.0,14841000000.0,13775250000.0,241000000.0,239000000.0,0.0,239000000.0,6320000000.0,1419000000.0,4901000000.0,21307563426.0,632000000.0,877000000.0,959000000.0,0.0,-12000000.0,965000000.0,-2699000000.0,0.0,2366000000.0,0.0,930000000.0,930000000.0,930000000.0,111000000.0,0.0,0.183,1675000000.0,1781000000.0,1320000000.0,0.013,2.483,22.911,23.258,11781000000.0,0.0,148.85,4.201,4.226,440000000.0,2583000000.0,5072000000.0,5072000000.0,177000000.0,0.07,0.127,0.121,0.329,84000000.0,333000000.0,1.0,143147890.0,144000000,144000000.0,35.222,14637000000.0,23000000.0,556000000.0,1965000000.0,101.646,940000000.0
27,PXD,MRT,2014-09-30,2014-09-30,2014-09-30,2021-08-05,0.0,13272000000.0,12685250000.0,1491000000.0,11781000000.0,0.343,49.965,-3212000000.0,550000000.0,550000000.0,1530000000.0,-860000000.0,1.036,0.856,2662000000.0,0.0,2662000000.0,2662000000.0,0.0,973000000.0,0.0,0.0,0.08,-861000000.0,112000000.0,0.026,112000000.0,-861000000.0,-1044000000.0,-6.59,-6.54,-6.59,7145000000.0,6800750000.0,7145000000.0,30400090272.0,-35.0,271.429,-873000000.0,-6.105,1.0,2818000000.0,0.648,272000000.0,183000000.0,13673000000.0,13322500000.0,237000000.0,221000000.0,0.0,221000000.0,6119000000.0,1439000000.0,4680000000.0,28186090272.0,-194000000.0,906000000.0,-20000000.0,-201000000.0,-11000000.0,-227000000.0,-2306000000.0,0.0,2339000000.0,0.0,-869000000.0,-869000000.0,-869000000.0,603000000.0,9000000.0,-0.2,3067000000.0,-249000000.0,1330000000.0,-0.012,3.945,-32.435,-29.889,11130000000.0,0.0,196.97,6.483,6.478,490000000.0,2152000000.0,4348000000.0,4348000000.0,113000000.0,-0.069,-0.128,-0.065,-0.198,81000000.0,340000000.0,1.0,143098392.0,143000000,143000000.0,30.406,13000000000.0,24000000.0,-175000000.0,1735000000.0,90.909,52000000.0
28,PXD,MRT,2014-06-30,2014-06-30,2014-06-30,2021-08-05,0.0,12710000000.0,13003486000.0,1380000000.0,11330000000.0,0.28,47.14,-2859000000.0,445000000.0,445000000.0,1394000000.0,-1136000000.0,0.942,0.884,2659000000.0,0.0,2659000000.0,2659000000.0,0.0,912000000.0,0.0,0.0,0.08,-1333000000.0,-421000000.0,-0.116,-421000000.0,-1333000000.0,-1515000000.0,-8.52,-8.47,-8.52,6741000000.0,6909801750.0,6741000000.0,35322619809.0,-26.0,-83.902,-467000000.0,-3.266,1.0,2248000000.0,0.617,274000000.0,182000000.0,13185000000.0,13693634500.0,221000000.0,229000000.0,0.0,229000000.0,5960000000.0,1465000000.0,4495000000.0,32873619809.0,-251000000.0,430000000.0,-21000000.0,-176000000.0,-11000000.0,-214000000.0,-2429000000.0,0.0,2392000000.0,0.0,-1152000000.0,-1152000000.0,-1152000000.0,547000000.0,16000000.0,-0.316,3018000000.0,-770000000.0,1145000000.0,-0.009,4.877,-28.536,-26.973,10704000000.0,0.0,229.81,9.026,9.023,465000000.0,1784000000.0,3642000000.0,3642000000.0,121000000.0,-0.089,-0.167,-0.097,-0.366,80000000.0,331000000.0,1.0,143046951.0,143000000,143000000.0,25.469,12436000000.0,7000000.0,-363000000.0,1512000000.0,86.965,-85000000.0
29,PXD,MRT,2014-03-31,2014-03-31,2014-03-31,2021-08-05,0.0,12465000000.0,13366632750.0,1542000000.0,10923000000.0,0.289,46.958,-2835000000.0,257000000.0,257000000.0,1232000000.0,-786000000.0,1.246,0.855,2706000000.0,0.0,2706000000.0,2706000000.0,0.0,894000000.0,0.0,0.0,0.08,-850000000.0,44000000.0,0.011,44000000.0,-850000000.0,-1028000000.0,-6.11,-6.08,-6.11,6715000000.0,7090874500.0,6715000000.0,29005829080.0,-34.0,659.223,-583000000.0,-4.077,1.0,2637000000.0,0.682,274000000.0,178000000.0,13402000000.0,14147028250.0,231000000.0,239000000.0,0.0,239000000.0,5741000000.0,1238000000.0,4503000000.0,26745416080.0,-173000000.0,776000000.0,-19000000.0,-323000000.0,-11000000.0,-366000000.0,-2059000000.0,0.0,2252000000.0,0.0,-816000000.0,-816000000.0,-816000000.0,482000000.0,30000000.0,-0.211,2975000000.0,-338000000.0,971000000.0,-0.013,3.983,-32.776,-30.628,10215000000.0,0.0,187.14,6.913,6.917,439000000.0,1782000000.0,3869000000.0,3869000000.0,111000000.0,-0.061,-0.115,-0.06,-0.22,76000000.0,315000000.0,1.0,142916619.0,143000000,143000000.0,27.056,12191000000.0,0.0,-212000000.0,1525000000.0,85.252,304000000.0
30,PXD,MRT,2013-12-31,2013-12-31,2013-12-31,2021-08-05,0.0,12294000000.0,13690707000.0,1730000000.0,10564000000.0,0.267,48.544,-2876000000.0,393000000.0,393000000.0,1116000000.0,-799000000.0,1.384,0.86,2653000000.0,0.0,2653000000.0,2653000000.0,0.0,889000000.0,0.0,0.0,0.08,-867000000.0,22000000.0,0.006,22000000.0,-867000000.0,-1051000000.0,-6.16,-6.16,-6.16,6602000000.0,7184282000.0,6602000000.0,27631653514.0,-32.0,1255.984,-730000000.0,-5.368,1.0,2542000000.0,0.695,274000000.0,184000000.0,13030000000.0,14566096000.0,220000000.0,225000000.0,0.0,225000000.0,5679000000.0,1250000000.0,4429000000.0,25524561514.0,164000000.0,736000000.0,1271000000.0,-1080000000.0,-11000000.0,158000000.0,-2140000000.0,0.0,2146000000.0,0.0,-838000000.0,-838000000.0,-838000000.0,438000000.0,39000000.0,-0.229,2932000000.0,-390000000.0,1060000000.0,-0.013,3.866,-30.459,-29.881,9850000000.0,0.0,184.07,6.978,6.843,434000000.0,1665000000.0,3658000000.0,3658000000.0,97000000.0,-0.061,-0.117,-0.06,-0.237,71000000.0,296000000.0,1.0,138667689.0,136000000,136000000.0,26.897,12020000000.0,5000000.0,-213000000.0,1492000000.0,88.382,480000000.0
31,PXD,MRT,2013-09-30,2013-09-30,2013-09-30,2021-08-05,0.0,14544944000.0,13884464500.0,1533261000.0,13011683000.0,0.24,54.541,-2890397000.0,744120000.0,744120000.0,1020381000.0,597880000.0,1.262,0.895,2851212000.0,0.0,2851212000.0,2851212000.0,0.0,749263000.0,0.0,0.0,0.08,1236011000.0,1985274000.0,0.596,1985274000.0,1236011000.0,1043318000.0,4.07,4.02,4.07,7581207000.0,6956120500.0,7581207000.0,28285410142.0,23.0,14.248,-805867000.0,-5.798,1.0,2311997000.0,0.694,279687000.0,192693000.0,15157538000.0,15115569750.0,226438000.0,235631000.0,0.0,235631000.0,6782193000.0,1214811000.0,5567382000.0,26157607142.0,410598000.0,780959000.0,1264605000.0,-725724000.0,-10972000.0,527979000.0,-2201911000.0,0.0,2084530000.0,0.0,557549000.0,557549000.0,557549000.0,310007000.0,40331000.0,0.167,725648000.0,1586349000.0,1060384000.0,0.02,3.45,46.915,46.388,12246677000.0,0.0,188.8,7.85,7.875,413452000.0,3032531000.0,3332378000.0,3332378000.0,45496000.0,0.04,0.08,0.082,0.371,69101000.0,263409000.0,1.0,138546648.0,139000000,139000000.0,23.974,14265257000.0,10168000.0,485769000.0,2476132000.0,102.628,318450000.0
32,PXD,MRT,2013-06-30,2013-06-30,2013-06-30,2021-08-05,0.0,14162587000.0,13451728750.0,1465192000.0,12697395000.0,0.233,54.096,-2954963000.0,695625000.0,695625000.0,965847000.0,521579000.0,1.448,0.873,2823428000.0,0.0,2823428000.0,2823428000.0,0.0,743661000.0,0.0,0.001,0.08,1136290000.0,1879951000.0,0.599,1879951000.0,1136290000.0,934156000.0,3.57,3.52,3.57,7465291000.0,6466916500.0,7465291000.0,22356660383.0,20.0,11.892,-1106373000.0,-8.017,1.0,2174968000.0,0.692,279687000.0,202134000.0,14998575000.0,15015407250.0,198650000.0,228475000.0,0.0,228475000.0,6514430000.0,1012128000.0,5502302000.0,19769678383.0,378715000.0,769974000.0,1265309000.0,-482093000.0,-10972000.0,778059000.0,-2247934000.0,0.0,1848590000.0,0.0,485773000.0,485773000.0,485773000.0,296712000.0,35806000.0,0.155,706160000.0,1468808000.0,878683000.0,0.022,2.648,40.697,40.546,11877641000.0,0.0,144.75,6.294,6.36,350488000.0,2947040000.0,3140815000.0,3140815000.0,42535000.0,0.036,0.075,0.076,0.362,66030000.0,253976000.0,1.0,136578089.0,138000000,139000000.0,22.76,13882900000.0,927000.0,448383000.0,2416426000.0,100.601,453064000.0
33,PXD,MRT,2013-03-31,2013-03-31,2013-03-31,2021-08-05,0.0,13761297000.0,13053515500.0,1196414000.0,12564883000.0,0.222,54.951,-3069820000.0,430298000.0,430298000.0,901423000.0,131042000.0,1.231,0.916,3017280000.0,0.0,3017280000.0,3017280000.0,0.0,719582000.0,0.0,0.001,0.08,506820000.0,1226402000.0,0.423,1226402000.0,506820000.0,298678000.0,0.58,0.55,0.58,7088630000.0,5994349500.0,7088630000.0,18819319369.0,37.0,15.345,-1298906000.0,-10.069,1.0,1998367000.0,0.689,298142000.0,208142000.0,15078271000.0,14793345750.0,233402000.0,216369000.0,0.0,216369000.0,6495226000.0,971866000.0,5523360000.0,15327522369.0,113566000.0,-155000000.0,1262121000.0,373803000.0,-9957000.0,1625986000.0,-3283334000.0,0.0,1770914000.0,0.0,78381000.0,78381000.0,78381000.0,295695000.0,52661000.0,0.027,1143191000.0,855176000.0,820363000.0,0.138,2.162,195.552,214.224,11821133000.0,0.0,124.25,5.286,5.527,359217000.0,2609801000.0,2899790000.0,2899790000.0,61713000.0,0.006,0.013,0.034,0.175,64914000.0,242933000.0,1.0,123360341.0,129000000,133000000.0,22.479,13463155000.0,1394000.0,220297000.0,2254712000.0,104.366,224548000.0
34,PXD,MRT,2012-12-31,2012-12-31,2012-12-31,2021-08-05,0.0,13069030000.0,12619581000.0,1050355000.0,12018675000.0,0.238,46.255,-3055000000.0,229396000.0,229396000.0,821000000.0,243000000.0,1.015,1.266,3721193000.0,0.0,3721193000.0,3721193000.0,0.0,689000000.0,0.0,0.001,0.08,684000000.0,1373000000.0,0.456,1373000000.0,684000000.0,480000000.0,1.54,1.5,1.54,5689354000.0,5640351000.0,5689354000.0,16363534363.0,24.0,11.918,-1218000000.0,-9.902,1.0,2188000000.0,0.727,298142000.0,204000000.0,15227895000.0,14254026000.0,197056000.0,204129000.0,0.0,204129000.0,7201722000.0,1034790000.0,6166932000.0,13135350363.0,-308000000.0,-201000000.0,-56000000.0,1165000000.0,-10000000.0,1111000000.0,-3256000000.0,0.0,1837000000.0,0.0,192000000.0,192000000.0,192000000.0,301000000.0,51000000.0,0.064,1152000000.0,1036000000.0,826877000.0,0.052,2.309,68.413,69.214,11296044000.0,0.0,106.59,4.365,4.357,320153000.0,2514640000.0,3009000000.0,3009000000.0,97000000.0,0.015,0.034,0.048,0.227,63000000.0,244000000.0,1.0,123232483.0,123000000,126000000.0,24.463,12770888000.0,7447000.0,288000000.0,2227105000.0,103.828,15565000.0
35,PXD,MRT,2012-09-30,2012-09-30,2012-09-30,2021-08-05,0.0,12814001000.0,12214112500.0,1579884000.0,11234117000.0,0.229,45.686,-3016943000.0,333886000.0,333886000.0,740874000.0,89932000.0,1.593,1.247,3562070000.0,0.0,3562070000.0,3562070000.0,10575000.0,691996000.0,0.0,0.001,0.08,241211000.0,933207000.0,0.333,933207000.0,241211000.0,45082000.0,0.32,0.29,0.32,5624391000.0,5590211000.0,5624391000.0,15812661866.0,66.0,16.944,-1159797000.0,-9.421,1.0,2060625000.0,0.736,293449000.0,196129000.0,14756888000.0,13464783250.0,277419000.0,194003000.0,0.0,194003000.0,7013892000.0,991848000.0,6022044000.0,12844933866.0,123321000.0,-297553000.0,557508000.0,946724000.0,-9772000.0,1488198000.0,-3222023000.0,0.0,1857146000.0,0.0,52305000.0,52305000.0,52305000.0,-118575000.0,37627000.0,0.019,1990694000.0,69931000.0,804636000.0,0.25,2.284,245.578,326.25,10532233000.0,0.0,104.4,4.585,4.588,413979000.0,2485935000.0,2801499000.0,2801499000.0,155386000.0,0.004,0.009,0.018,0.086,56816000.0,232708000.0,1.0,123035765.0,123111000,123111000.0,22.756,12520552000.0,10126000.0,-7223000.0,2273621000.0,101.701,588036000.0
36,PXD,MRT,2012-06-30,2012-06-30,2012-06-30,2021-08-05,0.0,12569734000.0,11756873000.0,1284033000.0,11285701000.0,0.27,45.315,-2906733000.0,317769000.0,317769000.0,661782000.0,453831000.0,1.137,1.222,3285497000.0,0.0,3285497000.0,3285497000.0,21150000.0,613573000.0,0.0,0.001,0.08,736684000.0,1350257000.0,0.426,1350257000.0,736684000.0,549436000.0,3.13,3.09,3.13,5575023000.0,5451922000.0,5575023000.0,13155663270.0,18.0,9.743,-1016063000.0,-8.259,1.0,2507825000.0,0.791,298142000.0,187248000.0,14110329000.0,12847455750.0,277539000.0,184374000.0,0.0,184374000.0,6812758000.0,1128991000.0,5683767000.0,10851966270.0,-34652000.0,-297213000.0,554024000.0,688026000.0,-9772000.0,1215679000.0,-3141001000.0,0.0,1890670000.0,0.0,384545000.0,384545000.0,384545000.0,-86610000.0,69286000.0,0.121,1880284000.0,627541000.0,809158000.0,0.026,1.947,28.22,28.182,10381880000.0,0.0,88.21,3.424,3.424,412869000.0,2473504000.0,3169607000.0,3169607000.0,142368000.0,0.033,0.071,0.057,0.232,51257000.0,219759000.0,1.0,123024218.0,123028000,123028000.0,25.763,12271592000.0,2417000.0,164891000.0,2245838000.0,99.746,155042000.0
37,PXD,MRT,2012-03-31,2012-03-31,2012-03-31,2021-08-05,-1550000.0,12025559000.0,11202711500.0,1367109000.0,10658450000.0,0.273,46.315,-2589137000.0,316918000.0,316918000.0,604811000.0,759068000.0,1.231,1.092,2620615000.0,0.0,2620615000.0,2620615000.0,31610000.0,544316000.0,0.0,0.001,0.08,1233908000.0,1778224000.0,0.582,1778224000.0,1233908000.0,1050673000.0,5.77,5.69,5.77,5672636000.0,5236899250.0,5672636000.0,15746044349.0,13.0,8.855,-776551000.0,-6.34,1.0,2452009000.0,0.802,298142000.0,183235000.0,12920992000.0,12199330250.0,281890000.0,176513000.0,0.0,176513000.0,6192888000.0,1110122000.0,5082766000.0,13754623349.0,-203733000.0,-43998000.0,550701000.0,31150000.0,-9526000.0,558302000.0,-2574621000.0,0.0,1812586000.0,0.0,700514000.0,700514000.0,700514000.0,-71568000.0,58554000.0,0.229,1322936000.0,1129073000.0,817477000.0,0.014,2.425,19.635,19.34,9768042000.0,0.0,111.59,4.5,4.471,450445000.0,2543873000.0,3056820000.0,3056820000.0,124922000.0,0.063,0.134,0.101,0.404,46354000.0,209141000.0,1.0,123260358.0,122480000,126247000.0,24.958,11727417000.0,87365000.0,350159000.0,2203398000.0,95.75,256987000.0
38,PXD,MRT,2011-12-31,2011-12-31,2011-12-31,2021-08-05,-3130000.0,11447156000.0,10702818250.0,1402292000.0,10044864000.0,0.235,46.951,-2290211000.0,537484000.0,537484000.0,550335000.0,881914000.0,1.311,1.056,2528905000.0,0.0,2528905000.0,2528905000.0,42069000.0,489579000.0,0.0,0.001,0.08,1204371000.0,1693950000.0,0.674,1693950000.0,1204371000.0,1022767000.0,7.01,6.88,7.01,5488794000.0,4934401500.0,5488794000.0,12835342934.0,11.0,7.577,-760497000.0,-6.505,1.0,1962912000.0,0.781,298142000.0,181604000.0,12070924000.0,11737585750.0,241609000.0,169532000.0,0.0,169532000.0,5796018000.0,1069511000.0,4726507000.0,10458536934.0,426324000.0,729424000.0,570477000.0,-98267000.0,-9556000.0,457397000.0,-1560787000.0,0.0,1529714000.0,0.0,834489000.0,834489000.0,834489000.0,-474124000.0,47425000.0,0.332,1185240000.0,777672000.0,716211000.0,0.011,1.905,12.533,12.765,9173942000.0,0.0,89.48,4.161,4.162,443821000.0,2335066000.0,2513247000.0,2513247000.0,80691000.0,0.078,0.169,0.103,0.479,41442000.0,189985000.0,1.0,116881280.0,116904000,119215000.0,21.498,11149014000.0,3000.0,188278000.0,2009947000.0,95.369,332781000.0
39,PXD,MRT,2011-09-30,2011-09-30,2011-09-30,2021-08-05,-58000.0,10985043000.0,10260804750.0,1103643000.0,9881400000.0,0.238,43.612,-1934350000.0,210565000.0,210565000.0,530742000.0,1077229000.0,1.422,1.141,2587371000.0,0.0,2587371000.0,2587371000.0,89526000.0,451343000.0,0.0,0.001,0.08,1448143000.0,1899486000.0,0.776,1899486000.0,1448143000.0,1267170000.0,8.67,8.59,8.67,5071235000.0,4592348750.0,5071235000.0,9899345182.0,7.0,5.212,-521011000.0,-4.481,1.0,1916450000.0,0.783,298154000.0,180973000.0,12287578000.0,11495407250.0,260356000.0,164107000.0,0.0,164107000.0,5788376000.0,776117000.0,5012259000.0,7680788182.0,132400000.0,688843000.0,-36260000.0,22933000.0,-9517000.0,-35432000.0,-1245507000.0,0.0,1413339000.0,0.0,1025978000.0,1025978000.0,1025978000.0,-487492000.0,51251000.0,0.419,905966000.0,1010484000.0,631804000.0,0.009,1.515,7.486,7.586,9053860000.0,0.0,65.77,3.139,3.125,411355000.0,2446217000.0,2447192000.0,2447192000.0,179633000.0,0.1,0.223,0.126,0.592,42748000.0,180035000.0,1.0,116782548.0,116281000,117075000.0,21.046,10686889000.0,101810000.0,241192000.0,2148751000.0,91.906,327526000.0
40,PXD,MRT,2011-06-30,2011-06-30,2011-06-30,2021-08-05,2863000.0,10353088000.0,9838824000.0,1071107000.0,9281981000.0,0.208,40.571,-1632710000.0,352421000.0,352421000.0,514130000.0,806204000.0,1.417,1.174,2570978000.0,0.0,2570978000.0,2570978000.0,64730000.0,469464000.0,0.0,0.001,0.08,1101639000.0,1571103000.0,0.767,1571103000.0,1101639000.0,921224000.0,6.66,6.58,6.66,4714932000.0,4335385500.0,4714932000.0,12499835286.0,11.0,7.956,-476447000.0,-4.1,1.0,1535313000.0,0.749,298177000.0,180415000.0,11517827000.0,11139447000.0,234108000.0,155701000.0,0.0,155701000.0,5537124000.0,755641000.0,4781483000.0,10457798286.0,154735000.0,674375000.0,-35570000.0,15000000.0,-9517000.0,-43193000.0,-958335000.0,0.0,1156263000.0,0.0,786549000.0,786549000.0,786549000.0,-505245000.0,19655000.0,0.384,919195000.0,616118000.0,517396000.0,0.012,2.218,13.296,13.449,8547940000.0,0.0,89.57,5.103,5.079,405102000.0,2099623000.0,2049443000.0,2049443000.0,187222000.0,0.08,0.181,0.099,0.538,41960000.0,173834000.0,1.0,116755591.0,116213000,118592000.0,17.635,10054911000.0,5715000.0,134675000.0,1870018000.0,86.521,315466000.0
41,PXD,MRT,2011-03-31,2011-03-31,2011-03-31,2021-08-05,3439000.0,10025986000.0,9528632500.0,1235593000.0,8790393000.0,0.177,38.515,-1433498000.0,520651000.0,520651000.0,495875000.0,729193000.0,1.776,1.226,2562688000.0,0.0,2562688000.0,2562688000.0,75937000.0,482109000.0,0.0,0.001,0.08,967049000.0,1449158000.0,0.857,1449158000.0,967049000.0,786261000.0,6.01,5.96,6.01,4462645000.0,4140500250.0,4462645000.0,14359313026.0,15.0,9.909,-304624000.0,-2.629,1.0,1195019000.0,0.707,298145000.0,180788000.0,11074014000.0,10900045000.0,187715000.0,109391000.0,0.0,109391000.0,5472419000.0,695864000.0,4776555000.0,11868803026.0,486111000.0,979353000.0,-31614000.0,-111838000.0,-9496000.0,-188618000.0,-454145000.0,0.0,1128874000.0,0.0,708548000.0,708548000.0,708548000.0,-550121000.0,20645000.0,0.419,929719000.0,265300000.0,369333000.0,0.013,2.66,16.751,16.958,8154310000.0,0.0,101.92,7.019,6.984,399630000.0,1854041000.0,1690894000.0,1690894000.0,190233000.0,0.074,0.171,0.089,0.572,40404000.0,169928000.0,1.0,116452149.0,115869000,115869000.0,14.593,9727841000.0,53702000.0,77713000.0,1797048000.0,83.956,539729000.0
42,PXD,MRT,2010-12-31,2010-12-31,2010-12-31,2021-08-05,7361000.0,9679102000.0,9265299750.0,1197183000.0,8481919000.0,0.257,35.812,-1195772000.0,111160000.0,111160000.0,476905000.0,645995000.0,1.556,1.323,2601670000.0,0.0,2601670000.0,2601670000.0,87020000.0,499856000.0,0.0,0.001,0.08,1057919000.0,1557775000.0,0.654,1557775000.0,1057919000.0,874835000.0,5.14,5.08,5.14,4120583000.0,3967580500.0,4120583000.0,12540722216.0,12.0,8.05,89251000.0,0.776,1.0,1904790000.0,0.8,298182000.0,183084000.0,11102210000.0,10820341750.0,173615000.0,72045000.0,0.0,72045000.0,5453077000.0,769220000.0,4683857000.0,10079471216.0,83792000.0,240916000.0,-6664000.0,-182910000.0,-9488000.0,-246375000.0,-954856000.0,0.0,1285023000.0,0.0,605208000.0,605208000.0,605208000.0,-134050000.0,40787000.0,0.254,940134000.0,964656000.0,419150000.0,0.016,2.446,16.655,16.891,7847328000.0,0.0,86.82,4.232,4.194,358656000.0,1510427000.0,2381695000.0,2381695000.0,189597000.0,0.065,0.153,0.098,0.444,39854000.0,164332000.0,1.0,116096190.0,115062000,116330000.0,20.699,9380920000.0,187551000.0,269627000.0,1771622000.0,81.529,427963000.0
43,PXD,MRT,2010-09-30,2010-09-30,2010-09-30,2021-08-05,17675000.0,9297120000.0,9062340500.0,689476000.0,8607644000.0,0.186,35.102,-971640000.0,78165000.0,78165000.0,445409000.0,618098000.0,1.156,1.271,2539416000.0,0.0,2539416000.0,2539416000.0,109497000.0,490560000.0,0.0,0.001,0.08,1032634000.0,1523194000.0,0.904,1523194000.0,1032634000.0,849439000.0,4.95,4.92,4.95,4043382000.0,3821481750.0,4043382000.0,9876837031.0,10.0,6.484,62316000.0,0.541,1.0,1240440000.0,0.736,298413000.0,183195000.0,10863737000.0,10724903750.0,182238000.0,0.0,0.0,0.0,5139282000.0,596221000.0,4543061000.0,7543092031.0,22550000.0,333691000.0,54386000.0,-350485000.0,-9474000.0,-349210000.0,-662196000.0,0.0,1033956000.0,0.0,581525000.0,581525000.0,581525000.0,-149593000.0,36573000.0,0.345,766056000.0,474384000.0,363794000.0,0.016,1.866,12.971,13.137,7923912000.0,0.0,65.03,4.474,4.443,372688000.0,1430566000.0,1685849000.0,1685849000.0,62435000.0,0.064,0.152,0.096,0.613,36950000.0,150300000.0,1.0,115994034.0,115191000,116021000.0,14.635,8998707000.0,23378000.0,267914000.0,1765336000.0,78.12,93255000.0
44,PXD,MRT,2010-06-30,2010-06-30,2010-06-30,2021-08-05,29166000.0,9112322000.0,8908327500.0,712578000.0,8399744000.0,0.168,34.19,-734613000.0,197686000.0,197686000.0,430130000.0,505358000.0,1.213,1.284,2531431000.0,0.0,2531431000.0,2531431000.0,132166000.0,506069000.0,0.0,0.001,0.08,830453000.0,1336522000.0,0.895,1336522000.0,830453000.0,648822000.0,3.94,3.92,3.94,3935391000.0,3672475250.0,3935391000.0,9505090134.0,11.0,7.112,253332000.0,2.201,1.0,1062958000.0,0.712,298563000.0,181631000.0,10560219000.0,10675359500.0,122393000.0,0.0,0.0,0.0,5054189000.0,587285000.0,4466904000.0,6892026134.0,133363000.0,348804000.0,55482000.0,-469485000.0,-9474000.0,-465031000.0,-389551000.0,0.0,987945000.0,0.0,462325000.0,462325000.0,462325000.0,-143617000.0,43033000.0,0.31,778319000.0,284639000.0,342256000.0,0.02,1.751,14.907,15.089,7781394000.0,0.0,59.45,4.616,4.583,397169000.0,1323662000.0,1493088000.0,1493088000.0,65898000.0,0.052,0.126,0.078,0.556,37464000.0,141682000.0,1.0,115929792.0,115104000,116006000.0,12.972,8813759000.0,3938000.0,186497000.0,1694159000.0,76.572,125293000.0
45,PXD,MRT,2010-03-31,2010-03-31,2010-03-31,2021-08-05,39450000.0,8972655000.0,8848457500.0,587026000.0,8385629000.0,0.149,32.89,-492850000.0,34540000.0,34540000.0,419288000.0,229151000.0,1.125,1.35,2647604000.0,0.0,2647604000.0,2647604000.0,154753000.0,520433000.0,0.0,0.001,0.08,449044000.0,969477000.0,0.735,969477000.0,449044000.0,269306000.0,1.76,1.75,1.76,3770966000.0,3551491250.0,3770966000.0,9241437135.0,21.0,9.532,325151000.0,2.836,1.0,900205000.0,0.682,308831000.0,179738000.0,10755201000.0,10759561750.0,120750000.0,0.0,0.0,0.0,5089027000.0,521687000.0,4567340000.0,6507794135.0,-9936000.0,86585000.0,56338000.0,-446332000.0,-9435000.0,-421472000.0,-406465000.0,0.0,818001000.0,0.0,207753000.0,207753000.0,207753000.0,-104497000.0,21398000.0,0.157,807146000.0,93059000.0,259806000.0,0.045,1.726,31.325,32.0,7786758000.0,0.0,56.32,4.932,4.894,435926000.0,1156578000.0,1319493000.0,1319493000.0,64773000.0,0.023,0.058,0.042,0.34,37965000.0,134524000.0,1.0,115550322.0,114655000,115462000.0,11.508,8663824000.0,4249000.0,61553000.0,1605150000.0,75.564,65339000.0
46,PXD,MRT,2009-12-31,2009-12-31,2009-12-31,2021-08-05,51009000.0,8867265000.0,8868205000.0,616118000.0,8251147000.0,0.146,30.971,-462585000.0,27368000.0,27368000.0,444256000.0,-42267000.0,1.079,1.477,2761011000.0,0.0,2761011000.0,2761011000.0,177236000.0,564149000.0,0.0,0.002,0.08,38052000.0,602201000.0,0.467,602201000.0,38052000.0,-135301000.0,-0.46,-0.46,-0.46,3536188000.0,3491037500.0,3536188000.0,8366694558.0,220.0,13.894,80474000.0,0.705,1.0,846125000.0,0.656,309259000.0,173353000.0,10720458000.0,10890436750.0,139177000.0,0.0,0.0,0.0,5224234000.0,571191000.0,4653043000.0,5555011558.0,-20969000.0,51600000.0,47568000.0,-159375000.0,-9370000.0,-153043000.0,-410985000.0,0.0,543059000.0,0.0,-52106000.0,-52106000.0,-52106000.0,-99716000.0,9839000.0,-0.04,897950000.0,-51825000.0,253583000.0,-0.174,1.571,-106.61,-104.717,7721686000.0,0.0,48.17,4.305,4.262,516154000.0,917688000.0,1290381000.0,1290381000.0,79095000.0,-0.006,-0.015,0.003,0.029,37638000.0,130863000.0,1.0,115320979.0,114176000,114176000.0,11.302,8558006000.0,52266000.0,-83195000.0,1488438000.0,74.955,44927000.0
47,PXD,MRT,2009-09-30,2009-09-30,2009-09-30,2021-08-05,64851000.0,8681068000.0,8941835000.0,422962000.0,8258106000.0,0.154,30.207,-753497000.0,55615000.0,55615000.0,505444000.0,-159649000.0,0.817,1.493,2867298000.0,0.0,2867298000.0,2867298000.0,214240000.0,645877000.0,0.0,0.002,0.08,-157838000.0,488039000.0,0.355,488039000.0,-157838000.0,-329535000.0,-1.53,-1.51,-1.53,3447356000.0,3501214500.0,3447356000.0,7090173205.0,-45.0,14.528,-125313000.0,-1.098,1.0,868455000.0,0.632,309371000.0,171697000.0,10665560000.0,10962104500.0,145976000.0,0.0,0.0,0.0,5146836000.0,517820000.0,4629016000.0,4175677205.0,-11202000.0,149568000.0,-109334000.0,103057000.0,-23700000.0,-59704000.0,-579682000.0,0.0,628184000.0,0.0,-178165000.0,-178165000.0,-178165000.0,-43924000.0,18516000.0,-0.13,1055552000.0,-187097000.0,220330000.0,-0.052,1.211,-23.437,-23.719,7718472000.0,0.0,36.29,3.039,3.014,339750000.0,861922000.0,1373899000.0,1373899000.0,97090000.0,-0.02,-0.051,-0.014,-0.115,37825000.0,131626000.0,1.0,115064128.0,114123000,114123000.0,12.039,8371697000.0,22279000.0,-151370000.0,1421533000.0,73.357,-94858000.0
48,PXD,MRT,2009-06-30,2009-06-30,2009-06-30,2021-08-05,76637000.0,8872842000.0,9038213250.0,481850000.0,8390992000.0,0.175,30.281,-1070625000.0,64323000.0,64323000.0,540244000.0,-158295000.0,0.831,1.545,2978819000.0,0.0,2978819000.0,2978819000.0,251447000.0,604537000.0,0.0,0.008,0.2,-139799000.0,464738000.0,0.293,464738000.0,-139799000.0,-309234000.0,-1.51,-1.49,-1.51,3451455000.0,3517069000.0,3451455000.0,5937594630.0,-42.0,12.776,-299166000.0,-2.625,1.0,1043508000.0,0.659,310551000.0,169435000.0,10897028000.0,10970345000.0,119077000.0,0.0,0.0,0.0,5331756000.0,579759000.0,4751997000.0,2906584630.0,21041000.0,147147000.0,-169803000.0,390488000.0,-23703000.0,169318000.0,-919736000.0,0.0,771459000.0,0.0,-176235000.0,-176235000.0,-176235000.0,-32144000.0,17940000.0,-0.111,1196963000.0,-153455000.0,205804000.0,-0.132,0.842,-16.493,-16.887,7790634000.0,0.0,25.5,1.835,1.835,408196000.0,875226000.0,1583752000.0,1583752000.0,181437000.0,-0.019,-0.05,-0.013,-0.088,36052000.0,128449000.0,1.0,113983711.0,113979000,113979000.0,13.895,8562291000.0,39150000.0,-132999000.0,1442852000.0,75.122,-97909000.0
49,PXD,MRT,2009-03-31,2009-03-31,2009-03-31,2021-08-05,74134000.0,9051645000.0,9111237000.0,448708000.0,8602937000.0,0.215,30.892,-1305920000.0,44476000.0,44476000.0,574721000.0,92144000.0,0.909,1.536,3075486000.0,0.0,3075486000.0,3075486000.0,288422000.0,558115000.0,0.0,0.012,0.2,264785000.0,822900000.0,0.42,822900000.0,264785000.0,97155000.0,0.55,0.56,0.55,3529151000.0,3435777250.0,3529151000.0,4819909407.0,18.0,5.857,-425318000.0,-3.723,1.0,1382779000.0,0.706,310563000.0,167630000.0,11278701000.0,10774638750.0,68365000.0,0.0,0.0,0.0,5421544000.0,493391000.0,4928153000.0,1904199407.0,27156000.0,160787000.0,-783000.0,348298000.0,-35865000.0,291487000.0,-1144933000.0,0.0,880602000.0,0.0,67455000.0,67455000.0,67455000.0,-36764000.0,24689000.0,0.034,1128120000.0,254659000.0,198034000.0,0.364,0.54,28.229,29.945,7909480000.0,0.0,16.47,0.973,0.961,472644000.0,968326000.0,1957500000.0,1957500000.0,185927000.0,0.007,0.02,0.025,0.135,34394000.0,130770000.0,1.0,115616236.0,114242000,114242000.0,17.135,8741082000.0,35273000.0,29700000.0,1506340000.0,76.514,-44683000.0
50,PXD,MRT,2008-12-31,2008-12-31,2008-12-31,2021-08-05,88788000.0,9161785000.0,9034817500.0,486911000.0,8674874000.0,0.226,30.452,-1444330000.0,48337000.0,48337000.0,567292000.0,231655000.0,0.701,1.533,2899241000.0,0.0,2899241000.0,2899241000.0,325141000.0,474608000.0,0.0,0.019,0.3,490706000.0,965314000.0,0.472,965314000.0,490706000.0,323936000.0,1.76,1.76,1.76,3576896000.0,3316215500.0,3576896000.0,4660775433.0,9.0,4.828,-410467000.0,-3.494,1.0,1478688000.0,0.723,310563000.0,166770000.0,11007129000.0,10504461750.0,76901000.0,0.0,0.0,0.0,5482172000.0,694997000.0,4787175000.0,1904221433.0,36166000.0,292920000.0,-7691000.0,217966000.0,-35917000.0,153713000.0,-1151410000.0,0.0,1033863000.0,0.0,210020000.0,210020000.0,210020000.0,-44774000.0,21635000.0,0.103,1011121000.0,467567000.0,356972000.0,0.17,0.532,9.067,9.193,8021268000.0,0.0,16.18,0.931,0.929,492400000.0,988786000.0,2045980000.0,2045980000.0,191943000.0,0.023,0.063,0.047,0.24,34077000.0,132637000.0,1.0,117689829.0,117462000,117947000.0,17.418,8851222000.0,67636000.0,113916000.0,1506323000.0,75.354,-208086000.0
51,PXD,MRT,2008-09-30,2008-09-30,2008-09-30,2021-08-05,-90364000.0,9066581000.0,8898616500.0,685398000.0,8381183000.0,0.261,29.725,-1811828000.0,66817000.0,66817000.0,530416000.0,499182000.0,0.842,1.583,2823371000.0,0.0,2823371000.0,2823371000.0,364636000.0,435560000.0,0.0,0.006,0.3,882213000.0,1317773000.0,0.568,1317773000.0,882213000.0,718251000.0,3.99,3.99,3.99,3510774000.0,3182672000.0,3510774000.0,8854885684.0,10.0,6.72,-760007000.0,-6.435,1.0,1789802000.0,0.771,310563000.0,163962000.0,10698522000.0,10266495000.0,146136000.0,0.0,0.0,0.0,5555807000.0,814050000.0,4741757000.0,6255724684.0,47459000.0,549179000.0,85293000.0,226322000.0,-33665000.0,258287000.0,-1262649000.0,0.0,1051821000.0,87000.0,484147000.0,484147000.0,484147000.0,-142477000.0,15035000.0,0.209,1024967000.0,764835000.0,399459000.0,0.075,1.782,12.921,13.103,7855391000.0,0.0,52.28,2.696,2.661,486821000.0,1064155000.0,2320218000.0,2320218000.0,282719000.0,0.054,0.152,0.086,0.38,36064000.0,139130000.0,1.0,119658085.0,118110000,118110000.0,19.645,8756018000.0,113534000.0,234104000.0,1446099000.0,74.134,-128652000.0
52,PXD,MRT,2008-06-30,2008-06-30,2008-06-30,2021-08-05,-546064000.0,9164937000.0,8770367250.0,858010000.0,8306927000.0,0.252,26.413,-1836646000.0,43282000.0,43282000.0,490687000.0,597922000.0,0.641,1.932,2642443000.0,0.0,2642443000.0,2642443000.0,404344000.0,428174000.0,0.0,0.004,0.28,1031458000.0,1459632000.0,0.661,1459632000.0,1031458000.0,873196000.0,4.88,4.87,4.88,3126288000.0,3071160000.0,3126288000.0,12143954448.0,12.0,8.32,-899984000.0,-7.604,1.0,1716764000.0,0.778,310596000.0,158262000.0,10114203000.0,10049527500.0,131973000.0,0.0,0.0,0.0,6038649000.0,1339299000.0,4699350000.0,9357716448.0,17118000.0,548610000.0,-16121000.0,434621000.0,-33662000.0,368492000.0,-1288036000.0,0.0,936662000.0,845000.0,591309000.0,591309000.0,591309000.0,-151058000.0,6613000.0,0.268,823804000.0,892960000.0,417414000.0,0.057,2.993,15.825,16.041,7794428000.0,0.0,78.28,4.239,4.197,576233000.0,1087079000.0,2207451000.0,2207451000.0,207797000.0,0.067,0.193,0.103,0.467,36202000.0,139838000.0,1.0,119541600.0,118363000,119370000.0,18.65,8854341000.0,288135000.0,281887000.0,1379208000.0,74.807,-481289000.0
53,PXD,MRT,2008-03-31,2008-03-31,2008-03-31,2021-08-05,-318093000.0,8745967000.0,8513598750.0,688637000.0,8057330000.0,0.236,25.87,-2061319000.0,17320000.0,17320000.0,453080000.0,471481000.0,0.673,1.867,2803558000.0,0.0,2803558000.0,2803558000.0,443801000.0,404121000.0,0.0,0.006,0.28,795731000.0,1199852000.0,0.598,1199852000.0,795731000.0,648608000.0,3.88,3.88,3.88,3050904000.0,3062143500.0,3050904000.0,8607756554.0,11.0,7.174,-1240345000.0,-10.517,1.0,1551908000.0,0.774,310861000.0,147123000.0,10197993000.0,9809104750.0,124386000.0,0.0,0.0,0.0,5695063000.0,1023351000.0,4671712000.0,5864436554.0,2605000.0,548242000.0,-204538000.0,943671000.0,-32856000.0,694708000.0,-1513077000.0,0.0,820974000.0,1364000.0,471095000.0,471095000.0,471095000.0,-143596000.0,386000.0,0.235,847642000.0,704266000.0,335613000.0,0.072,1.922,12.449,12.66,7574123000.0,0.0,49.12,2.925,2.889,458448000.0,933974000.0,2004988000.0,2004988000.0,245563000.0,0.055,0.154,0.081,0.397,36551000.0,133592000.0,1.0,119389995.0,117934000,118260000.0,17.001,8435106000.0,212999000.0,177513000.0,1313245000.0,71.524,-334714000.0
54,PXD,MRT,2007-12-31,2007-12-31,2007-12-31,2021-08-05,-228257000.0,8616981000.0,8252186250.0,765055000.0,7851926000.0,0.216,25.323,-2203866000.0,12171000.0,12171000.0,409881000.0,372376000.0,0.77,1.832,2755491000.0,0.0,2755491000.0,2755491000.0,483280000.0,373344000.0,0.0,0.006,0.27,613921000.0,987265000.0,0.553,987265000.0,613921000.0,478651000.0,3.05,3.04,3.05,3042722000.0,3045112500.0,3042722000.0,8427072929.0,14.0,8.536,-1430576000.0,-11.906,1.0,1375137000.0,0.77,310870000.0,135270000.0,10055262000.0,9335602500.0,97619000.0,0.0,0.0,0.0,5574259000.0,994169000.0,4580090000.0,5835660929.0,3642000.0,420874000.0,-207533000.0,1252138000.0,-32804000.0,1013344000.0,-1782992000.0,0.0,773290000.0,1496000.0,372728000.0,372728000.0,372728000.0,-143233000.0,-352000.0,0.209,841357000.0,533780000.0,378416000.0,0.089,1.918,15.657,16.013,7375631000.0,0.0,48.84,3.269,3.288,618276000.0,822089000.0,1785018000.0,1785018000.0,278657000.0,0.045,0.122,0.066,0.344,35309000.0,129735000.0,1.0,119485277.0,120158000,120614000.0,14.856,8306111000.0,158382000.0,105923000.0,1242519000.0,69.127,-229114000.0
55,PXD,MRT,2007-09-30,2007-09-30,2007-09-30,2021-08-05,5935000.0,8553584000.0,7936790750.0,1307125000.0,7246459000.0,0.209,25.471,-1875327000.0,19271000.0,19271000.0,392705000.0,195686000.0,1.303,1.791,2610683000.0,0.0,2610683000.0,2610683000.0,528577000.0,361739000.0,0.0,0.006,0.27,433547000.0,795286000.0,0.479,795286000.0,433547000.0,314922000.0,1.67,1.66,1.67,3064726000.0,3030599750.0,3064726000.0,7744480792.0,18.0,9.738,-1239197000.0,-10.299,1.0,1266823000.0,0.763,310872000.0,118625000.0,9830652000.0,8733947250.0,98918000.0,0.0,0.0,0.0,5488858000.0,1003472000.0,4485386000.0,5539810792.0,-81928000.0,17668000.0,-250849000.0,1411402000.0,-32251000.0,1139601000.0,-1857659000.0,0.0,636130000.0,1126000.0,195686000.0,195686000.0,195686000.0,-12092000.0,0.0,0.118,792602000.0,474221000.0,362458000.0,0.162,1.808,28.31,26.934,6799652000.0,0.0,44.98,3.338,3.261,366241000.0,621582000.0,1659528000.0,1659528000.0,261668000.0,0.025,0.065,0.05,0.261,31524000.0,122433000.0,1.0,123161645.0,120323000,121805000.0,13.792,8242712000.0,181196000.0,119236000.0,1306863000.0,68.505,303653000.0
56,PXD,MRT,2007-06-30,2007-06-30,2007-06-30,2021-08-05,-32847000.0,8137863000.0,7547966000.0,597222000.0,7540641000.0,0.208,25.491,-1826517000.0,25318000.0,25318000.0,367838000.0,174558000.0,0.679,1.633,2229988000.0,0.0,2229988000.0,2229988000.0,574155000.0,330422000.0,0.0,0.005,0.26,378733000.0,709155000.0,0.453,709155000.0,378733000.0,272117000.0,1.47,1.46,1.47,3090222000.0,3006751750.0,3090222000.0,7858855518.0,21.0,11.082,-1201214000.0,-9.909,1.0,1199262000.0,0.765,309830000.0,106616000.0,9152512000.0,8002198250.0,108483000.0,0.0,0.0,0.0,5047641000.0,880191000.0,4167450000.0,6012950518.0,-432006000.0,20304000.0,-210949000.0,975928000.0,-32251000.0,748904000.0,-1806213000.0,0.0,625303000.0,282000.0,174558000.0,174558000.0,174558000.0,-5486000.0,0.0,0.111,773531000.0,425731000.0,323602000.0,0.177,1.946,34.447,33.136,7141304000.0,0.0,48.71,3.837,3.768,283704000.0,538542000.0,1567100000.0,1567100000.0,268176000.0,0.023,0.058,0.047,0.242,30110000.0,119365000.0,1.0,123443862.0,121226000,122776000.0,12.927,7828033000.0,152318000.0,97559000.0,1280355000.0,64.574,-282969000.0
57,PXD,MRT,2007-03-31,2007-03-31,2007-03-31,2021-08-05,-110386000.0,7700317000.0,7280357250.0,513814000.0,7186503000.0,0.211,24.545,-1610098000.0,13350000.0,13350000.0,365526000.0,226117000.0,0.551,1.582,1859255000.0,0.0,1859255000.0,1859255000.0,619477000.0,330208000.0,0.0,0.006,0.26,456133000.0,786341000.0,0.512,786341000.0,456133000.0,357282000.0,1.87,1.85,1.87,2982780000.0,2962928000.0,2982780000.0,6814301470.0,15.0,8.666,-1043511000.0,-8.587,1.0,1171153000.0,0.762,309869000.0,98851000.0,8303984000.0,7384556750.0,95654000.0,0.0,0.0,0.0,4717537000.0,932369000.0,3785168000.0,5324172470.0,-31534000.0,686403000.0,-360573000.0,706381000.0,-31726000.0,325574000.0,-923695000.0,0.0,566587000.0,1902000.0,226117000.0,226117000.0,226117000.0,-27750000.0,0.0,0.147,737485000.0,433668000.0,392409000.0,0.139,1.785,23.546,23.053,6789730000.0,0.0,43.11,3.465,3.409,298092000.0,507798000.0,1536679000.0,1536679000.0,245920000.0,0.031,0.076,0.062,0.297,32317000.0,119483000.0,1.0,123502029.0,121523000,122794000.0,12.645,7390448000.0,107598000.0,131165000.0,1212749000.0,60.815,-418555000.0
58,PXD,MRT,2006-12-31,2006-12-31,2006-12-31,2021-08-05,-114817000.0,7355399000.0,7132590250.0,536558000.0,6818841000.0,0.21,24.0,-1499314000.0,7033000.0,7033000.0,349066000.0,739731000.0,0.605,1.464,1497162000.0,0.0,1497162000.0,1497162000.0,664511000.0,314081000.0,0.0,0.006,0.25,987802000.0,1301883000.0,0.87,1301883000.0,987802000.0,880752000.0,5.95,5.81,5.95,2984671000.0,2956185750.0,2984671000.0,5961154873.0,6.0,4.579,-744486000.0,-5.987,1.0,1146913000.0,0.767,309908000.0,107050000.0,7648641000.0,7038397250.0,95131000.0,0.0,0.0,0.0,4370728000.0,886979000.0,3483749000.0,4866670873.0,-13200000.0,1644829000.0,-331564000.0,-554064000.0,-31726000.0,-913543000.0,145515000.0,0.0,754828000.0,1431000.0,739731000.0,739731000.0,739731000.0,-589514000.0,0.0,0.494,718888000.0,428025000.0,349820000.0,0.042,1.631,6.579,6.671,6414484000.0,0.0,39.69,3.253,3.299,289142000.0,497488000.0,1495979000.0,1495979000.0,250196000.0,0.104,0.25,0.14,0.66,32065000.0,116595000.0,1.0,122617054.0,124359000,127608000.0,12.03,7045491000.0,107965000.0,141021000.0,1185372000.0,56.654,-350421000.0
59,PXD,MRT,2006-09-30,2006-09-30,2006-09-30,2021-08-05,-134094000.0,6998285000.0,7126049000.0,518155000.0,6480130000.0,0.22,23.942,-1325995000.0,100072000.0,100072000.0,342757000.0,852824000.0,0.59,1.357,1194556000.0,0.0,1194556000.0,1194556000.0,711607000.0,305566000.0,0.0,0.006,0.25,1136801000.0,1442367000.0,0.918,1442367000.0,1136801000.0,1019016000.0,6.73,6.67,6.73,2969334000.0,2764293500.0,2969334000.0,5686004972.0,5.0,3.942,-315545000.0,-2.544,1.0,1228353000.0,0.782,310626000.0,117785000.0,6903656000.0,7132196500.0,109509000.0,0.0,0.0,0.0,4028951000.0,878487000.0,3150464000.0,4879052972.0,33939000.0,2890789000.0,-534804000.0,-810261000.0,-31517000.0,-1357109000.0,380598000.0,0.0,1010450000.0,1625000.0,852824000.0,852824000.0,852824000.0,-636567000.0,0.0,0.543,650306000.0,578047000.0,333475000.0,0.037,1.643,5.721,5.813,6062935000.0,0.0,39.12,3.105,3.088,161476000.0,478345000.0,1571110000.0,1571110000.0,171354000.0,0.12,0.309,0.159,0.724,32595000.0,117180000.0,1.0,124720168.0,124021000,126734000.0,12.668,6687659000.0,82638000.0,166192000.0,1139515000.0,53.924,-360332000.0
60,PXD,MRT,2006-06-30,2006-06-30,2006-06-30,2021-08-05,-218713000.0,7067428000.0,7183381000.0,895071000.0,6172357000.0,0.219,23.203,-1379748000.0,457042000.0,457042000.0,346879000.0,895598000.0,1.016,1.425,1263994000.0,0.0,1263994000.0,1263994000.0,759003000.0,298840000.0,0.0,0.005,0.24,1163137000.0,1461977000.0,0.93,1461977000.0,1163137000.0,1039957000.0,6.98,6.91,6.98,2914927000.0,2553022500.0,2914927000.0,7117618922.0,6.0,4.868,-239281000.0,-1.905,1.0,1224477000.0,0.779,311346000.0,123180000.0,6681946000.0,7322172250.0,115917000.0,0.0,0.0,0.0,4152501000.0,881088000.0,3271413000.0,6000837922.0,396262000.0,2891143000.0,-876671000.0,-220784000.0,-31517000.0,-1135002000.0,390797000.0,0.0,1140467000.0,2329000.0,895598000.0,895598000.0,895598000.0,-696325000.0,0.0,0.57,679852000.0,544625000.0,238410000.0,0.034,2.059,6.7,6.649,5752569000.0,0.0,46.41,3.819,3.71,176731000.0,424186000.0,1571356000.0,1571356000.0,186712000.0,0.125,0.351,0.159,0.74,31997000.0,117735000.0,1.0,129300537.0,125629000,129624000.0,12.508,6756082000.0,115963000.0,144359000.0,1128519000.0,53.778,13983000.0
61,PXD,MRT,2006-03-31,2006-03-31,2006-03-31,2021-08-05,-245110000.0,7109249000.0,7145168250.0,1212638000.0,5896611000.0,0.209,23.284,-1298316000.0,42982000.0,42982000.0,323453000.0,993118000.0,1.219,1.405,1159763000.0,0.0,1159763000.0,1159763000.0,806889000.0,276855000.0,0.0,0.005,0.24,1270972000.0,1547827000.0,1.039,1547827000.0,1270972000.0,1141155000.0,7.6,7.5,7.6,2955811000.0,2485699000.0,2955811000.0,7732019208.0,6.0,4.995,-6578000.0,-0.052,1.0,1166472000.0,0.783,311603000.0,129817000.0,6919346000.0,7416364750.0,89942000.0,0.0,0.0,0.0,4153438000.0,995081000.0,3158357000.0,5692409208.0,24192000.0,2211772000.0,-780841000.0,-760702000.0,-30339000.0,-1580906000.0,313360000.0,0.0,1291738000.0,2751000.0,993118000.0,993118000.0,993118000.0,-837502000.0,0.0,0.667,655189000.0,511283000.0,237402000.0,0.032,1.926,5.732,5.822,5529736000.0,0.0,44.25,3.821,3.77,195456000.0,340452000.0,1489925000.0,1489925000.0,182592000.0,0.139,0.4,0.171,0.853,29191000.0,114863000.0,1.0,128642016.0,126944000,126944000.0,11.737,6797646000.0,111644000.0,148037000.0,1140625000.0,53.548,217557000.0
62,PXD,MRT,2005-12-31,2005-12-31,2005-12-31,2021-08-05,-447633000.0,7329234000.0,7088440250.0,623804000.0,6705430000.0,0.201,16.17,-1162882000.0,18802000.0,18802000.0,309714000.0,534568000.0,0.604,2.306,2058412000.0,0.0,2058412000.0,2058412000.0,854838000.0,267757000.0,0.0,0.004,0.22,809786000.0,1077543000.0,0.756,1077543000.0,809786000.0,683799000.0,3.9,3.8,3.9,2217102000.0,2373481250.0,2217102000.0,8464576010.0,10.0,7.855,114272000.0,0.833,1.0,1115692000.0,0.783,311651000.0,125987000.0,8023838000.0,7553349750.0,79659000.0,0.0,0.0,0.0,5112132000.0,1033355000.0,4078777000.0,6589788010.0,8254000.0,1247616000.0,-907682000.0,-413702000.0,-30339000.0,-1353634000.0,84734000.0,0.0,1277154000.0,3291000.0,534568000.0,534568000.0,534568000.0,-350263000.0,0.0,0.375,616356000.0,499336000.0,345204000.0,0.056,2.972,12.327,13.146,6325198000.0,0.0,51.27,4.623,4.932,413463000.0,-184320000.0,1425406000.0,1425406000.0,153779000.0,0.075,0.225,0.107,0.568,26857000.0,110104000.0,1.0,128531071.0,137110000,141417000.0,10.396,7017583000.0,160076000.0,149231000.0,789799000.0,51.182,-409551000.0
63,PXD,MRT,2005-09-30,2005-09-30,2005-09-30,2021-08-05,-640073000.0,7227613000.0,6939503500.0,649636000.0,6577977000.0,0.116,15.432,-988970000.0,64508000.0,64508000.0,255591000.0,495837000.0,0.574,2.402,1939296000.0,0.0,1939296000.0,1939296000.0,876732000.0,40983000.0,0.0,0.004,0.22,663536000.0,704519000.0,0.878,704519000.0,663536000.0,538313000.0,3.53,3.45,3.53,2124250000.0,2527150750.0,2124250000.0,9130401109.0,14.0,12.96,228490000.0,1.66,1.0,546920000.0,0.682,306666000.0,125223000.0,7663559000.0,7609095500.0,65094000.0,0.0,0.0,0.0,5103363000.0,1132176000.0,3971187000.0,7794113109.0,57767000.0,-30171000.0,-699854000.0,-596359000.0,-28884000.0,-1323698000.0,164005000.0,0.0,1217460000.0,3792000.0,495837000.0,495837000.0,495837000.0,-452087000.0,0.0,0.618,335471000.0,211449000.0,273541000.0,0.062,3.669,15.719,15.558,6211127000.0,0.0,54.92,9.712,9.42,257957000.0,-323978000.0,802511000.0,802511000.0,108829000.0,0.071,0.196,0.087,0.827,24328000.0,102247000.0,1.0,141917573.0,137655000,141786000.0,5.83,6920947000.0,233562000.0,42476000.0,637468000.0,50.277,-482540000.0
64,PXD,MRT,2005-06-30,2005-06-30,2005-06-30,2021-08-05,-444211000.0,6914577000.0,6781656000.0,544876000.0,6369701000.0,0.123,18.788,-695208000.0,58451000.0,58451000.0,237877000.0,453180000.0,0.616,1.614,1394739000.0,0.0,1394739000.0,1394739000.0,898614000.0,100606000.0,0.0,0.005,0.2,622299000.0,722905000.0,0.869,722905000.0,622299000.0,501111000.0,3.31,3.24,3.31,2645633000.0,2656315250.0,2645633000.0,7874820370.0,13.0,10.893,451588000.0,3.207,1.0,593697000.0,0.714,307068000.0,121188000.0,7058716000.0,7715234000.0,56282000.0,0.0,0.0,0.0,4268944000.0,885081000.0,3383863000.0,6058921370.0,39450000.0,-879621000.0,-254700000.0,-362094000.0,-28884000.0,-652575000.0,-454771000.0,0.0,1146796000.0,3789000.0,453180000.0,453180000.0,453180000.0,-393869000.0,0.0,0.545,365267000.0,228430000.0,273484000.0,0.06,2.29,13.37,12.713,6002850000.0,0.0,42.08,7.286,7.125,265191000.0,-417294000.0,831574000.0,831574000.0,85347000.0,0.067,0.171,0.081,0.748,20807000.0,91861000.0,1.0,143985774.0,140812000,145246000.0,5.906,6607509000.0,151316000.0,47931000.0,679032000.0,46.924,-340205000.0
65,PXD,MRT,2005-03-31,2005-03-31,2005-03-31,2021-08-05,-472862000.0,6882337000.0,6039127000.0,487861000.0,6394476000.0,0.153,17.544,-633293000.0,16039000.0,16039000.0,239414000.0,337323000.0,0.529,1.745,1831938000.0,0.0,1831938000.0,1831938000.0,630280000.0,175135000.0,0.0,0.005,0.2,496315000.0,671450000.0,0.726,671450000.0,496315000.0,383128000.0,2.58,2.54,2.58,2506940000.0,2441135250.0,2506940000.0,8516243915.0,17.0,12.683,468290000.0,3.277,1.0,685818000.0,0.741,307951000.0,113187000.0,7467286000.0,7165915000.0,41256000.0,0.0,0.0,0.0,4375397000.0,922999000.0,3452398000.0,6137550915.0,5962000.0,-879621000.0,-187017000.0,36176000.0,-26557000.0,-182518000.0,-913103000.0,0.0,1101583000.0,1055000.0,337323000.0,337323000.0,337323000.0,-236033000.0,0.0,0.365,425536000.0,260282000.0,282854000.0,0.078,2.448,18.195,16.558,6024877000.0,0.0,42.72,6.634,6.598,224874000.0,-600361000.0,925232000.0,925232000.0,87454000.0,0.056,0.138,0.069,0.536,15676000.0,82405000.0,1.0,143669263.0,142898000,147345000.0,6.475,6574386000.0,190162000.0,45805000.0,534586000.0,46.008,-435138000.0
66,PXD,MRT,2004-12-31,2004-12-31,2004-12-31,2021-08-05,-190465000.0,6733487000.0,5300613750.0,393425000.0,6340062000.0,0.191,22.626,-599877000.0,7257000.0,7257000.0,224903000.0,312854000.0,0.723,1.378,2385950000.0,0.0,2385950000.0,2385950000.0,0.0,231598000.0,0.0,0.006,0.2,477950000.0,709548000.0,0.699,709548000.0,477950000.0,375933000.0,2.5,2.46,2.5,2831780000.0,2253857000.0,2831780000.0,7579714572.0,16.0,10.682,451682000.0,3.609,1.0,789901000.0,0.778,320900000.0,102017000.0,8246821000.0,6527188250.0,40332000.0,0.0,0.0,0.0,3901707000.0,544459000.0,3357248000.0,5117761572.0,-12716000.0,-878656000.0,-57188000.0,499176000.0,-26557000.0,414258000.0,-1478533000.0,0.0,1051559000.0,674000.0,312854000.0,312854000.0,312854000.0,-178422000.0,0.0,0.308,490373000.0,299528000.0,216051000.0,0.08,1.807,16.358,14.04,5959763000.0,0.0,35.1,5.043,4.329,276035000.0,-634146000.0,1014804000.0,1014804000.0,113371000.0,0.059,0.139,0.073,0.471,12503000.0,73192000.0,1.0,145805173.0,125156000,127488000.0,8.108,6412587000.0,118169000.0,63079000.0,625955000.0,51.237,-151034000.0
67,PXD,MRT,2004-09-30,2004-09-30,2004-09-30,2021-08-05,-294812000.0,6596223000.0,4605135000.0,259219000.0,6337004000.0,0.335,22.256,-634163000.0,2949000.0,2949000.0,245193000.0,268180000.0,0.407,1.498,2464902000.0,0.0,2464902000.0,2464902000.0,0.0,512639000.0,0.0,0.006,0.2,499869000.0,1012508000.0,0.657,1012508000.0,499869000.0,410202000.0,2.26,2.22,2.26,2640908000.0,1985855000.0,2640908000.0,5516937124.0,11.0,5.449,314743000.0,2.652,1.0,1295753000.0,0.841,333203000.0,89667000.0,8088113000.0,5729978500.0,35576000.0,0.0,0.0,0.0,3955315000.0,636860000.0,3318455000.0,4140786124.0,-9839000.0,-813752000.0,4710000.0,572998000.0,-12005000.0,523126000.0,-1481871000.0,0.0,948906000.0,137000.0,268180000.0,268180000.0,268180000.0,-26718000.0,0.0,0.174,822602000.0,473151000.0,177585000.0,0.088,1.568,15.44,15.257,5949957000.0,0.0,34.48,2.687,2.655,173900000.0,-711993000.0,1540946000.0,1540946000.0,176755000.0,0.058,0.135,0.087,0.324,8902000.0,70890000.0,1.0,120092405.0,118663000,120297000.0,12.986,6263020000.0,21443000.0,142022000.0,451337000.0,52.78,-377641000.0
68,PXD,MRT,2004-06-30,2004-06-30,2004-06-30,2021-08-05,-172614000.0,3944461000.0,3916481750.0,247660000.0,3696801000.0,0.37,15.018,-644050000.0,15212000.0,15212000.0,245862000.0,379077000.0,0.539,1.21,1391363000.0,0.0,1391363000.0,1391363000.0,0.0,480714000.0,0.0,0.003,0.1,486363000.0,967077000.0,0.667,967077000.0,486363000.0,398311000.0,3.22,3.17,3.22,1784913000.0,1754604250.0,1784913000.0,5660944683.0,12.0,5.854,288182000.0,2.425,1.0,1204949000.0,0.831,0.0,88052000.0,4861440000.0,4989823250.0,21784000.0,0.0,0.0,0.0,2159548000.0,459172000.0,1700376000.0,4213271683.0,3707000.0,35698000.0,21881000.0,-286000000.0,-12005000.0,-295001000.0,-633524000.0,0.0,932232000.0,-651000.0,379077000.0,379077000.0,379077000.0,-22876000.0,0.0,0.261,741462000.0,463487000.0,170269000.0,0.031,2.36,11.115,10.894,3468071000.0,0.0,35.08,2.904,2.874,166539000.0,-770840000.0,1450811000.0,1450811000.0,168389000.0,0.097,0.216,0.097,0.335,7583000.0,66666000.0,1.0,120104666.0,118855000,120402000.0,12.207,3944461000.0,211383000.0,19234000.0,21712000.0,33.187,-211512000.0
69,PXD,MRT,2004-03-31,2004-03-31,2004-03-31,2021-08-05,-129652000.0,3928284000.0,3855538500.0,222713000.0,3705571000.0,0.355,14.807,-589980000.0,9022000.0,9022000.0,238528000.0,386560000.0,0.48,1.235,1456695000.0,0.0,1456695000.0,1456695000.0,0.0,440745000.0,0.0,0.003,0.1,447138000.0,887883000.0,0.648,887883000.0,447138000.0,356665000.0,3.29,3.24,3.29,1757827000.0,1661872500.0,1757827000.0,5391023265.0,12.0,6.072,267412000.0,2.252,1.0,1131752000.0,0.826,0.0,90473000.0,4912379000.0,5034485750.0,17210000.0,0.0,0.0,0.0,2170457000.0,463578000.0,1706879000.0,3854861265.0,1660000.0,35698000.0,28254000.0,-297165000.0,0.0,-286182000.0,-569550000.0,0.0,857392000.0,504000.0,386560000.0,386560000.0,386560000.0,-17382000.0,0.0,0.282,701996000.0,429756000.0,175901000.0,0.03,2.193,9.972,9.818,3466315000.0,0.0,32.3,2.813,2.798,146139000.0,-839646000.0,1370280000.0,1370280000.0,175831000.0,0.1,0.233,0.089,0.326,6039000.0,63170000.0,1.0,119345550.0,118719000,120264000.0,11.542,3928284000.0,234367000.0,-29895000.0,21818000.0,33.089,-240865000.0
70,PXD,MRT,2003-12-31,2003-12-31,2003-12-31,2021-08-05,-72662000.0,3951572000.0,3804069250.0,205115000.0,3746457000.0,0.321,15.017,-672428000.0,19299000.0,19299000.0,228183000.0,410592000.0,0.477,1.246,1555461000.0,0.0,1555461000.0,1555461000.0,0.0,374295000.0,0.0,0.0,0.0,434612000.0,808907000.0,0.662,808907000.0,434612000.0,343224000.0,3.5,3.46,3.5,1759772000.0,1575404500.0,1759772000.0,5377325040.0,12.0,6.648,65681000.0,0.56,1.0,993986000.0,0.813,0.0,91388000.0,5057982000.0,5088073750.0,17509000.0,0.0,0.0,0.0,2191800000.0,429752000.0,1762048000.0,3768612040.0,9659000.0,35698000.0,30671000.0,-105537000.0,0.0,-91720000.0,-636730000.0,0.0,738109000.0,1150000.0,410592000.0,410592000.0,410592000.0,-17382000.0,0.0,0.336,592169000.0,401817000.0,186418000.0,0.0,2.142,9.178,9.123,3515327000.0,0.0,31.93,3.084,3.062,154864000.0,-887848000.0,1222169000.0,1222169000.0,131192000.0,0.108,0.261,0.085,0.356,5429000.0,60322000.0,1.0,118027311.0,117185000,118513000.0,10.429,3951572000.0,232858000.0,-67368000.0,18049000.0,33.721,-224637000.0
71,PXD,MRT,2003-09-30,2003-09-30,2003-09-30,2021-08-05,-31705000.0,3841610000.0,3679955250.0,195738000.0,3645872000.0,0.316,14.639,-658868000.0,12651000.0,12651000.0,258914000.0,371638000.0,0.606,1.239,1621364000.0,0.0,1621364000.0,1621364000.0,0.0,334436000.0,0.0,0.0,0.0,372460000.0,706896000.0,0.608,706896000.0,372460000.0,278524000.0,3.19,3.14,3.19,1715905000.0,1479185750.0,1715905000.0,4698756084.0,13.0,6.647,-5759000.0,-0.049,1.0,902955000.0,0.777,0.0,93936000.0,5127492000.0,5033720750.0,19054000.0,0.0,0.0,0.0,2125705000.0,322831000.0,1802874000.0,3000175084.0,-14788000.0,0.0,24382000.0,-23600000.0,0.0,-44054000.0,-623843000.0,0.0,653109000.0,1937000.0,371638000.0,371638000.0,371638000.0,0.0,0.0,0.32,545908000.0,357047000.0,141674000.0,0.0,1.748,8.073,7.981,3419734000.0,0.0,25.46,2.582,2.569,97627000.0,-945222000.0,1161869000.0,1161869000.0,136020000.0,0.101,0.251,0.074,0.321,4836000.0,57592000.0,1.0,117838770.0,117216000,118457000.0,9.912,3841610000.0,228212000.0,-93114000.0,16629000.0,32.774,-127093000.0
72,PXD,MRT,2003-06-30,2003-06-30,2003-06-30,2021-08-05,-128455000.0,3700688000.0,3566922250.0,185228000.0,3515460000.0,0.281,12.085,-751280000.0,12156000.0,12156000.0,233120000.0,178935000.0,0.516,1.617,1710737000.0,0.0,1710737000.0,1710737000.0,0.0,285650000.0,0.0,0.0,0.0,278976000.0,564626000.0,0.563,564626000.0,278976000.0,187905000.0,1.54,1.51,1.54,1413986000.0,1398984500.0,1413986000.0,4831454207.0,17.0,8.557,-232982000.0,-1.991,1.0,770635000.0,0.768,0.0,91071000.0,5040090000.0,4954507250.0,14810000.0,2831000.0,2538000.0,293000.0,2286702000.0,359179000.0,1927523000.0,3070662207.0,-6619000.0,0.0,21897000.0,222935000.0,0.0,140737000.0,-665654000.0,0.0,518298000.0,2047000.0,178935000.0,178935000.0,178935000.0,0.0,0.0,0.178,507072000.0,263563000.0,125820000.0,0.0,2.172,17.161,16.948,3400181000.0,0.0,26.1,3.059,3.042,116229000.0,-1137035000.0,1003755000.0,1003755000.0,129828000.0,0.05,0.128,0.056,0.278,3227000.0,54851000.0,1.0,117649893.0,117005000,118969000.0,8.579,3700688000.0,90995000.0,8970000.0,14400000.0,31.628,-173951000.0
73,PXD,MRT,2003-03-31,2003-03-31,2003-03-31,2021-08-05,-49792000.0,3722407000.0,3461452250.0,184545000.0,3537862000.0,0.241,12.095,-791599000.0,6858000.0,6858000.0,208994000.0,112892000.0,0.518,1.636,1767650000.0,0.0,1767650000.0,1767650000.0,0.0,236036000.0,0.0,0.0,0.0,212658000.0,448694000.0,0.539,448694000.0,212658000.0,120669000.0,0.98,0.96,0.98,1411955000.0,1400961500.0,1411955000.0,4604259283.0,22.0,10.261,-372601000.0,-3.192,1.0,623495000.0,0.749,0.0,91989000.0,5126731000.0,4819274250.0,10951000.0,0.0,0.0,0.0,2310452000.0,356468000.0,1953984000.0,2944213283.0,-10310000.0,0.0,258903000.0,131650000.0,0.0,279532000.0,-708840000.0,0.0,418998000.0,411000.0,112892000.0,112892000.0,112892000.0,0.0,0.0,0.136,426250000.0,197245000.0,161098000.0,0.0,2.085,26.08,25.612,3417264000.0,0.0,25.1,3.537,3.52,125836000.0,-1214220000.0,832489000.0,832489000.0,100641000.0,0.033,0.081,0.044,0.255,1884000.0,51965000.0,1.0,117299334.0,116743000,118675000.0,7.131,3722407000.0,90849000.0,7777000.0,13341000.0,31.885,-171923000.0
74,PXD,MRT,2002-12-31,2002-12-31,2002-12-31,2021-08-05,4085000.0,3455116000.0,3321663000.0,147093000.0,3308023000.0,0.214,12.217,-626981000.0,8490000.0,8490000.0,192145000.0,26713000.0,0.536,1.513,1668536000.0,0.0,1668536000.0,1668536000.0,0.0,216375000.0,0.0,0.0,0.0,127591000.0,343966000.0,0.484,343966000.0,127591000.0,31776000.0,0.24,0.23,0.24,1374897000.0,1345925500.0,1374897000.0,4580615505.0,36.0,13.317,-294736000.0,-2.619,1.0,517864000.0,0.729,0.0,95815000.0,4840570000.0,4667650750.0,10648000.0,0.0,0.0,0.0,2080219000.0,274592000.0,1805627000.0,2955361505.0,-5013000.0,0.0,250389000.0,48022000.0,0.0,170873000.0,-508131000.0,0.0,332245000.0,-831000.0,26713000.0,26713000.0,26713000.0,0.0,0.0,0.038,390273000.0,127591000.0,124774000.0,0.0,2.15,110.634,105.208,3191213000.0,0.0,25.25,4.162,4.002,145389000.0,-1298440000.0,710009000.0,710009000.0,85894000.0,0.008,0.02,0.027,0.18,1884000.0,48402000.0,1.0,117044020.0,112542000,114288000.0,6.309,3455116000.0,90740000.0,5063000.0,8760000.0,30.701,-127499000.0
75,PXD,MRT,2002-09-30,2002-09-30,2002-09-30,2021-08-05,47708000.0,3389478000.0,3275647250.0,135902000.0,3253576000.0,0.211,12.007,-670663000.0,25502000.0,25502000.0,200880000.0,-12570000.0,0.666,1.43,1650756000.0,0.0,1650756000.0,1650756000.0,0.0,209091000.0,0.0,0.0,0.0,90501000.0,299592000.0,0.434,299592000.0,90501000.0,-10725000.0,-0.15,-0.14,-0.15,1395100000.0,1323548500.0,1395100000.0,4260828366.0,47.0,14.222,-356773000.0,-3.071,1.0,489395000.0,0.709,0.0,101226000.0,4810638000.0,4608961750.0,10151000.0,0.0,0.0,0.0,1994378000.0,204094000.0,1790284000.0,2815762366.0,6615000.0,11119000.0,237001000.0,64061000.0,0.0,192991000.0,-500266000.0,0.0,313890000.0,-1850000.0,-12570000.0,-12570000.0,-12570000.0,0.0,0.0,-0.018,397520000.0,91875000.0,93426000.0,0.0,2.018,-224.007,-161.667,3131079000.0,0.0,24.25,4.079,4.082,77473000.0,-1316793000.0,690275000.0,690275000.0,91078000.0,-0.004,-0.009,0.02,0.131,0.0,45504000.0,1.0,116113912.0,116193000,116193000.0,5.941,3389478000.0,90733000.0,1845000.0,6394000.0,29.171,-68192000.0
76,PXD,MRT,2002-06-30,2002-06-30,2002-06-30,2021-08-05,77241000.0,3278808000.0,3223224500.0,136008000.0,3142800000.0,0.222,12.549,-573781000.0,16728000.0,16728000.0,202623000.0,12922000.0,0.605,1.306,1461794000.0,0.0,1461794000.0,1461794000.0,0.0,214408000.0,0.0,0.0,0.0,128097000.0,342505000.0,0.478,342505000.0,128097000.0,14957000.0,0.11,0.12,0.11,1421894000.0,1270806000.0,1421894000.0,4590516515.0,36.0,13.403,-224645000.0,-1.983,1.0,513370000.0,0.717,0.0,113140000.0,4499158000.0,4522997250.0,10079000.0,0.0,0.0,0.0,1856914000.0,224716000.0,1632198000.0,3019420515.0,433000.0,11119000.0,232208000.0,-120529000.0,0.0,56765000.0,-405468000.0,0.0,349136000.0,-1932000.0,12922000.0,12922000.0,12922000.0,0.0,0.0,0.018,385273000.0,128097000.0,120407000.0,0.0,2.124,233.665,236.818,2994613000.0,0.0,26.05,4.217,4.122,83501000.0,-1315695000.0,715993000.0,715993000.0,97420000.0,0.004,0.01,0.028,0.179,0.0,41191000.0,1.0,115908657.0,113306000,115239000.0,6.319,3278808000.0,90795000.0,2035000.0,4900000.0,28.938,-88708000.0
77,PXD,MRT,2002-03-31,2002-03-31,2002-03-31,2021-08-05,97330000.0,3163250000.0,3169036000.0,167241000.0,2996009000.0,0.244,11.454,-537025000.0,16757000.0,16757000.0,204880000.0,30118000.0,0.781,1.654,1587853000.0,0.0,1587853000.0,1587853000.0,0.0,220859000.0,0.0,0.0,0.0,155983000.0,376842000.0,0.488,376842000.0,155983000.0,33324000.0,0.3,0.3,0.3,1191811000.0,1175083000.0,1191811000.0,3882305931.0,25.0,10.302,-143122000.0,-1.375,1.0,567813000.0,0.735,0.0,122659000.0,4520237000.0,4490550250.0,11974000.0,0.0,0.0,0.0,1971439000.0,214109000.0,1757330000.0,2319335931.0,-367000.0,11119000.0,-3692000.0,51921000.0,0.0,-21558000.0,-372712000.0,0.0,393903000.0,-1181000.0,30118000.0,30118000.0,30118000.0,0.0,0.0,0.039,411830000.0,155983000.0,100127000.0,0.0,1.946,77.008,74.3,2849126000.0,0.0,22.29,3.002,3.002,88862000.0,-1326528000.0,772693000.0,772693000.0,126143000.0,0.01,0.026,0.035,0.202,0.0,38438000.0,1.0,104052756.0,104055000,104055000.0,7.426,3163250000.0,90719000.0,3206000.0,5633000.0,30.4,-46868000.0
78,PXD,MRT,2001-12-31,2001-12-31,2001-12-31,2021-08-05,193388000.0,3271053000.0,3108775500.0,255643000.0,3015410000.0,0.282,13.046,-547313000.0,14334000.0,14334000.0,209664000.0,99996000.0,1.12,1.545,1577304000.0,0.0,1577304000.0,1577304000.0,0.0,222632000.0,0.0,0.0,0.0,235970000.0,458602000.0,0.523,458602000.0,235970000.0,104012000.0,1.01,1.0,1.01,1285389000.0,1087373250.0,1285389000.0,3424525576.0,15.0,7.467,-71713000.0,-0.728,1.0,666817000.0,0.761,0.0,131958000.0,4605814000.0,4396201500.0,14549000.0,0.0,0.0,0.0,1985664000.0,228209000.0,1757455000.0,1890710576.0,-11181000.0,11119000.0,-13028000.0,-5079000.0,0.0,-64040000.0,-422741000.0,0.0,475600000.0,-644000.0,99996000.0,99996000.0,99996000.0,0.0,0.0,0.114,430847000.0,235970000.0,99165000.0,0.0,1.471,18.908,19.069,2805818000.0,0.0,19.26,2.157,2.165,82211000.0,-1323343000.0,876481000.0,876481000.0,127906000.0,0.032,0.092,0.054,0.269,0.0,36968000.0,1.0,98167735.0,98529000,99714000.0,8.896,3271053000.0,90719000.0,4016000.0,13768000.0,33.199,27434000.0
79,PXD,MRT,2001-09-30,2001-09-30,2001-09-30,2021-08-05,176457000.0,3179787000.0,3029621000.0,261081000.0,2918706000.0,0.322,12.026,-492503000.0,20737000.0,20737000.0,212764000.0,205043000.0,1.058,1.685,1554552000.0,0.0,1554552000.0,1554552000.0,0.0,222531000.0,0.0,0.0,0.0,351907000.0,574438000.0,0.589,574438000.0,351907000.0,210230000.0,2.08,2.06,2.08,1184130000.0,992252250.0,1184130000.0,2955156295.0,8.0,5.144,42464000.0,0.431,1.0,763087000.0,0.782,0.0,141677000.0,4466780000.0,4317382500.0,17863000.0,0.0,0.0,0.0,1995657000.0,246822000.0,1748835000.0,1401156295.0,-16863000.0,0.0,-21074000.0,-70217000.0,0.0,-141343000.0,-410487000.0,0.0,534967000.0,-298000.0,205043000.0,205043000.0,205043000.0,0.0,0.0,0.21,412554000.0,350533000.0,120599000.0,0.0,1.183,6.833,6.841,2668120000.0,0.0,14.23,1.436,1.436,93623000.0,-1302201000.0,975851000.0,975851000.0,117480000.0,0.068,0.207,0.082,0.361,0.0,36609000.0,1.0,98464954.0,98468000,99523000.0,9.91,3179787000.0,89211000.0,5187000.0,24973000.0,32.293,14259000.0
80,PXD,MRT,2001-06-30,2001-06-30,2001-06-30,2021-08-05,1760000.0,3062054000.0,2960070750.0,201219000.0,2860835000.0,0.348,10.566,-428545000.0,18227000.0,18227000.0,210779000.0,249729000.0,0.816,1.947,1572227000.0,0.0,1572227000.0,1572227000.0,0.0,219038000.0,0.0,0.0,0.0,398847000.0,617885000.0,0.6,617885000.0,398847000.0,248637000.0,2.53,2.5,2.53,1039002000.0,903785250.0,1039002000.0,3206846635.0,8.0,5.19,99250000.0,1.009,1.0,818546000.0,0.795,0.0,150210000.0,4369370000.0,4264751750.0,15068000.0,0.0,0.0,0.0,2023052000.0,246684000.0,1776368000.0,1674921635.0,-19838000.0,0.0,-22617000.0,-140326000.0,0.0,-208497000.0,-339136000.0,0.0,527795000.0,-204000.0,249729000.0,249729000.0,249729000.0,0.0,0.0,0.243,419699000.0,398847000.0,116246000.0,0.0,1.612,6.707,6.739,2628682000.0,0.0,17.05,1.627,1.629,102682000.0,-1326497000.0,1029325000.0,1029325000.0,116245000.0,0.084,0.276,0.094,0.387,0.0,34993000.0,1.0,98235873.0,98337000,99700000.0,10.467,3062054000.0,89211000.0,-1092000.0,24485000.0,31.138,-45465000.0
81,PXD,MRT,2001-03-31,2001-03-31,2001-03-31,2021-08-05,-4778000.0,2922208000.0,2927858500.0,158228000.0,2763980000.0,0.34,8.548,-338460000.0,18305000.0,18305000.0,201945000.0,205330000.0,0.508,2.475,1550230000.0,0.0,1550230000.0,1550230000.0,0.0,215191000.0,0.0,0.0,0.0,357843000.0,573034000.0,0.575,573034000.0,357843000.0,200030000.0,2.08,2.06,2.08,840972000.0,845491000.0,840972000.0,3097718307.0,9.0,5.406,176169000.0,1.791,1.0,794696000.0,0.797,0.0,157813000.0,4142842000.0,4267861750.0,12965000.0,0.0,0.0,0.0,2081236000.0,311291000.0,1769945000.0,1545101307.0,-14443000.0,0.0,-27879000.0,-215460000.0,0.0,-285704000.0,-243368000.0,0.0,514629000.0,-388000.0,205330000.0,205330000.0,205330000.0,0.0,0.0,0.206,424535000.0,370161000.0,112597000.0,0.0,1.837,7.525,7.548,2579595000.0,0.0,15.7,1.55,1.55,103916000.0,-1354784000.0,996641000.0,996641000.0,97358000.0,0.07,0.243,0.084,0.359,0.0,33951000.0,1.0,98414096.0,98379000,99708000.0,10.131,2922208000.0,90000000.0,-5300000.0,25100000.0,29.704,-153063000.0
82,PXD,MRT,2000-12-31,2000-12-31,2000-12-31,2021-08-05,11669000.0,2954435000.0,2939779250.0,191391000.0,2763044000.0,0.31,9.106,-297237000.0,26159000.0,26159000.0,189265000.0,152181000.0,0.884,2.265,1578776000.0,0.0,1578776000.0,1578776000.0,0.0,214938000.0,0.0,0.0,0.0,308133000.0,523071000.0,0.573,523071000.0,308133000.0,146181000.0,1.53,1.53,1.53,904905000.0,839398000.0,904905000.0,3564657434.0,12.0,6.815,132859000.0,1.337,1.0,723432000.0,0.793,0.0,161952000.0,4290538000.0,4353451750.0,14842000.0,0.0,0.0,0.0,2049530000.0,216514000.0,1833016000.0,1999179434.0,-8473000.0,0.0,-27298000.0,-177328000.0,0.0,-244068000.0,-194501000.0,0.0,430096000.0,-156000.0,152181000.0,152181000.0,152181000.0,0.0,0.0,0.167,402981000.0,320451000.0,102275000.0,0.0,2.209,13.137,12.869,2540579000.0,0.0,19.69,2.19,2.144,125654000.0,-1422703000.0,912697000.0,912697000.0,87550000.0,0.052,0.181,0.071,0.338,0.0,33262000.0,1.0,101532729.0,99378000,99763000.0,9.184,2954435000.0,89200000.0,-6000000.0,28500000.0,29.729,-25123000.0
83,PXD,MRT,2000-09-30,2000-09-30,2000-09-30,2021-08-05,9997000.0,2901586000.0,2933538750.0,194669000.0,2706917000.0,0.277,8.36,-274644000.0,37898000.0,37898000.0,172059000.0,76226000.0,0.923,2.495,1603376000.0,163000.0,1603213000.0,1603376000.0,0.0,213488000.0,0.0,0.0,0.0,231656000.0,445144000.0,0.548,445144000.0,231656000.0,69326000.0,0.78,0.77,0.78,830262000.0,806825250.0,830262000.0,3073168117.0,13.0,6.904,78977000.0,0.795,1.0,639777000.0,0.788,0.0,162330000.0,4256257000.0,4391769250.0,11983000.0,0.0,0.0,0.0,2071324000.0,210807000.0,1860517000.0,1408448117.0,4626000.0,0.0,-12419000.0,-122645000.0,0.0,-171938000.0,-177057000.0,0.0,353621000.0,26000.0,76226000.0,76226000.0,76226000.0,0.0,0.0,0.094,395803000.0,243974000.0,79722000.0,0.0,1.696,18.477,18.192,2483622000.0,0.0,14.19,1.735,1.736,129715000.0,-1506887000.0,811836000.0,811836000.0,88584000.0,0.026,0.094,0.053,0.285,0.0,34268000.0,1.0,99256386.0,99312000,99804000.0,8.175,2901586000.0,90200000.0,-6900000.0,30600000.0,29.217,-16138000.0
84,PXD,MRT,2000-06-30,2000-06-30,2000-06-30,2021-08-05,48981000.0,2933205000.0,2932418750.0,186428000.0,2746777000.0,0.262,8.084,-238538000.0,38269000.0,38269000.0,156974000.0,53366000.0,0.863,2.64,1702989000.0,327000.0,1702662000.0,1702989000.0,0.0,207897000.0,0.0,0.0,0.0,213504000.0,421401000.0,0.549,421401000.0,213504000.0,50966000.0,0.54,0.54,0.54,805825000.0,790140250.0,805825000.0,2985306255.0,14.0,7.084,88683000.0,0.89,1.0,610082000.0,0.795,0.0,162538000.0,4381810000.0,4425703250.0,14702000.0,0.0,0.0,0.0,2127380000.0,216115000.0,1911265000.0,1272119255.0,-41142000.0,0.0,-6054000.0,-237497000.0,0.0,-279446000.0,-88917000.0,0.0,327221000.0,142000.0,53366000.0,53366000.0,53366000.0,0.0,0.0,0.07,384260000.0,225822000.0,69401000.0,0.0,1.579,23.838,23.648,2514181000.0,0.0,12.77,1.658,1.66,117528000.0,-1576175000.0,767056000.0,767056000.0,77044000.0,0.018,0.068,0.048,0.278,0.0,36526000.0,1.0,99617796.0,99683000,99683000.0,7.695,2933205000.0,89200000.0,-2400000.0,39200000.0,29.425,-29687000.0
85,PXD,MRT,2000-03-31,2000-03-31,2000-03-31,2021-08-05,41705000.0,2969891000.0,2969894500.0,200965000.0,2768926000.0,0.237,8.153,-203945000.0,33136000.0,33136000.0,155458000.0,-5189000.0,1.016,2.637,1746323000.0,505000.0,1745818000.0,1746323000.0,0.0,218583000.0,0.0,0.0,0.0,161089000.0,379672000.0,0.54,379672000.0,161089000.0,-6489000.0,-0.04,-0.04,-0.04,816600000.0,768156000.0,816600000.0,2761324180.0,17.0,7.273,90199000.0,0.901,1.0,547988000.0,0.779,0.0,167578000.0,4485202000.0,4498131250.0,12905000.0,0.0,0.0,0.0,2153291000.0,197876000.0,1955415000.0,1050176180.0,-512000.0,0.0,-4064000.0,-466770000.0,0.0,-495639000.0,200983000.0,0.0,294144000.0,85000.0,-5189000.0,-5189000.0,-5189000.0,0.0,0.0,-0.007,386899000.0,161089000.0,72673000.0,0.0,1.286,-202.385,-262.5,2551886000.0,0.0,10.5,1.493,1.495,137896000.0,-1560114000.0,703446000.0,703446000.0,67273000.0,-0.002,-0.007,0.036,0.229,0.0,39751000.0,1.0,100016779.0,100163000,100163000.0,7.023,2969891000.0,89200000.0,-1300000.0,41600000.0,29.651,3089000.0
86,PXD,MRT,1999-12-31,1999-12-31,1999-12-31,2021-08-05,10425000.0,2929473000.0,3081704000.0,183136000.0,2746337000.0,0.23,7.722,-191536000.0,34788000.0,34788000.0,159530000.0,-22460000.0,0.931,2.782,1745936000.0,828000.0,1745108000.0,1745936000.0,0.0,236047000.0,0.0,0.0,0.0,147284000.0,383331000.0,0.54,383331000.0,147284000.0,-23060000.0,-0.22,-0.22,-0.22,774614000.0,760692500.0,774614000.0,2578461468.0,18.0,6.726,63698000.0,0.635,1.0,550605000.0,0.775,0.0,170344000.0,4443808000.0,4648173500.0,13721000.0,0.0,0.0,0.0,2154859000.0,196813000.0,1958046000.0,896537468.0,-24840000.0,0.0,0.0,-438426000.0,0.0,-479069000.0,198995000.0,0.0,255234000.0,407000.0,-22460000.0,-22460000.0,-22460000.0,0.0,0.0,-0.032,403321000.0,147284000.0,86868000.0,0.0,1.157,-39.917,-40.627,2545968000.0,0.0,8.938,1.262,1.262,118575000.0,-1574884000.0,710135000.0,710135000.0,65974000.0,-0.007,-0.03,0.032,0.207,0.0,40241000.0,1.0,100306273.0,100307000,100307000.0,7.08,2929473000.0,89200000.0,-600000.0,43500000.0,29.205,-13677000.0
87,PXD,MRT,1999-09-30,1999-09-30,1999-09-30,2021-08-05,7805000.0,2897106000.0,3219664250.0,165671000.0,2731435000.0,0.217,7.612,-183675000.0,33246000.0,33246000.0,177504000.0,-673560000.0,0.886,2.794,1715170000.0,856000.0,1714314000.0,1715170000.0,0.0,274688000.0,0.0,0.0,0.0,-429666000.0,-154978000.0,-0.221,-154978000.0,-429666000.0,-602060000.0,-6.72,-6.72,-6.72,763522000.0,764308250.0,763522000.0,2915872244.0,-7.0,-18.815,50600000.0,0.504,1.0,522562000.0,0.746,0.0,172394000.0,4391993000.0,4804853000.0,12902000.0,0.0,0.0,0.0,2133584000.0,187037000.0,1946547000.0,1066189244.0,-36886000.0,0.0,-452000.0,-460699000.0,3000.0,-476350000.0,205189000.0,0.0,234275000.0,-153000.0,-673560000.0,-673560000.0,-673560000.0,0.0,0.0,-0.962,952228000.0,-429666000.0,70372000.0,0.0,1.396,-1.583,-1.582,2524216000.0,0.0,10.63,1.523,1.523,104661000.0,-1583131000.0,700066000.0,700066000.0,77301000.0,-0.209,-0.881,-0.089,-0.614,0.0,45584000.0,1.0,100300023.0,100305000,100305000.0,6.979,2897106000.0,103900000.0,71500000.0,59000000.0,28.883,-21366000.0
88,PXD,MRT,1999-06-30,1999-06-30,1999-06-30,2021-08-05,8732000.0,3083108000.0,3493544250.0,219179000.0,2863929000.0,0.191,7.157,-255357000.0,79269000.0,79269000.0,200614000.0,-763890000.0,0.839,3.295,1928952000.0,69951000.0,1859001000.0,1928952000.0,0.0,310857000.0,0.0,0.005,0.05,-544076000.0,-233219000.0,-0.35,-233219000.0,-544076000.0,-717290000.0,-7.62,-7.62,-7.62,717888000.0,929537500.0,717888000.0,3278153253.0,-6.0,-14.056,-4322000.0,-0.043,1.0,465156000.0,0.699,0.0,173214000.0,4671522000.0,5165844500.0,13929000.0,0.0,0.0,0.0,2365220000.0,261269000.0,2103951000.0,1103300253.0,33845000.0,0.0,-3589000.0,-212251000.0,-5020000.0,-237019000.0,19829000.0,0.0,251035000.0,-269000.0,-763890000.0,-763890000.0,-763890000.0,0.0,0.0,-1.147,1009232000.0,-544076000.0,77052000.0,-0.007,1.537,-1.444,-1.444,2654506000.0,0.0,11.0,1.657,1.657,111223000.0,-1629559000.0,665770000.0,665770000.0,101037000.0,-0.219,-0.822,-0.105,-0.817,0.0,56025000.0,1.0,100300023.0,100300000,100300000.0,6.638,3083108000.0,103900000.0,46600000.0,64600000.0,30.739,-42090000.0
89,PXD,MRT,1999-03-31,1999-03-31,1999-03-31,2021-08-05,2998000.0,3417129000.0,3722372500.0,171280000.0,3245849000.0,0.192,7.844,-386347000.0,33563000.0,33563000.0,215603000.0,-722083000.0,0.338,3.343,2208416000.0,339282000.0,1869134000.0,2208416000.0,0.0,330430000.0,0.0,0.006,0.05,-525355000.0,-194925000.0,-0.272,-194925000.0,-525355000.0,-692683000.0,-7.21,-7.21,-7.21,786746000.0,1117689750.0,786746000.0,2893369178.0,-6.0,-14.843,-133031000.0,-1.326,1.0,500530000.0,0.699,0.0,167328000.0,5085371000.0,5469162500.0,13450000.0,0.0,0.0,0.0,2630383000.0,506611000.0,2123772000.0,777325178.0,-40410000.0,0.0,-4795000.0,105668000.0,-5020000.0,78479000.0,-372205000.0,0.0,253316000.0,-179000.0,-722083000.0,-722083000.0,-722083000.0,0.0,0.0,-1.008,1025885000.0,-525355000.0,68758000.0,-0.007,0.988,-1.077,-1.075,3055915000.0,0.0,7.75,1.085,1.085,109021000.0,-1554943000.0,716133000.0,716133000.0,109685000.0,-0.194,-0.646,-0.096,-0.734,0.0,63224000.0,1.0,100300023.0,100300000,100300000.0,7.14,3417129000.0,103900000.0,29400000.0,64800000.0,34.069,-335331000.0
90,PXD,MRT,1998-12-31,1998-12-31,1998-12-31,2021-08-05,2903000.0,3481314000.0,3869442500.0,201988000.0,3279326000.0,0.186,7.886,-538883000.0,59221000.0,59221000.0,223551000.0,-746426000.0,0.383,3.412,2175265000.0,306521000.0,1868744000.0,2175265000.0,0.0,337308000.0,0.0,0.011,0.1,-566541000.0,-229233000.0,-0.318,-229233000.0,-566541000.0,-730826000.0,-7.46,-7.46,-7.46,789077000.0,1297247750.0,789077000.0,2947572564.0,-5.0,-12.858,-224807000.0,-2.247,1.0,497948000.0,0.69,0.0,164285000.0,5070526000.0,5648572250.0,15221000.0,0.0,0.0,0.0,2692237000.0,526832000.0,2165405000.0,876906564.0,-11998000.0,0.0,-10367000.0,235656000.0,-10076000.0,190933000.0,-517007000.0,0.0,314076000.0,-494000.0,-746426000.0,-746426000.0,-746426000.0,0.0,0.0,-1.035,1064489000.0,-566541000.0,99429000.0,-0.013,1.111,-1.175,-1.173,3089118000.0,0.0,8.75,1.215,1.213,110520000.0,-1552442000.0,721499000.0,721499000.0,121858000.0,-0.193,-0.575,-0.1,-0.785,0.0,73000000.0,1.0,100217893.0,100055000,100055000.0,7.211,3481314000.0,103900000.0,15600000.0,64200000.0,34.794,-324844000.0
91,PXD,MRT,1998-09-30,1998-09-30,1998-09-30,2021-08-05,2022000.0,3992626000.0,4037361500.0,238494000.0,3754132000.0,0.187,14.253,-636294000.0,95305000.0,95305000.0,222004000.0,-1007686000.0,1.049,1.803,2165971000.0,1712000.0,2164259000.0,2165971000.0,0.0,332746000.0,0.0,0.007,0.1,-1416283000.0,-1083537000.0,-1.439,-1083537000.0,-1416283000.0,-1571886000.0,-18.49,-18.49,-18.49,1424439000.0,1487189750.0,1424439000.0,3508770718.0,-2.0,-3.238,-320645000.0,-3.208,1.0,531184000.0,0.705,0.0,155603000.0,5835959000.0,5823249250.0,17460000.0,0.0,0.0,0.0,2568187000.0,227333000.0,2340854000.0,1411955718.0,29759000.0,-15400000.0,-21169000.0,314731000.0,-10079000.0,243225000.0,-529115000.0,0.0,315649000.0,-105000.0,-1007686000.0,-1007686000.0,-1007686000.0,0.0,0.0,-1.338,1935577000.0,-1404393000.0,113120000.0,-0.005,0.991,-1.401,-0.76,3567651000.0,0.0,14.06,1.875,1.866,99391000.0,-909574000.0,753188000.0,753188000.0,128999000.0,-0.25,-0.678,-0.243,-1.88,0.0,73642000.0,1.0,100423593.0,99939000,99939000.0,7.536,3992626000.0,118300000.0,-564200000.0,0.0,39.951,11161000.0
92,PXD,MRT,1998-06-30,1998-06-30,1998-06-30,2021-08-05,-2762000.0,3998421000.0,,252971000.0,3745450000.0,,14.714,-618645000.0,46041000.0,46041000.0,206254000.0,-976350000.0,1.202,1.719,2142856000.0,3772000.0,2139084000.0,2142856000.0,0.0,312984000.0,0.0,0.004,0.1,-1384359000.0,-1071375000.0,-1.477,-1071375000.0,-1384359000.0,-1522250000.0,-18.26,-18.26,-18.26,1470497000.0,,1470497000.0,4432054062.0,-3.0,-4.137,-354609000.0,-3.548,1.0,519343000.0,0.716,0.0,137891000.0,5884794000.0,,20752000.0,0.0,0.0,0.0,2527924000.0,210442000.0,2317482000.0,2398194062.0,35904000.0,-15919000.0,-7962000.0,339175000.0,-8778000.0,286853000.0,-514985000.0,0.0,264036000.0,-54000.0,-976350000.0,-976350000.0,-976350000.0,0.0,0.0,-1.346,1890294000.0,-1370951000.0,118252000.0,-0.005,1.631,-2.456,-1.308,3590238000.0,0.0,23.88,3.305,3.289,157790000.0,-860649000.0,725597000.0,725597000.0,108885000.0,,,,-1.908,0.0,71185000.0,1.0,100426887.0,99939000,99939000.0,7.26,3998421000.0,88800000.0,-545900000.0,0.0,40.009,42529000.0
93,PXD,MRT,1998-03-31,1998-03-31,1998-03-31,2021-08-05,940000.0,4005409000.0,,306244000.0,3699165000.0,,14.968,-567020000.0,75347000.0,75347000.0,174599000.0,-936128000.0,1.296,1.661,2109207000.0,10052000.0,2099155000.0,2109207000.0,0.0,260055000.0,0.0,0.004,0.1,-1352795000.0,-1092740000.0,-1.713,-1092740000.0,-1352795000.0,-1459928000.0,-17.72,-17.72,-17.72,1504978000.0,,1504978000.0,4386486034.0,-3.0,-4.014,-343223000.0,-3.414,1.0,463280000.0,0.726,0.0,107133000.0,5803010000.0,,20102000.0,0.0,0.0,0.0,2500431000.0,236259000.0,2264172000.0,2510385034.0,64727000.0,-15919000.0,-6358000.0,340976000.0,-8778000.0,300956000.0,-460026000.0,0.0,223797000.0,0.0,-936128000.0,-936128000.0,-936128000.0,0.0,0.0,-1.468,1802667000.0,-1339387000.0,142413000.0,-0.006,1.668,-2.682,-1.404,3563764000.0,0.0,24.88,3.936,3.922,185381000.0,-827840000.0,637879000.0,637879000.0,93112000.0,,,,-2.121,0.0,62068000.0,1.0,100899720.0,100545000,100545000.0,6.344,4005409000.0,62400000.0,-523800000.0,0.0,39.837,69985000.0
94,PXD,MRT,1997-12-31,1997-12-31,1997-12-31,2021-08-05,0.0,4152990000.0,2676427500.0,308188000.0,3844802000.0,0.204,29.801,-441423000.0,71713000.0,71713000.0,144170000.0,-890671000.0,1.178,1.681,1949509000.0,5791000.0,1943718000.0,1949509000.0,0.0,212435000.0,0.0,0.002,0.05,-1313421000.0,-1100986000.0,-2.016,-1100986000.0,-1313421000.0,-1390971000.0,-17.14,-17.14,-17.14,1548845000.0,1039570500.0,1548845000.0,,,,-213214000.0,-4.102,1.0,401859000.0,0.736,0.0,77550000.0,5769234000.0,3591979000.0,13576000.0,0.0,0.0,0.0,2604145000.0,261552000.0,2342593000.0,2926091880.0,53002000.0,-15490000.0,-2953000.0,172940000.0,-5476000.0,165971000.0,-341178000.0,0.0,228209000.0,0.0,-890671000.0,-890671000.0,-890671000.0,0.0,0.0,-1.631,1701872000.0,-1300013000.0,186691000.0,-0.003,1.889,-3.285,-1.692,3559859000.0,0.0,29.0,5.359,2.76,191932000.0,-795940000.0,546029000.0,546029000.0,77160000.0,-0.333,-0.857,-0.366,-2.405,0.0,48763000.0,1.0,100899720.0,51973000,51973000.0,10.506,4152990000.0,223300000.0,-500300000.0,218600000.0,79.907,46636000.0
95,PXD,MRT,1997-09-30,1997-09-30,1997-09-30,2021-08-05,,,,,,,,,,,,,,,,,,,,,,0.001,0.05,,,,,,,,,,,,,,,,,,1.0,,,,,,,,,,,,,,,,,,,,,,,,,,,,,,,,,,,,,,,,42.0,,,,,,,,,,,,,,1.0,,59200000,,,,,,,,
96,PXD,MRT,1997-06-30,1997-06-30,1997-06-30,2021-08-05,,,,,,,,,,,,,,,,,,,,,,,0.0,,,,,,,,,,,,,,,,,,1.0,,,,,,,,,,,,,,,,,,,,,,,,,,,,,,,,,,,,,,,,,,,,,,,,,,,,,,1.0,,35028000,,,,,,,,
97,PXD,MRT,1997-03-31,1997-03-31,1997-03-31,2021-08-05,,,,,,,,,,,,,,,,,,,,,,,0.0,,,,,,,,,,,,,,,,,,1.0,,,,,,,,,,,,,,,,,,,,,,,,,,,,,,,,,,,,,,,,,,,,,,,,,,,,,,1.0,,35048000,,,,,,,,
98,PXD,MRT,1996-12-31,1996-12-31,1996-12-31,2021-08-05,0.0,1199865000.0,,117039000.0,1082826000.0,,14.948,-227822000.0,20460000.0,20460000.0,122862000.0,140248000.0,1.287,1.263,326289000.0,5381000.0,320908000.0,326289000.0,0.0,112134000.0,0.0,,0.0,246503000.0,358637000.0,0.67,358637000.0,246503000.0,200348000.0,3.95,3.47,3.95,530296000.0,,530296000.0,,,,2284000.0,0.064,1.0,412481000.0,0.77,0.0,46155000.0,1414724000.0,,3644000.0,0.0,0.0,0.0,669569000.0,90970000.0,578599000.0,,-1519000.0,183181000.0,-17767000.0,-221375000.0,-3550000.0,-245354000.0,13729000.0,0.0,230106000.0,290000.0,140248000.0,140248000.0,140248000.0,0.0,0.0,0.262,165978000.0,246503000.0,64241000.0,0.0,,,,1068199000.0,0.0,,,,82968000.0,100207000.0,535343000.0,535343000.0,23030000.0,,,,0.46,0.0,28363000.0,1.0,,35475000,35475000.0,15.091,1199865000.0,7400000.0,60100000.0,62543000.0,33.823,26069000.0
99,PXD,MRT,1995-12-31,1995-12-31,1995-12-31,2021-08-05,,,,,,,,-227685000.0,,,232434000.0,-99769000.0,,,,,,,,159058000.0,,,0.0,-80220000.0,78838000.0,0.153,78838000.0,-80220000.0,-145669000.0,-2.84,-2.84,-2.84,,,,,,,-71129000.0,-2.027,1.0,281312000.0,0.548,,65449000.0,,,,,,,,,,,-3968000.0,0.0,1646000.0,-100223000.0,-3501000.0,-107924000.0,-52600000.0,0.0,156556000.0,-299000.0,-99769000.0,-99769000.0,-99769000.0,0.0,0.0,-0.194,365870000.0,-84558000.0,,0.0,,,,,0.0,,,,,,513746000.0,513746000.0,27552000.0,,,,-0.156,0.0,37409000.0,1.0,,35090000,35090000.0,14.641,,,-45900000.0,,,
