None,ticker,dimension,calendardate,datekey,reportperiod,lastupdated,accoci,assets,assetsavg,assetsc,assetsnc,assetturnover,bvps,capex,cashneq,cashnequsd,cor,consolinc,currentratio,de,debt,debtc,debtnc,debtusd,deferredrev,depamor,deposits,divyield,dps,ebit,ebitda,ebitdamargin,ebitdausd,ebitusd,ebt,eps,epsdil,epsusd,equity,equityavg,equityusd,ev,evebit,evebitda,fcf,fcfps,fxusd,gp,grossmargin,intangibles,intexp,invcap,invcapavg,inventory,investments,investmentsc,investmentsnc,liabilities,liabilitiesc,liabilitiesnc,marketcap,ncf,ncfbus,ncfcommon,ncfdebt,ncfdiv,ncff,ncfi,ncfinv,ncfo,ncfx,netinc,netinccmn,netinccmnusd,netincdis,netincnci,netmargin,opex,opinc,payables,payoutratio,pb,pe,pe1,ppnenet,prefdivis,price,ps,ps1,receivables,retearn,revenue,revenueusd,rnd,roa,roe,roic,ros,sbcomp,sgna,sharefactor,sharesbas,shareswa,shareswadil,sps,tangibles,taxassets,taxexp,taxliabilities,tbvps,workingcapital
0,VIAB,MRY,2019-12-31,2019-09-30,2019-09-30,2019-11-16,-1073000000.0,23671000000.0,23289000000.0,5294000000.0,18377000000.0,0.551,20.957,-194000000.0,760000000.0,760000000.0,6838000000.0,1588000000.0,1.384,1.792,8738000000.0,98000000.0,8640000000.0,8738000000.0,438000000.0,215000000.0,0.0,0.033,0.8,2482000000.0,2697000000.0,0.21,2697000000.0,2482000000.0,1993000000.0,3.84,3.83,3.84,8454000000.0,8135000000.0,8454000000.0,17929590549.0,7.0,6.648,1382000000.0,3.426,1.0,6000000000.0,0.467,12211000000.0,489000000.0,15614000000.0,15543250000.0,4798000000.0,0.0,0.0,0.0,15151000000.0,3824000000.0,11327000000.0,9693590549.0,-797000000.0,-424000000.0,0.0,-1320000000.0,-322000000.0,-1744000000.0,-608000000.0,0.0,1576000000.0,-21000000.0,1548000000.0,1548000000.0,1548000000.0,0.0,40000000.0,0.121,3514000000.0,2486000000.0,482000000.0,0.208,1.147,6.262,6.258,922000000.0,0.0,24.03,0.755,0.755,3299000000.0,19887000000.0,12838000000.0,12838000000.0,0.0,0.066,0.19,0.16,0.193,64000000.0,3146000000.0,1.0,403395362.0,403400000,403800000.0,31.824,11460000000.0,0.0,445000000.0,265000000.0,28.409,1470000000.0
1,VIAB,MRY,2018-12-31,2018-09-30,2018-09-30,2019-11-16,-737000000.0,23783000000.0,23192250000.0,6076000000.0,17707000000.0,0.558,18.393,-178000000.0,1557000000.0,1557000000.0,6879000000.0,1759000000.0,1.499,2.203,10082000000.0,567000000.0,9515000000.0,10082000000.0,398000000.0,213000000.0,0.0,0.024,0.8,2548000000.0,2761000000.0,0.213,2761000000.0,2548000000.0,1988000000.0,4.27,4.27,4.27,7407000000.0,6935750000.0,7407000000.0,22759687897.0,9.0,8.243,1644000000.0,4.082,1.0,6064000000.0,0.469,11922000000.0,560000000.0,16332000000.0,16960250000.0,4744000000.0,0.0,0.0,0.0,16318000000.0,4054000000.0,12264000000.0,13600687897.0,168000000.0,-112000000.0,2000000.0,-1000000000.0,-322000000.0,-1410000000.0,-224000000.0,0.0,1822000000.0,-20000000.0,1719000000.0,1719000000.0,1719000000.0,0.0,40000000.0,0.133,3516000000.0,2548000000.0,433000000.0,0.187,1.836,7.912,7.906,919000000.0,0.0,33.76,1.051,1.05,3141000000.0,18561000000.0,12943000000.0,12943000000.0,0.0,0.074,0.248,0.15,0.197,57000000.0,3054000000.0,1.0,402863978.0,402700000,403000000.0,32.141,11861000000.0,0.0,269000000.0,296000000.0,29.454,2022000000.0
2,VIAB,MRY,2017-12-31,2017-09-30,2017-09-30,2019-11-16,-618000000.0,23698000000.0,23369500000.0,5801000000.0,17897000000.0,0.568,15.091,-195000000.0,1389000000.0,1389000000.0,7436000000.0,1922000000.0,1.546,2.913,11119000000.0,19000000.0,11100000000.0,11119000000.0,463000000.0,223000000.0,0.0,0.029,0.8,2785000000.0,3008000000.0,0.227,3008000000.0,2785000000.0,2167000000.0,4.69,4.68,4.69,6035000000.0,5159000000.0,6035000000.0,21943845671.0,8.0,7.295,1510000000.0,3.776,1.0,5827000000.0,0.439,11978000000.0,618000000.0,17697000000.0,18550500000.0,4901000000.0,0.0,0.0,0.0,17579000000.0,3753000000.0,13826000000.0,11195845671.0,1010000000.0,-378000000.0,172000000.0,-783000000.0,-319000000.0,-1044000000.0,329000000.0,0.0,1705000000.0,20000000.0,1874000000.0,1874000000.0,1874000000.0,0.0,48000000.0,0.141,3363000000.0,2464000000.0,431000000.0,0.171,1.855,5.974,5.936,978000000.0,0.0,27.84,0.844,0.839,2970000000.0,17124000000.0,13263000000.0,13263000000.0,0.0,0.08,0.363,0.15,0.21,68000000.0,3002000000.0,1.0,402149629.0,399900000,400600000.0,33.166,11720000000.0,0.0,293000000.0,294000000.0,29.307,2048000000.0
3,VIAB,MRY,2016-12-31,2016-09-30,2016-09-30,2019-11-16,-692000000.0,22508000000.0,22510000000.0,4522000000.0,17986000000.0,0.555,10.787,-172000000.0,379000000.0,379000000.0,6684000000.0,1473000000.0,1.231,4.25,11913000000.0,17000000.0,11896000000.0,11913000000.0,419000000.0,221000000.0,0.0,0.037,1.4,2573000000.0,2794000000.0,0.224,2794000000.0,2573000000.0,1957000000.0,3.63,3.61,3.63,4277000000.0,3989000000.0,4277000000.0,27285594248.0,11.0,9.766,1199000000.0,3.024,1.0,5804000000.0,0.465,11715000000.0,616000000.0,18655000000.0,18452000000.0,4876000000.0,0.0,0.0,0.0,18178000000.0,3672000000.0,14506000000.0,15112594248.0,-127000000.0,-58000000.0,-89000000.0,-368000000.0,-635000000.0,-1173000000.0,-299000000.0,0.0,1371000000.0,-26000000.0,1438000000.0,1438000000.0,1438000000.0,0.0,35000000.0,0.115,3285000000.0,2519000000.0,453000000.0,0.386,3.533,10.509,10.496,932000000.0,0.0,38.1,1.21,1.21,2712000000.0,15628000000.0,12488000000.0,12488000000.0,0.0,0.064,0.36,0.139,0.206,163000000.0,2851000000.0,1.0,396656017.0,396500000,398000000.0,31.496,10793000000.0,0.0,519000000.0,381000000.0,27.221,850000000.0
4,VIAB,MRY,2015-12-31,2015-09-30,2015-09-30,2019-11-16,-534000000.0,22143000000.0,22352750000.0,4578000000.0,17565000000.0,0.594,8.797,-142000000.0,506000000.0,506000000.0,6868000000.0,2002000000.0,1.188,5.241,12285000000.0,18000000.0,12267000000.0,12285000000.0,481000000.0,222000000.0,0.0,0.034,1.46,3080000000.0,3302000000.0,0.249,3302000000.0,3080000000.0,2423000000.0,4.78,4.73,4.78,3538000000.0,3016250000.0,3538000000.0,29818417494.0,10.0,9.03,2171000000.0,5.398,1.0,6400000000.0,0.482,11796000000.0,657000000.0,18273000000.0,19198500000.0,4402000000.0,0.0,0.0,0.0,18544000000.0,3853000000.0,14691000000.0,17156417494.0,-494000000.0,-115000000.0,-1402000000.0,-410000000.0,-564000000.0,-2477000000.0,-257000000.0,0.0,2313000000.0,-73000000.0,1922000000.0,1922000000.0,1922000000.0,0.0,80000000.0,0.145,3342000000.0,3058000000.0,506000000.0,0.305,4.849,8.926,9.023,947000000.0,0.0,43.13,1.293,1.307,2807000000.0,14780000000.0,13268000000.0,13268000000.0,0.0,0.086,0.637,0.16,0.232,101000000.0,2860000000.0,1.0,397783851.0,402200000,406000000.0,32.989,10347000000.0,0.0,501000000.0,150000000.0,25.726,725000000.0
5,VIAB,MRY,2014-12-31,2014-09-30,2014-09-30,2019-11-16,-293000000.0,23047000000.0,23158750000.0,5252000000.0,17795000000.0,0.595,8.607,-123000000.0,1000000000.0,1000000000.0,6542000000.0,2463000000.0,1.335,5.19,12699000000.0,18000000.0,12681000000.0,12699000000.0,350000000.0,217000000.0,0.0,0.016,1.26,4056000000.0,4273000000.0,0.31,4273000000.0,4056000000.0,3441000000.0,5.53,5.43,5.53,3719000000.0,4274000000.0,3719000000.0,43740943357.0,11.0,10.237,2474000000.0,5.726,1.0,7241000000.0,0.525,11934000000.0,615000000.0,18877000000.0,19092750000.0,4743000000.0,0.0,0.0,0.0,19300000000.0,3935000000.0,15365000000.0,32547943357.0,-1403000000.0,-732000000.0,-3356000000.0,884000000.0,-541000000.0,-3100000000.0,-855000000.0,0.0,2597000000.0,-45000000.0,2391000000.0,2391000000.0,2391000000.0,1000000.0,72000000.0,0.173,3170000000.0,4071000000.0,475000000.0,0.228,8.752,13.613,13.913,1016000000.0,0.0,76.94,2.361,2.412,3066000000.0,13465000000.0,13783000000.0,13783000000.0,0.0,0.103,0.559,0.212,0.294,122000000.0,2899000000.0,1.0,423030197.0,432100000,440200000.0,31.898,11113000000.0,0.0,1050000000.0,266000000.0,25.719,1317000000.0
6,VIAB,MRY,2013-12-31,2013-09-30,2013-09-30,2019-11-16,-101000000.0,23829000000.0,22657000000.0,6726000000.0,17103000000.0,0.609,10.681,-160000000.0,2403000000.0,2403000000.0,6799000000.0,2437000000.0,1.775,3.589,11885000000.0,18000000.0,11867000000.0,11885000000.0,230000000.0,237000000.0,0.0,0.014,1.15,3929000000.0,4166000000.0,0.302,4166000000.0,3929000000.0,3465000000.0,4.93,4.84,4.93,5193000000.0,6515250000.0,5193000000.0,47630767109.0,12.0,11.433,2923000000.0,6.012,1.0,6995000000.0,0.507,11358000000.0,464000000.0,18163000000.0,15751250000.0,4715000000.0,0.0,0.0,0.0,18639000000.0,3790000000.0,14849000000.0,39861767109.0,1555000000.0,124000000.0,-4261000000.0,3732000000.0,-555000000.0,-1159000000.0,-335000000.0,0.0,3083000000.0,-34000000.0,2395000000.0,2395000000.0,2395000000.0,12000000.0,42000000.0,0.174,3053000000.0,3942000000.0,316000000.0,0.233,7.676,16.644,16.953,1040000000.0,0.0,83.58,2.89,2.946,2987000000.0,11629000000.0,13794000000.0,13794000000.0,0.0,0.106,0.368,0.249,0.285,128000000.0,2829000000.0,1.0,476929494.0,486200000,494800000.0,28.371,12471000000.0,0.0,1070000000.0,649000000.0,25.65,2936000000.0
7,VIAB,MRY,2012-12-31,2012-09-30,2012-09-30,2019-11-16,-264000000.0,22250000000.0,22384500000.0,4853000000.0,17397000000.0,0.62,14.034,-154000000.0,848000000.0,848000000.0,6993000000.0,2021000000.0,1.267,1.989,8149000000.0,18000000.0,8131000000.0,8149000000.0,230000000.0,236000000.0,0.0,0.02,1.05,3483000000.0,3719000000.0,0.268,3719000000.0,3483000000.0,3066000000.0,3.73,3.69,3.73,7448000000.0,7685750000.0,7448000000.0,34966768026.0,10.0,9.402,2344000000.0,4.417,1.0,6894000000.0,0.496,11373000000.0,417000000.0,14348000000.0,13790500000.0,5037000000.0,0.0,0.0,0.0,14811000000.0,3830000000.0,10981000000.0,27576768026.0,-173000000.0,-18000000.0,-2541000000.0,801000000.0,-554000000.0,-2413000000.0,-256000000.0,0.0,2498000000.0,-2000000.0,1981000000.0,1981000000.0,1981000000.0,0.0,40000000.0,0.143,2998000000.0,3896000000.0,255000000.0,0.282,3.703,13.921,14.367,1068000000.0,0.0,53.59,1.986,2.048,2533000000.0,9820000000.0,13887000000.0,13887000000.0,0.0,0.088,0.258,0.253,0.251,122000000.0,2757000000.0,1.0,514587946.0,530700000,537500000.0,26.167,10877000000.0,68000000.0,1085000000.0,5000000.0,20.496,1023000000.0
8,VIAB,MRY,2011-12-31,2011-09-30,2011-09-30,2019-11-16,-164000000.0,22801000000.0,22538750000.0,5261000000.0,17540000000.0,0.662,14.718,-155000000.0,1021000000.0,1021000000.0,7868000000.0,2173000000.0,1.335,1.639,7365000000.0,23000000.0,7342000000.0,7365000000.0,187000000.0,271000000.0,0.0,0.021,0.8,3610000000.0,3881000000.0,0.26,3881000000.0,3610000000.0,3198000000.0,3.64,3.59,3.64,8644000000.0,9158000000.0,8644000000.0,28258876274.0,8.0,7.281,2489000000.0,4.238,1.0,7046000000.0,0.472,11456000000.0,412000000.0,13747000000.0,13219000000.0,5067000000.0,0.0,0.0,0.0,14168000000.0,3942000000.0,10226000000.0,22259876274.0,184000000.0,-72000000.0,-2286000000.0,629000000.0,-417000000.0,-2227000000.0,-227000000.0,0.0,2644000000.0,-6000000.0,2136000000.0,2136000000.0,2136000000.0,0.0,37000000.0,0.143,3342000000.0,3704000000.0,386000000.0,0.22,2.575,10.421,10.643,1057000000.0,0.0,38.74,1.493,1.526,2732000000.0,8418000000.0,14914000000.0,14914000000.0,0.0,0.095,0.233,0.273,0.242,128000000.0,2921000000.0,1.0,574596703.0,587300000,594300000.0,25.394,11345000000.0,41000000.0,1062000000.0,123000000.0,19.317,1319000000.0
9,VIAB,MRY,2009-12-31,2009-12-31,2009-12-31,2019-11-16,35000000.0,21900000000.0,21470500000.0,4430000000.0,17470000000.0,0.617,14.337,-139000000.0,298000000.0,298000000.0,7191000000.0,1588000000.0,1.181,1.519,6773000000.0,123000000.0,6650000000.0,6773000000.0,286000000.0,319000000.0,0.0,0.0,0.0,2803000000.0,3122000000.0,0.235,3122000000.0,2803000000.0,2373000000.0,2.65,2.65,2.65,8704000000.0,7817500000.0,8704000000.0,24649201866.0,9.0,7.895,1012000000.0,1.667,1.0,6066000000.0,0.458,11661000000.0,430000000.0,12963000000.0,12444000000.0,4498000000.0,0.0,0.0,0.0,13223000000.0,3751000000.0,9472000000.0,18046201866.0,-494000000.0,-133000000.0,-7000000.0,-1303000000.0,0.0,-1388000000.0,-274000000.0,0.0,1151000000.0,17000000.0,1611000000.0,1611000000.0,1611000000.0,0.0,-23000000.0,0.122,3058000000.0,3008000000.0,247000000.0,0.0,2.073,11.202,11.219,1175000000.0,0.0,29.73,1.361,1.361,2876000000.0,6106000000.0,13257000000.0,13257000000.0,0.0,0.075,0.206,0.225,0.211,102000000.0,2609000000.0,1.0,607003090.0,607100000,608300000.0,21.837,10239000000.0,108000000.0,762000000.0,84000000.0,16.865,679000000.0
10,VIAB,MRY,2008-12-31,2008-12-31,2008-12-31,2019-11-16,-49000000.0,22487000000.0,22641500000.0,4502000000.0,17985000000.0,0.616,11.06,-283000000.0,792000000.0,792000000.0,8167000000.0,1268000000.0,0.93,2.253,8002000000.0,105000000.0,7897000000.0,8002000000.0,442000000.0,394000000.0,0.0,0.0,0.0,2353000000.0,2747000000.0,0.197,2747000000.0,2353000000.0,1871000000.0,2.0,2.0,2.0,6909000000.0,7018000000.0,6909000000.0,20120801977.0,9.0,7.325,1753000000.0,2.806,1.0,5780000000.0,0.414,12144000000.0,482000000.0,12711000000.0,14006500000.0,5014000000.0,0.0,0.0,0.0,15564000000.0,4842000000.0,10722000000.0,11693801977.0,-128000000.0,-146000000.0,-1266000000.0,-156000000.0,0.0,-1555000000.0,-571000000.0,0.0,2036000000.0,-38000000.0,1251000000.0,1251000000.0,1251000000.0,0.0,17000000.0,0.09,3330000000.0,2450000000.0,574000000.0,0.0,1.693,9.348,9.53,1145000000.0,0.0,19.06,0.838,0.854,2271000000.0,4496000000.0,13947000000.0,13947000000.0,0.0,0.055,0.178,0.168,0.169,99000000.0,2824000000.0,1.0,613525812.0,624700000,625400000.0,22.326,10343000000.0,203000000.0,620000000.0,12000000.0,16.557,-340000000.0
11,VIAB,MRY,2007-12-31,2007-12-31,2007-12-31,2019-11-16,126000000.0,22904000000.0,21565750000.0,4833000000.0,18071000000.0,0.622,10.549,-237000000.0,920000000.0,920000000.0,7431000000.0,1859000000.0,0.917,2.221,8246000000.0,187000000.0,8059000000.0,8246000000.0,406000000.0,393000000.0,0.0,0.0,0.0,3231000000.0,3624000000.0,0.27,3624000000.0,3231000000.0,2767000000.0,2.73,2.72,2.73,7111000000.0,7149500000.0,7111000000.0,36179152060.0,11.0,9.983,1539000000.0,2.283,1.0,5992000000.0,0.446,12059000000.0,464000000.0,12898000000.0,12335750000.0,4835000000.0,0.0,0.0,0.0,15793000000.0,5273000000.0,10520000000.0,28822052060.0,214000000.0,124000000.0,-2021000000.0,457000000.0,0.0,-1831000000.0,248000000.0,0.0,1776000000.0,21000000.0,1838000000.0,1838000000.0,1838000000.0,0.0,21000000.0,0.137,3099000000.0,2893000000.0,497000000.0,0.0,4.053,15.681,16.088,1196000000.0,0.0,43.92,2.147,2.206,2617000000.0,3407000000.0,13423000000.0,13423000000.0,0.0,0.085,0.257,0.262,0.241,86000000.0,2663000000.0,1.0,656239801.0,674100000,675600000.0,19.912,10845000000.0,248000000.0,929000000.0,105000000.0,16.088,-440000000.0
12,VIAB,MRY,2006-12-31,2006-12-31,2006-12-31,2019-11-16,46100000.0,21796700000.0,20939125000.0,4211100000.0,17585600000.0,0.543,10.02,-209000000.0,705800000.0,705800000.0,5963000000.0,1592000000.0,0.912,2.042,7647900000.0,63900000.0,7584000000.0,7647900000.0,364500000.0,365000000.0,0.0,0.0,0.0,2774000000.0,3139000000.0,0.276,3139000000.0,2774000000.0,2332000000.0,2.23,2.22,2.23,7166200000.0,7030550000.0,7166200000.0,36426943186.0,13.0,11.605,2061000000.0,2.882,1.0,5398000000.0,0.475,11954200000.0,442000000.0,12167800000.0,12875600000.0,4406700000.0,0.0,0.0,0.0,14630500000.0,4616800000.0,10013700000.0,28690943186.0,345000000.0,-715000000.0,-2283000000.0,1852000000.0,0.0,-1013000000.0,-933000000.0,-8000000.0,2270000000.0,21000000.0,1592000000.0,1592000000.0,1592000000.0,-25000000.0,0.0,0.14,2645000000.0,2753000000.0,2058400000.0,0.0,4.004,18.022,18.399,1204900000.0,0.0,41.03,2.525,2.583,2236100000.0,1592100000.0,11361000000.0,11361000000.0,0.0,0.076,0.226,0.215,0.244,80000000.0,2266000000.0,1.0,699267443.0,715200000,716200000.0,15.885,9842500000.0,257600000.0,740000000.0,68900000.0,13.762,-405700000.0
13,VIAB,MRY,2005-12-31,2005-12-31,2005-12-31,2019-11-16,-50200000.0,19115600000.0,18778200000.0,3512800000.0,15602800000.0,0.507,10.362,-193000000.0,361100000.0,361100000.0,4669500000.0,1256900000.0,1.075,1.455,5757900000.0,55800000.0,5702100000.0,5757900000.0,284500000.0,256100000.0,0.0,0.0,0.0,2293100000.0,2549200000.0,0.268,2549200000.0,2293100000.0,2275000000.0,1.67,1.67,1.67,7787900000.0,10626550000.0,7787900000.0,,,,1442900000.0,1.92,1.0,4850000000.0,0.509,10732200000.0,18100000.0,10511600000.0,7922950000.0,3479800000.0,0.0,0.0,0.0,11327700000.0,3268600000.0,8059100000.0,30071061597.0,211100000.0,48100000.0,-8400000.0,5340400000.0,0.0,-1251200000.0,-165100000.0,-14500000.0,1635900000.0,-8500000.0,1256900000.0,1256900000.0,1256900000.0,42700000.0,0.0,0.132,2519800000.0,2330200000.0,1538700000.0,0.0,3.861,23.925,24.641,1179900000.0,0.0,41.15,3.159,3.249,1981700000.0,0.0,9519500000.0,9519500000.0,0.0,0.067,0.118,0.289,0.241,15100000.0,2235200000.0,1.0,730766989.0,751600000,751600000.0,12.666,8383400000.0,132000000.0,1018100000.0,41200000.0,11.154,244200000.0
14,VIAB,MRY,2004-12-31,2004-12-31,2004-12-31,2019-11-16,0.0,18440800000.0,,2626300000.0,15814500000.0,,17.915,-140500000.0,148900000.0,148900000.0,3908000000.0,293700000.0,0.943,0.37,345100000.0,53400000.0,291700000.0,345100000.0,272600000.0,251600000.0,0.0,,0.0,1122800000.0,1374400000.0,0.169,1374400000.0,1122800000.0,1101900000.0,0.39,0.39,0.39,13465200000.0,,13465200000.0,,,,1843600000.0,2.453,1.0,4224200000.0,0.519,10517100000.0,20900000.0,5334300000.0,,3137000000.0,0.0,0.0,0.0,4975600000.0,2785600000.0,2190000000.0,,-143100000.0,374400000.0,-7900000.0,-52100000.0,0.0,-1844400000.0,-288600000.0,-74300000.0,1984100000.0,5800000.0,293700000.0,293700000.0,293700000.0,1099200000.0,0.0,0.036,1959100000.0,2265100000.0,1227700000.0,0.0,,,,1104900000.0,0.0,,,,1828800000.0,,8132200000.0,8132200000.0,0.0,,,,0.138,0.0,1689800000.0,1.0,,751600000,751600000.0,10.82,7923700000.0,448600000.0,808200000.0,0.0,10.542,-159300000.0
15,VIAB,MRY,2003-12-31,2003-12-31,2003-12-31,2019-11-16,,,,,,,,-114300000.0,,,3672600000.0,338500000.0,,,,,,,,197900000.0,,,0.0,1149300000.0,1347200000.0,0.184,1347200000.0,1149300000.0,1126100000.0,0.45,0.45,0.45,,,,,,,1796700000.0,2.391,1.0,3631800000.0,0.497,,23200000.0,,,,,,,,,,,96100000.0,-1307200000.0,0.0,-41500000.0,0.0,-220300000.0,-1594600000.0,0.0,1911000000.0,0.0,338500000.0,338500000.0,338500000.0,802800000.0,0.0,0.046,1654600000.0,1977200000.0,,0.0,,,,,0.0,,,,,,7304400000.0,7304400000.0,0.0,,,,0.157,0.0,1432100000.0,1.0,,751600000,751600000.0,9.718,,,787600000.0,,,
0,VIAB,MRQ,2019-09-30,2019-09-30,2019-09-30,2019-11-16,-1073000000.0,23671000000.0,,5294000000.0,18377000000.0,,20.941,-75000000.0,760000000.0,760000000.0,1914000000.0,323000000.0,1.384,1.792,8738000000.0,98000000.0,8640000000.0,8738000000.0,438000000.0,56000000.0,0.0,0.033,0.2,525000000.0,581000000.0,0.169,581000000.0,525000000.0,400000000.0,0.76,0.76,0.76,8454000000.0,,8454000000.0,17929590549.0,7.0,6.648,398000000.0,0.986,1.0,1519000000.0,0.442,12211000000.0,125000000.0,15614000000.0,,4798000000.0,0.0,0.0,0.0,15151000000.0,3824000000.0,11327000000.0,9693590549.0,38000000.0,-28000000.0,0.0,-220000000.0,-80000000.0,-315000000.0,-102000000.0,0.0,473000000.0,-18000000.0,307000000.0,307000000.0,307000000.0,0.0,16000000.0,0.089,952000000.0,567000000.0,482000000.0,0.263,1.147,6.262,6.258,922000000.0,0.0,24.03,0.755,0.755,3299000000.0,19887000000.0,3433000000.0,3433000000.0,0.0,,,,,23000000.0,891000000.0,1.0,403395362.0,403700000,404100000.0,8.504,11460000000.0,0.0,93000000.0,265000000.0,28.387,1470000000.0
1,VIAB,MRQ,2019-06-30,2019-06-30,2019-06-30,2019-11-16,-832000000.0,23648000000.0,,5442000000.0,18206000000.0,,20.917,-42000000.0,722000000.0,722000000.0,1717000000.0,550000000.0,1.359,1.797,8958000000.0,320000000.0,8638000000.0,8958000000.0,474000000.0,55000000.0,0.0,0.027,0.2,785000000.0,840000000.0,0.25,840000000.0,785000000.0,666000000.0,1.35,1.35,1.35,8440000000.0,,8440000000.0,20512851206.0,8.0,7.308,342000000.0,0.848,1.0,1640000000.0,0.489,12214000000.0,119000000.0,15667000000.0,,4782000000.0,0.0,0.0,0.0,15165000000.0,4003000000.0,11162000000.0,12039851206.0,236000000.0,-5000000.0,0.0,0.0,-81000000.0,-103000000.0,-46000000.0,0.0,384000000.0,1000000.0,544000000.0,544000000.0,544000000.0,0.0,6000000.0,0.162,884000000.0,756000000.0,441000000.0,0.148,1.427,7.364,7.357,891000000.0,0.0,29.87,0.934,0.935,3386000000.0,19656000000.0,3357000000.0,3357000000.0,0.0,,,,,15000000.0,828000000.0,1.0,403075032.0,403500000,404000000.0,8.32,11434000000.0,0.0,122000000.0,318000000.0,28.337,1439000000.0
2,VIAB,MRQ,2019-03-31,2019-03-31,2019-03-31,2019-11-16,-828000000.0,23093000000.0,,5000000000.0,18093000000.0,,19.777,-40000000.0,486000000.0,486000000.0,1524000000.0,381000000.0,1.291,1.889,8959000000.0,322000000.0,8637000000.0,8959000000.0,464000000.0,54000000.0,0.0,0.029,0.2,614000000.0,668000000.0,0.226,668000000.0,614000000.0,496000000.0,0.93,0.93,0.93,7976000000.0,,7976000000.0,19741186577.0,8.0,7.124,451000000.0,1.118,1.0,1434000000.0,0.485,12229000000.0,118000000.0,15465000000.0,,4774000000.0,0.0,0.0,0.0,15068000000.0,3872000000.0,11196000000.0,11314186577.0,-48000000.0,-377000000.0,0.0,0.0,-80000000.0,-124000000.0,-416000000.0,0.0,491000000.0,1000000.0,376000000.0,376000000.0,376000000.0,0.0,5000000.0,0.127,866000000.0,568000000.0,394000000.0,0.215,1.419,7.014,7.0,895000000.0,0.0,28.07,0.886,0.887,3088000000.0,19197000000.0,2958000000.0,2958000000.0,0.0,,,,,17000000.0,743000000.0,1.0,403070416.0,403300000,403700000.0,7.334,10864000000.0,0.0,120000000.0,319000000.0,26.938,1128000000.0
3,VIAB,MRQ,2018-12-31,2018-12-31,2018-12-31,2019-11-16,-839000000.0,22744000000.0,,5036000000.0,17708000000.0,,19.028,-37000000.0,534000000.0,534000000.0,1683000000.0,334000000.0,1.314,1.958,8961000000.0,326000000.0,8635000000.0,8961000000.0,424000000.0,50000000.0,0.0,0.031,0.2,558000000.0,608000000.0,0.197,608000000.0,558000000.0,431000000.0,0.8,0.8,0.8,7670000000.0,,7670000000.0,18878730499.0,8.0,7.289,191000000.0,0.474,1.0,1407000000.0,0.455,11911000000.0,127000000.0,15427000000.0,,4759000000.0,0.0,0.0,0.0,15020000000.0,3833000000.0,11187000000.0,10353730499.0,-1023000000.0,-14000000.0,0.0,-1100000000.0,-81000000.0,-1202000000.0,-44000000.0,0.0,228000000.0,-5000000.0,321000000.0,321000000.0,321000000.0,0.0,13000000.0,0.104,812000000.0,595000000.0,305000000.0,0.25,1.35,6.889,6.872,893000000.0,0.0,25.7,0.799,0.799,3205000000.0,18916000000.0,3090000000.0,3090000000.0,0.0,,,,,9000000.0,684000000.0,1.0,402868891.0,403100000,403500000.0,7.666,10833000000.0,0.0,110000000.0,274000000.0,26.874,1203000000.0
4,VIAB,MRQ,2018-09-30,2018-09-30,2018-09-30,2019-11-16,-737000000.0,23783000000.0,,6076000000.0,17707000000.0,,18.38,-76000000.0,1557000000.0,1557000000.0,1954000000.0,407000000.0,1.499,2.203,10082000000.0,567000000.0,9515000000.0,10082000000.0,398000000.0,54000000.0,0.0,0.024,0.2,637000000.0,691000000.0,0.198,691000000.0,637000000.0,505000000.0,0.98,0.98,0.98,7407000000.0,,7407000000.0,22759687897.0,9.0,8.243,749000000.0,1.859,1.0,1531000000.0,0.439,11922000000.0,132000000.0,16332000000.0,,4744000000.0,0.0,0.0,0.0,16318000000.0,4054000000.0,12264000000.0,13600687897.0,628000000.0,-22000000.0,0.0,0.0,-81000000.0,-101000000.0,-96000000.0,0.0,825000000.0,0.0,394000000.0,394000000.0,394000000.0,0.0,13000000.0,0.113,868000000.0,663000000.0,433000000.0,0.204,1.836,7.912,7.906,919000000.0,0.0,33.76,1.051,1.05,3141000000.0,18561000000.0,3485000000.0,3485000000.0,0.0,,,,,12000000.0,806000000.0,1.0,402863978.0,403000000,403300000.0,8.648,11861000000.0,0.0,111000000.0,296000000.0,29.432,2022000000.0
5,VIAB,MRQ,2018-06-30,2018-06-30,2018-06-30,2019-11-16,-811000000.0,23161000000.0,,5573000000.0,17588000000.0,,17.393,-38000000.0,929000000.0,929000000.0,1681000000.0,525000000.0,1.69,2.297,10088000000.0,23000000.0,10065000000.0,10088000000.0,317000000.0,51000000.0,0.0,0.027,0.2,753000000.0,804000000.0,0.248,804000000.0,753000000.0,615000000.0,1.3,1.29,1.3,7006000000.0,,7006000000.0,21803533021.0,8.0,7.718,660000000.0,1.639,1.0,1556000000.0,0.481,11921000000.0,138000000.0,17102000000.0,,4767000000.0,0.0,0.0,0.0,16090000000.0,3297000000.0,12793000000.0,12136533021.0,512000000.0,-19000000.0,0.0,0.0,-80000000.0,-97000000.0,-41000000.0,0.0,698000000.0,-48000000.0,522000000.0,522000000.0,522000000.0,0.0,3000000.0,0.161,813000000.0,743000000.0,305000000.0,0.154,1.732,6.071,6.068,875000000.0,0.0,30.16,0.95,0.951,3149000000.0,18247000000.0,3237000000.0,3237000000.0,0.0,,,,,10000000.0,738000000.0,1.0,402404941.0,402800000,403300000.0,8.036,11240000000.0,0.0,93000000.0,350000000.0,27.905,2276000000.0
6,VIAB,MRQ,2018-03-31,2018-03-31,2018-03-31,2019-11-16,-549000000.0,22994000000.0,,5077000000.0,17917000000.0,,16.841,-36000000.0,417000000.0,417000000.0,1681000000.0,274000000.0,1.526,2.381,10084000000.0,15000000.0,10069000000.0,10084000000.0,346000000.0,55000000.0,0.0,0.026,0.2,432000000.0,487000000.0,0.155,487000000.0,432000000.0,289000000.0,0.66,0.66,0.66,6780000000.0,,6780000000.0,22291745781.0,8.0,7.088,251000000.0,0.623,1.0,1467000000.0,0.466,12049000000.0,143000000.0,17284000000.0,,4977000000.0,0.0,0.0,0.0,16140000000.0,3328000000.0,12812000000.0,12496745781.0,23000000.0,-69000000.0,2000000.0,-100000000.0,-81000000.0,-210000000.0,-82000000.0,0.0,287000000.0,28000000.0,266000000.0,266000000.0,266000000.0,0.0,8000000.0,0.084,1039000000.0,428000000.0,300000000.0,0.303,1.843,5.786,5.784,908000000.0,0.0,31.06,0.968,0.969,3034000000.0,17762000000.0,3148000000.0,3148000000.0,0.0,,,,,21000000.0,771000000.0,1.0,402342105.0,402600000,402900000.0,7.819,10945000000.0,0.0,23000000.0,315000000.0,27.186,1749000000.0
7,VIAB,MRQ,2017-12-31,2017-12-31,2017-12-31,2019-11-16,-576000000.0,22831000000.0,,5005000000.0,17826000000.0,,16.273,-28000000.0,394000000.0,394000000.0,1563000000.0,553000000.0,1.415,2.473,10189000000.0,120000000.0,10069000000.0,10189000000.0,421000000.0,53000000.0,0.0,0.026,0.2,726000000.0,779000000.0,0.253,779000000.0,726000000.0,579000000.0,1.33,1.33,1.33,6550000000.0,,6550000000.0,22123571630.0,8.0,7.323,-16000000.0,-0.04,1.0,1510000000.0,0.491,11965000000.0,147000000.0,17123000000.0,,4937000000.0,0.0,0.0,0.0,16200000000.0,3538000000.0,12662000000.0,12393571630.0,-995000000.0,-2000000.0,0.0,-900000000.0,-80000000.0,-1002000000.0,-5000000.0,0.0,12000000.0,0.0,537000000.0,537000000.0,537000000.0,0.0,16000000.0,0.175,796000000.0,714000000.0,351000000.0,0.15,1.892,6.151,6.15,936000000.0,0.0,30.81,0.952,0.953,3125000000.0,17582000000.0,3073000000.0,3073000000.0,0.0,,,,,14000000.0,739000000.0,1.0,402258086.0,402500000,402600000.0,7.635,10866000000.0,0.0,42000000.0,235000000.0,26.996,1467000000.0
8,VIAB,MRQ,2017-09-30,2017-09-30,2017-09-30,2019-11-16,-618000000.0,23698000000.0,,5801000000.0,17897000000.0,,15.001,-56000000.0,1389000000.0,1389000000.0,1885000000.0,695000000.0,1.546,2.913,11119000000.0,19000000.0,11100000000.0,11119000000.0,463000000.0,56000000.0,0.0,0.029,0.2,699000000.0,755000000.0,0.227,755000000.0,699000000.0,550000000.0,1.68,1.68,1.68,6035000000.0,,6035000000.0,21943845671.0,8.0,7.295,995000000.0,2.473,1.0,1434000000.0,0.432,11978000000.0,149000000.0,17697000000.0,,4901000000.0,0.0,0.0,0.0,17579000000.0,3753000000.0,13826000000.0,11195845671.0,964000000.0,-613000000.0,0.0,-52000000.0,-80000000.0,-182000000.0,73000000.0,0.0,1051000000.0,22000000.0,674000000.0,674000000.0,674000000.0,0.0,21000000.0,0.203,717000000.0,717000000.0,431000000.0,0.119,1.855,5.974,5.936,978000000.0,0.0,27.84,0.844,0.839,2970000000.0,17124000000.0,3319000000.0,3319000000.0,0.0,,,,,16000000.0,797000000.0,1.0,402149629.0,402300000,402400000.0,8.25,11720000000.0,0.0,-124000000.0,294000000.0,29.132,2048000000.0
9,VIAB,MRQ,2017-06-30,2017-06-30,2017-06-30,2019-11-16,-697000000.0,23126000000.0,,5134000000.0,17992000000.0,,13.455,-44000000.0,425000000.0,425000000.0,1788000000.0,691000000.0,1.352,3.266,11173000000.0,70000000.0,11103000000.0,11173000000.0,406000000.0,53000000.0,0.0,0.024,0.2,1071000000.0,1124000000.0,0.334,1124000000.0,1071000000.0,916000000.0,1.7,1.7,1.7,5409000000.0,,5409000000.0,25004135620.0,10.0,9.511,205000000.0,0.51,1.0,1576000000.0,0.468,11973000000.0,155000000.0,18105000000.0,,5004000000.0,0.0,0.0,0.0,17664000000.0,3796000000.0,13868000000.0,13486135620.0,-246000000.0,578000000.0,57000000.0,-1000000000.0,-80000000.0,-1053000000.0,537000000.0,0.0,249000000.0,21000000.0,683000000.0,683000000.0,683000000.0,0.0,8000000.0,0.203,832000000.0,744000000.0,325000000.0,0.118,2.493,9.275,9.223,955000000.0,0.0,33.57,1.024,1.025,3302000000.0,16589000000.0,3364000000.0,3364000000.0,0.0,,,,,2000000.0,756000000.0,1.0,401731773.0,402000000,402600000.0,8.368,11153000000.0,0.0,233000000.0,337000000.0,27.744,1338000000.0
10,VIAB,MRQ,2017-03-31,2017-03-31,2017-03-31,2019-11-16,-761000000.0,23342000000.0,,5128000000.0,18214000000.0,,11.888,-43000000.0,671000000.0,671000000.0,1944000000.0,128000000.0,1.44,3.92,12189000000.0,18000000.0,12171000000.0,12189000000.0,382000000.0,58000000.0,0.0,0.021,0.2,305000000.0,363000000.0,0.111,363000000.0,305000000.0,147000000.0,0.3,0.3,0.3,4734000000.0,,4734000000.0,30360300005.0,14.0,12.958,203000000.0,0.51,1.0,1312000000.0,0.403,11934000000.0,158000000.0,19366000000.0,,4976000000.0,0.0,0.0,0.0,18559000000.0,3560000000.0,14999000000.0,18503300005.0,228000000.0,0.0,115000000.0,-116000000.0,-80000000.0,-101000000.0,68000000.0,0.0,246000000.0,15000000.0,121000000.0,121000000.0,121000000.0,0.0,7000000.0,0.037,1018000000.0,294000000.0,347000000.0,0.667,3.909,15.381,15.386,964000000.0,0.0,46.62,1.433,1.438,3031000000.0,15987000000.0,3256000000.0,3256000000.0,0.0,,,,,27000000.0,748000000.0,1.0,396896182.0,398200000,399500000.0,8.177,11408000000.0,0.0,26000000.0,292000000.0,28.649,1568000000.0
11,VIAB,MRQ,2016-12-31,2016-12-31,2016-12-31,2019-11-16,-827000000.0,23312000000.0,,4989000000.0,18323000000.0,,11.229,-52000000.0,443000000.0,443000000.0,1819000000.0,408000000.0,1.186,4.218,12300000000.0,517000000.0,11783000000.0,12300000000.0,361000000.0,56000000.0,0.0,0.034,0.2,710000000.0,766000000.0,0.23,766000000.0,710000000.0,554000000.0,1.0,1.0,1.0,4458000000.0,,4458000000.0,25462120751.0,11.0,9.627,107000000.0,0.27,1.0,1505000000.0,0.453,11930000000.0,156000000.0,19034000000.0,,5067000000.0,0.0,0.0,0.0,18803000000.0,4205000000.0,14598000000.0,13928120751.0,64000000.0,-343000000.0,0.0,385000000.0,-79000000.0,292000000.0,-349000000.0,0.0,159000000.0,-38000000.0,396000000.0,396000000.0,396000000.0,0.0,12000000.0,0.119,790000000.0,715000000.0,375000000.0,0.2,3.124,10.056,10.057,976000000.0,0.0,35.1,1.1,1.101,3125000000.0,15945000000.0,3324000000.0,3324000000.0,0.0,,,,,23000000.0,701000000.0,1.0,396812557.0,397000000,397900000.0,8.373,11382000000.0,0.0,158000000.0,377000000.0,28.67,784000000.0
12,VIAB,MRQ,2016-09-30,2016-09-30,2016-09-30,2019-11-16,-692000000.0,22508000000.0,,4522000000.0,17986000000.0,,10.779,-92000000.0,379000000.0,379000000.0,1862000000.0,263000000.0,1.231,4.25,11913000000.0,17000000.0,11896000000.0,11913000000.0,419000000.0,55000000.0,0.0,0.037,0.2,321000000.0,376000000.0,0.117,376000000.0,321000000.0,171000000.0,0.64,0.63,0.64,4277000000.0,,4277000000.0,27285594248.0,11.0,9.766,879000000.0,2.215,1.0,1364000000.0,0.423,11715000000.0,150000000.0,18655000000.0,,4876000000.0,0.0,0.0,0.0,18178000000.0,3672000000.0,14506000000.0,15112594248.0,187000000.0,1000000.0,1000000.0,-453000000.0,-159000000.0,-628000000.0,-160000000.0,0.0,971000000.0,4000000.0,254000000.0,254000000.0,254000000.0,0.0,9000000.0,0.079,1038000000.0,326000000.0,453000000.0,0.313,3.533,10.509,10.496,932000000.0,0.0,38.1,1.21,1.21,2712000000.0,15628000000.0,3226000000.0,3226000000.0,0.0,,,,,92000000.0,771000000.0,1.0,396656017.0,396800000,398300000.0,8.13,10793000000.0,0.0,-83000000.0,381000000.0,27.2,850000000.0
13,VIAB,MRQ,2016-06-30,2016-06-30,2016-06-30,2019-11-16,-630000000.0,22605000000.0,,4609000000.0,17996000000.0,,10.32,-26000000.0,192000000.0,192000000.0,1575000000.0,440000000.0,0.994,4.51,12365000000.0,1369000000.0,10996000000.0,12365000000.0,428000000.0,55000000.0,0.0,0.039,0.4,783000000.0,838000000.0,0.27,838000000.0,783000000.0,627000000.0,1.09,1.09,1.09,4092000000.0,,4092000000.0,28472905615.0,9.0,8.149,90000000.0,0.227,1.0,1532000000.0,0.493,11737000000.0,156000000.0,18406000000.0,,4935000000.0,0.0,0.0,0.0,18453000000.0,4635000000.0,13818000000.0,16423905615.0,-288000000.0,-15000000.0,7000000.0,-165000000.0,-158000000.0,-337000000.0,-41000000.0,0.0,116000000.0,-26000000.0,432000000.0,432000000.0,432000000.0,0.0,8000000.0,0.139,760000000.0,772000000.0,277000000.0,0.367,4.014,7.942,7.99,852000000.0,0.0,41.47,1.259,1.26,2973000000.0,15467000000.0,3107000000.0,3107000000.0,0.0,,,,,19000000.0,708000000.0,1.0,396043058.0,396500000,398000000.0,7.836,10868000000.0,0.0,195000000.0,632000000.0,27.41,-26000000.0
14,VIAB,MRQ,2016-03-31,2016-03-31,2016-03-31,2019-11-16,-551000000.0,22565000000.0,,4734000000.0,17831000000.0,,9.818,-28000000.0,480000000.0,480000000.0,1654000000.0,309000000.0,1.059,4.787,12529000000.0,1033000000.0,11496000000.0,12529000000.0,413000000.0,56000000.0,0.0,0.039,0.4,609000000.0,665000000.0,0.222,665000000.0,609000000.0,454000000.0,0.76,0.76,0.76,3889000000.0,,3889000000.0,28582370944.0,8.0,7.582,382000000.0,0.964,1.0,1347000000.0,0.449,11769000000.0,155000000.0,18375000000.0,,4682000000.0,0.0,0.0,0.0,18618000000.0,4470000000.0,14148000000.0,16342370944.0,153000000.0,-14000000.0,2000000.0,-40000000.0,-159000000.0,-218000000.0,-42000000.0,0.0,410000000.0,3000000.0,303000000.0,303000000.0,303000000.0,0.0,6000000.0,0.101,767000000.0,580000000.0,343000000.0,0.526,4.202,7.338,7.385,879000000.0,0.0,41.28,1.257,1.258,2784000000.0,15192000000.0,3001000000.0,3001000000.0,0.0,,,,,26000000.0,705000000.0,1.0,395890769.0,396100000,397400000.0,7.576,10796000000.0,0.0,151000000.0,531000000.0,27.256,264000000.0
15,VIAB,MRQ,2015-12-31,2015-12-31,2015-12-31,2019-11-16,-577000000.0,22362000000.0,,4699000000.0,17663000000.0,,9.324,-26000000.0,327000000.0,327000000.0,1593000000.0,461000000.0,1.052,5.031,12567000000.0,1073000000.0,11494000000.0,12567000000.0,459000000.0,55000000.0,0.0,0.037,0.4,860000000.0,915000000.0,0.29,915000000.0,860000000.0,705000000.0,1.13,1.13,1.13,3698000000.0,,3698000000.0,28104836623.0,9.0,8.715,-152000000.0,-0.383,1.0,1561000000.0,0.495,11762000000.0,155000000.0,18372000000.0,,4574000000.0,0.0,0.0,0.0,18606000000.0,4468000000.0,14138000000.0,16325836623.0,-179000000.0,-30000000.0,-99000000.0,290000000.0,-159000000.0,10000000.0,-56000000.0,0.0,-126000000.0,-7000000.0,449000000.0,449000000.0,449000000.0,0.0,12000000.0,0.142,720000000.0,841000000.0,289000000.0,0.354,4.415,8.726,8.757,903000000.0,0.0,41.16,1.248,1.248,3012000000.0,15049000000.0,3154000000.0,3154000000.0,0.0,,,,,26000000.0,667000000.0,1.0,396643261.0,396600000,398400000.0,7.953,10600000000.0,0.0,256000000.0,448000000.0,26.727,231000000.0
16,VIAB,MRQ,2015-09-30,2015-09-30,2015-09-30,2019-11-16,-534000000.0,22143000000.0,,4578000000.0,17565000000.0,,8.889,-52000000.0,506000000.0,506000000.0,1937000000.0,892000000.0,1.188,5.241,12285000000.0,18000000.0,12267000000.0,12285000000.0,481000000.0,54000000.0,0.0,0.034,0.4,1022000000.0,1076000000.0,0.284,1076000000.0,1022000000.0,857000000.0,2.21,2.19,2.21,3538000000.0,,3538000000.0,29818417494.0,10.0,9.03,1181000000.0,2.967,1.0,1851000000.0,0.489,11796000000.0,165000000.0,18273000000.0,,4402000000.0,0.0,0.0,0.0,18544000000.0,3853000000.0,14691000000.0,17156417494.0,85000000.0,-120000000.0,4000000.0,-800000000.0,-159000000.0,-970000000.0,-172000000.0,0.0,1233000000.0,-6000000.0,884000000.0,884000000.0,884000000.0,0.0,8000000.0,0.233,820000000.0,1031000000.0,506000000.0,0.181,4.849,8.926,9.023,947000000.0,0.0,43.13,1.293,1.307,2807000000.0,14780000000.0,3788000000.0,3788000000.0,0.0,,,,,29000000.0,742000000.0,1.0,397783851.0,398000000,400000000.0,9.518,10347000000.0,0.0,-27000000.0,150000000.0,25.997,725000000.0
17,VIAB,MRQ,2015-06-30,2015-06-30,2015-06-30,2019-11-16,-455000000.0,22095000000.0,,4415000000.0,17680000000.0,,7.225,-26000000.0,421000000.0,421000000.0,1252000000.0,645000000.0,1.153,6.67,13083000000.0,267000000.0,12816000000.0,13083000000.0,266000000.0,56000000.0,0.0,0.022,0.4,1058000000.0,1114000000.0,0.364,1114000000.0,1058000000.0,892000000.0,1.49,1.47,1.49,2872000000.0,,2872000000.0,38583885149.0,12.0,11.236,374000000.0,0.941,1.0,1806000000.0,0.591,11828000000.0,166000000.0,19099000000.0,,4731000000.0,0.0,0.0,0.0,19155000000.0,3830000000.0,15325000000.0,25659885149.0,115000000.0,0.0,-26000000.0,-75000000.0,-132000000.0,-279000000.0,-26000000.0,0.0,400000000.0,20000000.0,591000000.0,591000000.0,591000000.0,0.0,54000000.0,0.193,722000000.0,1084000000.0,331000000.0,0.268,8.935,14.497,14.998,937000000.0,0.0,64.64,1.905,1.907,2720000000.0,14071000000.0,3058000000.0,3058000000.0,0.0,,,,,21000000.0,666000000.0,1.0,396966045.0,397500000,401200000.0,7.693,10267000000.0,0.0,301000000.0,365000000.0,25.829,585000000.0
18,VIAB,MRQ,2015-03-31,2015-03-31,2015-03-31,2019-11-16,-571000000.0,21757000000.0,,4383000000.0,17374000000.0,,5.722,-30000000.0,306000000.0,306000000.0,2056000000.0,-48000000.0,1.229,8.439,13230000000.0,17000000.0,13213000000.0,13230000000.0,270000000.0,57000000.0,0.0,0.019,0.33,63000000.0,120000000.0,0.039,120000000.0,63000000.0,-103000000.0,-0.13,-0.13,-0.13,2303000000.0,,2303000000.0,40291522061.0,13.0,11.754,594000000.0,1.476,1.0,1022000000.0,0.332,11780000000.0,166000000.0,19334000000.0,,4450000000.0,0.0,0.0,0.0,19435000000.0,3567000000.0,15868000000.0,27713522061.0,-879000000.0,6000000.0,-730000000.0,-525000000.0,-136000000.0,-1421000000.0,-24000000.0,0.0,624000000.0,-58000000.0,-53000000.0,-53000000.0,-53000000.0,0.0,5000000.0,-0.017,996000000.0,26000000.0,359000000.0,-2.538,12.034,15.491,16.071,949000000.0,0.0,68.3,2.003,1.987,2758000000.0,13638000000.0,3078000000.0,3078000000.0,0.0,,,,,25000000.0,721000000.0,1.0,405761670.0,402500000,402500000.0,7.647,9977000000.0,0.0,-50000000.0,369000000.0,24.788,816000000.0
19,VIAB,MRQ,2014-12-31,2014-12-31,2014-12-31,2019-11-16,-415000000.0,23416000000.0,,5470000000.0,17946000000.0,,8.164,-34000000.0,1185000000.0,1185000000.0,1623000000.0,513000000.0,1.354,5.978,13763000000.0,617000000.0,13146000000.0,13763000000.0,252000000.0,55000000.0,0.0,0.017,0.33,937000000.0,992000000.0,0.297,992000000.0,937000000.0,777000000.0,1.22,1.2,1.22,3352000000.0,,3352000000.0,42656635128.0,11.0,10.084,22000000.0,0.054,1.0,1721000000.0,0.515,11867000000.0,160000000.0,20088000000.0,,4970000000.0,0.0,0.0,0.0,20039000000.0,4039000000.0,16000000000.0,30887635128.0,185000000.0,-1000000.0,-650000000.0,990000000.0,-137000000.0,193000000.0,-35000000.0,0.0,56000000.0,-29000000.0,500000000.0,500000000.0,500000000.0,0.0,13000000.0,0.15,804000000.0,917000000.0,370000000.0,0.27,9.215,13.177,13.608,976000000.0,0.0,75.25,2.217,2.218,3024000000.0,13828000000.0,3344000000.0,3344000000.0,0.0,,,,,26000000.0,731000000.0,1.0,410466912.0,410600000,416100000.0,8.144,11549000000.0,0.0,277000000.0,527000000.0,28.127,1431000000.0
20,VIAB,MRQ,2014-09-30,2014-09-30,2014-09-30,2019-11-16,-293000000.0,23047000000.0,,5252000000.0,17795000000.0,,8.872,-42000000.0,1000000000.0,1000000000.0,1965000000.0,742000000.0,1.335,5.19,12699000000.0,18000000.0,12681000000.0,12699000000.0,350000000.0,54000000.0,0.0,0.016,0.33,1154000000.0,1208000000.0,0.303,1208000000.0,1154000000.0,998000000.0,1.73,1.7,1.73,3719000000.0,,3719000000.0,43740943357.0,11.0,10.237,1192000000.0,2.844,1.0,2026000000.0,0.508,11934000000.0,156000000.0,18877000000.0,,4743000000.0,0.0,0.0,0.0,19300000000.0,3935000000.0,15365000000.0,32547943357.0,-585000000.0,-727000000.0,-834000000.0,0.0,-140000000.0,-987000000.0,-769000000.0,0.0,1234000000.0,-63000000.0,732000000.0,732000000.0,732000000.0,0.0,10000000.0,0.183,873000000.0,1153000000.0,475000000.0,0.191,8.752,13.613,13.913,1016000000.0,0.0,76.94,2.361,2.412,3066000000.0,13465000000.0,3991000000.0,3991000000.0,0.0,,,,,29000000.0,765000000.0,1.0,423030197.0,419200000,426400000.0,9.521,11113000000.0,0.0,266000000.0,266000000.0,26.51,1317000000.0
21,VIAB,MRQ,2014-06-30,2014-06-30,2014-06-30,2019-11-16,-76000000.0,22948000000.0,,5704000000.0,17244000000.0,,9.699,-32000000.0,1585000000.0,1585000000.0,1565000000.0,653000000.0,1.686,4.52,12778000000.0,20000000.0,12758000000.0,12778000000.0,231000000.0,52000000.0,0.0,0.014,0.33,1056000000.0,1108000000.0,0.324,1108000000.0,1056000000.0,898000000.0,1.43,1.4,1.43,4151000000.0,,4151000000.0,48077399961.0,12.0,11.108,518000000.0,1.21,1.0,1856000000.0,0.543,11323000000.0,158000000.0,19435000000.0,,4758000000.0,0.0,0.0,0.0,18762000000.0,3383000000.0,15379000000.0,37278399961.0,-995000000.0,-18000000.0,-767000000.0,-601000000.0,-130000000.0,-1507000000.0,-50000000.0,0.0,550000000.0,12000000.0,610000000.0,610000000.0,610000000.0,1000000.0,43000000.0,0.178,767000000.0,1089000000.0,337000000.0,0.231,8.981,15.135,15.74,998000000.0,0.0,86.73,2.773,2.761,2958000000.0,12878000000.0,3421000000.0,3421000000.0,0.0,,,,,30000000.0,718000000.0,1.0,429821284.0,428000000,435800000.0,7.993,11625000000.0,64000000.0,288000000.0,472000000.0,27.161,2321000000.0
22,VIAB,MRQ,2014-03-31,2014-03-31,2014-03-31,2019-11-16,-68000000.0,23862000000.0,,6596000000.0,17266000000.0,,10.144,-29000000.0,2580000000.0,2580000000.0,1538000000.0,511000000.0,1.685,4.394,13379000000.0,618000000.0,12761000000.0,13379000000.0,216000000.0,52000000.0,0.0,0.014,0.3,870000000.0,922000000.0,0.29,922000000.0,870000000.0,718000000.0,1.15,1.13,1.15,4424000000.0,,4424000000.0,47699138578.0,12.0,10.98,491000000.0,1.126,1.0,1636000000.0,0.515,11354000000.0,152000000.0,19393000000.0,,4804000000.0,0.0,0.0,0.0,19441000000.0,3914000000.0,15527000000.0,37230138578.0,1163000000.0,7000000.0,-796000000.0,1485000000.0,0.0,661000000.0,-22000000.0,0.0,520000000.0,4000000.0,502000000.0,502000000.0,502000000.0,0.0,9000000.0,0.158,767000000.0,869000000.0,341000000.0,0.261,8.415,14.916,15.71,1011000000.0,0.0,84.99,2.714,2.702,2674000000.0,12410000000.0,3174000000.0,3174000000.0,0.0,,,,,31000000.0,712000000.0,1.0,438053166.0,436100000,444600000.0,7.278,12508000000.0,51000000.0,216000000.0,562000000.0,28.681,2682000000.0
23,VIAB,MRQ,2013-12-31,2013-12-31,2013-12-31,2019-11-16,-76000000.0,22778000000.0,,5447000000.0,17331000000.0,,10.793,-20000000.0,1417000000.0,1417000000.0,1474000000.0,557000000.0,1.69,3.744,11886000000.0,18000000.0,11868000000.0,11886000000.0,218000000.0,59000000.0,0.0,0.013,0.3,976000000.0,1035000000.0,0.324,1035000000.0,976000000.0,827000000.0,1.23,1.2,1.23,4802000000.0,,4802000000.0,48433974339.0,12.0,11.191,273000000.0,0.614,1.0,1723000000.0,0.539,11358000000.0,149000000.0,18666000000.0,,4884000000.0,0.0,0.0,0.0,17979000000.0,3223000000.0,14756000000.0,38951974339.0,-986000000.0,6000000.0,-959000000.0,0.0,-271000000.0,-1267000000.0,-14000000.0,0.0,293000000.0,2000000.0,547000000.0,547000000.0,547000000.0,0.0,10000000.0,0.171,763000000.0,960000000.0,242000000.0,0.244,8.112,15.757,16.7,1025000000.0,0.0,87.34,2.848,2.841,2916000000.0,12040000000.0,3197000000.0,3197000000.0,0.0,,,,,32000000.0,704000000.0,1.0,445980929.0,444900000,454000000.0,7.186,11420000000.0,60000000.0,280000000.0,621000000.0,25.669,2224000000.0
24,VIAB,MRQ,2013-09-30,2013-09-30,2013-09-30,2019-11-16,-101000000.0,23829000000.0,,6726000000.0,17103000000.0,,11.084,-63000000.0,2403000000.0,2403000000.0,1652000000.0,810000000.0,1.775,3.589,11885000000.0,18000000.0,11867000000.0,11885000000.0,230000000.0,62000000.0,0.0,0.014,0.3,1201000000.0,1263000000.0,0.346,1263000000.0,1201000000.0,1071000000.0,1.7,1.66,1.7,5193000000.0,,5193000000.0,47630767109.0,12.0,11.433,988000000.0,2.109,1.0,2000000000.0,0.548,11358000000.0,130000000.0,18163000000.0,,4715000000.0,0.0,0.0,0.0,18639000000.0,3790000000.0,14849000000.0,39861767109.0,1259000000.0,113000000.0,-2397000000.0,2948000000.0,-144000000.0,458000000.0,-249000000.0,0.0,1051000000.0,-1000000.0,804000000.0,804000000.0,804000000.0,2000000.0,6000000.0,0.22,786000000.0,1214000000.0,316000000.0,0.176,7.676,16.644,16.953,1040000000.0,0.0,83.58,2.89,2.946,2987000000.0,11629000000.0,3652000000.0,3652000000.0,0.0,,,,,33000000.0,738000000.0,1.0,476929494.0,468500000,477700000.0,7.795,12471000000.0,0.0,267000000.0,649000000.0,26.619,2936000000.0
25,VIAB,MRQ,2013-06-30,2013-06-30,2013-06-30,2019-11-16,-276000000.0,22464000000.0,,5408000000.0,17056000000.0,,14.119,-30000000.0,1144000000.0,1144000000.0,1845000000.0,662000000.0,1.435,2.297,8913000000.0,20000000.0,8893000000.0,8913000000.0,241000000.0,58000000.0,0.0,0.017,0.3,1066000000.0,1124000000.0,0.304,1124000000.0,1066000000.0,952000000.0,1.33,1.31,1.33,6814000000.0,,6814000000.0,40661903646.0,11.0,10.15,709000000.0,1.469,1.0,1848000000.0,0.5,11354000000.0,114000000.0,15110000000.0,,4715000000.0,0.0,0.0,0.0,15652000000.0,3769000000.0,11883000000.0,32988903646.0,-116000000.0,-1000000.0,-635000000.0,0.0,-134000000.0,-823000000.0,-31000000.0,0.0,739000000.0,-1000000.0,643000000.0,643000000.0,643000000.0,4000000.0,19000000.0,0.174,765000000.0,1083000000.0,229000000.0,0.226,4.841,14.721,15.151,1013000000.0,0.0,68.03,2.443,2.431,2904000000.0,10986000000.0,3693000000.0,3693000000.0,0.0,,,,,35000000.0,705000000.0,1.0,484917002.0,482600000,491900000.0,7.652,11110000000.0,46000000.0,309000000.0,502000000.0,23.021,1639000000.0
26,VIAB,MRQ,2013-03-31,2013-03-31,2013-03-31,2019-11-16,-301000000.0,22438000000.0,,5294000000.0,17144000000.0,,14.002,-31000000.0,1260000000.0,1260000000.0,1539000000.0,486000000.0,1.5,2.259,8933000000.0,18000000.0,8915000000.0,8933000000.0,248000000.0,60000000.0,0.0,0.018,0.275,846000000.0,906000000.0,0.289,906000000.0,846000000.0,736000000.0,0.97,0.96,0.97,6889000000.0,,6889000000.0,38148062290.0,11.0,9.927,693000000.0,1.409,1.0,1596000000.0,0.509,11353000000.0,110000000.0,15228000000.0,,4788000000.0,0.0,0.0,0.0,15561000000.0,3530000000.0,12031000000.0,30430062290.0,589000000.0,22000000.0,-602000000.0,542000000.0,0.0,-99000000.0,-9000000.0,0.0,724000000.0,-27000000.0,478000000.0,478000000.0,478000000.0,3000000.0,8000000.0,0.152,755000000.0,841000000.0,220000000.0,0.284,4.417,14.273,14.708,1023000000.0,0.0,61.48,2.331,2.317,2545000000.0,10488000000.0,3135000000.0,3135000000.0,0.0,,,,,29000000.0,689000000.0,1.0,494958723.0,492000000,500300000.0,6.372,11085000000.0,47000000.0,258000000.0,465000000.0,22.53,1764000000.0
27,VIAB,MRQ,2012-12-31,2012-12-31,2012-12-31,2019-11-16,-256000000.0,21897000000.0,,4623000000.0,17274000000.0,,14.287,-36000000.0,671000000.0,671000000.0,1763000000.0,479000000.0,1.242,2.057,8389000000.0,18000000.0,8371000000.0,8389000000.0,210000000.0,57000000.0,0.0,0.02,0.275,816000000.0,873000000.0,0.263,873000000.0,816000000.0,706000000.0,0.94,0.92,0.94,7165000000.0,,7165000000.0,33785825897.0,9.0,8.67,533000000.0,1.063,1.0,1551000000.0,0.468,11389000000.0,110000000.0,14504000000.0,,4902000000.0,0.0,0.0,0.0,14741000000.0,3722000000.0,11019000000.0,26484825897.0,-177000000.0,-10000000.0,-627000000.0,242000000.0,-277000000.0,-695000000.0,-46000000.0,0.0,569000000.0,-5000000.0,470000000.0,470000000.0,470000000.0,0.0,9000000.0,0.142,747000000.0,804000000.0,193000000.0,0.293,3.696,11.829,12.265,1046000000.0,0.0,52.74,1.999,1.996,2602000000.0,10149000000.0,3314000000.0,3314000000.0,0.0,,,,,31000000.0,697000000.0,1.0,502177207.0,501500000,509100000.0,6.608,10508000000.0,68000000.0,236000000.0,70000000.0,20.953,901000000.0
28,VIAB,MRQ,2012-09-30,2012-09-30,2012-09-30,2019-11-16,-264000000.0,22250000000.0,,4853000000.0,17397000000.0,,14.578,-45000000.0,848000000.0,848000000.0,1564000000.0,656000000.0,1.267,1.989,8149000000.0,18000000.0,8131000000.0,8149000000.0,230000000.0,58000000.0,0.0,0.02,0.275,1045000000.0,1103000000.0,0.328,1103000000.0,1045000000.0,940000000.0,1.25,1.24,1.25,7448000000.0,,7448000000.0,34966768026.0,10.0,9.402,717000000.0,1.403,1.0,1799000000.0,0.535,11373000000.0,105000000.0,14348000000.0,,5037000000.0,0.0,0.0,0.0,14811000000.0,3830000000.0,10981000000.0,27576768026.0,74000000.0,1000000.0,-510000000.0,0.0,-143000000.0,-663000000.0,-44000000.0,0.0,762000000.0,19000000.0,650000000.0,650000000.0,650000000.0,0.0,6000000.0,0.193,742000000.0,1057000000.0,255000000.0,0.22,3.703,13.921,14.367,1068000000.0,0.0,53.59,1.986,2.048,2533000000.0,9820000000.0,3363000000.0,3363000000.0,0.0,,,,,30000000.0,691000000.0,1.0,514587946.0,510900000,517700000.0,6.583,10877000000.0,68000000.0,290000000.0,5000000.0,21.29,1023000000.0
29,VIAB,MRQ,2012-06-30,2012-06-30,2012-06-30,2019-11-16,-232000000.0,21958000000.0,,4511000000.0,17447000000.0,,14.279,-46000000.0,774000000.0,774000000.0,1599000000.0,547000000.0,1.214,1.937,8164000000.0,17000000.0,8147000000.0,8164000000.0,236000000.0,57000000.0,0.0,0.022,0.275,904000000.0,961000000.0,0.297,961000000.0,904000000.0,800000000.0,1.02,1.01,1.02,7478000000.0,,7478000000.0,31461108578.0,9.0,8.773,186000000.0,0.355,1.0,1642000000.0,0.507,11370000000.0,104000000.0,14262000000.0,,5064000000.0,0.0,0.0,0.0,14485000000.0,3716000000.0,10769000000.0,24818108578.0,-361000000.0,-2000000.0,-676000000.0,394000000.0,-133000000.0,-449000000.0,-132000000.0,0.0,232000000.0,-12000000.0,534000000.0,534000000.0,534000000.0,0.0,13000000.0,0.165,746000000.0,896000000.0,295000000.0,0.27,3.319,13.014,13.396,1045000000.0,0.0,47.02,1.703,1.689,2582000000.0,9336000000.0,3241000000.0,3241000000.0,0.0,,,,,35000000.0,682000000.0,1.0,527820259.0,523700000,530400000.0,6.189,10588000000.0,120000000.0,266000000.0,0.0,20.218,795000000.0
30,VIAB,MRQ,2012-03-31,2012-03-31,2012-03-31,2019-11-16,-193000000.0,22427000000.0,,4967000000.0,17460000000.0,,14.517,-35000000.0,1135000000.0,1135000000.0,1645000000.0,596000000.0,1.193,1.876,7778000000.0,21000000.0,7757000000.0,7778000000.0,215000000.0,59000000.0,0.0,0.021,0.25,901000000.0,960000000.0,0.288,960000000.0,901000000.0,798000000.0,1.09,1.07,1.09,7803000000.0,,7803000000.0,32301319781.0,9.0,8.782,842000000.0,1.567,1.0,1686000000.0,0.506,11397000000.0,103000000.0,13510000000.0,,5054000000.0,0.0,0.0,0.0,14635000000.0,4163000000.0,10472000000.0,25658319781.0,-12000000.0,-9000000.0,-663000000.0,-10000000.0,-137000000.0,-847000000.0,-44000000.0,0.0,877000000.0,2000000.0,585000000.0,585000000.0,585000000.0,0.0,11000000.0,0.176,755000000.0,931000000.0,313000000.0,0.229,3.288,13.178,13.638,1048000000.0,0.0,47.46,1.699,1.689,2638000000.0,8947000000.0,3331000000.0,3331000000.0,0.0,,,,,28000000.0,695000000.0,1.0,540630421.0,537500000,544400000.0,6.197,11030000000.0,47000000.0,213000000.0,0.0,20.521,804000000.0
31,VIAB,MRQ,2011-12-31,2011-12-31,2011-12-31,2019-11-16,-204000000.0,22903000000.0,,5399000000.0,17504000000.0,,14.555,-28000000.0,1147000000.0,1147000000.0,2185000000.0,222000000.0,1.062,1.859,7790000000.0,773000000.0,7017000000.0,7790000000.0,203000000.0,62000000.0,0.0,0.02,0.25,633000000.0,695000000.0,0.176,695000000.0,633000000.0,528000000.0,0.39,0.38,0.39,8014000000.0,,8014000000.0,31419926258.0,10.0,9.081,599000000.0,1.088,1.0,1767000000.0,0.447,11422000000.0,105000000.0,13042000000.0,,5118000000.0,0.0,0.0,0.0,14900000000.0,5082000000.0,9818000000.0,25075926258.0,126000000.0,-8000000.0,-692000000.0,417000000.0,-141000000.0,-454000000.0,-36000000.0,0.0,627000000.0,-11000000.0,212000000.0,212000000.0,212000000.0,0.0,10000000.0,0.054,755000000.0,1012000000.0,316000000.0,0.641,3.129,14.428,15.036,1049000000.0,0.0,45.41,1.668,1.663,3100000000.0,8492000000.0,3952000000.0,3952000000.0,0.0,,,,,29000000.0,689000000.0,1.0,552211545.0,550600000,557200000.0,7.178,11481000000.0,37000000.0,316000000.0,59000000.0,20.852,317000000.0
32,VIAB,MRQ,2011-09-30,2011-09-30,2011-09-30,2019-11-16,-164000000.0,22801000000.0,,5261000000.0,17540000000.0,,15.2,-78000000.0,1021000000.0,1021000000.0,2185000000.0,583000000.0,1.335,1.639,7365000000.0,23000000.0,7342000000.0,7365000000.0,187000000.0,68000000.0,0.0,0.021,0.25,902000000.0,970000000.0,0.239,970000000.0,902000000.0,800000000.0,1.01,0.99,1.01,8644000000.0,,8644000000.0,28258876274.0,8.0,7.281,730000000.0,1.284,1.0,1868000000.0,0.461,11456000000.0,102000000.0,13747000000.0,,5067000000.0,0.0,0.0,0.0,14168000000.0,3942000000.0,10226000000.0,22259876274.0,66000000.0,-14000000.0,-725000000.0,423000000.0,-145000000.0,-629000000.0,-92000000.0,0.0,808000000.0,-21000000.0,576000000.0,576000000.0,576000000.0,0.0,7000000.0,0.142,948000000.0,920000000.0,386000000.0,0.248,2.575,10.421,10.643,1057000000.0,0.0,38.74,1.493,1.526,2732000000.0,8418000000.0,4053000000.0,4053000000.0,0.0,,,,,35000000.0,741000000.0,1.0,574596703.0,568700000,576600000.0,7.127,11345000000.0,41000000.0,224000000.0,123000000.0,19.949,1319000000.0
33,VIAB,MRQ,2011-06-30,2011-06-30,2011-06-30,2019-11-16,-29000000.0,22310000000.0,,4881000000.0,17429000000.0,,15.725,-35000000.0,955000000.0,955000000.0,1945000000.0,589000000.0,1.363,1.436,6954000000.0,26000000.0,6928000000.0,6954000000.0,217000000.0,65000000.0,0.0,0.014,0.25,988000000.0,1053000000.0,0.28,1053000000.0,988000000.0,884000000.0,0.99,0.97,0.99,9163000000.0,,9163000000.0,35442965827.0,11.0,10.072,357000000.0,0.613,1.0,1821000000.0,0.484,11495000000.0,104000000.0,13234000000.0,,4879000000.0,0.0,0.0,0.0,13156000000.0,3580000000.0,9576000000.0,29840965827.0,-600000000.0,1000000.0,-709000000.0,-194000000.0,-90000000.0,-961000000.0,-34000000.0,0.0,392000000.0,3000000.0,574000000.0,574000000.0,574000000.0,0.0,15000000.0,0.152,830000000.0,991000000.0,315000000.0,0.253,3.257,17.062,17.347,1040000000.0,0.0,51.0,2.115,2.106,2726000000.0,7985000000.0,3766000000.0,3766000000.0,0.0,,,,,30000000.0,761000000.0,1.0,585116977.0,582700000,591600000.0,6.463,10815000000.0,68000000.0,310000000.0,99000000.0,18.56,1301000000.0
34,VIAB,MRQ,2011-03-31,2011-03-31,2011-03-31,2019-11-16,-36000000.0,22615000000.0,,5190000000.0,17425000000.0,,15.735,-25000000.0,1555000000.0,1555000000.0,1721000000.0,382000000.0,1.353,1.42,7157000000.0,222000000.0,6935000000.0,7157000000.0,266000000.0,67000000.0,0.0,0.013,0.15,675000000.0,742000000.0,0.227,742000000.0,675000000.0,573000000.0,0.63,0.63,0.63,9353000000.0,,9353000000.0,33613002113.0,11.0,10.149,706000000.0,1.188,1.0,1546000000.0,0.473,11510000000.0,102000000.0,12870000000.0,,4909000000.0,0.0,0.0,0.0,13282000000.0,3837000000.0,9445000000.0,27771002113.0,644000000.0,0.0,-484000000.0,400000000.0,0.0,-69000000.0,-25000000.0,0.0,731000000.0,7000000.0,376000000.0,376000000.0,376000000.0,0.0,6000000.0,0.115,793000000.0,753000000.0,299000000.0,0.238,2.969,17.411,17.621,1055000000.0,0.0,46.52,2.039,2.03,2399000000.0,7579000000.0,3267000000.0,3267000000.0,0.0,,,,,33000000.0,719000000.0,1.0,596969091.0,594400000,601100000.0,5.496,11105000000.0,74000000.0,197000000.0,17000000.0,18.683,1353000000.0
35,VIAB,MRQ,2010-12-31,2010-12-31,2010-12-31,2019-11-16,-86000000.0,22429000000.0,,4752000000.0,17677000000.0,,15.698,-17000000.0,911000000.0,911000000.0,2017000000.0,619000000.0,1.268,1.37,6753000000.0,31000000.0,6722000000.0,6753000000.0,275000000.0,71000000.0,0.0,0.011,0.15,1045000000.0,1116000000.0,0.292,1116000000.0,1045000000.0,941000000.0,1.01,1.0,1.01,9472000000.0,,9472000000.0,29860793395.0,10.0,9.483,696000000.0,1.153,1.0,1811000000.0,0.473,11497000000.0,104000000.0,13025000000.0,,4949000000.0,0.0,0.0,0.0,12979000000.0,3749000000.0,9230000000.0,23945793395.0,74000000.0,-59000000.0,-368000000.0,0.0,-182000000.0,-568000000.0,-76000000.0,0.0,713000000.0,5000000.0,610000000.0,610000000.0,610000000.0,0.0,9000000.0,0.159,771000000.0,1040000000.0,321000000.0,0.149,2.528,16.356,16.436,1073000000.0,0.0,39.61,1.83,1.827,2652000000.0,7294000000.0,3828000000.0,3828000000.0,0.0,,,,,30000000.0,700000000.0,1.0,604539091.0,603400000,608000000.0,6.344,10932000000.0,296000000.0,331000000.0,0.0,18.117,1003000000.0
36,VIAB,MRQ,2010-09-30,2010-09-30,2010-09-30,2019-11-16,-114000000.0,22096000000.0,,4549000000.0,17547000000.0,,15.258,-59000000.0,837000000.0,837000000.0,1620000000.0,191000000.0,1.3,1.383,6752000000.0,31000000.0,6721000000.0,6752000000.0,256000000.0,66000000.0,0.0,0.008,0.15,542000000.0,608000000.0,0.187,608000000.0,542000000.0,439000000.0,0.31,0.31,0.31,9283000000.0,,9283000000.0,28090100751.0,9.0,8.567,305000000.0,0.501,1.0,1630000000.0,0.502,11502000000.0,103000000.0,13011000000.0,,5006000000.0,0.0,0.0,0.0,12837000000.0,3498000000.0,9339000000.0,22009100751.0,160000000.0,-53000000.0,2000000.0,0.0,-91000000.0,-103000000.0,-112000000.0,0.0,364000000.0,11000000.0,189000000.0,189000000.0,189000000.0,4000000.0,2000000.0,0.058,746000000.0,884000000.0,210000000.0,0.484,2.371,14.218,14.248,1102000000.0,0.0,36.19,1.694,1.695,2417000000.0,6775000000.0,3250000000.0,3250000000.0,0.0,,,,,34000000.0,685000000.0,1.0,608154207.0,608400000,611100000.0,5.342,10594000000.0,233000000.0,250000000.0,0.0,17.413,1051000000.0
37,VIAB,MRQ,2010-06-30,2010-06-30,2010-06-30,2019-11-16,-102000000.0,21801000000.0,,4276000000.0,17525000000.0,,15.034,-30000000.0,677000000.0,677000000.0,1710000000.0,426000000.0,1.131,1.388,6758000000.0,230000000.0,6528000000.0,6758000000.0,333000000.0,75000000.0,0.0,0.005,0.15,771000000.0,846000000.0,0.258,846000000.0,771000000.0,667000000.0,0.69,0.69,0.69,9139000000.0,,9139000000.0,25480416772.0,8.0,7.377,355000000.0,0.584,1.0,1565000000.0,0.478,11798000000.0,104000000.0,12304000000.0,,4889000000.0,0.0,0.0,0.0,12686000000.0,3780000000.0,8906000000.0,19053416772.0,319000000.0,-23000000.0,0.0,0.0,0.0,-8000000.0,-53000000.0,0.0,385000000.0,-5000000.0,420000000.0,420000000.0,420000000.0,0.0,6000000.0,0.128,752000000.0,813000000.0,181000000.0,0.217,2.085,10.457,10.492,1091000000.0,0.0,31.37,1.459,1.46,2334000000.0,6650000000.0,3275000000.0,3275000000.0,0.0,,,,,20000000.0,674000000.0,1.0,607377009.0,607900000,611300000.0,5.387,10003000000.0,114000000.0,247000000.0,0.0,16.455,496000000.0
38,VIAB,MRQ,2010-03-31,2010-03-31,2010-03-31,2019-11-16,-28000000.0,21606000000.0,,4029000000.0,17577000000.0,,14.608,-16000000.0,358000000.0,358000000.0,1464000000.0,247000000.0,1.17,1.437,6785000000.0,40000000.0,6745000000.0,6785000000.0,340000000.0,75000000.0,0.0,0.0,0.0,504000000.0,579000000.0,0.212,579000000.0,504000000.0,391000000.0,0.4,0.4,0.4,8876000000.0,,8876000000.0,27355093138.0,9.0,8.464,382000000.0,0.629,1.0,1268000000.0,0.464,11863000000.0,113000000.0,12725000000.0,,4948000000.0,0.0,0.0,0.0,12756000000.0,3445000000.0,9311000000.0,20880093138.0,60000000.0,13000000.0,0.0,-292000000.0,0.0,-325000000.0,-3000000.0,0.0,398000000.0,-10000000.0,245000000.0,245000000.0,245000000.0,0.0,2000000.0,0.09,724000000.0,544000000.0,209000000.0,0.0,2.352,12.436,12.457,1124000000.0,0.0,34.38,1.596,1.597,2329000000.0,6323000000.0,2732000000.0,2732000000.0,0.0,,,,,26000000.0,639000000.0,1.0,607332552.0,607600000,609600000.0,4.496,9743000000.0,123000000.0,146000000.0,7000000.0,16.035,584000000.0
39,VIAB,MRQ,2009-12-31,2009-12-31,2009-12-31,2019-11-16,35000000.0,21900000000.0,,4430000000.0,17470000000.0,,14.33,-64000000.0,298000000.0,298000000.0,1710000000.0,661000000.0,1.181,1.519,6773000000.0,123000000.0,6650000000.0,6773000000.0,286000000.0,77000000.0,0.0,0.0,0.0,1169000000.0,1246000000.0,0.334,1246000000.0,1169000000.0,1064000000.0,1.14,1.14,1.14,8704000000.0,,8704000000.0,24649201866.0,9.0,7.895,355000000.0,0.584,1.0,2026000000.0,0.542,11661000000.0,105000000.0,12963000000.0,,4498000000.0,0.0,0.0,0.0,13223000000.0,3751000000.0,9472000000.0,18046201866.0,49000000.0,-91000000.0,0.0,-192000000.0,0.0,-219000000.0,-157000000.0,0.0,419000000.0,6000000.0,694000000.0,694000000.0,694000000.0,0.0,-33000000.0,0.186,783000000.0,1243000000.0,247000000.0,0.0,2.073,11.202,11.219,1175000000.0,0.0,29.73,1.361,1.361,2876000000.0,6106000000.0,3736000000.0,3736000000.0,0.0,,,,,31000000.0,623000000.0,1.0,607003090.0,607400000,609500000.0,6.151,10239000000.0,108000000.0,370000000.0,84000000.0,16.857,679000000.0
40,VIAB,MRQ,2009-09-30,2009-09-30,2009-09-30,2019-11-16,89000000.0,21307000000.0,,3605000000.0,17702000000.0,,13.221,-35000000.0,249000000.0,249000000.0,1790000000.0,466000000.0,0.972,1.652,6852000000.0,101000000.0,6751000000.0,6852000000.0,393000000.0,80000000.0,0.0,0.0,0.0,703000000.0,783000000.0,0.236,783000000.0,703000000.0,596000000.0,0.76,0.76,0.76,8029000000.0,,8029000000.0,24140542212.0,12.0,10.164,537000000.0,0.884,1.0,1527000000.0,0.46,12091000000.0,107000000.0,12112000000.0,,4847000000.0,0.0,0.0,0.0,13263000000.0,3707000000.0,9556000000.0,17016542212.0,-1000000.0,-42000000.0,1000000.0,-529000000.0,0.0,-541000000.0,-37000000.0,40000000.0,572000000.0,5000000.0,463000000.0,463000000.0,463000000.0,0.0,3000000.0,0.14,756000000.0,771000000.0,238000000.0,0.0,2.119,15.612,15.578,1042000000.0,0.0,28.04,1.3,1.301,1866000000.0,5408000000.0,3317000000.0,3317000000.0,0.0,,,,,30000000.0,663000000.0,1.0,606866698.0,607300000,608600000.0,5.462,9216000000.0,258000000.0,133000000.0,282000000.0,15.175,-102000000.0
41,VIAB,MRQ,2009-06-30,2009-06-30,2009-06-30,2019-11-16,47000000.0,21395000000.0,,3535000000.0,17860000000.0,,12.348,-26000000.0,250000000.0,250000000.0,1943000000.0,281000000.0,0.892,1.853,7374000000.0,99000000.0,7275000000.0,7374000000.0,357000000.0,80000000.0,0.0,0.0,0.0,544000000.0,624000000.0,0.189,624000000.0,544000000.0,435000000.0,0.46,0.46,0.46,7495000000.0,,7495000000.0,20877216284.0,11.0,8.96,-16000000.0,-0.026,1.0,1356000000.0,0.411,12082000000.0,109000000.0,12475000000.0,,5016000000.0,0.0,0.0,0.0,13886000000.0,3962000000.0,9924000000.0,13766216284.0,-9000000.0,0.0,0.0,19000000.0,0.0,-6000000.0,-26000000.0,0.0,10000000.0,13000000.0,277000000.0,277000000.0,277000000.0,0.0,4000000.0,0.084,785000000.0,571000000.0,292000000.0,0.0,1.837,13.391,13.432,1065000000.0,0.0,22.7,1.045,1.046,1809000000.0,4947000000.0,3299000000.0,3299000000.0,0.0,,,,,19000000.0,657000000.0,1.0,606441246.0,607000000,608100000.0,5.435,9313000000.0,214000000.0,158000000.0,100000000.0,15.343,-427000000.0
42,VIAB,MRQ,2009-03-31,2009-03-31,2009-03-31,2019-11-16,-114000000.0,21280000000.0,,3340000000.0,17940000000.0,,11.605,-14000000.0,259000000.0,259000000.0,1748000000.0,180000000.0,0.821,2.02,7370000000.0,103000000.0,7267000000.0,7370000000.0,461000000.0,82000000.0,0.0,0.0,0.0,387000000.0,469000000.0,0.161,469000000.0,387000000.0,278000000.0,0.29,0.29,0.29,7042000000.0,,7042000000.0,17747633961.0,8.0,6.906,136000000.0,0.224,1.0,1157000000.0,0.398,12095000000.0,109000000.0,12226000000.0,,5139000000.0,0.0,0.0,0.0,14223000000.0,4070000000.0,10153000000.0,10537633961.0,-533000000.0,-40000000.0,0.0,-601000000.0,0.0,-622000000.0,-54000000.0,0.0,150000000.0,-7000000.0,177000000.0,177000000.0,177000000.0,0.0,3000000.0,0.061,734000000.0,423000000.0,262000000.0,0.0,1.496,9.1,9.245,1080000000.0,0.0,17.38,0.767,0.768,1573000000.0,4673000000.0,2905000000.0,2905000000.0,0.0,,,,,22000000.0,633000000.0,1.0,606308053.0,606800000,607100000.0,4.787,9185000000.0,205000000.0,101000000.0,54000000.0,15.137,-730000000.0
43,VIAB,MRQ,2008-12-31,2008-12-31,2008-12-31,2019-11-16,-49000000.0,22487000000.0,,4502000000.0,17985000000.0,,11.304,-48000000.0,792000000.0,792000000.0,2175000000.0,178000000.0,0.93,2.253,8002000000.0,105000000.0,7897000000.0,8002000000.0,442000000.0,113000000.0,0.0,0.0,0.0,386000000.0,499000000.0,0.14,499000000.0,386000000.0,267000000.0,0.29,0.29,0.29,6909000000.0,,6909000000.0,20120801977.0,9.0,7.325,1368000000.0,2.238,1.0,1390000000.0,0.39,12144000000.0,119000000.0,12711000000.0,,5014000000.0,0.0,0.0,0.0,15564000000.0,4842000000.0,10722000000.0,11693801977.0,267000000.0,147000000.0,-159000000.0,-871000000.0,0.0,-1077000000.0,-56000000.0,0.0,1416000000.0,-16000000.0,173000000.0,173000000.0,173000000.0,0.0,5000000.0,0.049,950000000.0,440000000.0,574000000.0,0.0,1.693,9.348,9.53,1145000000.0,0.0,19.06,0.838,0.854,2271000000.0,4496000000.0,3565000000.0,3565000000.0,0.0,,,,,29000000.0,763000000.0,1.0,613525812.0,611200000,611300000.0,5.833,10343000000.0,203000000.0,94000000.0,12000000.0,16.922,-340000000.0
44,VIAB,MRQ,2008-09-30,2008-09-30,2008-09-30,2019-11-16,86000000.0,22815000000.0,,4169000000.0,18646000000.0,,11.553,-53000000.0,525000000.0,525000000.0,1945000000.0,405000000.0,0.997,2.191,8952000000.0,133000000.0,8819000000.0,8952000000.0,331000000.0,92000000.0,0.0,0.0,0.0,646000000.0,738000000.0,0.217,738000000.0,646000000.0,523000000.0,0.65,0.65,0.65,7150000000.0,,7150000000.0,23929562010.0,8.0,7.195,564000000.0,0.911,1.0,1463000000.0,0.429,12149000000.0,123000000.0,14910000000.0,,5651000000.0,0.0,0.0,0.0,15665000000.0,4183000000.0,11482000000.0,15423562010.0,-212000000.0,-257000000.0,-246000000.0,-245000000.0,0.0,-520000000.0,-281000000.0,29000000.0,617000000.0,-28000000.0,401000000.0,401000000.0,401000000.0,0.0,4000000.0,0.118,797000000.0,666000000.0,376000000.0,0.0,2.157,9.416,9.628,1217000000.0,0.0,24.84,1.054,1.051,2036000000.0,4485000000.0,3408000000.0,3408000000.0,0.0,,,,,28000000.0,682000000.0,1.0,620916345.0,618900000,619300000.0,5.507,10666000000.0,230000000.0,122000000.0,148000000.0,17.234,-14000000.0
45,VIAB,MRQ,2008-06-30,2008-06-30,2008-06-30,2019-11-16,148000000.0,22888000000.0,,4365000000.0,18523000000.0,,11.116,-94000000.0,737000000.0,737000000.0,2238000000.0,411000000.0,0.987,2.273,9243000000.0,171000000.0,9072000000.0,9243000000.0,357000000.0,97000000.0,0.0,0.0,0.0,767000000.0,864000000.0,0.224,864000000.0,767000000.0,644000000.0,0.65,0.65,0.65,6994000000.0,,6994000000.0,27122874532.0,8.0,7.362,-182000000.0,-0.289,1.0,1619000000.0,0.42,12144000000.0,123000000.0,14828000000.0,,5333000000.0,0.0,0.0,0.0,15894000000.0,4422000000.0,11472000000.0,19324874532.0,-75000000.0,-28000000.0,-432000000.0,598000000.0,0.0,140000000.0,-129000000.0,-20000000.0,-88000000.0,2000000.0,407000000.0,407000000.0,407000000.0,-1000000.0,4000000.0,0.106,839000000.0,780000000.0,256000000.0,0.0,2.763,10.29,10.567,1253000000.0,0.0,30.54,1.333,1.326,2135000000.0,4084000000.0,3857000000.0,3857000000.0,0.0,,,,,22000000.0,730000000.0,1.0,632772578.0,629200000,630100000.0,6.13,10744000000.0,249000000.0,237000000.0,62000000.0,17.076,-57000000.0
46,VIAB,MRQ,2008-03-31,2008-03-31,2008-03-31,2019-11-16,156000000.0,22376000000.0,,4097000000.0,18279000000.0,,10.974,-88000000.0,812000000.0,812000000.0,1809000000.0,274000000.0,0.91,2.188,8610000000.0,191000000.0,8419000000.0,8610000000.0,428000000.0,92000000.0,0.0,0.0,0.0,554000000.0,646000000.0,0.207,646000000.0,554000000.0,437000000.0,0.42,0.42,0.42,7019000000.0,,7019000000.0,32717631805.0,10.0,8.762,3000000.0,0.005,1.0,1308000000.0,0.42,12093000000.0,117000000.0,13577000000.0,,5065000000.0,0.0,0.0,0.0,15357000000.0,4504000000.0,10853000000.0,25391731805.0,-108000000.0,-8000000.0,-429000000.0,362000000.0,0.0,-98000000.0,-105000000.0,-9000000.0,91000000.0,4000000.0,270000000.0,270000000.0,270000000.0,0.0,4000000.0,0.087,744000000.0,564000000.0,269000000.0,0.0,3.618,13.329,13.805,1228000000.0,0.0,39.62,1.837,1.833,1838000000.0,3677000000.0,3117000000.0,3117000000.0,0.0,,,,,20000000.0,649000000.0,1.0,640881671.0,639600000,641000000.0,4.873,10283000000.0,243000000.0,167000000.0,91000000.0,16.077,-407000000.0
47,VIAB,MRQ,2007-12-31,2007-12-31,2007-12-31,2019-11-16,126000000.0,22904000000.0,,4833000000.0,18071000000.0,,10.933,-89000000.0,920000000.0,920000000.0,2433000000.0,581000000.0,0.917,2.221,8246000000.0,187000000.0,8059000000.0,8246000000.0,406000000.0,96000000.0,0.0,0.0,0.0,982000000.0,1078000000.0,0.254,1078000000.0,982000000.0,858000000.0,0.86,0.85,0.86,7111000000.0,,7111000000.0,36179152060.0,11.0,9.983,584000000.0,0.898,1.0,1815000000.0,0.427,12059000000.0,124000000.0,12898000000.0,,4835000000.0,0.0,0.0,0.0,15793000000.0,5273000000.0,10520000000.0,28822052060.0,547000000.0,-54000000.0,-551000000.0,531000000.0,0.0,-68000000.0,-80000000.0,34000000.0,673000000.0,22000000.0,560000000.0,560000000.0,560000000.0,193000000.0,21000000.0,0.132,828000000.0,987000000.0,497000000.0,0.0,4.053,15.681,16.088,1196000000.0,0.0,43.92,2.147,2.206,2617000000.0,3407000000.0,4248000000.0,4248000000.0,0.0,,,,,22000000.0,741000000.0,1.0,656239801.0,650400000,651900000.0,6.531,10845000000.0,248000000.0,298000000.0,105000000.0,16.674,-440000000.0
48,VIAB,MRQ,2007-09-30,2007-09-30,2007-09-30,2019-11-16,82200000.0,21369800000.0,,3589500000.0,17780300000.0,,10.57,-67000000.0,373400000.0,373400000.0,1671000000.0,641000000.0,0.854,2.031,7730500000.0,125300000.0,7605200000.0,7730500000.0,397100000.0,103000000.0,0.0,0.0,0.0,993000000.0,1096000000.0,0.335,1096000000.0,993000000.0,878000000.0,0.96,0.96,0.96,7051400000.0,,7051400000.0,33613260125.0,11.0,9.701,231000000.0,0.346,1.0,1600000000.0,0.489,11898600000.0,115000000.0,12624000000.0,,4735300000.0,0.0,0.0,0.0,14318400000.0,4204300000.0,10114100000.0,26757460125.0,-47000000.0,-4000000.0,-851000000.0,274000000.0,0.0,-594000000.0,251000000.0,-10000000.0,298000000.0,-2000000.0,641000000.0,641000000.0,641000000.0,-191000000.0,0.0,0.196,792000000.0,808000000.0,1702600000.0,0.0,3.795,15.214,15.163,1183500000.0,0.0,38.97,2.1,2.04,1938700000.0,2847700000.0,3271000000.0,3271000000.0,0.0,,,,,22000000.0,682000000.0,1.0,686616888.0,667100000,668200000.0,4.903,9471200000.0,251900000.0,237000000.0,198600000.0,14.198,-614800000.0
49,VIAB,MRQ,2007-06-30,2007-06-30,2007-06-30,2019-11-16,64500000.0,21024800000.0,,3675500000.0,17349300000.0,,10.47,-40000000.0,420000000.0,420000000.0,1766000000.0,434000000.0,0.86,1.926,7275800000.0,64200000.0,7211600000.0,7275800000.0,405100000.0,98000000.0,0.0,0.0,0.0,816000000.0,914000000.0,0.287,914000000.0,816000000.0,702000000.0,0.63,0.63,0.63,7186400000.0,,7186400000.0,35667649803.0,13.0,11.461,416000000.0,0.606,1.0,1420000000.0,0.446,11817200000.0,114000000.0,11791600000.0,,4459000000.0,0.0,0.0,0.0,13838400000.0,4271800000.0,9566600000.0,28688449803.0,22000000.0,191000000.0,-474000000.0,-71000000.0,0.0,-577000000.0,141000000.0,-10000000.0,456000000.0,2000000.0,434000000.0,434000000.0,434000000.0,-1000000.0,0.0,0.136,760000000.0,660000000.0,2058500000.0,0.0,3.992,19.456,19.637,1183100000.0,0.0,41.63,2.37,2.361,2029000000.0,2205900000.0,3186000000.0,3186000000.0,0.0,,,,,18000000.0,620000000.0,1.0,689129229.0,686400000,687800000.0,4.642,9207600000.0,252200000.0,268000000.0,193600000.0,13.414,-596300000.0
50,VIAB,MRQ,2007-03-31,2007-03-31,2007-03-31,2019-11-16,56100000.0,20964400000.0,,3480000000.0,17484400000.0,,10.471,-41000000.0,398300000.0,398300000.0,1561000000.0,203000000.0,0.883,1.892,7377500000.0,67600000.0,7309900000.0,7377500000.0,458200000.0,96000000.0,0.0,0.0,0.0,440000000.0,536000000.0,0.197,536000000.0,440000000.0,329000000.0,0.29,0.29,0.29,7249200000.0,,7249200000.0,35396721012.0,14.0,11.899,308000000.0,0.445,1.0,1157000000.0,0.426,11974700000.0,111000000.0,12029400000.0,,4434600000.0,0.0,0.0,0.0,13715200000.0,3939500000.0,9775700000.0,28454621012.0,-308000000.0,-9000000.0,-145000000.0,-277000000.0,0.0,-592000000.0,-64000000.0,-14000000.0,349000000.0,-1000000.0,203000000.0,203000000.0,203000000.0,-1000000.0,0.0,0.075,719000000.0,438000000.0,1870200000.0,0.0,3.925,19.255,19.576,1198000000.0,0.0,41.11,2.424,2.425,1767900000.0,1771900000.0,2718000000.0,2718000000.0,0.0,,,,,24000000.0,620000000.0,1.0,692158137.0,692300000,694100000.0,3.926,8989700000.0,261700000.0,126000000.0,182800000.0,12.985,-459500000.0
51,VIAB,MRQ,2006-12-31,2006-12-31,2006-12-31,2019-11-16,46100000.0,21796700000.0,,4211100000.0,17585600000.0,,10.287,-81400000.0,705800000.0,705800000.0,1989000000.0,480700000.0,0.912,2.042,7647900000.0,63900000.0,7584000000.0,7647900000.0,364500000.0,102500000.0,0.0,0.0,0.0,816400000.0,918900000.0,0.258,918900000.0,816400000.0,691600000.0,0.69,0.68,0.69,7166200000.0,,7166200000.0,36426943186.0,13.0,11.605,1345600000.0,1.932,1.0,1577200000.0,0.442,11954200000.0,124800000.0,12167800000.0,,4406700000.0,0.0,0.0,0.0,14630500000.0,4616800000.0,10013700000.0,28690943186.0,256900000.0,-166900000.0,-313600000.0,140900000.0,0.0,-929000000.0,-252300000.0,-3700000.0,1427000000.0,11200000.0,480700000.0,480700000.0,480700000.0,-1400000.0,0.0,0.135,759100000.0,818100000.0,2058400000.0,0.0,4.004,18.022,18.399,1204900000.0,0.0,41.03,2.525,2.583,2236100000.0,1592100000.0,3566200000.0,3566200000.0,0.0,,,,,28100000.0,647000000.0,1.0,699267443.0,696600000,697600000.0,5.119,9842500000.0,257600000.0,210900000.0,68900000.0,14.129,-405700000.0
52,VIAB,MRQ,2006-09-30,2006-09-30,2006-09-30,2019-11-16,60400000.0,20947400000.0,,3840000000.0,17107400000.0,,9.953,-59200000.0,449200000.0,449200000.0,1278600000.0,356800000.0,1.132,1.979,8185200000.0,61500000.0,8123700000.0,8185200000.0,373900000.0,98300000.0,0.0,0.0,0.0,644900000.0,743200000.0,0.282,743200000.0,644900000.0,526400000.0,0.51,0.5,0.51,7032000000.0,,7032000000.0,33726657824.0,14.0,12.528,209100000.0,0.296,1.0,1354600000.0,0.514,11724300000.0,118500000.0,13565600000.0,,4367500000.0,0.0,0.0,0.0,13915400000.0,3393500000.0,10521900000.0,26377757824.0,137100000.0,-309100000.0,-422500000.0,507700000.0,0.0,231700000.0,-365900000.0,2800000.0,268300000.0,3000000.0,356800000.0,356800000.0,356800000.0,-1600000.0,0.0,0.136,706800000.0,647800000.0,1553800000.0,0.0,3.751,21.26,21.616,1172300000.0,0.0,37.18,2.523,2.513,2061200000.0,1111300000.0,2633200000.0,2633200000.0,0.0,,,,,30500000.0,601900000.0,1.0,709460942.0,706500000,707300000.0,3.727,9223100000.0,151200000.0,169600000.0,124500000.0,13.055,446500000.0
53,VIAB,MRQ,2006-06-30,2006-06-30,2006-06-30,2019-11-16,47900000.0,20048100000.0,,3469400000.0,16578700000.0,,9.57,-42100000.0,312100000.0,312100000.0,1556100000.0,437300000.0,1.033,1.908,7661000000.0,59400000.0,7601600000.0,7661000000.0,390300000.0,82700000.0,0.0,0.0,0.0,694000000.0,776700000.0,0.275,776700000.0,694000000.0,581800000.0,0.61,0.61,0.61,6893900000.0,,6893900000.0,33162156433.0,14.0,12.191,137800000.0,0.191,1.0,1263200000.0,0.448,11397400000.0,112200000.0,12640200000.0,,4009400000.0,0.0,0.0,0.0,13154200000.0,3359400000.0,9794800000.0,25842056433.0,-152100000.0,573900000.0,-627500000.0,-157500000.0,0.0,-867200000.0,528400000.0,-3100000.0,179900000.0,6800000.0,437300000.0,437300000.0,437300000.0,-21900000.0,0.0,0.155,592100000.0,671100000.0,1528900000.0,0.0,3.749,19.769,20.249,1149600000.0,0.0,35.84,2.509,2.507,1896100000.0,754500000.0,2819300000.0,2819300000.0,0.0,,,,,12000000.0,518800000.0,1.0,721039521.0,720400000,721300000.0,3.914,8650700000.0,123600000.0,144500000.0,0.0,12.008,110000000.0
54,VIAB,MRQ,2006-03-31,2006-03-31,2006-03-31,2019-11-16,23900000.0,20964300000.0,,3766300000.0,17198000000.0,,9.528,-26300000.0,464200000.0,464200000.0,1163200000.0,317200000.0,0.952,1.982,7784300000.0,56200000.0,7728100000.0,7784300000.0,488200000.0,81500000.0,0.0,0.0,0.0,619000000.0,700500000.0,0.296,700500000.0,619000000.0,532200000.0,0.43,0.43,0.43,7030100000.0,,7030100000.0,33750559173.0,15.0,13.056,368500000.0,0.499,1.0,1204300000.0,0.509,11200400000.0,86800000.0,13128800000.0,,4756600000.0,0.0,0.0,0.0,13934200000.0,3955200000.0,9979000000.0,28353759173.0,103100000.0,-812900000.0,-919400000.0,1360900000.0,0.0,551500000.0,-843200000.0,-4000000.0,394800000.0,0.0,317200000.0,317200000.0,317200000.0,0.0,0.0,0.134,587900000.0,616400000.0,1733300000.0,0.0,4.033,23.169,23.804,1150600000.0,0.0,38.8,2.899,2.927,2172500000.0,317200000.0,2367500000.0,2367500000.0,0.0,,,,,9400000.0,499300000.0,1.0,730766989.0,737800000,739000000.0,3.209,9763900000.0,157400000.0,215000000.0,12500000.0,13.234,-188900000.0
55,VIAB,MRQ,2005-12-31,2005-12-31,2005-12-31,2019-11-16,-50200000.0,19115600000.0,,3512800000.0,15602800000.0,,10.362,-65800000.0,361100000.0,361100000.0,1327200000.0,129400000.0,1.075,1.455,5757900000.0,55800000.0,5702100000.0,5757900000.0,284500000.0,70600000.0,0.0,0.0,0.0,401100000.0,471700000.0,0.179,471700000.0,401100000.0,393100000.0,0.17,0.17,0.17,7787900000.0,,7787900000.0,,,,309200000.0,0.411,1.0,1306400000.0,0.496,10732200000.0,8000000.0,10511600000.0,,3479800000.0,0.0,0.0,0.0,11327700000.0,3268600000.0,8059100000.0,30071061597.0,261900000.0,-143900000.0,-8400000.0,5377100000.0,0.0,124500000.0,-229100000.0,-14500000.0,375000000.0,-8500000.0,129400000.0,129400000.0,129400000.0,-4200000.0,0.0,0.049,910900000.0,395500000.0,1538700000.0,0.0,3.861,23.925,24.641,1179900000.0,0.0,41.15,3.159,3.249,1981700000.0,0.0,2633600000.0,2633600000.0,0.0,,,,,4400000.0,830900000.0,1.0,730766989.0,751600000,751600000.0,3.504,8383400000.0,132000000.0,263700000.0,41200000.0,11.154,244200000.0
56,VIAB,MRQ,2005-09-30,2005-09-30,2005-09-30,2019-11-16,,,,,,,,-58800000.0,,,1175300000.0,423300000.0,,,,,,,,63400000.0,,,0.0,708000000.0,771400000.0,0.311,771400000.0,708000000.0,707400000.0,0.56,0.56,0.56,,,,,,,518500000.0,0.69,1.0,1302200000.0,0.526,,600000.0,,,,,,,,,,,-17400000.0,352600000.0,0.0,-7300000.0,0.0,-903200000.0,303400000.0,0.0,577300000.0,5100000.0,423300000.0,423300000.0,423300000.0,26500000.0,0.0,0.171,569300000.0,732900000.0,,0.0,,,,,0.0,,,,,,2477500000.0,2477500000.0,0.0,,,,,4200000.0,495400000.0,1.0,,751600000,751600000.0,3.296,,,284100000.0,,,
57,VIAB,MRQ,2005-06-30,2005-06-30,2005-06-30,2019-11-16,,,,,,,,-45100000.0,,,1177900000.0,353900000.0,,,,,,,,60500000.0,,,0.0,580900000.0,641400000.0,0.279,641400000.0,580900000.0,577100000.0,0.47,0.47,0.47,,,,,,,314200000.0,0.418,1.0,1123600000.0,0.488,,3800000.0,,,,,,,,,,,-7600000.0,-154300000.0,0.0,-12100000.0,0.0,-156200000.0,-205600000.0,0.0,359300000.0,-5100000.0,353900000.0,353900000.0,353900000.0,8400000.0,0.0,0.154,537600000.0,586000000.0,,0.0,,,,,0.0,,,,,,2301500000.0,2301500000.0,0.0,,,,,4100000.0,474100000.0,1.0,,751600000,751600000.0,3.062,,,223200000.0,,,
58,VIAB,MRQ,2005-03-31,2005-03-31,2005-03-31,2019-11-16,,,,,,,,-23300000.0,,,989100000.0,350300000.0,,,,,,,,61600000.0,,,0.0,603100000.0,664700000.0,0.315,664700000.0,603100000.0,597400000.0,0.47,0.47,0.47,,,,,,,301000000.0,0.4,1.0,1117800000.0,0.531,,5700000.0,,,,,,,,,,,-25800000.0,-6300000.0,0.0,-17300000.0,0.0,-316300000.0,-33800000.0,0.0,324300000.0,0.0,350300000.0,350300000.0,350300000.0,12000000.0,0.0,0.166,496400000.0,621400000.0,,0.0,,,,,0.0,,,,,,2106900000.0,2106900000.0,0.0,,,,,2400000.0,434800000.0,1.0,,751600000,751600000.0,2.803,,,247100000.0,,,
59,VIAB,MRQ,2004-12-31,2004-12-31,2004-12-31,2019-11-16,0.0,18440800000.0,,2626300000.0,15814500000.0,,17.915,,148900000.0,148900000.0,,,0.943,0.37,345100000.0,53400000.0,291700000.0,345100000.0,272600000.0,,0.0,,0.0,,,,,,,,,,13465200000.0,,13465200000.0,,,,,,1.0,,,10517100000.0,,5334300000.0,,3137000000.0,0.0,0.0,0.0,4975600000.0,2785600000.0,2190000000.0,,,,,,,,,,,,,,,,,,,,1227700000.0,,,,,1104900000.0,,,,,1828800000.0,,,,,,,,,,,1.0,,751600000,,,7923700000.0,448600000.0,,0.0,10.542,-159300000.0
0,VIAB,MRT,2019-09-30,2019-09-30,2019-09-30,2019-11-16,-1073000000.0,23671000000.0,23289000000.0,5294000000.0,18377000000.0,0.551,20.957,-194000000.0,760000000.0,760000000.0,6838000000.0,1588000000.0,1.384,1.792,8738000000.0,98000000.0,8640000000.0,8738000000.0,438000000.0,215000000.0,0.0,0.033,0.8,2482000000.0,2697000000.0,0.21,2697000000.0,2482000000.0,1993000000.0,3.84,3.83,3.84,8454000000.0,8135000000.0,8454000000.0,17929590549.0,7.0,6.648,1382000000.0,3.426,1.0,6000000000.0,0.467,12211000000.0,489000000.0,15614000000.0,15543250000.0,4798000000.0,0.0,0.0,0.0,15151000000.0,3824000000.0,11327000000.0,9693590549.0,-797000000.0,-424000000.0,0.0,-1320000000.0,-322000000.0,-1744000000.0,-608000000.0,0.0,1576000000.0,-21000000.0,1548000000.0,1548000000.0,1548000000.0,0.0,40000000.0,0.121,3514000000.0,2486000000.0,482000000.0,0.208,1.147,6.262,6.258,922000000.0,0.0,24.03,0.755,0.755,3299000000.0,19887000000.0,12838000000.0,12838000000.0,0.0,0.066,0.19,0.16,0.193,64000000.0,3146000000.0,1.0,403395362.0,403400000,403800000.0,31.824,11460000000.0,0.0,445000000.0,265000000.0,28.409,1470000000.0
1,VIAB,MRT,2019-06-30,2019-06-30,2019-06-30,2019-11-16,-832000000.0,23648000000.0,23317000000.0,5442000000.0,18206000000.0,0.553,20.917,-195000000.0,722000000.0,722000000.0,6878000000.0,1672000000.0,1.359,1.797,8958000000.0,320000000.0,8638000000.0,8958000000.0,474000000.0,213000000.0,0.0,0.027,0.8,2594000000.0,2807000000.0,0.218,2807000000.0,2594000000.0,2098000000.0,4.06,4.06,4.06,8440000000.0,7873250000.0,8440000000.0,20512851206.0,8.0,7.308,1733000000.0,4.295,1.0,6012000000.0,0.466,12214000000.0,496000000.0,15667000000.0,15722750000.0,4782000000.0,0.0,0.0,0.0,15165000000.0,4003000000.0,11162000000.0,12039851206.0,-207000000.0,-418000000.0,0.0,-1100000000.0,-323000000.0,-1530000000.0,-602000000.0,0.0,1928000000.0,-3000000.0,1635000000.0,1635000000.0,1635000000.0,0.0,37000000.0,0.127,3430000000.0,2582000000.0,441000000.0,0.197,1.427,7.364,7.357,891000000.0,0.0,29.87,0.934,0.935,3386000000.0,19656000000.0,12890000000.0,12890000000.0,0.0,0.07,0.208,0.165,0.201,53000000.0,3061000000.0,1.0,403075032.0,403500000,404000000.0,31.945,11434000000.0,0.0,463000000.0,318000000.0,28.337,1439000000.0
2,VIAB,MRT,2019-03-31,2019-03-31,2019-03-31,2019-11-16,-828000000.0,23093000000.0,23195250000.0,5000000000.0,18093000000.0,0.551,19.777,-191000000.0,486000000.0,486000000.0,6842000000.0,1647000000.0,1.291,1.889,8959000000.0,322000000.0,8637000000.0,8959000000.0,464000000.0,209000000.0,0.0,0.029,0.8,2562000000.0,2771000000.0,0.217,2771000000.0,2562000000.0,2047000000.0,4.01,4.0,4.01,7976000000.0,7514750000.0,7976000000.0,19741186577.0,8.0,7.124,2051000000.0,5.086,1.0,5928000000.0,0.464,12229000000.0,515000000.0,15465000000.0,16081500000.0,4774000000.0,0.0,0.0,0.0,15068000000.0,3872000000.0,11196000000.0,11314186577.0,69000000.0,-432000000.0,0.0,-1100000000.0,-322000000.0,-1524000000.0,-597000000.0,0.0,2242000000.0,-52000000.0,1613000000.0,1613000000.0,1613000000.0,0.0,34000000.0,0.126,3359000000.0,2569000000.0,394000000.0,0.2,1.419,7.014,7.0,895000000.0,0.0,28.07,0.886,0.887,3088000000.0,19197000000.0,12770000000.0,12770000000.0,0.0,0.07,0.215,0.159,0.201,48000000.0,2971000000.0,1.0,403070416.0,403300000,403700000.0,31.664,10864000000.0,0.0,434000000.0,319000000.0,26.938,1128000000.0
3,VIAB,MRT,2018-12-31,2018-12-31,2018-12-31,2019-11-16,-839000000.0,22744000000.0,23170500000.0,5036000000.0,17708000000.0,0.559,19.028,-187000000.0,534000000.0,534000000.0,6999000000.0,1540000000.0,1.314,1.958,8961000000.0,326000000.0,8635000000.0,8961000000.0,424000000.0,210000000.0,0.0,0.031,0.8,2380000000.0,2590000000.0,0.2,2590000000.0,2380000000.0,1840000000.0,3.74,3.73,3.74,7670000000.0,7215750000.0,7670000000.0,18878730499.0,8.0,7.289,1851000000.0,4.592,1.0,5961000000.0,0.46,11911000000.0,540000000.0,15427000000.0,16536250000.0,4759000000.0,0.0,0.0,0.0,15020000000.0,3833000000.0,11187000000.0,10353730499.0,140000000.0,-124000000.0,2000000.0,-1200000000.0,-323000000.0,-1610000000.0,-263000000.0,0.0,2038000000.0,-25000000.0,1503000000.0,1503000000.0,1503000000.0,0.0,37000000.0,0.116,3532000000.0,2429000000.0,305000000.0,0.214,1.35,6.889,6.872,893000000.0,0.0,25.7,0.799,0.799,3205000000.0,18916000000.0,12960000000.0,12960000000.0,0.0,0.065,0.208,0.144,0.184,52000000.0,2999000000.0,1.0,402868891.0,403100000,403500000.0,32.151,10833000000.0,0.0,337000000.0,274000000.0,26.874,1203000000.0
4,VIAB,MRT,2018-09-30,2018-09-30,2018-09-30,2019-11-16,-737000000.0,23783000000.0,23192250000.0,6076000000.0,17707000000.0,0.558,18.393,-178000000.0,1557000000.0,1557000000.0,6879000000.0,1759000000.0,1.499,2.203,10082000000.0,567000000.0,9515000000.0,10082000000.0,398000000.0,213000000.0,0.0,0.024,0.8,2548000000.0,2761000000.0,0.213,2761000000.0,2548000000.0,1988000000.0,4.27,4.27,4.27,7407000000.0,6935750000.0,7407000000.0,22759687897.0,9.0,8.243,1644000000.0,4.082,1.0,6064000000.0,0.469,11922000000.0,560000000.0,16332000000.0,16960250000.0,4744000000.0,0.0,0.0,0.0,16318000000.0,4054000000.0,12264000000.0,13600687897.0,168000000.0,-112000000.0,2000000.0,-1000000000.0,-322000000.0,-1410000000.0,-224000000.0,0.0,1822000000.0,-20000000.0,1719000000.0,1719000000.0,1719000000.0,0.0,40000000.0,0.133,3516000000.0,2548000000.0,433000000.0,0.187,1.836,7.912,7.906,919000000.0,0.0,33.76,1.051,1.05,3141000000.0,18561000000.0,12943000000.0,12943000000.0,0.0,0.074,0.248,0.15,0.197,57000000.0,3054000000.0,1.0,402863978.0,402700000,403000000.0,32.141,11861000000.0,0.0,269000000.0,296000000.0,29.454,2022000000.0
5,VIAB,MRT,2018-06-30,2018-06-30,2018-06-30,2019-11-16,-811000000.0,23161000000.0,23171000000.0,5573000000.0,17588000000.0,0.551,17.393,-158000000.0,929000000.0,929000000.0,6810000000.0,2047000000.0,1.69,2.297,10088000000.0,23000000.0,10065000000.0,10088000000.0,317000000.0,215000000.0,0.0,0.027,0.8,2610000000.0,2825000000.0,0.221,2825000000.0,2610000000.0,2033000000.0,4.97,4.96,4.97,7006000000.0,6592750000.0,7006000000.0,21803533021.0,8.0,7.718,1890000000.0,4.692,1.0,5967000000.0,0.467,11921000000.0,577000000.0,17102000000.0,17301500000.0,4767000000.0,0.0,0.0,0.0,16090000000.0,3297000000.0,12793000000.0,12136533021.0,504000000.0,-703000000.0,2000000.0,-1052000000.0,-321000000.0,-1491000000.0,-55000000.0,0.0,2048000000.0,2000000.0,1999000000.0,1999000000.0,1999000000.0,0.0,48000000.0,0.156,3365000000.0,2602000000.0,305000000.0,0.161,1.732,6.071,6.068,875000000.0,0.0,30.16,0.95,0.951,3149000000.0,18247000000.0,12777000000.0,12777000000.0,0.0,0.086,0.303,0.151,0.204,61000000.0,3045000000.0,1.0,402404941.0,402800000,403300000.0,31.72,11240000000.0,0.0,34000000.0,350000000.0,27.905,2276000000.0
6,VIAB,MRT,2018-03-31,2018-03-31,2018-03-31,2019-11-16,-549000000.0,22994000000.0,23162250000.0,5077000000.0,17917000000.0,0.557,16.841,-164000000.0,417000000.0,417000000.0,6917000000.0,2213000000.0,1.526,2.381,10084000000.0,15000000.0,10069000000.0,10084000000.0,346000000.0,217000000.0,0.0,0.026,0.8,2928000000.0,3145000000.0,0.244,3145000000.0,2928000000.0,2334000000.0,5.37,5.37,5.37,6780000000.0,6193500000.0,6780000000.0,22291745781.0,8.0,7.088,1435000000.0,3.564,1.0,5987000000.0,0.464,12049000000.0,594000000.0,17284000000.0,17552250000.0,4977000000.0,0.0,0.0,0.0,16140000000.0,3328000000.0,12812000000.0,12496745781.0,-254000000.0,-106000000.0,59000000.0,-2052000000.0,-321000000.0,-2447000000.0,523000000.0,0.0,1599000000.0,71000000.0,2160000000.0,2160000000.0,2160000000.0,0.0,53000000.0,0.167,3384000000.0,2603000000.0,300000000.0,0.149,1.843,5.786,5.784,908000000.0,0.0,31.06,0.968,0.969,3034000000.0,17762000000.0,12904000000.0,12904000000.0,0.0,0.093,0.349,0.167,0.227,53000000.0,3063000000.0,1.0,402342105.0,402600000,402900000.0,32.052,10945000000.0,0.0,174000000.0,315000000.0,27.186,1749000000.0
7,VIAB,MRT,2017-12-31,2017-12-31,2017-12-31,2019-11-16,-576000000.0,22831000000.0,23249250000.0,5005000000.0,17826000000.0,0.56,16.273,-171000000.0,394000000.0,394000000.0,7180000000.0,2067000000.0,1.415,2.473,10189000000.0,120000000.0,10069000000.0,10189000000.0,421000000.0,220000000.0,0.0,0.026,0.8,2801000000.0,3021000000.0,0.232,3021000000.0,2801000000.0,2192000000.0,5.01,5.01,5.01,6550000000.0,5682000000.0,6550000000.0,22123571630.0,8.0,7.323,1387000000.0,3.446,1.0,5832000000.0,0.448,11965000000.0,609000000.0,17123000000.0,18072750000.0,4937000000.0,0.0,0.0,0.0,16200000000.0,3538000000.0,12662000000.0,12393571630.0,-49000000.0,-37000000.0,172000000.0,-2068000000.0,-320000000.0,-2338000000.0,673000000.0,0.0,1558000000.0,58000000.0,2015000000.0,2015000000.0,2015000000.0,0.0,52000000.0,0.155,3363000000.0,2469000000.0,351000000.0,0.16,1.892,6.151,6.15,936000000.0,0.0,30.81,0.952,0.953,3125000000.0,17582000000.0,13012000000.0,13012000000.0,0.0,0.087,0.355,0.155,0.215,59000000.0,3040000000.0,1.0,402258086.0,402500000,402600000.0,32.328,10866000000.0,0.0,177000000.0,235000000.0,26.996,1467000000.0
8,VIAB,MRT,2017-09-30,2017-09-30,2017-09-30,2019-11-16,-618000000.0,23698000000.0,23369500000.0,5801000000.0,17897000000.0,0.568,15.091,-195000000.0,1389000000.0,1389000000.0,7436000000.0,1922000000.0,1.546,2.913,11119000000.0,19000000.0,11100000000.0,11119000000.0,463000000.0,223000000.0,0.0,0.029,0.8,2785000000.0,3008000000.0,0.227,3008000000.0,2785000000.0,2167000000.0,4.69,4.68,4.69,6035000000.0,5159000000.0,6035000000.0,21943845671.0,8.0,7.295,1510000000.0,3.776,1.0,5827000000.0,0.439,11978000000.0,618000000.0,17697000000.0,18550500000.0,4901000000.0,0.0,0.0,0.0,17579000000.0,3753000000.0,13826000000.0,11195845671.0,1010000000.0,-378000000.0,172000000.0,-783000000.0,-319000000.0,-1044000000.0,329000000.0,0.0,1705000000.0,20000000.0,1874000000.0,1874000000.0,1874000000.0,0.0,48000000.0,0.141,3363000000.0,2464000000.0,431000000.0,0.171,1.855,5.974,5.936,978000000.0,0.0,27.84,0.844,0.839,2970000000.0,17124000000.0,13263000000.0,13263000000.0,0.0,0.08,0.363,0.15,0.21,68000000.0,3002000000.0,1.0,402149629.0,399900000,400600000.0,33.166,11720000000.0,0.0,293000000.0,294000000.0,29.307,2048000000.0
9,VIAB,MRT,2017-06-30,2017-06-30,2017-06-30,2019-11-16,-697000000.0,23126000000.0,23072000000.0,5134000000.0,17992000000.0,0.571,13.455,-231000000.0,425000000.0,425000000.0,7413000000.0,1490000000.0,1.352,3.266,11173000000.0,70000000.0,11103000000.0,11173000000.0,406000000.0,222000000.0,0.0,0.024,0.8,2407000000.0,2629000000.0,0.2,2629000000.0,2407000000.0,1788000000.0,3.64,3.63,3.64,5409000000.0,4719500000.0,5409000000.0,25004135620.0,10.0,9.511,1394000000.0,3.468,1.0,5757000000.0,0.437,11973000000.0,619000000.0,18105000000.0,18790000000.0,5004000000.0,0.0,0.0,0.0,17664000000.0,3796000000.0,13868000000.0,13486135620.0,233000000.0,236000000.0,173000000.0,-1184000000.0,-398000000.0,-1490000000.0,96000000.0,0.0,1625000000.0,2000000.0,1454000000.0,1454000000.0,1454000000.0,0.0,36000000.0,0.11,3678000000.0,2079000000.0,325000000.0,0.22,2.493,9.275,9.223,955000000.0,0.0,33.57,1.024,1.025,3302000000.0,16589000000.0,13170000000.0,13170000000.0,0.0,0.063,0.308,0.128,0.183,144000000.0,2976000000.0,1.0,401731773.0,402000000,402600000.0,32.761,11153000000.0,0.0,334000000.0,337000000.0,27.744,1338000000.0
10,VIAB,MRT,2017-03-31,2017-03-31,2017-03-31,2019-11-16,-761000000.0,23342000000.0,22941750000.0,5128000000.0,18214000000.0,0.563,11.888,-213000000.0,671000000.0,671000000.0,7200000000.0,1239000000.0,1.44,3.92,12189000000.0,18000000.0,12171000000.0,12189000000.0,382000000.0,224000000.0,0.0,0.021,1.0,2119000000.0,2343000000.0,0.181,2343000000.0,2119000000.0,1499000000.0,3.03,3.02,3.03,4734000000.0,4390250000.0,4734000000.0,30360300005.0,14.0,12.958,1279000000.0,3.212,1.0,5713000000.0,0.442,11934000000.0,620000000.0,19366000000.0,18865250000.0,4976000000.0,0.0,0.0,0.0,18559000000.0,3560000000.0,14999000000.0,18503300005.0,191000000.0,-357000000.0,123000000.0,-349000000.0,-476000000.0,-774000000.0,-482000000.0,0.0,1492000000.0,-45000000.0,1203000000.0,1203000000.0,1203000000.0,0.0,36000000.0,0.093,3606000000.0,2107000000.0,347000000.0,0.33,3.909,15.381,15.386,964000000.0,0.0,46.62,1.433,1.438,3031000000.0,15987000000.0,12913000000.0,12913000000.0,0.0,0.052,0.274,0.112,0.164,161000000.0,2928000000.0,1.0,396896182.0,398200000,399500000.0,32.428,11408000000.0,0.0,296000000.0,292000000.0,28.649,1568000000.0
11,VIAB,MRT,2016-12-31,2016-12-31,2016-12-31,2019-11-16,-827000000.0,23312000000.0,22747500000.0,4989000000.0,18323000000.0,0.556,11.229,-198000000.0,443000000.0,443000000.0,6910000000.0,1420000000.0,1.186,4.218,12300000000.0,517000000.0,11783000000.0,12300000000.0,361000000.0,222000000.0,0.0,0.034,1.2,2423000000.0,2645000000.0,0.209,2645000000.0,2423000000.0,1806000000.0,3.49,3.48,3.49,4458000000.0,4179000000.0,4458000000.0,25462120751.0,11.0,9.627,1458000000.0,3.673,1.0,5748000000.0,0.454,11930000000.0,617000000.0,19034000000.0,18617500000.0,5067000000.0,0.0,0.0,0.0,18803000000.0,4205000000.0,14598000000.0,13928120751.0,116000000.0,-371000000.0,10000000.0,-273000000.0,-555000000.0,-891000000.0,-592000000.0,0.0,1656000000.0,-57000000.0,1385000000.0,1385000000.0,1385000000.0,0.0,35000000.0,0.109,3355000000.0,2393000000.0,375000000.0,0.344,3.124,10.056,10.057,976000000.0,0.0,35.1,1.1,1.101,3125000000.0,15945000000.0,12658000000.0,12658000000.0,0.0,0.061,0.331,0.13,0.191,160000000.0,2885000000.0,1.0,396812557.0,397000000,397900000.0,31.884,11382000000.0,0.0,421000000.0,377000000.0,28.67,784000000.0
12,VIAB,MRT,2016-09-30,2016-09-30,2016-09-30,2019-11-16,-692000000.0,22508000000.0,22510000000.0,4522000000.0,17986000000.0,0.555,10.787,-172000000.0,379000000.0,379000000.0,6684000000.0,1473000000.0,1.231,4.25,11913000000.0,17000000.0,11896000000.0,11913000000.0,419000000.0,221000000.0,0.0,0.037,1.4,2573000000.0,2794000000.0,0.224,2794000000.0,2573000000.0,1957000000.0,3.63,3.61,3.63,4277000000.0,3989000000.0,4277000000.0,27285594248.0,11.0,9.766,1199000000.0,3.024,1.0,5804000000.0,0.465,11715000000.0,616000000.0,18655000000.0,18452000000.0,4876000000.0,0.0,0.0,0.0,18178000000.0,3672000000.0,14506000000.0,15112594248.0,-127000000.0,-58000000.0,-89000000.0,-368000000.0,-635000000.0,-1173000000.0,-299000000.0,0.0,1371000000.0,-26000000.0,1438000000.0,1438000000.0,1438000000.0,0.0,35000000.0,0.115,3285000000.0,2519000000.0,453000000.0,0.386,3.533,10.509,10.496,932000000.0,0.0,38.1,1.21,1.21,2712000000.0,15628000000.0,12488000000.0,12488000000.0,0.0,0.064,0.36,0.139,0.206,163000000.0,2851000000.0,1.0,396656017.0,396500000,398000000.0,31.496,10793000000.0,0.0,519000000.0,381000000.0,27.221,850000000.0
13,VIAB,MRT,2016-06-30,2016-06-30,2016-06-30,2019-11-16,-630000000.0,22605000000.0,22418750000.0,4609000000.0,17996000000.0,0.582,10.32,-132000000.0,192000000.0,192000000.0,6759000000.0,2102000000.0,0.994,4.51,12365000000.0,1369000000.0,10996000000.0,12365000000.0,428000000.0,220000000.0,0.0,0.039,1.6,3274000000.0,3494000000.0,0.268,3494000000.0,3274000000.0,2643000000.0,5.19,5.17,5.19,4092000000.0,3804250000.0,4092000000.0,28472905615.0,9.0,8.149,1501000000.0,3.786,1.0,6291000000.0,0.482,11737000000.0,631000000.0,18406000000.0,18356500000.0,4935000000.0,0.0,0.0,0.0,18453000000.0,4635000000.0,13818000000.0,16423905615.0,-229000000.0,-179000000.0,-86000000.0,-715000000.0,-635000000.0,-1515000000.0,-311000000.0,0.0,1633000000.0,-36000000.0,2068000000.0,2068000000.0,2068000000.0,0.0,34000000.0,0.158,3067000000.0,3224000000.0,277000000.0,0.308,4.014,7.942,7.99,852000000.0,0.0,41.47,1.259,1.26,2973000000.0,15467000000.0,13050000000.0,13050000000.0,0.0,0.092,0.544,0.178,0.251,100000000.0,2822000000.0,1.0,396043058.0,396500000,398000000.0,32.913,10868000000.0,0.0,575000000.0,632000000.0,27.41,-26000000.0
14,VIAB,MRT,2016-03-31,2016-03-31,2016-03-31,2019-11-16,-551000000.0,22565000000.0,22291250000.0,4734000000.0,17831000000.0,0.583,9.818,-132000000.0,480000000.0,480000000.0,6436000000.0,2307000000.0,1.059,4.787,12529000000.0,1033000000.0,11496000000.0,12529000000.0,413000000.0,221000000.0,0.0,0.039,1.6,3549000000.0,3770000000.0,0.29,3770000000.0,3549000000.0,2908000000.0,5.59,5.55,5.59,3889000000.0,3499250000.0,3889000000.0,28582370944.0,8.0,7.582,1785000000.0,4.506,1.0,6565000000.0,0.505,11769000000.0,641000000.0,18375000000.0,18529750000.0,4682000000.0,0.0,0.0,0.0,18618000000.0,4470000000.0,14148000000.0,16342370944.0,174000000.0,-164000000.0,-119000000.0,-625000000.0,-609000000.0,-1457000000.0,-296000000.0,0.0,1917000000.0,10000000.0,2227000000.0,2227000000.0,2227000000.0,0.0,80000000.0,0.171,3029000000.0,3536000000.0,343000000.0,0.286,4.202,7.338,7.385,879000000.0,0.0,41.28,1.257,1.258,2784000000.0,15192000000.0,13001000000.0,13001000000.0,0.0,0.1,0.636,0.192,0.273,102000000.0,2780000000.0,1.0,395890769.0,396100000,397400000.0,32.823,10796000000.0,0.0,681000000.0,531000000.0,27.256,264000000.0
15,VIAB,MRT,2015-12-31,2015-12-31,2015-12-31,2019-11-16,-577000000.0,22362000000.0,22089250000.0,4699000000.0,17663000000.0,0.592,9.324,-134000000.0,327000000.0,327000000.0,6838000000.0,1950000000.0,1.052,5.031,12567000000.0,1073000000.0,11494000000.0,12567000000.0,459000000.0,222000000.0,0.0,0.037,1.53,3003000000.0,3225000000.0,0.247,3225000000.0,3003000000.0,2351000000.0,4.7,4.66,4.7,3698000000.0,3102750000.0,3698000000.0,28104836623.0,9.0,8.715,1997000000.0,5.035,1.0,6240000000.0,0.477,11762000000.0,652000000.0,18372000000.0,18769500000.0,4574000000.0,0.0,0.0,0.0,18606000000.0,4468000000.0,14138000000.0,16325836623.0,-858000000.0,-144000000.0,-851000000.0,-1110000000.0,-586000000.0,-2660000000.0,-278000000.0,0.0,2131000000.0,-51000000.0,1871000000.0,1871000000.0,1871000000.0,0.0,79000000.0,0.143,3258000000.0,2982000000.0,289000000.0,0.326,4.415,8.726,8.757,903000000.0,0.0,41.16,1.248,1.248,3012000000.0,15049000000.0,13078000000.0,13078000000.0,0.0,0.085,0.603,0.16,0.23,101000000.0,2796000000.0,1.0,396643261.0,396600000,398400000.0,32.975,10600000000.0,0.0,480000000.0,448000000.0,26.727,231000000.0
16,VIAB,MRT,2015-09-30,2015-09-30,2015-09-30,2019-11-16,-534000000.0,22143000000.0,22352750000.0,4578000000.0,17565000000.0,0.594,8.797,-142000000.0,506000000.0,506000000.0,6868000000.0,2002000000.0,1.188,5.241,12285000000.0,18000000.0,12267000000.0,12285000000.0,481000000.0,222000000.0,0.0,0.034,1.46,3080000000.0,3302000000.0,0.249,3302000000.0,3080000000.0,2423000000.0,4.78,4.73,4.78,3538000000.0,3016250000.0,3538000000.0,29818417494.0,10.0,9.03,2171000000.0,5.398,1.0,6400000000.0,0.482,11796000000.0,657000000.0,18273000000.0,19198500000.0,4402000000.0,0.0,0.0,0.0,18544000000.0,3853000000.0,14691000000.0,17156417494.0,-494000000.0,-115000000.0,-1402000000.0,-410000000.0,-564000000.0,-2477000000.0,-257000000.0,0.0,2313000000.0,-73000000.0,1922000000.0,1922000000.0,1922000000.0,0.0,80000000.0,0.145,3342000000.0,3058000000.0,506000000.0,0.305,4.849,8.926,9.023,947000000.0,0.0,43.13,1.293,1.307,2807000000.0,14780000000.0,13268000000.0,13268000000.0,0.0,0.086,0.637,0.16,0.232,101000000.0,2860000000.0,1.0,397783851.0,402200000,406000000.0,32.989,10347000000.0,0.0,501000000.0,150000000.0,25.726,725000000.0
17,VIAB,MRT,2015-06-30,2015-06-30,2015-06-30,2019-11-16,-455000000.0,22095000000.0,22578750000.0,4415000000.0,17680000000.0,0.597,7.225,-132000000.0,421000000.0,421000000.0,6896000000.0,1852000000.0,1.153,6.67,13083000000.0,267000000.0,12816000000.0,13083000000.0,266000000.0,222000000.0,0.0,0.022,1.39,3212000000.0,3434000000.0,0.255,3434000000.0,3212000000.0,2564000000.0,4.31,4.24,4.31,2872000000.0,3061500000.0,2872000000.0,38583885149.0,12.0,11.236,2182000000.0,5.489,1.0,6575000000.0,0.488,11828000000.0,648000000.0,19099000000.0,19349500000.0,4731000000.0,0.0,0.0,0.0,19155000000.0,3830000000.0,15325000000.0,25659885149.0,-1164000000.0,-722000000.0,-2240000000.0,390000000.0,-545000000.0,-2494000000.0,-854000000.0,0.0,2314000000.0,-130000000.0,1770000000.0,1770000000.0,1770000000.0,0.0,82000000.0,0.131,3395000000.0,3180000000.0,331000000.0,0.323,8.935,14.497,14.998,937000000.0,0.0,64.64,1.905,1.907,2720000000.0,14071000000.0,13471000000.0,13471000000.0,0.0,0.078,0.578,0.166,0.238,101000000.0,2883000000.0,1.0,396966045.0,397500000,401200000.0,33.889,10267000000.0,0.0,794000000.0,365000000.0,25.829,585000000.0
18,VIAB,MRT,2015-03-31,2015-03-31,2015-03-31,2019-11-16,-571000000.0,21757000000.0,22792000000.0,4383000000.0,17374000000.0,0.607,5.722,-138000000.0,306000000.0,306000000.0,7209000000.0,1860000000.0,1.229,8.439,13230000000.0,17000000.0,13213000000.0,13230000000.0,270000000.0,218000000.0,0.0,0.019,1.32,3210000000.0,3428000000.0,0.248,3428000000.0,3210000000.0,2570000000.0,4.25,4.17,4.25,2303000000.0,3381250000.0,2303000000.0,40291522061.0,13.0,11.754,2326000000.0,5.779,1.0,6625000000.0,0.479,11780000000.0,640000000.0,19334000000.0,19433500000.0,4450000000.0,0.0,0.0,0.0,19435000000.0,3567000000.0,15868000000.0,27713522061.0,-2274000000.0,-740000000.0,-2981000000.0,-136000000.0,-543000000.0,-3722000000.0,-878000000.0,0.0,2464000000.0,-138000000.0,1789000000.0,1789000000.0,1789000000.0,1000000.0,71000000.0,0.129,3440000000.0,3185000000.0,359000000.0,0.311,12.034,15.491,16.071,949000000.0,0.0,68.3,2.003,1.987,2758000000.0,13638000000.0,13834000000.0,13834000000.0,0.0,0.078,0.529,0.165,0.232,110000000.0,2935000000.0,1.0,405761670.0,402500000,402500000.0,34.37,9977000000.0,0.0,781000000.0,369000000.0,24.788,816000000.0
19,VIAB,MRT,2014-12-31,2014-12-31,2014-12-31,2019-11-16,-415000000.0,23416000000.0,23318250000.0,5470000000.0,17946000000.0,0.597,8.164,-137000000.0,1185000000.0,1185000000.0,6691000000.0,2419000000.0,1.354,5.978,13763000000.0,617000000.0,13146000000.0,13763000000.0,252000000.0,213000000.0,0.0,0.017,1.29,4017000000.0,4230000000.0,0.304,4230000000.0,4017000000.0,3391000000.0,5.53,5.43,5.53,3352000000.0,3911500000.0,3352000000.0,42656635128.0,11.0,10.084,2223000000.0,5.414,1.0,7239000000.0,0.52,11867000000.0,626000000.0,20088000000.0,19448250000.0,4970000000.0,0.0,0.0,0.0,20039000000.0,4039000000.0,16000000000.0,30887635128.0,-232000000.0,-739000000.0,-3047000000.0,1874000000.0,-407000000.0,-1640000000.0,-876000000.0,0.0,2360000000.0,-76000000.0,2344000000.0,2344000000.0,2344000000.0,1000000.0,75000000.0,0.168,3211000000.0,4028000000.0,370000000.0,0.233,9.215,13.177,13.608,976000000.0,0.0,75.25,2.217,2.218,3024000000.0,13828000000.0,13930000000.0,13930000000.0,0.0,0.101,0.599,0.207,0.288,116000000.0,2926000000.0,1.0,410466912.0,410600000,416100000.0,33.926,11549000000.0,0.0,1047000000.0,527000000.0,28.127,1431000000.0
20,VIAB,MRT,2014-09-30,2014-09-30,2014-09-30,2019-11-16,-293000000.0,23047000000.0,23158750000.0,5252000000.0,17795000000.0,0.595,8.607,-123000000.0,1000000000.0,1000000000.0,6542000000.0,2463000000.0,1.335,5.19,12699000000.0,18000000.0,12681000000.0,12699000000.0,350000000.0,217000000.0,0.0,0.016,1.26,4056000000.0,4273000000.0,0.31,4273000000.0,4056000000.0,3441000000.0,5.53,5.43,5.53,3719000000.0,4274000000.0,3719000000.0,43740943357.0,11.0,10.237,2474000000.0,5.726,1.0,7241000000.0,0.525,11934000000.0,615000000.0,18877000000.0,19092750000.0,4743000000.0,0.0,0.0,0.0,19300000000.0,3935000000.0,15365000000.0,32547943357.0,-1403000000.0,-732000000.0,-3356000000.0,884000000.0,-541000000.0,-3100000000.0,-855000000.0,0.0,2597000000.0,-45000000.0,2391000000.0,2391000000.0,2391000000.0,1000000.0,72000000.0,0.173,3170000000.0,4071000000.0,475000000.0,0.228,8.752,13.613,13.913,1016000000.0,0.0,76.94,2.361,2.412,3066000000.0,13465000000.0,13783000000.0,13783000000.0,0.0,0.103,0.559,0.212,0.294,122000000.0,2899000000.0,1.0,423030197.0,432100000,440200000.0,31.898,11113000000.0,0.0,1050000000.0,266000000.0,25.719,1317000000.0
21,VIAB,MRT,2014-06-30,2014-06-30,2014-06-30,2019-11-16,-76000000.0,22948000000.0,23354250000.0,5704000000.0,17244000000.0,0.576,9.699,-144000000.0,1585000000.0,1585000000.0,6229000000.0,2531000000.0,1.686,4.52,12778000000.0,20000000.0,12758000000.0,12778000000.0,231000000.0,225000000.0,0.0,0.014,1.23,4103000000.0,4328000000.0,0.322,4328000000.0,4103000000.0,3514000000.0,5.51,5.39,5.51,4151000000.0,4642500000.0,4151000000.0,48077399961.0,12.0,11.108,2270000000.0,5.304,1.0,7215000000.0,0.537,11323000000.0,589000000.0,19435000000.0,18914250000.0,4758000000.0,0.0,0.0,0.0,18762000000.0,3383000000.0,15379000000.0,37278399961.0,441000000.0,108000000.0,-4919000000.0,3832000000.0,-545000000.0,-1655000000.0,-335000000.0,0.0,2414000000.0,17000000.0,2463000000.0,2463000000.0,2463000000.0,3000000.0,68000000.0,0.183,3083000000.0,4132000000.0,337000000.0,0.223,8.981,15.135,15.74,998000000.0,0.0,86.73,2.773,2.761,2958000000.0,12878000000.0,13444000000.0,13444000000.0,0.0,0.105,0.531,0.217,0.305,126000000.0,2872000000.0,1.0,429821284.0,428000000,435800000.0,31.411,11625000000.0,64000000.0,1051000000.0,472000000.0,27.161,2321000000.0
22,VIAB,MRT,2014-03-31,2014-03-31,2014-03-31,2019-11-16,-68000000.0,23862000000.0,23233250000.0,6596000000.0,17266000000.0,0.59,10.144,-142000000.0,2580000000.0,2580000000.0,6509000000.0,2540000000.0,1.685,4.394,13379000000.0,618000000.0,12761000000.0,13379000000.0,216000000.0,231000000.0,0.0,0.014,1.2,4113000000.0,4344000000.0,0.317,4344000000.0,4113000000.0,3568000000.0,5.41,5.3,5.41,4424000000.0,5308250000.0,4424000000.0,47699138578.0,12.0,10.98,2461000000.0,5.643,1.0,7207000000.0,0.525,11354000000.0,545000000.0,19393000000.0,17833000000.0,4804000000.0,0.0,0.0,0.0,19441000000.0,3914000000.0,15527000000.0,37230138578.0,1320000000.0,125000000.0,-4787000000.0,4433000000.0,-549000000.0,-971000000.0,-316000000.0,0.0,2603000000.0,4000000.0,2496000000.0,2496000000.0,2496000000.0,6000000.0,44000000.0,0.182,3081000000.0,4126000000.0,341000000.0,0.222,8.415,14.916,15.71,1011000000.0,0.0,84.99,2.714,2.702,2674000000.0,12410000000.0,13716000000.0,13716000000.0,0.0,0.107,0.47,0.231,0.3,131000000.0,2859000000.0,1.0,438053166.0,436100000,444600000.0,31.452,12508000000.0,51000000.0,1072000000.0,562000000.0,28.681,2682000000.0
23,VIAB,MRT,2013-12-31,2013-12-31,2013-12-31,2019-11-16,-76000000.0,22778000000.0,22877250000.0,5447000000.0,17331000000.0,0.598,10.793,-144000000.0,1417000000.0,1417000000.0,6510000000.0,2515000000.0,1.69,3.744,11886000000.0,18000000.0,11868000000.0,11886000000.0,218000000.0,239000000.0,0.0,0.013,1.175,4089000000.0,4328000000.0,0.316,4328000000.0,4089000000.0,3586000000.0,5.23,5.13,5.23,4802000000.0,5924500000.0,4802000000.0,48433974339.0,12.0,11.191,2663000000.0,5.986,1.0,7167000000.0,0.524,11358000000.0,503000000.0,18666000000.0,16791750000.0,4884000000.0,0.0,0.0,0.0,17979000000.0,3223000000.0,14756000000.0,38951974339.0,746000000.0,140000000.0,-4593000000.0,3490000000.0,-549000000.0,-1731000000.0,-303000000.0,0.0,2807000000.0,-27000000.0,2472000000.0,2472000000.0,2472000000.0,9000000.0,43000000.0,0.181,3069000000.0,4098000000.0,242000000.0,0.225,8.112,15.757,16.7,1025000000.0,0.0,87.34,2.848,2.841,2916000000.0,12040000000.0,13677000000.0,13677000000.0,0.0,0.108,0.417,0.244,0.299,129000000.0,2836000000.0,1.0,445980929.0,444900000,454000000.0,30.742,11420000000.0,60000000.0,1114000000.0,621000000.0,25.669,2224000000.0
24,VIAB,MRT,2013-09-30,2013-09-30,2013-09-30,2019-11-16,-101000000.0,23829000000.0,22657000000.0,6726000000.0,17103000000.0,0.609,10.681,-160000000.0,2403000000.0,2403000000.0,6799000000.0,2437000000.0,1.775,3.589,11885000000.0,18000000.0,11867000000.0,11885000000.0,230000000.0,237000000.0,0.0,0.014,1.15,3929000000.0,4166000000.0,0.302,4166000000.0,3929000000.0,3465000000.0,4.93,4.84,4.93,5193000000.0,6515250000.0,5193000000.0,47630767109.0,12.0,11.433,2923000000.0,6.012,1.0,6995000000.0,0.507,11358000000.0,464000000.0,18163000000.0,15751250000.0,4715000000.0,0.0,0.0,0.0,18639000000.0,3790000000.0,14849000000.0,39861767109.0,1555000000.0,124000000.0,-4261000000.0,3732000000.0,-555000000.0,-1159000000.0,-335000000.0,0.0,3083000000.0,-34000000.0,2395000000.0,2395000000.0,2395000000.0,12000000.0,42000000.0,0.174,3053000000.0,3942000000.0,316000000.0,0.233,7.676,16.644,16.953,1040000000.0,0.0,83.58,2.89,2.946,2987000000.0,11629000000.0,13794000000.0,13794000000.0,0.0,0.106,0.368,0.249,0.285,128000000.0,2829000000.0,1.0,476929494.0,486200000,494800000.0,28.371,12471000000.0,0.0,1070000000.0,649000000.0,25.65,2936000000.0
25,VIAB,MRT,2013-06-30,2013-06-30,2013-06-30,2019-11-16,-276000000.0,22464000000.0,22262250000.0,5408000000.0,17056000000.0,0.607,14.119,-142000000.0,1144000000.0,1144000000.0,6711000000.0,2283000000.0,1.435,2.297,8913000000.0,20000000.0,8893000000.0,8913000000.0,241000000.0,233000000.0,0.0,0.017,1.125,3773000000.0,4006000000.0,0.297,4006000000.0,3773000000.0,3334000000.0,4.49,4.43,4.49,6814000000.0,7079000000.0,6814000000.0,40661903646.0,11.0,10.15,2652000000.0,5.495,1.0,6794000000.0,0.503,11354000000.0,439000000.0,15110000000.0,14797500000.0,4715000000.0,0.0,0.0,0.0,15652000000.0,3769000000.0,11883000000.0,32988903646.0,370000000.0,12000000.0,-2374000000.0,784000000.0,-554000000.0,-2280000000.0,-130000000.0,0.0,2794000000.0,-14000000.0,2241000000.0,2241000000.0,2241000000.0,7000000.0,42000000.0,0.166,3009000000.0,3785000000.0,229000000.0,0.251,4.841,14.721,15.151,1013000000.0,0.0,68.03,2.443,2.431,2904000000.0,10986000000.0,13505000000.0,13505000000.0,0.0,0.101,0.317,0.255,0.279,125000000.0,2782000000.0,1.0,484917002.0,482600000,491900000.0,27.984,11110000000.0,46000000.0,1093000000.0,502000000.0,23.021,1639000000.0
26,VIAB,MRT,2013-03-31,2013-03-31,2013-03-31,2019-11-16,-301000000.0,22438000000.0,22135750000.0,5294000000.0,17144000000.0,0.59,14.002,-158000000.0,1260000000.0,1260000000.0,6465000000.0,2168000000.0,1.5,2.259,8933000000.0,18000000.0,8915000000.0,8933000000.0,248000000.0,232000000.0,0.0,0.018,1.1,3611000000.0,3843000000.0,0.294,3843000000.0,3611000000.0,3182000000.0,4.18,4.13,4.18,6889000000.0,7245000000.0,6889000000.0,38148062290.0,11.0,9.927,2129000000.0,4.327,1.0,6588000000.0,0.505,11353000000.0,429000000.0,15228000000.0,14585500000.0,4788000000.0,0.0,0.0,0.0,15561000000.0,3530000000.0,12031000000.0,30430062290.0,125000000.0,11000000.0,-2415000000.0,1178000000.0,-553000000.0,-1906000000.0,-231000000.0,0.0,2287000000.0,-25000000.0,2132000000.0,2132000000.0,2132000000.0,3000000.0,36000000.0,0.163,2990000000.0,3598000000.0,220000000.0,0.263,4.417,14.273,14.708,1023000000.0,0.0,61.48,2.331,2.317,2545000000.0,10488000000.0,13053000000.0,13053000000.0,0.0,0.096,0.294,0.248,0.277,125000000.0,2759000000.0,1.0,494958723.0,492000000,500300000.0,26.53,11085000000.0,47000000.0,1050000000.0,465000000.0,22.53,1764000000.0
27,VIAB,MRT,2012-12-31,2012-12-31,2012-12-31,2019-11-16,-256000000.0,21897000000.0,22133000000.0,4623000000.0,17274000000.0,0.599,14.287,-162000000.0,671000000.0,671000000.0,6571000000.0,2278000000.0,1.242,2.057,8389000000.0,18000000.0,8371000000.0,8389000000.0,210000000.0,231000000.0,0.0,0.02,1.075,3666000000.0,3897000000.0,0.294,3897000000.0,3666000000.0,3244000000.0,4.3,4.24,4.3,7165000000.0,7473500000.0,7165000000.0,33785825897.0,9.0,8.67,2278000000.0,4.542,1.0,6678000000.0,0.504,11389000000.0,422000000.0,14504000000.0,14156000000.0,4902000000.0,0.0,0.0,0.0,14741000000.0,3722000000.0,11019000000.0,26484825897.0,-476000000.0,-20000000.0,-2476000000.0,626000000.0,-690000000.0,-2654000000.0,-266000000.0,0.0,2440000000.0,4000000.0,2239000000.0,2239000000.0,2239000000.0,0.0,39000000.0,0.169,2990000000.0,3688000000.0,193000000.0,0.25,3.696,11.829,12.265,1046000000.0,0.0,52.74,1.999,1.996,2602000000.0,10149000000.0,13249000000.0,13249000000.0,0.0,0.101,0.3,0.259,0.277,124000000.0,2765000000.0,1.0,502177207.0,501500000,509100000.0,26.419,10508000000.0,68000000.0,1005000000.0,70000000.0,20.953,901000000.0
28,VIAB,MRT,2012-09-30,2012-09-30,2012-09-30,2019-11-16,-264000000.0,22250000000.0,22384500000.0,4853000000.0,17397000000.0,0.62,14.034,-154000000.0,848000000.0,848000000.0,6993000000.0,2021000000.0,1.267,1.989,8149000000.0,18000000.0,8131000000.0,8149000000.0,230000000.0,236000000.0,0.0,0.02,1.05,3483000000.0,3719000000.0,0.268,3719000000.0,3483000000.0,3066000000.0,3.73,3.69,3.73,7448000000.0,7685750000.0,7448000000.0,34966768026.0,10.0,9.402,2344000000.0,4.417,1.0,6894000000.0,0.496,11373000000.0,417000000.0,14348000000.0,13790500000.0,5037000000.0,0.0,0.0,0.0,14811000000.0,3830000000.0,10981000000.0,27576768026.0,-173000000.0,-18000000.0,-2541000000.0,801000000.0,-554000000.0,-2413000000.0,-256000000.0,0.0,2498000000.0,-2000000.0,1981000000.0,1981000000.0,1981000000.0,0.0,40000000.0,0.143,2998000000.0,3896000000.0,255000000.0,0.282,3.703,13.921,14.367,1068000000.0,0.0,53.59,1.986,2.048,2533000000.0,9820000000.0,13887000000.0,13887000000.0,0.0,0.088,0.258,0.253,0.251,122000000.0,2757000000.0,1.0,514587946.0,530700000,537500000.0,26.167,10877000000.0,68000000.0,1085000000.0,5000000.0,20.496,1023000000.0
29,VIAB,MRT,2012-06-30,2012-06-30,2012-06-30,2019-11-16,-232000000.0,21958000000.0,22522250000.0,4511000000.0,17447000000.0,0.647,14.279,-187000000.0,774000000.0,774000000.0,7614000000.0,1948000000.0,1.214,1.937,8164000000.0,17000000.0,8147000000.0,8164000000.0,236000000.0,246000000.0,0.0,0.022,1.025,3340000000.0,3586000000.0,0.246,3586000000.0,3340000000.0,2926000000.0,3.51,3.45,3.51,7478000000.0,7984750000.0,7478000000.0,31461108578.0,9.0,8.773,2357000000.0,4.501,1.0,6963000000.0,0.478,11370000000.0,414000000.0,14262000000.0,13640250000.0,5064000000.0,0.0,0.0,0.0,14485000000.0,3716000000.0,10769000000.0,24818108578.0,-181000000.0,-33000000.0,-2756000000.0,1224000000.0,-556000000.0,-2379000000.0,-304000000.0,0.0,2544000000.0,-42000000.0,1907000000.0,1907000000.0,1907000000.0,0.0,41000000.0,0.131,3204000000.0,3759000000.0,295000000.0,0.292,3.319,13.014,13.396,1045000000.0,0.0,47.02,1.703,1.689,2582000000.0,9336000000.0,14577000000.0,14577000000.0,0.0,0.085,0.239,0.245,0.229,127000000.0,2807000000.0,1.0,527820259.0,523700000,530400000.0,27.835,10588000000.0,120000000.0,1019000000.0,0.0,20.218,795000000.0
30,VIAB,MRT,2012-03-31,2012-03-31,2012-03-31,2019-11-16,-193000000.0,22427000000.0,22610250000.0,4967000000.0,17460000000.0,0.668,14.517,-176000000.0,1135000000.0,1135000000.0,7960000000.0,1990000000.0,1.193,1.876,7778000000.0,21000000.0,7757000000.0,7778000000.0,215000000.0,254000000.0,0.0,0.021,1.0,3424000000.0,3678000000.0,0.244,3678000000.0,3424000000.0,3010000000.0,3.48,3.41,3.48,7803000000.0,8406000000.0,7803000000.0,32301319781.0,9.0,8.782,2528000000.0,4.703,1.0,7142000000.0,0.473,11397000000.0,414000000.0,13510000000.0,13383250000.0,5054000000.0,0.0,0.0,0.0,14635000000.0,4163000000.0,10472000000.0,25658319781.0,-420000000.0,-30000000.0,-2789000000.0,636000000.0,-513000000.0,-2891000000.0,-206000000.0,0.0,2704000000.0,-27000000.0,1947000000.0,1947000000.0,1947000000.0,0.0,43000000.0,0.129,3288000000.0,3854000000.0,313000000.0,0.287,3.288,13.178,13.638,1048000000.0,0.0,47.46,1.699,1.689,2638000000.0,8947000000.0,15102000000.0,15102000000.0,0.0,0.086,0.232,0.256,0.227,122000000.0,2886000000.0,1.0,540630421.0,537500000,544400000.0,28.097,11030000000.0,47000000.0,1063000000.0,0.0,20.521,804000000.0
31,VIAB,MRT,2011-12-31,2011-12-31,2011-12-31,2019-11-16,-204000000.0,22903000000.0,22657250000.0,5399000000.0,17504000000.0,0.664,14.555,-166000000.0,1147000000.0,1147000000.0,8036000000.0,1776000000.0,1.062,1.859,7790000000.0,773000000.0,7017000000.0,7790000000.0,203000000.0,262000000.0,0.0,0.02,0.9,3198000000.0,3460000000.0,0.23,3460000000.0,3198000000.0,2785000000.0,3.02,2.97,3.02,8014000000.0,8793500000.0,8014000000.0,31419926258.0,10.0,9.081,2392000000.0,4.344,1.0,7002000000.0,0.466,11422000000.0,413000000.0,13042000000.0,13223250000.0,5118000000.0,0.0,0.0,0.0,14900000000.0,5082000000.0,9818000000.0,25075926258.0,236000000.0,-21000000.0,-2610000000.0,1046000000.0,-376000000.0,-2113000000.0,-187000000.0,0.0,2558000000.0,-22000000.0,1738000000.0,1738000000.0,1738000000.0,0.0,38000000.0,0.116,3326000000.0,3676000000.0,316000000.0,0.298,3.129,14.428,15.036,1049000000.0,0.0,45.41,1.668,1.663,3100000000.0,8492000000.0,15038000000.0,15038000000.0,0.0,0.077,0.198,0.242,0.213,127000000.0,2910000000.0,1.0,552211545.0,550600000,557200000.0,27.312,11481000000.0,37000000.0,1047000000.0,59000000.0,20.852,317000000.0
32,VIAB,MRT,2011-09-30,2011-09-30,2011-09-30,2019-11-16,-164000000.0,22801000000.0,22538750000.0,5261000000.0,17540000000.0,0.662,14.718,-155000000.0,1021000000.0,1021000000.0,7868000000.0,2173000000.0,1.335,1.639,7365000000.0,23000000.0,7342000000.0,7365000000.0,187000000.0,271000000.0,0.0,0.021,0.8,3610000000.0,3881000000.0,0.26,3881000000.0,3610000000.0,3198000000.0,3.64,3.59,3.64,8644000000.0,9158000000.0,8644000000.0,28258876274.0,8.0,7.281,2489000000.0,4.238,1.0,7046000000.0,0.472,11456000000.0,412000000.0,13747000000.0,13219000000.0,5067000000.0,0.0,0.0,0.0,14168000000.0,3942000000.0,10226000000.0,22259876274.0,184000000.0,-72000000.0,-2286000000.0,629000000.0,-417000000.0,-2227000000.0,-227000000.0,0.0,2644000000.0,-6000000.0,2136000000.0,2136000000.0,2136000000.0,0.0,37000000.0,0.143,3342000000.0,3704000000.0,386000000.0,0.22,2.575,10.421,10.643,1057000000.0,0.0,38.74,1.493,1.526,2732000000.0,8418000000.0,14914000000.0,14914000000.0,0.0,0.095,0.233,0.273,0.242,128000000.0,2921000000.0,1.0,574596703.0,587300000,594300000.0,25.394,11345000000.0,41000000.0,1062000000.0,123000000.0,19.317,1319000000.0
33,VIAB,MRT,2011-06-30,2011-06-30,2011-06-30,2019-11-16,-29000000.0,22310000000.0,22362500000.0,4881000000.0,17429000000.0,0.631,15.725,-136000000.0,955000000.0,955000000.0,7303000000.0,1781000000.0,1.363,1.436,6954000000.0,26000000.0,6928000000.0,6954000000.0,217000000.0,269000000.0,0.0,0.014,0.7,3250000000.0,3519000000.0,0.249,3519000000.0,3250000000.0,2837000000.0,2.94,2.91,2.94,9163000000.0,9317750000.0,9163000000.0,35442965827.0,11.0,10.072,2064000000.0,3.542,1.0,6808000000.0,0.482,11495000000.0,413000000.0,13234000000.0,13035000000.0,4879000000.0,0.0,0.0,0.0,13156000000.0,3580000000.0,9576000000.0,29840965827.0,278000000.0,-111000000.0,-1559000000.0,206000000.0,-363000000.0,-1701000000.0,-247000000.0,0.0,2200000000.0,26000000.0,1749000000.0,1749000000.0,1749000000.0,4000000.0,32000000.0,0.124,3140000000.0,3668000000.0,315000000.0,0.238,3.257,17.062,17.347,1040000000.0,0.0,51.0,2.115,2.106,2726000000.0,7985000000.0,14111000000.0,14111000000.0,0.0,0.078,0.188,0.249,0.23,127000000.0,2865000000.0,1.0,585116977.0,582700000,591600000.0,24.217,10815000000.0,68000000.0,1088000000.0,99000000.0,18.56,1301000000.0
34,VIAB,MRT,2011-03-31,2011-03-31,2011-03-31,2019-11-16,-36000000.0,22615000000.0,22235250000.0,5190000000.0,17425000000.0,0.613,15.735,-131000000.0,1555000000.0,1555000000.0,7068000000.0,1618000000.0,1.353,1.42,7157000000.0,222000000.0,6935000000.0,7157000000.0,266000000.0,279000000.0,0.0,0.013,0.6,3033000000.0,3312000000.0,0.243,3312000000.0,3033000000.0,2620000000.0,2.64,2.63,2.64,9353000000.0,9311750000.0,9353000000.0,33613002113.0,11.0,10.149,2062000000.0,3.469,1.0,6552000000.0,0.481,11510000000.0,413000000.0,12870000000.0,12802500000.0,4909000000.0,0.0,0.0,0.0,13282000000.0,3837000000.0,9445000000.0,27771002113.0,1197000000.0,-135000000.0,-850000000.0,400000000.0,-273000000.0,-748000000.0,-266000000.0,0.0,2193000000.0,18000000.0,1595000000.0,1595000000.0,1595000000.0,4000000.0,23000000.0,0.117,3062000000.0,3490000000.0,299000000.0,0.227,2.969,17.411,17.621,1055000000.0,0.0,46.52,2.039,2.03,2399000000.0,7579000000.0,13620000000.0,13620000000.0,0.0,0.072,0.171,0.237,0.223,117000000.0,2778000000.0,1.0,596969091.0,594400000,601100000.0,22.914,11105000000.0,74000000.0,1025000000.0,17000000.0,18.683,1353000000.0
35,VIAB,MRT,2010-12-31,2010-12-31,2010-12-31,2019-11-16,-86000000.0,22429000000.0,21983000000.0,4752000000.0,17677000000.0,0.595,15.698,-122000000.0,911000000.0,911000000.0,6811000000.0,1483000000.0,1.268,1.37,6753000000.0,31000000.0,6722000000.0,6753000000.0,275000000.0,287000000.0,0.0,0.011,0.45,2862000000.0,3149000000.0,0.241,3149000000.0,2862000000.0,2438000000.0,2.41,2.4,2.41,9472000000.0,9192500000.0,9472000000.0,29860793395.0,10.0,9.483,1738000000.0,2.88,1.0,6274000000.0,0.479,11497000000.0,424000000.0,13025000000.0,12766250000.0,4949000000.0,0.0,0.0,0.0,12979000000.0,3749000000.0,9230000000.0,23945793395.0,613000000.0,-122000000.0,-366000000.0,-292000000.0,-273000000.0,-1004000000.0,-244000000.0,0.0,1860000000.0,1000000.0,1464000000.0,1464000000.0,1464000000.0,4000000.0,19000000.0,0.112,2993000000.0,3281000000.0,321000000.0,0.187,2.528,16.356,16.436,1073000000.0,0.0,39.61,1.83,1.827,2652000000.0,7294000000.0,13085000000.0,13085000000.0,0.0,0.067,0.159,0.224,0.219,110000000.0,2698000000.0,1.0,604539091.0,603400000,608000000.0,21.685,10932000000.0,296000000.0,974000000.0,0.0,18.117,1003000000.0
36,VIAB,MRT,2010-09-30,2010-09-30,2010-09-30,2019-11-16,-114000000.0,22096000000.0,21850750000.0,4549000000.0,17547000000.0,0.595,15.258,-169000000.0,837000000.0,837000000.0,6504000000.0,1525000000.0,1.3,1.383,6752000000.0,31000000.0,6721000000.0,6752000000.0,256000000.0,293000000.0,0.0,0.008,0.3,2986000000.0,3279000000.0,0.252,3279000000.0,2986000000.0,2561000000.0,2.54,2.54,2.54,9283000000.0,9000500000.0,9283000000.0,28090100751.0,9.0,8.567,1397000000.0,2.296,1.0,6489000000.0,0.499,11502000000.0,425000000.0,13011000000.0,12750750000.0,5006000000.0,0.0,0.0,0.0,12837000000.0,3498000000.0,9339000000.0,22009100751.0,588000000.0,-154000000.0,2000000.0,-484000000.0,-91000000.0,-655000000.0,-325000000.0,0.0,1566000000.0,2000000.0,1548000000.0,1548000000.0,1548000000.0,4000000.0,-23000000.0,0.119,3005000000.0,3484000000.0,210000000.0,0.118,2.371,14.218,14.248,1102000000.0,0.0,36.19,1.694,1.695,2417000000.0,6775000000.0,12993000000.0,12993000000.0,0.0,0.071,0.172,0.234,0.23,111000000.0,2621000000.0,1.0,608154207.0,608400000,611100000.0,21.356,10594000000.0,233000000.0,1013000000.0,0.0,17.413,1051000000.0
37,VIAB,MRT,2010-06-30,2010-06-30,2010-06-30,2019-11-16,-102000000.0,21801000000.0,21653500000.0,4276000000.0,17525000000.0,0.603,15.034,-145000000.0,677000000.0,677000000.0,6674000000.0,1800000000.0,1.131,1.388,6758000000.0,230000000.0,6528000000.0,6758000000.0,333000000.0,307000000.0,0.0,0.005,0.15,3147000000.0,3454000000.0,0.264,3454000000.0,3147000000.0,2718000000.0,2.99,2.99,2.99,9139000000.0,8687000000.0,9139000000.0,25480416772.0,8.0,7.377,1629000000.0,2.68,1.0,6386000000.0,0.489,11798000000.0,429000000.0,12304000000.0,12526000000.0,4889000000.0,0.0,0.0,0.0,12686000000.0,3780000000.0,8906000000.0,19053416772.0,427000000.0,-143000000.0,1000000.0,-1013000000.0,0.0,-1093000000.0,-250000000.0,40000000.0,1774000000.0,-4000000.0,1822000000.0,1822000000.0,1822000000.0,0.0,-22000000.0,0.14,3015000000.0,3371000000.0,181000000.0,0.05,2.085,10.457,10.492,1091000000.0,0.0,31.37,1.459,1.46,2334000000.0,6650000000.0,13060000000.0,13060000000.0,0.0,0.084,0.21,0.251,0.241,107000000.0,2599000000.0,1.0,607377009.0,607900000,611300000.0,21.484,10003000000.0,114000000.0,896000000.0,0.0,16.455,496000000.0
38,VIAB,MRT,2010-03-31,2010-03-31,2010-03-31,2019-11-16,-28000000.0,21606000000.0,21552000000.0,4029000000.0,17577000000.0,0.607,14.608,-141000000.0,358000000.0,358000000.0,6907000000.0,1655000000.0,1.17,1.437,6785000000.0,40000000.0,6745000000.0,6785000000.0,340000000.0,312000000.0,0.0,0.0,0.0,2920000000.0,3232000000.0,0.247,3232000000.0,2920000000.0,2486000000.0,2.76,2.76,2.76,8876000000.0,8276000000.0,8876000000.0,27355093138.0,9.0,8.464,1258000000.0,2.07,1.0,6177000000.0,0.472,11863000000.0,434000000.0,12725000000.0,12568750000.0,4948000000.0,0.0,0.0,0.0,12756000000.0,3445000000.0,9311000000.0,20880093138.0,99000000.0,-120000000.0,1000000.0,-994000000.0,0.0,-1091000000.0,-223000000.0,40000000.0,1399000000.0,14000000.0,1679000000.0,1679000000.0,1679000000.0,0.0,-24000000.0,0.128,3048000000.0,3129000000.0,209000000.0,0.0,2.352,12.436,12.457,1124000000.0,0.0,34.38,1.596,1.597,2329000000.0,6323000000.0,13084000000.0,13084000000.0,0.0,0.078,0.203,0.232,0.223,106000000.0,2582000000.0,1.0,607332552.0,607600000,609600000.0,21.534,9743000000.0,123000000.0,807000000.0,7000000.0,16.035,584000000.0
39,VIAB,MRT,2009-12-31,2009-12-31,2009-12-31,2019-11-16,35000000.0,21900000000.0,21470500000.0,4430000000.0,17470000000.0,0.617,14.337,-139000000.0,298000000.0,298000000.0,7191000000.0,1588000000.0,1.181,1.519,6773000000.0,123000000.0,6650000000.0,6773000000.0,286000000.0,319000000.0,0.0,0.0,0.0,2803000000.0,3122000000.0,0.235,3122000000.0,2803000000.0,2373000000.0,2.65,2.65,2.65,8704000000.0,7817500000.0,8704000000.0,24649201866.0,9.0,7.895,1012000000.0,1.667,1.0,6066000000.0,0.458,11661000000.0,430000000.0,12963000000.0,12444000000.0,4498000000.0,0.0,0.0,0.0,13223000000.0,3751000000.0,9472000000.0,18046201866.0,-494000000.0,-133000000.0,-7000000.0,-1303000000.0,0.0,-1388000000.0,-274000000.0,0.0,1151000000.0,17000000.0,1611000000.0,1611000000.0,1611000000.0,0.0,-23000000.0,0.122,3058000000.0,3008000000.0,247000000.0,0.0,2.073,11.202,11.219,1175000000.0,0.0,29.73,1.361,1.361,2876000000.0,6106000000.0,13257000000.0,13257000000.0,0.0,0.075,0.206,0.225,0.211,102000000.0,2609000000.0,1.0,607003090.0,607100000,608300000.0,21.837,10239000000.0,108000000.0,762000000.0,84000000.0,16.865,679000000.0
40,VIAB,MRT,2009-09-30,2009-09-30,2009-09-30,2019-11-16,89000000.0,21307000000.0,21617250000.0,3605000000.0,17702000000.0,0.605,13.221,-123000000.0,249000000.0,249000000.0,7656000000.0,1105000000.0,0.972,1.652,6852000000.0,101000000.0,6751000000.0,6852000000.0,393000000.0,355000000.0,0.0,0.0,0.0,2020000000.0,2375000000.0,0.181,2375000000.0,2020000000.0,1576000000.0,1.8,1.8,1.8,8029000000.0,7368750000.0,8029000000.0,24140542212.0,12.0,10.164,2025000000.0,3.334,1.0,5430000000.0,0.415,12091000000.0,444000000.0,12112000000.0,12381000000.0,4847000000.0,0.0,0.0,0.0,13263000000.0,3707000000.0,9556000000.0,17016542212.0,-276000000.0,65000000.0,-158000000.0,-1982000000.0,0.0,-2246000000.0,-173000000.0,40000000.0,2148000000.0,-5000000.0,1090000000.0,1090000000.0,1090000000.0,0.0,15000000.0,0.083,3225000000.0,2205000000.0,238000000.0,0.0,2.119,15.612,15.578,1042000000.0,0.0,28.04,1.3,1.301,1866000000.0,5408000000.0,13086000000.0,13086000000.0,0.0,0.05,0.148,0.163,0.154,100000000.0,2716000000.0,1.0,606866698.0,607300000,608600000.0,21.548,9216000000.0,258000000.0,486000000.0,282000000.0,15.175,-102000000.0
41,VIAB,MRT,2009-06-30,2009-06-30,2009-06-30,2019-11-16,47000000.0,21395000000.0,21994250000.0,3535000000.0,17860000000.0,0.599,12.348,-141000000.0,250000000.0,250000000.0,7811000000.0,1044000000.0,0.892,1.853,7374000000.0,99000000.0,7275000000.0,7374000000.0,357000000.0,367000000.0,0.0,0.0,0.0,1963000000.0,2330000000.0,0.177,2330000000.0,1963000000.0,1503000000.0,1.69,1.69,1.69,7495000000.0,7149000000.0,7495000000.0,20877216284.0,11.0,8.96,2052000000.0,3.381,1.0,5366000000.0,0.407,12082000000.0,460000000.0,12475000000.0,13080500000.0,5016000000.0,0.0,0.0,0.0,13886000000.0,3962000000.0,9924000000.0,13766216284.0,-487000000.0,-150000000.0,-405000000.0,-1698000000.0,0.0,-2225000000.0,-417000000.0,29000000.0,2193000000.0,-38000000.0,1028000000.0,1028000000.0,1028000000.0,0.0,16000000.0,0.078,3266000000.0,2100000000.0,292000000.0,0.0,1.837,13.391,13.432,1065000000.0,0.0,22.7,1.045,1.046,1809000000.0,4947000000.0,13177000000.0,13177000000.0,0.0,0.047,0.144,0.15,0.149,98000000.0,2735000000.0,1.0,606441246.0,607000000,608100000.0,21.708,9313000000.0,214000000.0,475000000.0,100000000.0,15.343,-427000000.0
42,VIAB,MRT,2009-03-31,2009-03-31,2009-03-31,2019-11-16,-114000000.0,21280000000.0,22367500000.0,3340000000.0,17940000000.0,0.614,11.605,-209000000.0,259000000.0,259000000.0,8106000000.0,1174000000.0,0.821,2.02,7370000000.0,103000000.0,7267000000.0,7370000000.0,461000000.0,384000000.0,0.0,0.0,0.0,2186000000.0,2570000000.0,0.187,2570000000.0,2186000000.0,1712000000.0,1.88,1.88,1.88,7042000000.0,7023750000.0,7042000000.0,17747633961.0,8.0,6.906,1886000000.0,3.108,1.0,5629000000.0,0.41,12095000000.0,474000000.0,12226000000.0,13668750000.0,5139000000.0,0.0,0.0,0.0,14223000000.0,4070000000.0,10153000000.0,10537633961.0,-553000000.0,-178000000.0,-837000000.0,-1119000000.0,0.0,-2079000000.0,-520000000.0,9000000.0,2095000000.0,-49000000.0,1158000000.0,1158000000.0,1158000000.0,-1000000.0,16000000.0,0.084,3320000000.0,2309000000.0,262000000.0,0.0,1.496,9.1,9.245,1080000000.0,0.0,17.38,0.767,0.768,1573000000.0,4673000000.0,13735000000.0,13735000000.0,0.0,0.052,0.165,0.16,0.159,101000000.0,2808000000.0,1.0,606308053.0,606800000,607100000.0,22.635,9185000000.0,205000000.0,554000000.0,54000000.0,15.137,-730000000.0
43,VIAB,MRT,2008-12-31,2008-12-31,2008-12-31,2019-11-16,-49000000.0,22487000000.0,22641500000.0,4502000000.0,17985000000.0,0.616,11.06,-283000000.0,792000000.0,792000000.0,8167000000.0,1268000000.0,0.93,2.253,8002000000.0,105000000.0,7897000000.0,8002000000.0,442000000.0,394000000.0,0.0,0.0,0.0,2353000000.0,2747000000.0,0.197,2747000000.0,2353000000.0,1871000000.0,2.0,2.0,2.0,6909000000.0,7018000000.0,6909000000.0,20120801977.0,9.0,7.325,1753000000.0,2.806,1.0,5780000000.0,0.414,12144000000.0,482000000.0,12711000000.0,14006500000.0,5014000000.0,0.0,0.0,0.0,15564000000.0,4842000000.0,10722000000.0,11693801977.0,-128000000.0,-146000000.0,-1266000000.0,-156000000.0,0.0,-1555000000.0,-571000000.0,0.0,2036000000.0,-38000000.0,1251000000.0,1251000000.0,1251000000.0,0.0,17000000.0,0.09,3330000000.0,2450000000.0,574000000.0,0.0,1.693,9.348,9.53,1145000000.0,0.0,19.06,0.838,0.854,2271000000.0,4496000000.0,13947000000.0,13947000000.0,0.0,0.055,0.178,0.168,0.169,99000000.0,2824000000.0,1.0,613525812.0,624700000,625400000.0,22.326,10343000000.0,203000000.0,620000000.0,12000000.0,16.557,-340000000.0
44,VIAB,MRT,2008-09-30,2008-09-30,2008-09-30,2019-11-16,86000000.0,22815000000.0,22745750000.0,4169000000.0,18646000000.0,0.643,11.553,-324000000.0,525000000.0,525000000.0,8425000000.0,1671000000.0,0.997,2.191,8952000000.0,133000000.0,8819000000.0,8952000000.0,331000000.0,377000000.0,0.0,0.0,0.0,2949000000.0,3326000000.0,0.227,3326000000.0,2949000000.0,2462000000.0,2.58,2.57,2.58,7150000000.0,7068500000.0,7150000000.0,23929562010.0,8.0,7.195,969000000.0,1.566,1.0,6205000000.0,0.424,12149000000.0,487000000.0,14910000000.0,14053250000.0,5651000000.0,0.0,0.0,0.0,15665000000.0,4183000000.0,11482000000.0,15423562010.0,152000000.0,-347000000.0,-1658000000.0,1246000000.0,0.0,-546000000.0,-595000000.0,34000000.0,1293000000.0,0.0,1638000000.0,1638000000.0,1638000000.0,192000000.0,33000000.0,0.112,3208000000.0,2997000000.0,376000000.0,0.0,2.157,9.416,9.628,1217000000.0,0.0,24.84,1.054,1.051,2036000000.0,4485000000.0,14630000000.0,14630000000.0,0.0,0.072,0.232,0.21,0.202,92000000.0,2802000000.0,1.0,620916345.0,618900000,619300000.0,23.639,10666000000.0,230000000.0,824000000.0,148000000.0,17.234,-14000000.0
45,VIAB,MRT,2008-06-30,2008-06-30,2008-06-30,2019-11-16,148000000.0,22888000000.0,22384450000.0,4365000000.0,18523000000.0,0.647,11.116,-338000000.0,737000000.0,737000000.0,8151000000.0,1907000000.0,0.987,2.273,9243000000.0,171000000.0,9072000000.0,9243000000.0,357000000.0,388000000.0,0.0,0.0,0.0,3296000000.0,3684000000.0,0.254,3684000000.0,3296000000.0,2817000000.0,2.89,2.88,2.89,6994000000.0,7043850000.0,6994000000.0,27122874532.0,8.0,7.362,636000000.0,1.011,1.0,6342000000.0,0.438,12144000000.0,479000000.0,14828000000.0,13481750000.0,5333000000.0,0.0,0.0,0.0,15894000000.0,4422000000.0,11472000000.0,19324874532.0,317000000.0,-94000000.0,-2263000000.0,1765000000.0,0.0,-620000000.0,-63000000.0,-5000000.0,974000000.0,26000000.0,1878000000.0,1878000000.0,1878000000.0,1000000.0,29000000.0,0.13,3203000000.0,3139000000.0,256000000.0,0.0,2.763,10.29,10.567,1253000000.0,0.0,30.54,1.333,1.326,2135000000.0,4084000000.0,14493000000.0,14493000000.0,0.0,0.084,0.267,0.244,0.227,86000000.0,2802000000.0,1.0,632772578.0,629200000,630100000.0,23.034,10744000000.0,249000000.0,939000000.0,62000000.0,17.076,-57000000.0
46,VIAB,MRT,2008-03-31,2008-03-31,2008-03-31,2019-11-16,156000000.0,22376000000.0,21918650000.0,4097000000.0,18279000000.0,0.631,10.974,-284000000.0,812000000.0,812000000.0,7679000000.0,1930000000.0,0.91,2.188,8610000000.0,191000000.0,8419000000.0,8610000000.0,428000000.0,389000000.0,0.0,0.0,0.0,3345000000.0,3734000000.0,0.27,3734000000.0,3345000000.0,2875000000.0,2.87,2.86,2.87,7019000000.0,7091950000.0,7019000000.0,32717631805.0,10.0,8.762,1234000000.0,1.929,1.0,6143000000.0,0.444,12093000000.0,470000000.0,13577000000.0,12722650000.0,5065000000.0,0.0,0.0,0.0,15357000000.0,4504000000.0,10853000000.0,25391731805.0,414000000.0,125000000.0,-2305000000.0,1096000000.0,0.0,-1337000000.0,207000000.0,5000000.0,1518000000.0,26000000.0,1905000000.0,1905000000.0,1905000000.0,1000000.0,25000000.0,0.138,3124000000.0,3019000000.0,269000000.0,0.0,3.618,13.329,13.805,1228000000.0,0.0,39.62,1.837,1.833,1838000000.0,3677000000.0,13822000000.0,13822000000.0,0.0,0.087,0.269,0.263,0.242,82000000.0,2692000000.0,1.0,640881671.0,639600000,641000000.0,21.61,10283000000.0,243000000.0,970000000.0,91000000.0,16.077,-407000000.0
47,VIAB,MRT,2007-12-31,2007-12-31,2007-12-31,2019-11-16,126000000.0,22904000000.0,21565750000.0,4833000000.0,18071000000.0,0.622,10.549,-237000000.0,920000000.0,920000000.0,7431000000.0,1859000000.0,0.917,2.221,8246000000.0,187000000.0,8059000000.0,8246000000.0,406000000.0,393000000.0,0.0,0.0,0.0,3231000000.0,3624000000.0,0.27,3624000000.0,3231000000.0,2767000000.0,2.73,2.72,2.73,7111000000.0,7149500000.0,7111000000.0,36179152060.0,11.0,9.983,1539000000.0,2.283,1.0,5992000000.0,0.446,12059000000.0,464000000.0,12898000000.0,12335750000.0,4835000000.0,0.0,0.0,0.0,15793000000.0,5273000000.0,10520000000.0,28822052060.0,214000000.0,124000000.0,-2021000000.0,457000000.0,0.0,-1831000000.0,248000000.0,0.0,1776000000.0,21000000.0,1838000000.0,1838000000.0,1838000000.0,0.0,21000000.0,0.137,3099000000.0,2893000000.0,497000000.0,0.0,4.053,15.681,16.088,1196000000.0,0.0,43.92,2.147,2.206,2617000000.0,3407000000.0,13423000000.0,13423000000.0,0.0,0.085,0.257,0.262,0.241,86000000.0,2663000000.0,1.0,656239801.0,674100000,675600000.0,19.912,10845000000.0,248000000.0,929000000.0,105000000.0,16.088,-440000000.0
48,VIAB,MRT,2007-09-30,2007-09-30,2007-09-30,2019-11-16,82200000.0,21369800000.0,21288925000.0,3589500000.0,17780300000.0,0.598,10.57,-229400000.0,373400000.0,373400000.0,6987000000.0,1758700000.0,0.854,2.031,7730500000.0,125300000.0,7605200000.0,7730500000.0,397100000.0,399500000.0,0.0,0.0,0.0,3065400000.0,3464900000.0,0.272,3464900000.0,3065400000.0,2600600000.0,2.57,2.56,2.57,7051400000.0,7163300000.0,7051400000.0,33613260125.0,11.0,9.701,2300600000.0,3.449,1.0,5754200000.0,0.452,11898600000.0,464800000.0,12624000000.0,12153200000.0,4735300000.0,0.0,0.0,0.0,14318400000.0,4204300000.0,10114100000.0,26757460125.0,-76100000.0,11100000.0,-1783600000.0,66900000.0,0.0,-2692000000.0,75700000.0,-37700000.0,2530000000.0,10200000.0,1758700000.0,1758700000.0,1758700000.0,-194400000.0,0.0,0.138,3030100000.0,2724100000.0,1702600000.0,0.0,3.795,15.214,15.163,1183500000.0,0.0,38.97,2.1,2.04,1938700000.0,2847700000.0,12741200000.0,12741200000.0,0.0,0.083,0.246,0.252,0.241,92100000.0,2569000000.0,1.0,686616888.0,667100000,668200000.0,19.099,9471200000.0,251900000.0,841900000.0,198600000.0,14.198,-614800000.0
49,VIAB,MRT,2007-06-30,2007-06-30,2007-06-30,2019-11-16,64500000.0,21024800000.0,21183325000.0,3675500000.0,17349300000.0,0.571,10.47,-221600000.0,420000000.0,420000000.0,6594600000.0,1474500000.0,0.86,1.926,7275800000.0,64200000.0,7211600000.0,7275800000.0,405100000.0,394800000.0,0.0,0.0,0.0,2717300000.0,3112100000.0,0.257,3112100000.0,2717300000.0,2249000000.0,2.12,2.1,2.12,7186400000.0,7158450000.0,7186400000.0,35667649803.0,13.0,11.461,2278700000.0,3.32,1.0,5508800000.0,0.455,11817200000.0,468300000.0,11791600000.0,12388600000.0,4459000000.0,0.0,0.0,0.0,13838400000.0,4271800000.0,9566600000.0,28688449803.0,108000000.0,-294000000.0,-1355100000.0,300600000.0,0.0,-1866300000.0,-541200000.0,-24900000.0,2500300000.0,15200000.0,1474500000.0,1474500000.0,1474500000.0,-5000000.0,0.0,0.122,2944900000.0,2563900000.0,2058500000.0,0.0,3.992,19.456,19.637,1183100000.0,0.0,41.63,2.37,2.361,2029000000.0,2205900000.0,12103400000.0,12103400000.0,0.0,0.07,0.206,0.219,0.225,100600000.0,2488900000.0,1.0,689129229.0,686400000,687800000.0,17.633,9207600000.0,252200000.0,774500000.0,193600000.0,13.414,-596300000.0
50,VIAB,MRT,2007-03-31,2007-03-31,2007-03-31,2019-11-16,56100000.0,20964400000.0,20939150000.0,3480000000.0,17484400000.0,0.561,10.471,-223700000.0,398300000.0,398300000.0,6384700000.0,1477800000.0,0.883,1.892,7377500000.0,67600000.0,7309900000.0,7377500000.0,458200000.0,379500000.0,0.0,0.0,0.0,2595300000.0,2974800000.0,0.253,2974800000.0,2595300000.0,2128800000.0,2.1,2.08,2.1,7249200000.0,7085325000.0,7249200000.0,35396721012.0,14.0,11.899,2000500000.0,2.89,1.0,5352000000.0,0.456,11974700000.0,466500000.0,12029400000.0,12600750000.0,4434600000.0,0.0,0.0,0.0,13715200000.0,3939500000.0,9775700000.0,28454621012.0,-66100000.0,88900000.0,-1508600000.0,214100000.0,0.0,-2156500000.0,-153800000.0,-18000000.0,2224200000.0,20000000.0,1477800000.0,1477800000.0,1477800000.0,-25900000.0,0.0,0.126,2777000000.0,2575000000.0,1870200000.0,0.0,3.925,19.255,19.576,1198000000.0,0.0,41.11,2.424,2.425,1767900000.0,1771900000.0,11736700000.0,11736700000.0,0.0,0.071,0.209,0.206,0.221,94600000.0,2387700000.0,1.0,692158137.0,692300000,694100000.0,16.953,8989700000.0,261700000.0,651000000.0,182800000.0,12.985,-459500000.0
51,VIAB,MRT,2006-12-31,2006-12-31,2006-12-31,2019-11-16,46100000.0,21796700000.0,20939125000.0,4211100000.0,17585600000.0,0.543,10.02,-209000000.0,705800000.0,705800000.0,5963000000.0,1592000000.0,0.912,2.042,7647900000.0,63900000.0,7584000000.0,7647900000.0,364500000.0,365000000.0,0.0,0.0,0.0,2774000000.0,3139000000.0,0.276,3139000000.0,2774000000.0,2332000000.0,2.23,2.22,2.23,7166200000.0,7030550000.0,7166200000.0,36426943186.0,13.0,11.605,2061000000.0,2.882,1.0,5398000000.0,0.475,11954200000.0,442000000.0,12167800000.0,12875600000.0,4406700000.0,0.0,0.0,0.0,14630500000.0,4616800000.0,10013700000.0,28690943186.0,345000000.0,-715000000.0,-2283000000.0,1852000000.0,0.0,-1013000000.0,-933000000.0,-8000000.0,2270000000.0,21000000.0,1592000000.0,1592000000.0,1592000000.0,-25000000.0,0.0,0.14,2645000000.0,2753000000.0,2058400000.0,0.0,4.004,18.022,18.399,1204900000.0,0.0,41.03,2.525,2.583,2236100000.0,1592100000.0,11361000000.0,11361000000.0,0.0,0.076,0.226,0.215,0.244,80000000.0,2266000000.0,1.0,699267443.0,715200000,716200000.0,15.885,9842500000.0,257600000.0,740000000.0,68900000.0,13.762,-405700000.0
52,VIAB,MRT,2006-09-30,2006-09-30,2006-09-30,2019-11-16,60400000.0,20947400000.0,20268850000.0,3840000000.0,17107400000.0,0.516,9.953,-193400000.0,449200000.0,449200000.0,5325100000.0,1240700000.0,1.132,1.979,8185200000.0,61500000.0,8123700000.0,8185200000.0,373900000.0,333100000.0,0.0,0.0,0.0,2359000000.0,2692100000.0,0.258,2692100000.0,2359000000.0,2033500000.0,1.72,1.71,1.72,7032000000.0,7185975000.0,7032000000.0,33726657824.0,14.0,12.528,1024600000.0,1.45,1.0,5128500000.0,0.491,11724300000.0,325500000.0,13565600000.0,12461550000.0,4367500000.0,0.0,0.0,0.0,13915400000.0,3393500000.0,10521900000.0,26377757824.0,350000000.0,-692000000.0,-1977800000.0,7088200000.0,0.0,40500000.0,-909800000.0,-18800000.0,1218000000.0,1300000.0,1240700000.0,1240700000.0,1240700000.0,-27700000.0,0.0,0.119,2797700000.0,2330800000.0,1553800000.0,0.0,3.751,21.26,21.616,1172300000.0,0.0,37.18,2.523,2.513,2061200000.0,1111300000.0,10453600000.0,10453600000.0,0.0,0.061,0.173,0.189,0.226,56300000.0,2450900000.0,1.0,709460942.0,706500000,707300000.0,14.796,9223100000.0,151200000.0,792800000.0,124500000.0,13.055,446500000.0
53,VIAB,MRT,2006-06-30,2006-06-30,2006-06-30,2019-11-16,47900000.0,20048100000.0,,3469400000.0,16578700000.0,,9.57,-193000000.0,312100000.0,312100000.0,5221800000.0,1307200000.0,1.033,1.908,7661000000.0,59400000.0,7601600000.0,7661000000.0,390300000.0,298200000.0,0.0,0.0,0.0,2422100000.0,2720300000.0,0.264,2720300000.0,2422100000.0,2214500000.0,1.77,1.77,1.77,6893900000.0,,6893900000.0,33162156433.0,14.0,12.191,1334000000.0,1.852,1.0,5076100000.0,0.493,11397400000.0,207600000.0,12640200000.0,,4009400000.0,0.0,0.0,0.0,13154200000.0,3359400000.0,9794800000.0,25842056433.0,195500000.0,-30300000.0,-1555300000.0,6573200000.0,0.0,-1094400000.0,-240500000.0,-21600000.0,1527000000.0,3400000.0,1307200000.0,1307200000.0,1307200000.0,400000.0,0.0,0.127,2660200000.0,2415900000.0,1528900000.0,0.0,3.749,19.769,20.249,1149600000.0,0.0,35.84,2.509,2.507,1896100000.0,754500000.0,10297900000.0,10297900000.0,0.0,,,,0.235,30000000.0,2344400000.0,1.0,721039521.0,720400000,721300000.0,14.295,8650700000.0,123600000.0,907300000.0,0.0,12.008,110000000.0
54,VIAB,MRT,2006-03-31,2006-03-31,2006-03-31,2019-11-16,23900000.0,20964300000.0,,3766300000.0,17198000000.0,,9.528,-196000000.0,464200000.0,464200000.0,4843600000.0,1223800000.0,0.952,1.982,7784300000.0,56200000.0,7728100000.0,7784300000.0,488200000.0,276000000.0,0.0,0.0,0.0,2309000000.0,2585000000.0,0.264,2585000000.0,2309000000.0,2209800000.0,1.63,1.63,1.63,7030100000.0,,7030100000.0,33750559173.0,15.0,13.056,1510400000.0,2.047,1.0,4936500000.0,0.505,11200400000.0,99200000.0,13128800000.0,,4756600000.0,0.0,0.0,0.0,13934200000.0,3955200000.0,9979000000.0,28353759173.0,340000000.0,-758500000.0,-927800000.0,6718600000.0,0.0,-383400000.0,-974500000.0,-18500000.0,1706400000.0,-8500000.0,1223800000.0,1223800000.0,1223800000.0,30700000.0,0.0,0.125,2605700000.0,2330800000.0,1733300000.0,0.0,4.033,23.169,23.804,1150600000.0,0.0,38.8,2.899,2.927,2172500000.0,317200000.0,9780100000.0,9780100000.0,0.0,,,,0.236,22100000.0,2299700000.0,1.0,730766989.0,737800000,739000000.0,13.256,9763900000.0,157400000.0,986000000.0,12500000.0,13.234,-188900000.0
55,VIAB,MRT,2005-12-31,2005-12-31,2005-12-31,2019-11-16,-50200000.0,19115600000.0,18778200000.0,3512800000.0,15602800000.0,0.507,10.362,-193000000.0,361100000.0,361100000.0,4669500000.0,1256900000.0,1.075,1.455,5757900000.0,55800000.0,5702100000.0,5757900000.0,284500000.0,256100000.0,0.0,0.0,0.0,2293100000.0,2549200000.0,0.268,2549200000.0,2293100000.0,2275000000.0,1.67,1.67,1.67,7787900000.0,10626550000.0,7787900000.0,,,,1442900000.0,1.92,1.0,4850000000.0,0.509,10732200000.0,18100000.0,10511600000.0,7922950000.0,3479800000.0,0.0,0.0,0.0,11327700000.0,3268600000.0,8059100000.0,30071061597.0,211100000.0,48100000.0,-8400000.0,5340400000.0,0.0,-1251200000.0,-165100000.0,-14500000.0,1635900000.0,-8500000.0,1256900000.0,1256900000.0,1256900000.0,42700000.0,0.0,0.132,2519800000.0,2330200000.0,1538700000.0,0.0,3.861,23.925,24.641,1179900000.0,0.0,41.15,3.159,3.249,1981700000.0,0.0,9519500000.0,9519500000.0,0.0,0.067,0.118,0.289,0.241,15100000.0,2235200000.0,1.0,730766989.0,751600000,751600000.0,12.666,8383400000.0,132000000.0,1018100000.0,41200000.0,11.154,244200000.0
56,VIAB,MRT,2005-09-30,2005-09-30,2005-09-30,2019-11-16,,,,,,,,,,,,,,,,,,,,,,,0.0,,,,,,,,,,,,,,,,,,1.0,,,,,,,,,,,,,,,,,,,,,,,,,,,,,,,,,,,,,,,,,,,,,,,,,,,,,,1.0,,751600000,,,,,,,,
57,VIAB,MRT,2005-06-30,2005-06-30,2005-06-30,2019-11-16,,,,,,,,,,,,,,,,,,,,,,,0.0,,,,,,,,,,,,,,,,,,1.0,,,,,,,,,,,,,,,,,,,,,,,,,,,,,,,,,,,,,,,,,,,,,,,,,,,,,,1.0,,751600000,,,,,,,,
58,VIAB,MRT,2005-03-31,2005-03-31,2005-03-31,2019-11-16,,,,,,,,,,,,,,,,,,,,,,,0.0,,,,,,,,,,,,,,,,,,1.0,,,,,,,,,,,,,,,,,,,,,,,,,,,,,,,,,,,,,,,,,,,,,,,,,,,,,,1.0,,751600000,,,,,,,,
59,VIAB,MRT,2004-12-31,2004-12-31,2004-12-31,2019-11-16,0.0,18440800000.0,,2626300000.0,15814500000.0,,17.915,-140500000.0,148900000.0,148900000.0,3908000000.0,293700000.0,0.943,0.37,345100000.0,53400000.0,291700000.0,345100000.0,272600000.0,251600000.0,0.0,,0.0,1122800000.0,1374400000.0,0.169,1374400000.0,1122800000.0,1101900000.0,0.39,0.39,0.39,13465200000.0,,13465200000.0,,,,1843600000.0,2.453,1.0,4224200000.0,0.519,10517100000.0,20900000.0,5334300000.0,,3137000000.0,0.0,0.0,0.0,4975600000.0,2785600000.0,2190000000.0,,-143100000.0,374400000.0,-7900000.0,-52100000.0,0.0,-1844400000.0,-288600000.0,-74300000.0,1984100000.0,5800000.0,293700000.0,293700000.0,293700000.0,1099200000.0,0.0,0.036,1959100000.0,2265100000.0,1227700000.0,0.0,,,,1104900000.0,0.0,,,,1828800000.0,,8132200000.0,8132200000.0,0.0,,,,0.138,0.0,1689800000.0,1.0,,751600000,751600000.0,10.82,7923700000.0,448600000.0,808200000.0,0.0,10.542,-159300000.0
60,VIAB,MRT,2003-12-31,2003-12-31,2003-12-31,2019-11-16,,,,,,,,-114300000.0,,,3672600000.0,338500000.0,,,,,,,,197900000.0,,,0.0,1149300000.0,1347200000.0,0.184,1347200000.0,1149300000.0,1126100000.0,0.45,0.45,0.45,,,,,,,1796700000.0,2.391,1.0,3631800000.0,0.497,,23200000.0,,,,,,,,,,,96100000.0,-1307200000.0,0.0,-41500000.0,0.0,-220300000.0,-1594600000.0,0.0,1911000000.0,0.0,338500000.0,338500000.0,338500000.0,802800000.0,0.0,0.046,1654600000.0,1977200000.0,,0.0,,,,,0.0,,,,,,7304400000.0,7304400000.0,0.0,,,,0.157,0.0,1432100000.0,1.0,,751600000,751600000.0,9.718,,,787600000.0,,,
