None,ticker,dimension,calendardate,datekey,reportperiod,lastupdated,accoci,assets,assetsavg,assetsc,assetsnc,assetturnover,bvps,capex,cashneq,cashnequsd,cor,consolinc,currentratio,de,debt,debtc,debtnc,debtusd,deferredrev,depamor,deposits,divyield,dps,ebit,ebitda,ebitdamargin,ebitdausd,ebitusd,ebt,eps,epsdil,epsusd,equity,equityavg,equityusd,ev,evebit,evebitda,fcf,fcfps,fxusd,gp,grossmargin,intangibles,intexp,invcap,invcapavg,inventory,investments,investmentsc,investmentsnc,liabilities,liabilitiesc,liabilitiesnc,marketcap,ncf,ncfbus,ncfcommon,ncfdebt,ncfdiv,ncff,ncfi,ncfinv,ncfo,ncfx,netinc,netinccmn,netinccmnusd,netincdis,netincnci,netmargin,opex,opinc,payables,payoutratio,pb,pe,pe1,ppnenet,prefdivis,price,ps,ps1,receivables,retearn,revenue,revenueusd,rnd,roa,roe,roic,ros,sbcomp,sgna,sharefactor,sharesbas,shareswa,shareswadil,sps,tangibles,taxassets,taxexp,taxliabilities,tbvps,workingcapital
0,OI,MRY,2020-12-31,2020-12-31,2020-12-31,2021-08-04,0.0,8882000000.0,9147250000.0,2297000000.0,6585000000.0,0.666,2.551,-311000000.0,563000000.0,563000000.0,5119000000.0,264000000.0,1.21,21.15,5142000000.0,197000000.0,4945000000.0,5142000000.0,0.0,468000000.0,0.0,0.004,0.05,603000000.0,1071000000.0,0.176,1071000000.0,603000000.0,338000000.0,1.59,1.57,1.59,401000000.0,196000000.0,401000000.0,6639271723.0,11.0,6.199,146000000.0,0.929,1.0,972000000.0,0.16,2276000000.0,265000000.0,9287000000.0,10235000000.0,841000000.0,0.0,0.0,0.0,8481000000.0,1898000000.0,6583000000.0,1870271723.0,12000000.0,404000000.0,-3000000.0,-630000000.0,-8000000.0,-557000000.0,93000000.0,0.0,457000000.0,19000000.0,249000000.0,249000000.0,249000000.0,0.0,15000000.0,0.041,391000000.0,581000000.0,1126000000.0,0.031,4.664,7.511,7.484,2907000000.0,0.0,11.9,0.307,0.307,623000000.0,152000000.0,6091000000.0,6091000000.0,75000000.0,0.027,1.27,0.059,0.099,0.0,403000000.0,1.0,157165691.0,157165691.0,,38.755,6606000000.0,0.0,89000000.0,0.0,42.032,399000000.0
1,OI,MRY,2019-12-31,2019-12-31,2019-12-31,2021-08-04,-1843000000.0,9610000000.0,10008250000.0,2488000000.0,7122000000.0,0.669,3.001,-426000000.0,551000000.0,551000000.0,5483000000.0,-382000000.0,1.247,19.37,5559000000.0,124000000.0,5435000000.0,5559000000.0,0.0,499000000.0,0.0,0.017,0.2,29000000.0,528000000.0,0.079,528000000.0,29000000.0,-282000000.0,-2.58,-2.58,-2.58,467000000.0,750750000.0,467000000.0,7471671949.0,258.0,14.151,-21000000.0,-0.135,1.0,1208000000.0,0.181,2305000000.0,311000000.0,10318000000.0,10942500000.0,1045000000.0,694000000.0,0.0,694000000.0,9046000000.0,1995000000.0,7051000000.0,1856671949.0,39000000.0,-15000000.0,-42000000.0,215000000.0,-31000000.0,68000000.0,-437000000.0,0.0,405000000.0,3000000.0,-400000000.0,-400000000.0,-400000000.0,0.0,18000000.0,-0.06,1236000000.0,-28000000.0,1707000000.0,-0.078,3.976,-4.642,-4.624,3273000000.0,0.0,11.93,0.277,0.277,621000000.0,-89000000.0,6691000000.0,6691000000.0,68000000.0,-0.04,-0.533,0.003,0.004,0.0,439000000.0,1.0,155630507.0,155630507.0,,42.993,7305000000.0,0.0,118000000.0,142000000.0,46.938,493000000.0
2,OI,MRY,2018-12-31,2018-12-31,2018-12-31,2021-08-04,-1968000000.0,9699000000.0,9934500000.0,2357000000.0,7342000000.0,0.692,4.953,-536000000.0,512000000.0,512000000.0,5594000000.0,282000000.0,1.068,11.195,5341000000.0,160000000.0,5181000000.0,5341000000.0,0.0,494000000.0,0.0,0.0,0.0,626000000.0,1120000000.0,0.163,1120000000.0,626000000.0,365000000.0,1.61,1.59,1.61,786000000.0,967750000.0,786000000.0,7934964950.0,13.0,7.085,255000000.0,1.607,1.0,1283000000.0,0.187,2913000000.0,261000000.0,9408000000.0,10018500000.0,1018000000.0,698000000.0,0.0,698000000.0,8799000000.0,2207000000.0,6592000000.0,2735964950.0,20000000.0,-164000000.0,-158000000.0,140000000.0,0.0,-53000000.0,-698000000.0,0.0,791000000.0,-20000000.0,257000000.0,257000000.0,257000000.0,0.0,25000000.0,0.037,822000000.0,461000000.0,1696000000.0,0.0,3.481,10.646,10.708,3085000000.0,0.0,17.24,0.398,0.398,549000000.0,333000000.0,6877000000.0,6877000000.0,70000000.0,0.026,0.266,0.062,0.091,0.0,483000000.0,1.0,158698663.0,158698663.0,,43.334,6786000000.0,0.0,108000000.0,130000000.0,42.76,150000000.0
3,OI,MRY,2017-12-31,2017-12-31,2017-12-31,2021-08-04,-1826000000.0,9756000000.0,9748500000.0,2420000000.0,7336000000.0,0.705,4.957,-441000000.0,492000000.0,492000000.0,5536000000.0,202000000.0,1.061,10.927,5283000000.0,162000000.0,5121000000.0,5283000000.0,0.0,488000000.0,0.0,0.0,0.0,518000000.0,1006000000.0,0.146,1006000000.0,518000000.0,250000000.0,1.11,1.1,1.11,808000000.0,785500000.0,808000000.0,8895509894.0,17.0,8.842,280000000.0,1.718,1.0,1333000000.0,0.194,3029000000.0,268000000.0,9238000000.0,9813000000.0,1036000000.0,525000000.0,0.0,525000000.0,8829000000.0,2280000000.0,6549000000.0,3613509894.0,0.0,-25000000.0,-5000000.0,-342000000.0,0.0,-392000000.0,-351000000.0,0.0,721000000.0,22000000.0,180000000.0,180000000.0,180000000.0,0.0,22000000.0,0.026,867000000.0,466000000.0,1702000000.0,0.0,4.472,20.075,19.973,3131000000.0,0.0,22.17,0.526,0.526,663000000.0,84000000.0,6869000000.0,6869000000.0,60000000.0,0.018,0.229,0.053,0.075,0.0,484000000.0,1.0,162990974.0,162990974.0,,42.143,6727000000.0,0.0,70000000.0,134000000.0,41.272,140000000.0
4,OI,MRY,2016-12-31,2016-12-31,2016-12-31,2021-08-04,-2172000000.0,9135000000.0,9496750000.0,2254000000.0,6881000000.0,0.706,1.566,-454000000.0,492000000.0,492000000.0,5392000000.0,230000000.0,1.094,34.535,5328000000.0,195000000.0,5133000000.0,5328000000.0,0.0,478000000.0,0.0,0.0,0.0,600000000.0,1078000000.0,0.161,1078000000.0,600000000.0,328000000.0,1.29,1.28,1.29,254000000.0,410750000.0,254000000.0,8124849735.0,14.0,7.537,297000000.0,1.831,1.0,1310000000.0,0.195,2926000000.0,272000000.0,8985000000.0,9802500000.0,983000000.0,433000000.0,0.0,433000000.0,8772000000.0,2060000000.0,6712000000.0,2823849735.0,93000000.0,29000000.0,5000000.0,-208000000.0,0.0,-228000000.0,-417000000.0,8000000.0,751000000.0,-13000000.0,209000000.0,209000000.0,209000000.0,0.0,21000000.0,0.031,568000000.0,742000000.0,1518000000.0,0.0,11.118,13.511,13.496,2880000000.0,0.0,17.41,0.421,0.421,580000000.0,-96000000.0,6702000000.0,6702000000.0,65000000.0,0.022,0.509,0.061,0.09,0.0,503000000.0,1.0,162196998.0,162196998.0,,41.32,6209000000.0,0.0,119000000.0,158000000.0,38.281,194000000.0
5,OI,MRY,2015-12-31,2015-12-31,2015-12-31,2021-08-04,-2017000000.0,9421000000.0,8476250000.0,2334000000.0,7087000000.0,0.726,1.063,-402000000.0,399000000.0,399000000.0,5046000000.0,158000000.0,1.1,53.462,5573000000.0,228000000.0,5345000000.0,5573000000.0,0.0,409000000.0,0.0,0.0,0.0,492000000.0,901000000.0,0.146,901000000.0,492000000.0,241000000.0,0.83,0.82,0.83,171000000.0,415000000.0,171000000.0,8390794180.0,17.0,9.313,206000000.0,1.281,1.0,1110000000.0,0.18,3086000000.0,251000000.0,9387000000.0,8321250000.0,1007000000.0,409000000.0,0.0,409000000.0,9142000000.0,2122000000.0,7020000000.0,2801794180.0,-113000000.0,-2351000000.0,-99000000.0,2268000000.0,0.0,2057000000.0,-2748000000.0,4000000.0,608000000.0,-30000000.0,135000000.0,135000000.0,135000000.0,0.0,23000000.0,0.022,540000000.0,570000000.0,1583000000.0,0.0,16.385,20.754,20.988,2961000000.0,0.0,17.42,0.455,0.455,562000000.0,-305000000.0,6156000000.0,6156000000.0,64000000.0,0.016,0.325,0.059,0.08,0.0,476000000.0,1.0,160837783.0,160837783.0,,38.275,6335000000.0,0.0,106000000.0,160000000.0,39.388,212000000.0
6,OI,MRY,2014-12-31,2014-12-31,2014-12-31,2021-08-04,-1494000000.0,7843000000.0,8265750000.0,2371000000.0,5472000000.0,0.821,3.966,-369000000.0,512000000.0,512000000.0,5531000000.0,192000000.0,1.018,10.813,3445000000.0,488000000.0,2957000000.0,3445000000.0,0.0,418000000.0,0.0,0.0,0.0,486000000.0,904000000.0,0.133,904000000.0,486000000.0,256000000.0,1.0,0.99,1.0,654000000.0,1539750000.0,654000000.0,7687914611.0,16.0,8.504,306000000.0,1.856,1.0,1253000000.0,0.185,1893000000.0,230000000.0,6555000000.0,7039750000.0,1035000000.0,427000000.0,0.0,427000000.0,7072000000.0,2328000000.0,4744000000.0,4450914611.0,129000000.0,-114000000.0,-29000000.0,7000000.0,0.0,-70000000.0,-455000000.0,9000000.0,675000000.0,-21000000.0,164000000.0,164000000.0,164000000.0,0.0,28000000.0,0.024,586000000.0,667000000.0,1509000000.0,0.0,6.806,27.14,26.99,2445000000.0,0.0,26.99,0.656,0.656,550000000.0,-440000000.0,6784000000.0,6784000000.0,63000000.0,0.02,0.107,0.069,0.072,0.0,523000000.0,1.0,164909767.0,164909767.0,,41.138,5950000000.0,0.0,92000000.0,164000000.0,36.08,43000000.0
7,OI,MRY,2013-12-31,2013-12-31,2013-12-31,2021-08-04,-1121000000.0,8419000000.0,8454500000.0,2550000000.0,5869000000.0,0.824,8.825,-361000000.0,383000000.0,383000000.0,5636000000.0,330000000.0,1.131,4.681,3567000000.0,322000000.0,3245000000.0,3567000000.0,0.0,397000000.0,0.0,0.0,0.0,666000000.0,1063000000.0,0.153,1063000000.0,666000000.0,437000000.0,1.92,1.91,1.92,1456000000.0,1295500000.0,1456000000.0,9348499346.0,14.0,8.794,321000000.0,1.946,1.0,1331000000.0,0.191,2059000000.0,229000000.0,7290000000.0,7730750000.0,1117000000.0,315000000.0,0.0,315000000.0,6816000000.0,2254000000.0,4562000000.0,5903499346.0,-48000000.0,-36000000.0,-33000000.0,-264000000.0,0.0,-321000000.0,-402000000.0,-16000000.0,682000000.0,-7000000.0,317000000.0,317000000.0,317000000.0,0.0,13000000.0,0.046,568000000.0,763000000.0,1575000000.0,0.0,4.055,18.623,18.635,2632000000.0,0.0,35.78,0.847,0.847,943000000.0,-11000000.0,6967000000.0,6967000000.0,62000000.0,0.037,0.245,0.086,0.096,0.0,506000000.0,1.0,164994392.0,164994392.0,,42.226,6360000000.0,0.0,120000000.0,234000000.0,38.547,296000000.0
8,OI,MRY,2012-12-31,2012-12-31,2012-12-31,2021-08-04,-1506000000.0,8598000000.0,8866000000.0,2648000000.0,5950000000.0,0.79,5.355,-290000000.0,431000000.0,431000000.0,5626000000.0,218000000.0,1.225,8.562,3773000000.0,319000000.0,3454000000.0,3773000000.0,0.0,412000000.0,0.0,0.0,0.0,531000000.0,943000000.0,0.135,943000000.0,531000000.0,292000000.0,1.12,1.11,1.12,881000000.0,1100000000.0,881000000.0,7056550420.0,13.0,7.483,285000000.0,1.732,1.0,1374000000.0,0.196,2079000000.0,239000000.0,7699000000.0,8288250000.0,1272000000.0,294000000.0,0.0,294000000.0,7543000000.0,2162000000.0,5381000000.0,3499550420.0,31000000.0,-5000000.0,-23000000.0,-321000000.0,0.0,-339000000.0,-221000000.0,-21000000.0,575000000.0,16000000.0,184000000.0,184000000.0,184000000.0,0.0,34000000.0,0.026,617000000.0,757000000.0,1473000000.0,0.0,3.972,19.019,18.991,2769000000.0,0.0,21.27,0.5,0.5,968000000.0,-195000000.0,7000000000.0,7000000000.0,62000000.0,0.021,0.167,0.064,0.076,0.0,555000000.0,1.0,164529874.0,164529874.0,,42.545,6519000000.0,0.0,108000000.0,225000000.0,39.622,486000000.0
9,OI,MRY,2011-12-31,2011-12-31,2011-12-31,2021-08-04,-1321000000.0,8975000000.0,9698500000.0,2743000000.0,6232000000.0,0.759,5.407,-285000000.0,400000000.0,400000000.0,5969000000.0,-480000000.0,1.222,8.935,4033000000.0,406000000.0,3627000000.0,4033000000.0,0.0,422000000.0,0.0,0.0,0.0,-101000000.0,321000000.0,0.044,321000000.0,-101000000.0,-415000000.0,-3.05,-3.05,-3.05,888000000.0,1772000000.0,888000000.0,7015072984.0,-69.0,21.854,218000000.0,1.327,1.0,1389000000.0,0.189,2082000000.0,314000000.0,8281000000.0,8736000000.0,1216000000.0,315000000.0,0.0,315000000.0,7934000000.0,2245000000.0,5689000000.0,3183072984.0,-240000000.0,-144000000.0,5000000.0,-252000000.0,0.0,-323000000.0,-426000000.0,0.0,503000000.0,6000000.0,-500000000.0,-500000000.0,-500000000.0,0.0,20000000.0,-0.068,627000000.0,762000000.0,1487000000.0,0.0,3.585,-6.366,-6.354,2877000000.0,0.0,19.38,0.433,0.433,1158000000.0,-379000000.0,7358000000.0,7358000000.0,71000000.0,-0.052,-0.282,-0.012,-0.014,0.0,556000000.0,1.0,164245252.0,164245252.0,,44.799,6893000000.0,0.0,85000000.0,250000000.0,41.968,498000000.0
10,OI,MRY,2010-12-31,2010-12-31,2010-12-31,2021-08-04,-897000000.0,9754000000.0,9091750000.0,2738000000.0,7016000000.0,0.73,11.092,-503000000.0,640000000.0,640000000.0,5281000000.0,-3000000.0,1.317,4.258,4278000000.0,354000000.0,3924000000.0,4278000000.0,0.0,391000000.0,0.0,0.0,0.0,333000000.0,724000000.0,0.109,724000000.0,333000000.0,84000000.0,-0.28,-0.27,-0.28,1815000000.0,1692000000.0,1815000000.0,8668413902.0,26.0,11.973,89000000.0,0.544,1.0,1352000000.0,0.204,2821000000.0,249000000.0,8492000000.0,7832000000.0,1093000000.0,299000000.0,0.0,299000000.0,7728000000.0,2079000000.0,5649000000.0,5023613902.0,-172000000.0,-817000000.0,-194000000.0,778000000.0,0.0,547000000.0,-1314000000.0,0.0,592000000.0,3000000.0,-45000000.0,-45000000.0,-45000000.0,-31000000.0,42000000.0,-0.007,765000000.0,587000000.0,1363000000.0,0.0,2.768,-111.636,-109.643,3107000000.0,0.0,30.7,0.757,0.757,1075000000.0,82000000.0,6633000000.0,6633000000.0,62000000.0,-0.005,-0.027,0.043,0.05,0.0,492000000.0,1.0,163635632.0,163635632.0,,40.535,6933000000.0,0.0,129000000.0,235000000.0,42.369,659000000.0
11,OI,MRY,2009-12-31,2009-12-31,2009-12-31,2021-08-04,-1318000000.0,8727000000.0,8553150000.0,2797000000.0,5930000000.0,0.778,9.127,-428000000.0,755000000.0,755000000.0,5317000000.0,198000000.0,1.375,4.546,3608000000.0,350000000.0,3258000000.0,3608000000.0,0.0,385000000.0,0.0,0.0,0.0,467000000.0,852000000.0,0.128,852000000.0,467000000.0,245000000.0,0.96,0.95,0.96,1538000000.0,1439850000.0,1538000000.0,8243335336.0,18.0,9.675,372000000.0,2.208,1.0,1335000000.0,0.201,2381000000.0,222000000.0,7165000000.0,7146350000.0,1011000000.0,115000000.0,1000000.0,114000000.0,6991000000.0,2034000000.0,4957000000.0,5538935336.0,432000000.0,-5000000.0,7000000.0,169000000.0,0.0,114000000.0,-418000000.0,0.0,800000000.0,-64000000.0,162000000.0,162000000.0,162000000.0,-66000000.0,36000000.0,0.024,980000000.0,355000000.0,1291000000.0,0.0,3.601,34.191,34.24,2711000000.0,0.0,32.87,0.833,0.833,983000000.0,129000000.0,6652000000.0,6652000000.0,58000000.0,0.019,0.113,0.065,0.07,0.0,493000000.0,1.0,168510354.0,168510354.0,,39.475,6346000000.0,0.0,83000000.0,224000000.0,37.659,763000000.0
12,OI,MRY,2008-12-31,2008-12-31,2008-12-31,2021-08-04,-1620600000.0,7976500000.0,9302075000.0,2444700000.0,5531800000.0,0.811,6.231,-362000000.0,379500000.0,379500000.0,5994000000.0,328000000.0,1.22,6.422,3334100000.0,393800000.0,2940300000.0,3334100000.0,0.0,449000000.0,0.0,0.0,0.0,721000000.0,1170000000.0,0.155,1170000000.0,721000000.0,468000000.0,1.53,1.52,1.53,1040600000.0,2234600000.0,1040600000.0,7611273324.0,11.0,6.505,395000000.0,2.365,1.0,1546000000.0,0.205,2207500000.0,253000000.0,6720300000.0,7765750000.0,1132000000.0,126700000.0,25000000.0,101700000.0,6683100000.0,2003300000.0,4679800000.0,4564273324.0,-8000000.0,0.0,15000000.0,-280000000.0,0.0,-365000000.0,-377000000.0,0.0,757000000.0,-23000000.0,258000000.0,258000000.0,258000000.0,-96000000.0,70000000.0,0.034,943000000.0,603000000.0,1214200000.0,0.0,4.386,17.691,17.863,2645600000.0,0.0,27.33,0.605,0.605,988800000.0,-32400000.0,7540000000.0,7540000000.0,66000000.0,0.028,0.115,0.093,0.096,0.0,499000000.0,1.0,167005976.0,167005976.0,,45.148,5769000000.0,0.0,210000000.0,156300000.0,34.544,441400000.0
13,OI,MRY,2007-12-31,2007-12-31,2007-12-31,2021-08-04,-176900000.0,9324600000.0,9773075000.0,2694600000.0,6630000000.0,0.774,13.953,-315800000.0,387700000.0,387700000.0,5971400000.0,1400300000.0,1.065,3.263,3714400000.0,700900000.0,3013500000.0,3714400000.0,0.0,452300000.0,0.0,0.0,0.0,1837000000.0,2289300000.0,0.303,2289300000.0,1837000000.0,1488400000.0,8.46,7.99,8.46,2187400000.0,1381150000.0,2187400000.0,11054993774.0,6.0,4.829,349200000.0,2.228,1.0,1595300000.0,0.211,2428100000.0,348600000.0,7693700000.0,9038975000.0,1176600000.0,140800000.0,59800000.0,81000000.0,7137200000.0,2529500000.0,4607700000.0,7759993774.0,165000000.0,1760200000.0,62800000.0,-2008300000.0,0.0,-1996200000.0,1444400000.0,0.0,665000000.0,51800000.0,1340600000.0,1319100000.0,1319100000.0,-1041500000.0,59700000.0,0.174,832900000.0,762400000.0,1382600000.0,0.0,3.548,5.883,5.851,2950000000.0,21500000.0,49.5,1.026,1.026,1185600000.0,-285300000.0,7566700000.0,7566700000.0,65800000.0,0.135,0.955,0.203,0.243,0.0,520600000.0,1.0,156767551.0,156767551.0,,48.267,6896500000.0,0.0,147800000.0,152300000.0,43.992,165100000.0
14,OI,MRY,2006-12-31,2006-12-31,2006-12-31,2021-08-04,-594200000.0,9320700000.0,9665075000.0,2432700000.0,6888000000.0,0.688,2.321,-320300000.0,222700000.0,222700000.0,5481100000.0,-27500000.0,1.028,25.13,5456600000.0,737200000.0,4719400000.0,5456600000.0,0.0,427700000.0,0.0,0.0,0.0,446800000.0,874500000.0,0.131,874500000.0,446800000.0,97800000.0,-0.32,-0.32,-0.32,356700000.0,716300000.0,356700000.0,8114680298.0,18.0,9.279,-170000000.0,-1.106,1.0,1169300000.0,0.176,2255200000.0,349000000.0,9933700000.0,10483525000.0,1127400000.0,129000000.0,32700000.0,96300000.0,8964000000.0,2365700000.0,6598300000.0,2835480298.0,-23900000.0,15100000.0,8000000.0,23600000.0,0.0,-9000000.0,-177900000.0,127300000.0,150300000.0,12700000.0,-27500000.0,-49000000.0,-49000000.0,23700000.0,0.0,-0.007,737300000.0,432000000.0,1206400000.0,0.0,7.949,-57.867,-57.656,2874500000.0,21500000.0,18.45,0.426,0.426,1041100000.0,-1604400000.0,6650400000.0,6650400000.0,48700000.0,-0.005,-0.068,0.043,0.067,0.0,530400000.0,1.0,153684569.0,153684569.0,,43.273,7065500000.0,0.0,125300000.0,172600000.0,45.974,67000000.0
15,OI,MRY,2005-12-31,2005-12-31,2005-12-31,2021-08-04,-235900000.0,9521800000.0,10107625000.0,2282300000.0,7239500000.0,0.63,4.736,-404100000.0,246600000.0,246600000.0,5084900000.0,-558600000.0,1.253,12.153,5297000000.0,278300000.0,5018700000.0,5297000000.0,0.0,436100000.0,0.0,0.0,0.0,146700000.0,582800000.0,0.091,582800000.0,146700000.0,-178700000.0,-3.85,-3.85,-3.85,723900000.0,1368750000.0,723900000.0,8227596780.0,56.0,14.117,49000000.0,0.321,1.0,1285200000.0,0.202,2369200000.0,325400000.0,10381100000.0,10735625000.0,1110700000.0,166800000.0,51900000.0,114900000.0,8797900000.0,1821900000.0,6976000000.0,3215996780.0,-31300000.0,155400000.0,21000000.0,-173600000.0,0.0,-273100000.0,-198000000.0,50700000.0,453100000.0,-13300000.0,-558600000.0,-580100000.0,-580100000.0,-64300000.0,0.0,-0.091,1166900000.0,118300000.0,1200000000.0,0.0,4.443,-5.544,-5.465,3152500000.0,21500000.0,21.04,0.505,0.505,1006200000.0,-1555400000.0,6370100000.0,6370100000.0,50900000.0,-0.057,-0.424,0.014,0.023,0.0,455200000.0,1.0,152851558.0,152851558.0,,41.675,7152600000.0,0.0,379900000.0,218600000.0,46.794,460400000.0
16,OI,MRY,2004-12-31,2004-12-31,2004-12-31,2021-08-04,45700000.0,10736700000.0,10731875000.0,2400800000.0,8335900000.0,0.584,10.284,-461800000.0,277900000.0,277900000.0,4918400000.0,235500000.0,1.259,5.952,5360400000.0,192500000.0,5167900000.0,5360400000.0,0.0,436000000.0,0.0,0.0,0.0,716300000.0,1152300000.0,0.184,1152300000.0,716300000.0,241400000.0,1.45,1.43,1.45,1544300000.0,1202475000.0,1544300000.0,9726017726.0,14.0,8.441,148100000.0,0.986,1.0,1345000000.0,0.215,3009100000.0,474900000.0,10903600000.0,11967350000.0,1309900000.0,144700000.0,27600000.0,117100000.0,9192400000.0,1906500000.0,7285900000.0,3401217726.0,114500000.0,800600000.0,27400000.0,-783500000.0,0.0,-837900000.0,338800000.0,0.0,609900000.0,3700000.0,235500000.0,235500000.0,235500000.0,-64000000.0,0.0,0.038,659800000.0,685200000.0,1311800000.0,0.0,2.202,14.443,15.621,3497700000.0,0.0,22.65,0.543,0.543,821300000.0,-975300000.0,6263400000.0,6263400000.0,59000000.0,0.022,0.196,0.06,0.114,0.0,402300000.0,1.0,150164138.0,150164138.0,,41.71,7727600000.0,0.0,5900000.0,237100000.0,51.461,494300000.0
17,OI,MRY,2003-12-31,2003-12-31,2003-12-31,2021-08-04,-243100000.0,9531300000.0,10087775000.0,2121800000.0,7409500000.0,0.502,6.788,-431500000.0,163400000.0,163400000.0,3967900000.0,-990800000.0,1.556,8.499,5425500000.0,92400000.0,5333100000.0,5425500000.0,0.0,391900000.0,0.0,0.0,0.0,-694700000.0,-302800000.0,-0.06,-302800000.0,-694700000.0,-1124500000.0,-6.89,-6.89,-6.89,1003400000.0,1638600000.0,1003400000.0,7111558748.0,-10.0,-23.486,-78400000.0,-0.53,1.0,1097900000.0,0.217,2129100000.0,429800000.0,11300900000.0,11512400000.0,1031900000.0,172100000.0,26800000.0,145300000.0,8527900000.0,1363400000.0,7164500000.0,1757458748.0,37000000.0,66700000.0,3600000.0,63100000.0,0.0,-122400000.0,-201800000.0,163000000.0,353100000.0,8100000.0,-990800000.0,-990800000.0,-990800000.0,660700000.0,0.0,-0.196,1106100000.0,-8200000.0,859900000.0,0.0,1.752,-1.774,-1.726,2657800000.0,0.0,11.89,0.347,0.347,657600000.0,-1189300000.0,5065800000.0,5065800000.0,64600000.0,-0.098,-0.605,-0.06,-0.137,0.0,320900000.0,1.0,147809819.0,147809819.0,,34.272,7402200000.0,0.0,-133700000.0,79700000.0,50.079,758400000.0
18,OI,MRY,2002-12-31,2002-12-31,2002-12-31,2021-08-04,-583600000.0,9869300000.0,9857250000.0,1887200000.0,7982100000.0,0.48,11.339,-496000000.0,126400000.0,126400000.0,3572900000.0,-460200000.0,1.455,4.907,5346200000.0,78200000.0,5268000000.0,5346200000.0,0.0,353400000.0,0.0,0.041,0.594,-137800000.0,215600000.0,0.046,215600000.0,-137800000.0,-510000000.0,-3.29,-3.29,-3.29,1670800000.0,1571525000.0,1670800000.0,7357309554.0,-53.0,34.125,107100000.0,0.727,1.0,1158300000.0,0.245,2691200000.0,372200000.0,11100500000.0,11194475000.0,1089700000.0,209600000.0,17600000.0,192000000.0,8198500000.0,1297400000.0,6901100000.0,2148409554.0,-29200000.0,21400000.0,6800000.0,-44000000.0,0.0,-157300000.0,-474600000.0,0.0,603100000.0,-400000.0,-460200000.0,-460200000.0,-460200000.0,-38000000.0,0.0,-0.097,848600000.0,309700000.0,876200000.0,-0.181,1.286,-4.668,-4.432,3324100000.0,0.0,14.58,0.454,0.454,714100000.0,-177000000.0,4731200000.0,4731200000.0,57600000.0,-0.047,-0.293,-0.012,-0.029,0.0,287900000.0,1.0,147353193.0,147353193.0,,32.108,7178100000.0,0.0,-49800000.0,307300000.0,48.714,589800000.0
19,OI,MRY,2001-12-31,2001-12-31,2001-12-31,2021-08-04,-576300000.0,10106600000.0,9951250000.0,1987200000.0,8119400000.0,0.604,14.69,-531900000.0,155600000.0,155600000.0,4218400000.0,356600000.0,1.614,3.697,5400900000.0,71200000.0,5329700000.0,5400900000.0,0.0,403200000.0,0.0,0.0,0.0,1081100000.0,1484300000.0,0.247,1484300000.0,1081100000.0,640500000.0,2.3,2.3,2.3,2151800000.0,2036800000.0,2151800000.0,6601558657.0,6.0,4.448,6200000.0,0.042,1.0,1794900000.0,0.298,2995300000.0,440600000.0,11125100000.0,11032625000.0,1035900000.0,182500000.0,16400000.0,166100000.0,7954800000.0,1231500000.0,6723300000.0,1463358657.0,-74100000.0,420700000.0,-2800000.0,-384200000.0,0.0,-496700000.0,-111200000.0,0.0,538100000.0,-4300000.0,356600000.0,356600000.0,356600000.0,0.0,0.0,0.059,693700000.0,1101200000.0,811800000.0,0.0,0.68,4.104,4.343,3259900000.0,0.0,9.99,0.243,0.243,791500000.0,304700000.0,6013300000.0,6013300000.0,72600000.0,0.036,0.175,0.098,0.18,0.0,341300000.0,1.0,146482348.0,146482348.0,,41.051,7111300000.0,0.0,283900000.0,477600000.0,48.547,755700000.0
20,OI,MRY,2000-12-31,2000-12-31,2000-12-31,2021-08-04,-506400000.0,10343200000.0,10544575000.0,2081700000.0,8261500000.0,0.551,12.894,-481400000.0,229700000.0,229700000.0,4359100000.0,-269700000.0,1.579,4.493,5849800000.0,120000000.0,5729800000.0,5849800000.0,0.0,412600000.0,0.0,0.0,0.0,73100000.0,485700000.0,0.084,485700000.0,73100000.0,-413600000.0,-2.0,-2.0,-2.0,1883000000.0,2118400000.0,1883000000.0,6538929692.0,89.0,13.463,-116600000.0,-0.798,1.0,1455700000.0,0.25,3101000000.0,486700000.0,11544300000.0,11864275000.0,1094400000.0,201100000.0,19700000.0,181400000.0,8460200000.0,1318000000.0,7142200000.0,830629692.0,-27400000.0,17300000.0,-14600000.0,59200000.0,0.0,23100000.0,-464100000.0,0.0,364800000.0,48800000.0,-269700000.0,-269700000.0,-269700000.0,0.0,0.0,-0.046,1360600000.0,95100000.0,912800000.0,0.0,0.441,-3.08,-2.844,3284900000.0,0.0,5.688,0.143,0.143,971600000.0,-30400000.0,5814800000.0,5814800000.0,78000000.0,-0.026,-0.127,0.006,0.013,0.0,285100000.0,1.0,146031943.0,146031943.0,,39.819,7242200000.0,0.0,-143900000.0,239600000.0,49.593,763700000.0
21,OI,MRY,1999-12-31,1999-12-31,1999-12-31,2021-08-04,-368600000.0,10756300000.0,10824000000.0,2109800000.0,8646500000.0,0.535,15.653,-650400000.0,257100000.0,257100000.0,4296400000.0,298300000.0,1.657,3.577,5938800000.0,205700000.0,5733100000.0,5938800000.0,0.0,403700000.0,0.0,0.0,0.0,909700000.0,1313400000.0,0.227,1313400000.0,909700000.0,483800000.0,1.79,1.78,1.79,2349900000.0,2443500000.0,2349900000.0,9307625208.0,10.0,7.087,-87400000.0,-0.582,1.0,1490300000.0,0.258,3294400000.0,425900000.0,11870500000.0,11830250000.0,1060700000.0,227300000.0,32100000.0,195200000.0,8406400000.0,1273100000.0,7133300000.0,3762125208.0,-14300000.0,303100000.0,-221000000.0,30300000.0,0.0,-213200000.0,-347300000.0,0.0,563000000.0,-16800000.0,298300000.0,298300000.0,298300000.0,0.0,0.0,0.052,566600000.0,923700000.0,860900000.0,0.0,1.601,12.612,14.0,3444100000.0,0.0,25.06,0.65,0.65,1061700000.0,284100000.0,5786700000.0,5786700000.0,79700000.0,0.028,0.122,0.077,0.157,0.0,295600000.0,1.0,150124709.0,150124709.0,,38.546,7461900000.0,0.0,185500000.0,433900000.0,49.705,836700000.0
22,OI,MRY,1998-12-31,1998-12-31,1998-12-31,2021-08-04,-190700000.0,11060700000.0,9932350000.0,2177100000.0,8883600000.0,0.554,15.911,-573500000.0,271400000.0,271400000.0,4075600000.0,108000000.0,1.64,3.474,5916700000.0,249500000.0,5667200000.0,5916700000.0,0.0,358500000.0,0.0,0.0,0.0,554700000.0,913200000.0,0.166,913200000.0,554700000.0,174700000.0,0.62,0.62,0.62,2472000000.0,2267700000.0,2472000000.0,10299252211.0,19.0,11.278,73800000.0,0.475,1.0,1423700000.0,0.259,3314900000.0,380000000.0,12064000000.0,10990850000.0,1092300000.0,216400000.0,21100000.0,195300000.0,8588700000.0,1327100000.0,7261600000.0,4758752211.0,53200000.0,-3659100000.0,641100000.0,2634000000.0,0.0,3642600000.0,-4232600000.0,0.0,647300000.0,-4100000.0,108000000.0,108000000.0,108000000.0,0.0,0.0,0.02,834700000.0,589000000.0,868800000.0,0.0,1.925,44.063,49.403,3427000000.0,0.0,30.63,0.865,0.865,1090500000.0,7300000.0,5499300000.0,5499300000.0,71200000.0,0.011,0.048,0.05,0.101,0.0,274200000.0,1.0,155362462.0,155362462.0,,35.397,7745800000.0,0.0,66700000.0,355900000.0,49.856,850000000.0
23,OI,MRY,1997-12-31,1997-12-31,1997-12-31,2021-08-04,-148000000.0,6845100000.0,6788175000.0,1648300000.0,5196800000.0,0.711,9.543,-471300000.0,218200000.0,218200000.0,3666400000.0,167900000.0,1.579,4.101,3323600000.0,176900000.0,3146700000.0,3323600000.0,0.0,283500000.0,0.0,0.0,0.0,619100000.0,902600000.0,0.187,902600000.0,619100000.0,316400000.0,1.25,1.24,1.25,1341900000.0,1154500000.0,1341900000.0,,,,-26100000.0,-0.186,1.0,1162000000.0,0.241,1294900000.0,302700000.0,7611800000.0,7605375000.0,819600000.0,103800000.0,16100000.0,87700000.0,5503200000.0,1043800000.0,4459400000.0,5334728528.0,57300000.0,-79700000.0,503800000.0,-156800000.0,0.0,182300000.0,-551000000.0,0.0,445200000.0,-19200000.0,167900000.0,167900000.0,167900000.0,0.0,0.0,0.035,407000000.0,755000000.0,691100000.0,0.0,3.976,31.773,30.352,2405400000.0,0.0,37.94,1.105,1.105,920900000.0,-90300000.0,4828400000.0,4828400000.0,58800000.0,0.025,0.145,0.081,0.128,0.0,232800000.0,1.0,140609608.0,140609608.0,,34.339,5550200000.0,0.0,148500000.0,234000000.0,39.472,604500000.0
24,OI,MRY,1996-12-31,1996-12-31,1996-12-31,2021-08-04,-82300000.0,6105300000.0,,1285100000.0,4820200000.0,,,-388400000.0,160900000.0,160900000.0,3025600000.0,191100000.0,1.42,7.367,3394700000.0,141500000.0,3253200000.0,3394700000.0,0.0,219800000.0,0.0,0.0,0.0,598600000.0,818400000.0,0.206,818400000.0,598600000.0,296000000.0,1.58,1.55,1.58,729700000.0,,729700000.0,,,,-70600000.0,,1.0,950600000.0,0.239,1003500000.0,302600000.0,7430700000.0,,684000000.0,100000000.0,14400000.0,85600000.0,5375600000.0,904900000.0,4470700000.0,,51500000.0,-433700000.0,4300000.0,553600000.0,0.0,563500000.0,-822100000.0,0.0,317800000.0,-7700000.0,191100000.0,191100000.0,191100000.0,0.0,0.0,0.048,323900000.0,626700000.0,561900000.0,0.0,,,14.399,1941600000.0,0.0,22.75,,,488800000.0,-258200000.0,3976200000.0,3976200000.0,56700000.0,,,,0.151,0.0,188600000.0,1.0,,,,,5101800000.0,0.0,104900000.0,213900000.0,,380200000.0
25,OI,MRY,1995-12-31,1995-12-31,1995-12-31,2021-08-04,,,,,,,,-283600000.0,,,2948500000.0,169100000.0,,,,,,,,188300000.0,,0.0,0.0,569500000.0,757800000.0,0.195,757800000.0,569500000.0,269900000.0,1.4,1.37,1.4,,,,,,,-31000000.0,,1.0,932500000.0,0.24,,299600000.0,,,,,,,,,,,0.0,-50700000.0,3800000.0,77200000.0,0.0,81000000.0,-334300000.0,0.0,252600000.0,700000.0,169100000.0,169100000.0,169100000.0,0.0,0.0,0.044,322900000.0,609600000.0,,0.0,,,10.357,,0.0,14.5,,,,,3881000000.0,3881000000.0,54800000.0,,,,0.147,0.0,187800000.0,1.0,,,,,,,100800000.0,,,
0,OI,MRQ,2021-06-30,2021-06-30,2021-06-30,2021-08-04,0.0,8874000000.0,,2399000000.0,6475000000.0,,3.179,-82000000.0,531000000.0,531000000.0,1354000000.0,123000000.0,1.422,16.677,5062000000.0,85000000.0,4977000000.0,5062000000.0,0.0,117000000.0,0.0,0.0,0.0,245000000.0,362000000.0,0.218,362000000.0,245000000.0,193000000.0,0.75,0.73,0.75,502000000.0,,502000000.0,7184704609.0,10.0,6.136,117000000.0,0.741,1.0,306000000.0,0.184,2241000000.0,52000000.0,9477000000.0,,796000000.0,0.0,0.0,0.0,8372000000.0,1687000000.0,6685000000.0,2578704609.0,-211000000.0,4000000.0,-18000000.0,-316000000.0,0.0,-356000000.0,-78000000.0,0.0,199000000.0,24000000.0,118000000.0,118000000.0,118000000.0,0.0,5000000.0,0.071,135000000.0,171000000.0,1038000000.0,0.0,5.137,8.058,8.005,2842000000.0,0.0,16.33,0.411,0.411,855000000.0,,1660000000.0,1660000000.0,19000000.0,,,,,0.0,116000000.0,1.0,157912101.0,157902000.0,160791000.0,10.513,6633000000.0,0.0,75000000.0,0.0,42.007,712000000.0
1,OI,MRQ,2021-03-31,2021-03-31,2021-03-31,2021-08-04,0.0,8825000000.0,,2486000000.0,6339000000.0,,1.663,-93000000.0,742000000.0,742000000.0,1256000000.0,-91000000.0,1.461,32.683,5348000000.0,180000000.0,5168000000.0,5348000000.0,0.0,115000000.0,0.0,0.0,0.0,-20000000.0,95000000.0,0.063,95000000.0,-20000000.0,-71000000.0,-0.62,-0.62,-0.62,262000000.0,,262000000.0,6899673147.0,15.0,7.59,-149000000.0,-0.946,1.0,244000000.0,0.163,2190000000.0,51000000.0,9539000000.0,,827000000.0,0.0,0.0,0.0,8563000000.0,1702000000.0,6861000000.0,2320673147.0,179000000.0,62000000.0,-2000000.0,290000000.0,0.0,288000000.0,-31000000.0,0.0,-56000000.0,-22000000.0,-97000000.0,-97000000.0,-97000000.0,0.0,6000000.0,-0.065,120000000.0,124000000.0,998000000.0,0.0,8.858,22.977,22.677,2791000000.0,0.0,14.74,0.385,0.385,714000000.0,,1500000000.0,1500000000.0,18000000.0,,,,,0.0,102000000.0,1.0,157440512.0,157571000.0,157571000.0,9.52,6635000000.0,0.0,26000000.0,0.0,42.108,784000000.0
2,OI,MRQ,2020-12-31,2020-12-31,2020-12-31,2021-08-04,0.0,8882000000.0,,2297000000.0,6585000000.0,,2.551,-65000000.0,563000000.0,563000000.0,1232000000.0,-25000000.0,1.21,21.15,5142000000.0,197000000.0,4945000000.0,5142000000.0,0.0,105000000.0,0.0,0.004,0.0,63000000.0,168000000.0,0.112,168000000.0,63000000.0,10000000.0,-0.18,-0.19,-0.18,401000000.0,,401000000.0,6639271723.0,11.0,6.199,264000000.0,1.68,1.0,264000000.0,0.176,2276000000.0,53000000.0,9287000000.0,,841000000.0,0.0,0.0,0.0,8481000000.0,1898000000.0,6583000000.0,1870271723.0,-43000000.0,8000000.0,-3000000.0,-330000000.0,0.0,-338000000.0,-58000000.0,0.0,329000000.0,24000000.0,-29000000.0,-29000000.0,-29000000.0,0.0,4000000.0,-0.019,185000000.0,79000000.0,1126000000.0,0.0,4.664,7.511,7.484,2907000000.0,0.0,11.9,0.307,0.307,623000000.0,152000000.0,1496000000.0,1496000000.0,30000000.0,,,,,0.0,95000000.0,1.0,157165691.0,157165691.0,,9.519,6606000000.0,0.0,39000000.0,0.0,42.032,399000000.0
3,OI,MRQ,2020-09-30,2020-09-30,2020-09-30,2021-08-04,0.0,8624000000.0,,2384000000.0,6240000000.0,,1.687,-57000000.0,606000000.0,606000000.0,1339000000.0,335000000.0,1.405,31.543,5375000000.0,212000000.0,5163000000.0,5375000000.0,0.0,116000000.0,0.0,0.009,0.0,430000000.0,546000000.0,0.338,546000000.0,430000000.0,369000000.0,2.09,2.06,2.09,265000000.0,,265000000.0,7102162324.0,10.0,6.029,205000000.0,1.305,1.0,277000000.0,0.171,2158000000.0,61000000.0,9538000000.0,,782000000.0,0.0,0.0,0.0,8359000000.0,1697000000.0,6662000000.0,1662162324.0,-461000000.0,441000000.0,0.0,-1222000000.0,0.0,-1123000000.0,384000000.0,0.0,262000000.0,16000000.0,328000000.0,328000000.0,328000000.0,0.0,7000000.0,0.203,-139000000.0,416000000.0,910000000.0,0.0,6.272,5.414,5.376,2675000000.0,0.0,10.59,0.267,0.267,724000000.0,,1616000000.0,1616000000.0,16000000.0,,,,,0.0,95000000.0,1.0,156955838.0,157073000.0,159299000.0,10.288,6466000000.0,0.0,41000000.0,0.0,41.166,687000000.0
4,OI,MRQ,2020-06-30,2020-06-30,2020-06-30,2021-08-04,0.0,9579000000.0,,3012000000.0,6567000000.0,,0.268,-69000000.0,1067000000.0,1067000000.0,1255000000.0,-101000000.0,1.597,227.071,6507000000.0,404000000.0,6103000000.0,6507000000.0,0.0,121000000.0,0.0,0.017,0.0,-21000000.0,100000000.0,0.071,100000000.0,-21000000.0,-119000000.0,-0.64,-0.64,-0.64,42000000.0,,42000000.0,6913010750.0,-35.0,23.198,112000000.0,0.714,1.0,163000000.0,0.115,2120000000.0,98000000.0,11013000000.0,,1004000000.0,0.0,0.0,0.0,9537000000.0,1886000000.0,7651000000.0,1406010750.0,176000000.0,2000000.0,2000000.0,63000000.0,0.0,55000000.0,-68000000.0,0.0,181000000.0,8000000.0,-101000000.0,-101000000.0,-101000000.0,0.0,0.0,-0.071,110000000.0,53000000.0,916000000.0,0.0,33.476,-2.359,-2.357,2976000000.0,0.0,8.98,0.224,0.224,696000000.0,,1418000000.0,1418000000.0,13000000.0,,,,,0.0,97000000.0,1.0,156571353.0,156790000.0,156790000.0,9.044,7459000000.0,0.0,-18000000.0,0.0,47.573,1126000000.0
5,OI,MRQ,2020-03-31,2020-03-31,2020-03-31,2021-08-04,0.0,9504000000.0,,2962000000.0,6542000000.0,,0.487,-120000000.0,891000000.0,891000000.0,1293000000.0,55000000.0,1.624,124.053,6398000000.0,283000000.0,6115000000.0,6398000000.0,0.0,126000000.0,0.0,0.028,0.05,129000000.0,255000000.0,0.163,255000000.0,129000000.0,76000000.0,0.32,0.32,0.32,76000000.0,,76000000.0,6116505062.0,-437.0,12.611,-435000000.0,-2.787,1.0,268000000.0,0.172,2085000000.0,53000000.0,11102000000.0,,1047000000.0,0.0,0.0,0.0,9428000000.0,1824000000.0,7604000000.0,1108505062.0,340000000.0,-47000000.0,-2000000.0,859000000.0,-8000000.0,849000000.0,-165000000.0,0.0,-315000000.0,-29000000.0,50000000.0,50000000.0,50000000.0,0.0,5000000.0,0.032,132000000.0,136000000.0,1025000000.0,0.156,14.586,-2.578,-2.585,2987000000.0,0.0,7.11,0.168,0.168,767000000.0,,1561000000.0,1561000000.0,16000000.0,,,,,0.0,116000000.0,1.0,155907885.0,156081000.0,157684000.0,10.001,7419000000.0,0.0,26000000.0,0.0,47.533,1138000000.0
6,OI,MRQ,2019-12-31,2019-12-31,2019-12-31,2021-08-04,-1843000000.0,9610000000.0,,2488000000.0,7122000000.0,,3.001,-93000000.0,551000000.0,551000000.0,1352000000.0,31000000.0,1.247,19.37,5559000000.0,124000000.0,5435000000.0,5559000000.0,0.0,119000000.0,0.0,0.017,0.05,158000000.0,277000000.0,0.17,277000000.0,158000000.0,62000000.0,0.2,0.2,0.2,467000000.0,,467000000.0,7471671949.0,258.0,14.151,559000000.0,3.592,1.0,276000000.0,0.17,2305000000.0,96000000.0,10318000000.0,,1045000000.0,694000000.0,0.0,694000000.0,9046000000.0,1995000000.0,7051000000.0,1856671949.0,278000000.0,162000000.0,-4000000.0,-378000000.0,-7000000.0,-450000000.0,68000000.0,0.0,652000000.0,8000000.0,30000000.0,30000000.0,30000000.0,-1000000.0,1000000.0,0.018,138000000.0,138000000.0,1707000000.0,0.25,3.976,-4.642,-4.624,3273000000.0,0.0,11.93,0.277,0.277,621000000.0,-89000000.0,1628000000.0,1628000000.0,18000000.0,,,,,0.0,100000000.0,1.0,155630507.0,155630507.0,,10.461,7305000000.0,0.0,32000000.0,142000000.0,46.938,493000000.0
7,OI,MRQ,2019-09-30,2019-09-30,2019-09-30,2021-08-04,0.0,9548000000.0,,2534000000.0,7014000000.0,,2.803,-100000000.0,273000000.0,273000000.0,1371000000.0,-567000000.0,1.154,20.899,5888000000.0,376000000.0,5512000000.0,5888000000.0,0.0,127000000.0,0.0,0.015,0.05,-461000000.0,-334000000.0,-0.2,-334000000.0,-461000000.0,-544000000.0,-3.69,-3.69,-3.69,436000000.0,,436000000.0,7556542897.0,-116.0,17.78,316000000.0,2.032,1.0,299000000.0,0.179,2297000000.0,83000000.0,10671000000.0,,1015000000.0,0.0,0.0,0.0,9112000000.0,2195000000.0,6917000000.0,1596542897.0,-98000000.0,1000000.0,0.0,-377000000.0,-8000000.0,-408000000.0,-95000000.0,0.0,416000000.0,-11000000.0,-575000000.0,-575000000.0,-575000000.0,0.0,8000000.0,-0.344,769000000.0,-470000000.0,1064000000.0,-0.014,3.662,-3.62,-3.655,3104000000.0,0.0,10.27,0.238,0.238,968000000.0,,1670000000.0,1670000000.0,16000000.0,,,,,0.0,108000000.0,1.0,155456952.0,155536000.0,155536000.0,10.737,7251000000.0,0.0,31000000.0,0.0,46.619,339000000.0
8,OI,MRQ,2019-06-30,2019-06-30,2019-06-30,2021-08-04,0.0,10723000000.0,,2943000000.0,7780000000.0,,7.017,-112000000.0,371000000.0,371000000.0,1420000000.0,70000000.0,1.526,8.838,6331000000.0,96000000.0,6235000000.0,6331000000.0,0.0,127000000.0,0.0,0.006,0.05,160000000.0,287000000.0,0.163,287000000.0,160000000.0,92000000.0,0.42,0.42,0.42,1090000000.0,,1090000000.0,8265831771.0,13.0,7.427,-180000000.0,-1.159,1.0,336000000.0,0.191,2949000000.0,68000000.0,11805000000.0,,1015000000.0,0.0,0.0,0.0,9633000000.0,1929000000.0,7704000000.0,2680831771.0,45000000.0,-164000000.0,3000000.0,381000000.0,-8000000.0,386000000.0,-275000000.0,0.0,-68000000.0,2000000.0,65000000.0,65000000.0,65000000.0,1000000.0,5000000.0,0.037,134000000.0,202000000.0,1074000000.0,0.119,2.459,10.554,10.595,3216000000.0,0.0,17.27,0.396,0.397,1275000000.0,,1756000000.0,1756000000.0,18000000.0,,,,,0.0,116000000.0,1.0,155230560.0,155338000.0,156471000.0,11.304,7774000000.0,0.0,27000000.0,0.0,50.046,1014000000.0
9,OI,MRQ,2019-03-31,2019-03-31,2019-03-31,2021-08-04,0.0,10152000000.0,,2579000000.0,7573000000.0,,6.543,-121000000.0,326000000.0,326000000.0,1340000000.0,84000000.0,1.387,9.051,5911000000.0,91000000.0,5820000000.0,5911000000.0,0.0,126000000.0,0.0,0.003,0.05,171000000.0,297000000.0,0.181,297000000.0,171000000.0,106000000.0,0.51,0.51,0.51,1010000000.0,,1010000000.0,7744750096.0,13.0,7.073,-716000000.0,-4.638,1.0,298000000.0,0.182,2901000000.0,65000000.0,10976000000.0,,1038000000.0,0.0,0.0,0.0,9142000000.0,1860000000.0,7282000000.0,2915750096.0,-186000000.0,-14000000.0,-41000000.0,589000000.0,-8000000.0,540000000.0,-135000000.0,0.0,-595000000.0,4000000.0,79000000.0,79000000.0,79000000.0,0.0,5000000.0,0.048,131000000.0,167000000.0,1065000000.0,0.098,2.887,12.2,12.487,3074000000.0,0.0,18.98,0.43,0.432,939000000.0,,1638000000.0,1638000000.0,16000000.0,,,,,0.0,115000000.0,1.0,153622239.0,154361000.0,156635000.0,10.611,7251000000.0,0.0,27000000.0,0.0,46.974,719000000.0
10,OI,MRQ,2018-12-31,2018-12-31,2018-12-31,2021-08-04,-1968000000.0,9699000000.0,,2357000000.0,7342000000.0,,4.953,-153000000.0,512000000.0,512000000.0,1341000000.0,-3000000.0,1.068,11.195,5341000000.0,160000000.0,5181000000.0,5341000000.0,0.0,110000000.0,0.0,0.0,0.0,65000000.0,175000000.0,0.107,175000000.0,65000000.0,3000000.0,-0.05,-0.05,-0.05,786000000.0,,786000000.0,7934964950.0,13.0,7.085,540000000.0,3.403,1.0,294000000.0,0.18,2913000000.0,62000000.0,9408000000.0,,1018000000.0,698000000.0,0.0,698000000.0,8799000000.0,2207000000.0,6592000000.0,2735964950.0,72000000.0,-126000000.0,-52000000.0,-260000000.0,0.0,-338000000.0,-277000000.0,0.0,693000000.0,-6000000.0,-10000000.0,-10000000.0,-10000000.0,-1000000.0,7000000.0,-0.006,356000000.0,-62000000.0,1696000000.0,0.0,3.481,10.646,10.708,3085000000.0,0.0,17.24,0.398,0.398,549000000.0,333000000.0,1635000000.0,1635000000.0,20000000.0,,,,,0.0,116000000.0,1.0,158698663.0,158698663.0,,10.303,6786000000.0,0.0,13000000.0,130000000.0,42.76,150000000.0
11,OI,MRQ,2018-09-30,2018-09-30,2018-09-30,2021-08-04,0.0,9940000000.0,,2664000000.0,7276000000.0,,6.709,-110000000.0,440000000.0,440000000.0,1410000000.0,127000000.0,1.319,8.316,5639000000.0,152000000.0,5487000000.0,5639000000.0,0.0,130000000.0,0.0,0.0,0.0,224000000.0,354000000.0,0.204,354000000.0,224000000.0,161000000.0,0.75,0.75,0.75,1067000000.0,,1067000000.0,8295244854.0,17.0,8.32,138000000.0,0.868,1.0,324000000.0,0.187,2971000000.0,63000000.0,10149000000.0,,973000000.0,0.0,0.0,0.0,8873000000.0,2019000000.0,6854000000.0,2992244854.0,75000000.0,-22000000.0,-11000000.0,-37000000.0,0.0,-37000000.0,-134000000.0,0.0,248000000.0,-3000000.0,120000000.0,120000000.0,120000000.0,0.0,7000000.0,0.069,112000000.0,212000000.0,1048000000.0,0.0,2.804,22.33,22.369,3044000000.0,0.0,18.79,0.43,0.43,992000000.0,,1734000000.0,1734000000.0,17000000.0,,,,,0.0,115000000.0,1.0,159246666.0,159032000.0,161035000.0,10.903,6969000000.0,0.0,41000000.0,0.0,43.821,645000000.0
12,OI,MRQ,2018-06-30,2018-06-30,2018-06-30,2021-08-04,0.0,9818000000.0,,2624000000.0,7194000000.0,,5.589,-131000000.0,365000000.0,365000000.0,1426000000.0,56000000.0,1.209,9.921,5668000000.0,291000000.0,5377000000.0,5668000000.0,0.0,123000000.0,0.0,0.0,0.0,146000000.0,269000000.0,0.152,269000000.0,146000000.0,72000000.0,0.31,0.31,0.31,899000000.0,,899000000.0,8134300789.0,16.0,8.167,89000000.0,0.553,1.0,346000000.0,0.195,2952000000.0,74000000.0,9999000000.0,,985000000.0,0.0,0.0,0.0,8919000000.0,2170000000.0,6749000000.0,2718300789.0,-53000000.0,3000000.0,-50000000.0,-51000000.0,0.0,-121000000.0,-127000000.0,0.0,220000000.0,-24000000.0,50000000.0,50000000.0,50000000.0,0.0,6000000.0,0.028,143000000.0,203000000.0,1088000000.0,0.0,3.024,19.416,19.547,3025000000.0,0.0,16.81,0.388,0.386,1026000000.0,,1772000000.0,1772000000.0,17000000.0,,,,,0.0,126000000.0,1.0,161707364.0,160858000.0,162712000.0,11.016,6866000000.0,0.0,22000000.0,0.0,42.684,454000000.0
13,OI,MRQ,2018-03-31,2018-03-31,2018-03-31,2021-08-04,0.0,10281000000.0,,2768000000.0,7513000000.0,,6.868,-142000000.0,418000000.0,418000000.0,1417000000.0,103000000.0,1.332,8.188,5834000000.0,194000000.0,5640000000.0,5834000000.0,0.0,131000000.0,0.0,0.0,0.0,192000000.0,323000000.0,0.186,323000000.0,192000000.0,130000000.0,0.6,0.6,0.6,1119000000.0,,1119000000.0,8323911201.0,15.0,7.882,-512000000.0,-3.143,1.0,319000000.0,0.184,3101000000.0,62000000.0,10518000000.0,,1065000000.0,0.0,0.0,0.0,9162000000.0,2078000000.0,7084000000.0,3532911201.0,-74000000.0,-19000000.0,-45000000.0,488000000.0,0.0,443000000.0,-160000000.0,0.0,-370000000.0,13000000.0,98000000.0,98000000.0,98000000.0,0.0,5000000.0,0.056,142000000.0,177000000.0,1115000000.0,0.0,3.157,15.36,15.362,3190000000.0,0.0,21.66,0.505,0.505,1045000000.0,,1736000000.0,1736000000.0,16000000.0,,,,,0.0,126000000.0,1.0,163107627.0,162919000.0,165186000.0,10.656,7180000000.0,0.0,32000000.0,0.0,44.071,690000000.0
14,OI,MRQ,2017-12-31,2017-12-31,2017-12-31,2021-08-04,-1826000000.0,9756000000.0,,2420000000.0,7336000000.0,,4.957,-149000000.0,492000000.0,492000000.0,1393000000.0,-127000000.0,1.061,10.927,5283000000.0,162000000.0,5121000000.0,5283000000.0,0.0,116000000.0,0.0,0.0,0.0,-65000000.0,51000000.0,0.03,51000000.0,-65000000.0,-129000000.0,-0.82,-0.81,-0.82,808000000.0,,808000000.0,8895509894.0,17.0,8.842,535000000.0,3.282,1.0,319000000.0,0.186,3029000000.0,64000000.0,9238000000.0,,1036000000.0,525000000.0,0.0,525000000.0,8829000000.0,2280000000.0,6549000000.0,3613509894.0,153000000.0,-2000000.0,0.0,-365000000.0,0.0,-378000000.0,-151000000.0,0.0,684000000.0,-2000000.0,-134000000.0,-134000000.0,-134000000.0,-2000000.0,7000000.0,-0.078,459000000.0,-140000000.0,1702000000.0,0.0,4.472,20.075,19.973,3131000000.0,0.0,22.17,0.526,0.526,663000000.0,84000000.0,1712000000.0,1712000000.0,14000000.0,,,,,0.0,122000000.0,1.0,162990974.0,162990974.0,,10.504,6727000000.0,0.0,5000000.0,134000000.0,41.272,140000000.0
15,OI,MRQ,2017-09-30,2017-09-30,2017-09-30,2021-08-04,0.0,9999000000.0,,2667000000.0,7332000000.0,,5.765,-106000000.0,339000000.0,339000000.0,1438000000.0,133000000.0,1.225,9.649,5621000000.0,243000000.0,5378000000.0,5621000000.0,0.0,127000000.0,0.0,0.0,0.0,226000000.0,353000000.0,0.197,353000000.0,226000000.0,163000000.0,0.77,0.76,0.77,939000000.0,,939000000.0,9504958801.0,16.0,8.72,87000000.0,0.534,1.0,353000000.0,0.197,3094000000.0,63000000.0,10010000000.0,,1046000000.0,0.0,0.0,0.0,9060000000.0,2177000000.0,6883000000.0,4097958801.0,4000000.0,-2000000.0,-5000000.0,-192000000.0,0.0,-199000000.0,5000000.0,0.0,193000000.0,5000000.0,126000000.0,126000000.0,126000000.0,2000000.0,7000000.0,0.07,135000000.0,218000000.0,1087000000.0,0.0,4.364,16.795,16.773,3036000000.0,0.0,25.16,0.603,0.603,1028000000.0,,1791000000.0,1791000000.0,15000000.0,,,,,0.0,120000000.0,1.0,162875946.0,162866000.0,164993000.0,10.997,6905000000.0,0.0,37000000.0,0.0,42.397,490000000.0
16,OI,MRQ,2017-06-30,2017-06-30,2017-06-30,2021-08-04,0.0,9780000000.0,,2554000000.0,7226000000.0,,4.787,-88000000.0,335000000.0,335000000.0,1405000000.0,143000000.0,1.267,11.555,5742000000.0,271000000.0,5471000000.0,5742000000.0,0.0,118000000.0,0.0,0.0,0.0,211000000.0,329000000.0,0.188,329000000.0,211000000.0,149000000.0,0.86,0.86,0.86,779000000.0,,779000000.0,9206738863.0,15.0,8.612,93000000.0,0.572,1.0,346000000.0,0.198,3074000000.0,62000000.0,10098000000.0,,1049000000.0,0.0,0.0,0.0,9001000000.0,2015000000.0,6986000000.0,3891738863.0,23000000.0,-4000000.0,-3000000.0,-58000000.0,0.0,-72000000.0,-91000000.0,0.0,181000000.0,5000000.0,140000000.0,140000000.0,140000000.0,0.0,3000000.0,0.08,139000000.0,207000000.0,1065000000.0,0.0,4.996,17.22,17.209,2996000000.0,0.0,23.92,0.579,0.579,956000000.0,,1751000000.0,1751000000.0,16000000.0,,,,,0.0,123000000.0,1.0,162698113.0,162716000.0,164482000.0,10.761,6706000000.0,0.0,9000000.0,0.0,41.213,539000000.0
17,OI,MRQ,2017-03-31,2017-03-31,2017-03-31,2021-08-04,0.0,9459000000.0,,2419000000.0,7040000000.0,,3.793,-98000000.0,312000000.0,312000000.0,1300000000.0,53000000.0,1.301,14.356,5627000000.0,196000000.0,5431000000.0,5627000000.0,0.0,127000000.0,0.0,0.0,0.0,147000000.0,274000000.0,0.17,274000000.0,147000000.0,69000000.0,0.3,0.3,0.3,616000000.0,,616000000.0,8144775050.0,14.0,7.633,-435000000.0,-2.679,1.0,315000000.0,0.195,3009000000.0,78000000.0,9906000000.0,,1051000000.0,0.0,0.0,0.0,8843000000.0,1859000000.0,6984000000.0,3308775050.0,-180000000.0,-17000000.0,3000000.0,273000000.0,0.0,257000000.0,-114000000.0,0.0,-337000000.0,14000000.0,49000000.0,49000000.0,49000000.0,0.0,4000000.0,0.03,134000000.0,181000000.0,1017000000.0,0.0,5.371,17.323,17.271,2926000000.0,0.0,20.38,0.492,0.492,844000000.0,,1615000000.0,1615000000.0,15000000.0,,,,,0.0,119000000.0,1.0,162354026.0,162388000.0,163840000.0,9.945,6450000000.0,0.0,20000000.0,0.0,39.72,560000000.0
18,OI,MRQ,2016-12-31,2016-12-31,2016-12-31,2021-08-04,-2172000000.0,9135000000.0,,2254000000.0,6881000000.0,,1.566,-144000000.0,492000000.0,492000000.0,1329000000.0,-66000000.0,1.094,34.535,5328000000.0,195000000.0,5133000000.0,5328000000.0,0.0,106000000.0,0.0,0.0,0.0,28000000.0,134000000.0,0.082,134000000.0,28000000.0,-45000000.0,-0.43,-0.43,-0.43,254000000.0,,254000000.0,8124849735.0,14.0,7.537,387000000.0,2.386,1.0,313000000.0,0.191,2926000000.0,73000000.0,8985000000.0,,983000000.0,433000000.0,0.0,433000000.0,8772000000.0,2060000000.0,6712000000.0,2823849735.0,198000000.0,74000000.0,0.0,-177000000.0,0.0,-189000000.0,-135000000.0,-8000000.0,531000000.0,-9000000.0,-71000000.0,-71000000.0,-71000000.0,0.0,5000000.0,-0.043,145000000.0,168000000.0,1518000000.0,0.0,11.118,13.511,13.496,2880000000.0,0.0,17.41,0.421,0.421,580000000.0,-96000000.0,1642000000.0,1642000000.0,17000000.0,,,,,0.0,128000000.0,1.0,162196998.0,162196998.0,,10.123,6209000000.0,0.0,26000000.0,158000000.0,38.281,194000000.0
19,OI,MRQ,2016-09-30,2016-09-30,2016-09-30,2021-08-04,0.0,9497000000.0,,2442000000.0,7055000000.0,,3.177,-103000000.0,294000000.0,294000000.0,1376000000.0,114000000.0,1.201,17.441,5595000000.0,262000000.0,5333000000.0,5595000000.0,0.0,122000000.0,0.0,0.0,0.0,210000000.0,332000000.0,0.194,332000000.0,210000000.0,144000000.0,0.66,0.66,0.66,515000000.0,,515000000.0,8500690242.0,13.0,7.328,227000000.0,1.401,1.0,336000000.0,0.196,3024000000.0,66000000.0,9741000000.0,,1057000000.0,0.0,0.0,0.0,8982000000.0,2033000000.0,6949000000.0,2980690242.0,-40000000.0,-14000000.0,0.0,-277000000.0,0.0,-277000000.0,-92000000.0,2000000.0,330000000.0,-1000000.0,108000000.0,108000000.0,108000000.0,0.0,6000000.0,0.063,137000000.0,199000000.0,1059000000.0,0.0,5.788,10.386,10.449,2917000000.0,0.0,18.39,0.446,0.446,857000000.0,,1712000000.0,1712000000.0,16000000.0,,,,,0.0,121000000.0,1.0,162082123.0,162080000.0,163204000.0,10.563,6473000000.0,0.0,36000000.0,0.0,39.937,409000000.0
20,OI,MRQ,2016-06-30,2016-06-30,2016-06-30,2021-08-04,0.0,9667000000.0,,2574000000.0,7093000000.0,,2.828,-90000000.0,334000000.0,334000000.0,1418000000.0,109000000.0,1.29,20.107,5854000000.0,305000000.0,5549000000.0,5854000000.0,0.0,125000000.0,0.0,0.0,0.0,202000000.0,327000000.0,0.186,327000000.0,202000000.0,135000000.0,0.65,0.64,0.65,458000000.0,,458000000.0,8578157534.0,15.0,8.217,102000000.0,0.63,1.0,342000000.0,0.194,3053000000.0,67000000.0,10139000000.0,,1051000000.0,0.0,0.0,0.0,9209000000.0,1995000000.0,7214000000.0,2916157534.0,95000000.0,-9000000.0,0.0,-28000000.0,0.0,-38000000.0,-57000000.0,14000000.0,192000000.0,-2000000.0,105000000.0,105000000.0,105000000.0,2000000.0,4000000.0,0.06,142000000.0,200000000.0,1042000000.0,0.0,6.367,14.878,15.008,2932000000.0,0.0,18.01,0.446,0.446,831000000.0,,1760000000.0,1760000000.0,16000000.0,,,,,0.0,126000000.0,1.0,161918797.0,161945000.0,162820000.0,10.868,6614000000.0,0.0,30000000.0,0.0,40.841,579000000.0
21,OI,MRQ,2016-03-31,2016-03-31,2016-03-31,2021-08-04,0.0,9688000000.0,,2476000000.0,7212000000.0,,2.581,-117000000.0,239000000.0,239000000.0,1269000000.0,73000000.0,1.313,22.288,5901000000.0,239000000.0,5662000000.0,5901000000.0,0.0,125000000.0,0.0,0.0,0.0,160000000.0,285000000.0,0.179,285000000.0,160000000.0,94000000.0,0.41,0.41,0.41,416000000.0,,416000000.0,7743276455.0,15.0,8.168,-419000000.0,-2.599,1.0,319000000.0,0.201,3119000000.0,66000000.0,10345000000.0,,1107000000.0,0.0,0.0,0.0,9272000000.0,1886000000.0,7386000000.0,2569276455.0,-160000000.0,-22000000.0,5000000.0,274000000.0,0.0,276000000.0,-133000000.0,0.0,-302000000.0,-1000000.0,67000000.0,67000000.0,67000000.0,1000000.0,6000000.0,0.042,144000000.0,175000000.0,1050000000.0,0.0,6.176,19.613,19.95,2996000000.0,0.0,15.96,0.406,0.407,771000000.0,,1588000000.0,1588000000.0,15000000.0,,,,,0.0,129000000.0,1.0,160982234.0,161204000.0,161793000.0,9.851,6569000000.0,0.0,27000000.0,0.0,40.75,590000000.0
22,OI,MRQ,2015-12-31,2015-12-31,2015-12-31,2021-08-04,-2017000000.0,9421000000.0,,2334000000.0,7087000000.0,,1.063,-103000000.0,399000000.0,399000000.0,1334000000.0,14000000.0,1.1,53.462,5573000000.0,228000000.0,5345000000.0,5573000000.0,0.0,113000000.0,0.0,0.0,0.0,103000000.0,216000000.0,0.133,216000000.0,103000000.0,40000000.0,0.04,0.03,0.04,171000000.0,,171000000.0,8390794180.0,17.0,9.313,402000000.0,2.499,1.0,292000000.0,0.18,3086000000.0,63000000.0,9387000000.0,,1007000000.0,409000000.0,0.0,409000000.0,9142000000.0,2122000000.0,7020000000.0,2801794180.0,129000000.0,-9000000.0,0.0,-254000000.0,0.0,-265000000.0,-110000000.0,2000000.0,505000000.0,-1000000.0,7000000.0,7000000.0,7000000.0,0.0,7000000.0,0.004,143000000.0,149000000.0,1583000000.0,0.0,16.385,20.754,20.988,2961000000.0,0.0,17.42,0.455,0.455,562000000.0,-305000000.0,1626000000.0,1626000000.0,18000000.0,,,,,0.0,125000000.0,1.0,160837783.0,160837783.0,,10.11,6335000000.0,0.0,33000000.0,160000000.0,39.388,212000000.0
23,OI,MRQ,2015-09-30,2015-09-30,2015-09-30,2021-08-04,0.0,9554000000.0,,2488000000.0,7066000000.0,,2.327,-91000000.0,270000000.0,270000000.0,1290000000.0,24000000.0,1.293,24.545,5859000000.0,250000000.0,5609000000.0,5859000000.0,0.0,99000000.0,0.0,0.0,0.0,117000000.0,216000000.0,0.138,216000000.0,117000000.0,50000000.0,0.1,0.1,0.1,374000000.0,,374000000.0,6725105563.0,19.0,9.315,124000000.0,0.771,1.0,276000000.0,0.176,3201000000.0,67000000.0,10018000000.0,,1023000000.0,0.0,0.0,0.0,9180000000.0,1924000000.0,7256000000.0,3331105563.0,-108000000.0,-2290000000.0,0.0,2122000000.0,0.0,2070000000.0,-2384000000.0,-4000000.0,215000000.0,-9000000.0,17000000.0,17000000.0,17000000.0,0.0,7000000.0,0.011,124000000.0,152000000.0,1004000000.0,0.0,8.907,195.947,172.667,2874000000.0,0.0,20.72,0.543,0.543,753000000.0,,1566000000.0,1566000000.0,15000000.0,,,,,0.0,109000000.0,1.0,160767643.0,160730000.0,161612000.0,9.743,6353000000.0,0.0,33000000.0,0.0,39.526,564000000.0
24,OI,MRQ,2015-06-30,2015-06-30,2015-06-30,2021-08-04,0.0,7618000000.0,,2385000000.0,5233000000.0,,3.671,-102000000.0,378000000.0,378000000.0,1269000000.0,45000000.0,1.115,11.89,3772000000.0,555000000.0,3217000000.0,3772000000.0,0.0,102000000.0,0.0,0.0,0.0,129000000.0,231000000.0,0.15,231000000.0,129000000.0,55000000.0,0.25,0.25,0.25,591000000.0,,591000000.0,7063088993.0,19.0,9.355,64000000.0,0.398,1.0,274000000.0,0.178,1789000000.0,74000000.0,7084000000.0,,985000000.0,0.0,0.0,0.0,7027000000.0,2139000000.0,4888000000.0,3699088993.0,121000000.0,0.0,1000000.0,92000000.0,0.0,45000000.0,-97000000.0,6000000.0,166000000.0,7000000.0,40000000.0,40000000.0,40000000.0,0.0,5000000.0,0.026,134000000.0,140000000.0,983000000.0,0.0,6.259,61.651,58.821,2386000000.0,0.0,22.94,0.586,0.585,712000000.0,,1543000000.0,1543000000.0,16000000.0,,,,,0.0,118000000.0,1.0,161250610.0,160992000.0,161907000.0,9.584,5829000000.0,0.0,15000000.0,0.0,36.207,246000000.0
25,OI,MRQ,2015-03-31,2015-03-31,2015-03-31,2021-08-04,0.0,7312000000.0,,2199000000.0,5113000000.0,,3.232,-106000000.0,257000000.0,257000000.0,1153000000.0,75000000.0,1.04,12.954,3607000000.0,635000000.0,2972000000.0,3607000000.0,0.0,95000000.0,0.0,0.0,0.0,143000000.0,238000000.0,0.167,238000000.0,143000000.0,96000000.0,0.44,0.44,0.44,524000000.0,,524000000.0,6777660468.0,15.0,7.983,-384000000.0,-2.368,1.0,268000000.0,0.189,1752000000.0,47000000.0,6796000000.0,,1007000000.0,0.0,0.0,0.0,6788000000.0,2114000000.0,4674000000.0,3829660468.0,-255000000.0,-52000000.0,-100000000.0,308000000.0,0.0,207000000.0,-157000000.0,0.0,-278000000.0,-27000000.0,71000000.0,71000000.0,71000000.0,0.0,4000000.0,0.05,139000000.0,129000000.0,919000000.0,0.0,7.309,28.58,28.096,2337000000.0,0.0,23.32,0.583,0.576,667000000.0,,1421000000.0,1421000000.0,15000000.0,,,,,0.0,124000000.0,1.0,164222147.0,162146000.0,163287000.0,8.764,5560000000.0,0.0,25000000.0,0.0,34.29,85000000.0
26,OI,MRQ,2014-12-31,2014-12-31,2014-12-31,2021-08-04,-1494000000.0,7843000000.0,,2371000000.0,5472000000.0,,3.966,-79000000.0,512000000.0,512000000.0,1366000000.0,-101000000.0,1.018,10.813,3445000000.0,488000000.0,2957000000.0,3445000000.0,0.0,76000000.0,0.0,0.0,0.0,-39000000.0,37000000.0,0.023,37000000.0,-39000000.0,-108000000.0,-0.67,-0.67,-0.67,654000000.0,,654000000.0,7687914611.0,16.0,8.504,409000000.0,2.48,1.0,237000000.0,0.148,1893000000.0,69000000.0,6555000000.0,,1035000000.0,427000000.0,0.0,427000000.0,7072000000.0,2328000000.0,4744000000.0,4450914611.0,248000000.0,-114000000.0,-22000000.0,-10000000.0,0.0,-43000000.0,-186000000.0,9000000.0,488000000.0,-11000000.0,-111000000.0,-111000000.0,-111000000.0,-22000000.0,10000000.0,-0.069,157000000.0,80000000.0,1509000000.0,0.0,6.806,27.14,26.99,2445000000.0,0.0,26.99,0.656,0.656,550000000.0,-440000000.0,1603000000.0,1603000000.0,16000000.0,,,,,0.0,141000000.0,1.0,164909767.0,164909767.0,,9.72,5950000000.0,0.0,3000000.0,164000000.0,36.08,43000000.0
27,OI,MRQ,2014-09-30,2014-09-30,2014-09-30,2021-08-04,0.0,8141000000.0,,2523000000.0,5618000000.0,,11.062,-94000000.0,264000000.0,264000000.0,1408000000.0,67000000.0,0.906,3.466,3484000000.0,1065000000.0,2419000000.0,3484000000.0,0.0,113000000.0,0.0,0.0,0.0,136000000.0,249000000.0,0.143,249000000.0,136000000.0,83000000.0,0.37,0.37,0.37,1823000000.0,,1823000000.0,7747180808.0,14.0,7.825,126000000.0,0.765,1.0,337000000.0,0.193,1960000000.0,53000000.0,6615000000.0,,1112000000.0,0.0,0.0,0.0,6318000000.0,2786000000.0,3532000000.0,4294180808.0,70000000.0,0.0,0.0,-54000000.0,0.0,-56000000.0,-88000000.0,0.0,220000000.0,-6000000.0,60000000.0,60000000.0,60000000.0,1000000.0,7000000.0,0.034,133000000.0,204000000.0,1027000000.0,0.0,2.356,16.453,16.487,2499000000.0,0.0,26.05,0.619,0.618,1042000000.0,,1745000000.0,1745000000.0,15000000.0,,,,,0.0,118000000.0,1.0,164843793.0,164798000.0,166138000.0,10.589,6181000000.0,0.0,23000000.0,0.0,37.507,-263000000.0
28,OI,MRQ,2014-06-30,2014-06-30,2014-06-30,2021-08-04,0.0,8591000000.0,,2648000000.0,5943000000.0,,11.655,-88000000.0,194000000.0,194000000.0,1439000000.0,120000000.0,0.933,3.47,3647000000.0,1027000000.0,2620000000.0,3647000000.0,0.0,118000000.0,0.0,0.0,0.0,207000000.0,325000000.0,0.181,325000000.0,207000000.0,153000000.0,0.69,0.68,0.69,1922000000.0,,1922000000.0,9219167309.0,14.0,8.608,82000000.0,0.497,1.0,358000000.0,0.199,2065000000.0,54000000.0,7141000000.0,,1204000000.0,0.0,0.0,0.0,6669000000.0,2838000000.0,3831000000.0,5718167309.0,-7000000.0,0.0,-11000000.0,-65000000.0,0.0,-92000000.0,-87000000.0,0.0,170000000.0,2000000.0,114000000.0,114000000.0,114000000.0,0.0,6000000.0,0.063,148000000.0,210000000.0,1123000000.0,0.0,2.975,17.275,17.32,2661000000.0,0.0,34.64,0.819,0.818,1147000000.0,,1797000000.0,1797000000.0,17000000.0,,,,,0.0,131000000.0,1.0,165074114.0,164906000.0,166258000.0,10.897,6526000000.0,0.0,39000000.0,0.0,39.574,-190000000.0
29,OI,MRQ,2014-03-31,2014-03-31,2014-03-31,2021-08-04,0.0,8488000000.0,,2577000000.0,5911000000.0,,10.682,-108000000.0,201000000.0,201000000.0,1318000000.0,106000000.0,1.238,3.823,3702000000.0,331000000.0,3371000000.0,3702000000.0,0.0,111000000.0,0.0,0.0,0.0,182000000.0,293000000.0,0.179,293000000.0,182000000.0,128000000.0,0.61,0.61,0.61,1760000000.0,,1760000000.0,8757757829.0,13.0,8.117,-311000000.0,-1.888,1.0,321000000.0,0.196,2059000000.0,54000000.0,7848000000.0,,1204000000.0,0.0,0.0,0.0,6728000000.0,2082000000.0,4646000000.0,5573757829.0,-182000000.0,0.0,4000000.0,136000000.0,0.0,121000000.0,-94000000.0,0.0,-203000000.0,-6000000.0,101000000.0,101000000.0,101000000.0,1000000.0,5000000.0,0.062,148000000.0,173000000.0,1074000000.0,0.0,3.167,15.971,16.033,2634000000.0,0.0,33.83,0.8,0.8,1078000000.0,,1639000000.0,1639000000.0,15000000.0,,,,,0.0,133000000.0,1.0,164757843.0,164760000.0,166165000.0,9.948,6429000000.0,0.0,27000000.0,0.0,39.02,495000000.0
30,OI,MRQ,2013-12-31,2013-12-31,2013-12-31,2021-08-04,-1121000000.0,8419000000.0,,2550000000.0,5869000000.0,,8.825,-122000000.0,383000000.0,383000000.0,1470000000.0,-17000000.0,1.131,4.681,3567000000.0,322000000.0,3245000000.0,3567000000.0,0.0,76000000.0,0.0,0.0,0.0,47000000.0,123000000.0,0.07,123000000.0,47000000.0,-4000000.0,-0.09,-0.08,-0.09,1456000000.0,,1456000000.0,9348499346.0,14.0,8.794,318000000.0,1.927,1.0,291000000.0,0.165,2059000000.0,51000000.0,7290000000.0,,1117000000.0,315000000.0,0.0,315000000.0,6816000000.0,2254000000.0,4562000000.0,5903499346.0,164000000.0,-36000000.0,-35000000.0,-105000000.0,0.0,-123000000.0,-153000000.0,-16000000.0,440000000.0,0.0,-14000000.0,-14000000.0,-14000000.0,0.0,-3000000.0,-0.008,146000000.0,145000000.0,1575000000.0,0.0,4.055,18.623,18.635,2632000000.0,0.0,35.78,0.847,0.847,943000000.0,-11000000.0,1761000000.0,1761000000.0,17000000.0,,,,,0.0,129000000.0,1.0,164994392.0,164994392.0,,10.673,6360000000.0,0.0,10000000.0,234000000.0,38.547,296000000.0
31,OI,MRQ,2013-09-30,2013-09-30,2013-09-30,2021-08-04,0.0,8472000000.0,,2672000000.0,5800000000.0,,8.368,-75000000.0,219000000.0,219000000.0,1432000000.0,136000000.0,1.28,5.153,3664000000.0,366000000.0,3298000000.0,3664000000.0,0.0,106000000.0,0.0,0.0,0.0,224000000.0,330000000.0,0.185,330000000.0,224000000.0,170000000.0,0.79,0.78,0.79,1377000000.0,,1377000000.0,8458047934.0,17.0,9.124,150000000.0,0.912,1.0,352000000.0,0.197,2059000000.0,54000000.0,7771000000.0,,1178000000.0,0.0,0.0,0.0,7095000000.0,2087000000.0,5008000000.0,4934047934.0,-30000000.0,0.0,6000000.0,-168000000.0,0.0,-169000000.0,-87000000.0,0.0,225000000.0,1000000.0,130000000.0,130000000.0,130000000.0,0.0,6000000.0,0.073,134000000.0,218000000.0,989000000.0,0.0,3.583,28.854,28.59,2657000000.0,0.0,30.02,0.71,0.71,1172000000.0,136000000.0,1784000000.0,1784000000.0,15000000.0,,,,,0.0,119000000.0,1.0,164358692.0,164546000.0,165981000.0,10.842,6413000000.0,0.0,40000000.0,0.0,38.974,585000000.0
32,OI,MRQ,2013-06-30,2013-06-30,2013-06-30,2021-08-04,0.0,8410000000.0,,2693000000.0,5717000000.0,,7.264,-70000000.0,249000000.0,249000000.0,1412000000.0,137000000.0,1.271,6.044,3773000000.0,437000000.0,3336000000.0,3773000000.0,0.0,108000000.0,0.0,0.0,0.0,225000000.0,333000000.0,0.187,333000000.0,225000000.0,169000000.0,0.8,0.79,0.8,1194000000.0,,1194000000.0,8109309464.0,18.0,9.205,83000000.0,0.505,1.0,369000000.0,0.207,2031000000.0,56000000.0,7784000000.0,,1175000000.0,0.0,0.0,0.0,7216000000.0,2119000000.0,5097000000.0,4571309464.0,-110000000.0,0.0,-8000000.0,-151000000.0,0.0,-188000000.0,-68000000.0,0.0,153000000.0,-7000000.0,132000000.0,132000000.0,132000000.0,0.0,5000000.0,0.074,144000000.0,225000000.0,982000000.0,0.0,3.829,34.895,34.737,2600000000.0,0.0,27.79,0.661,0.66,1159000000.0,6000000.0,1781000000.0,1781000000.0,15000000.0,,,,,0.0,129000000.0,1.0,164494763.0,164369000.0,165731000.0,10.835,6379000000.0,0.0,37000000.0,0.0,38.809,574000000.0
33,OI,MRQ,2013-03-31,2013-03-31,2013-03-31,2021-08-04,0.0,8517000000.0,,2683000000.0,5834000000.0,,7.04,-94000000.0,359000000.0,359000000.0,1322000000.0,74000000.0,1.391,6.374,3897000000.0,347000000.0,3550000000.0,3897000000.0,0.0,107000000.0,0.0,0.0,0.0,170000000.0,277000000.0,0.169,277000000.0,170000000.0,102000000.0,0.42,0.42,0.42,1155000000.0,,1155000000.0,7714606105.0,16.0,8.707,-230000000.0,-1.402,1.0,319000000.0,0.194,2048000000.0,68000000.0,8078000000.0,,1178000000.0,0.0,0.0,0.0,7362000000.0,1929000000.0,5433000000.0,4372606105.0,-72000000.0,0.0,4000000.0,160000000.0,0.0,159000000.0,-94000000.0,0.0,-136000000.0,-1000000.0,69000000.0,69000000.0,69000000.0,0.0,5000000.0,0.042,144000000.0,175000000.0,904000000.0,0.0,3.786,33.126,32.901,2680000000.0,0.0,26.65,0.634,0.634,1047000000.0,-126000000.0,1641000000.0,1641000000.0,15000000.0,,,,,0.0,129000000.0,1.0,164075276.0,164069000.0,165501000.0,10.002,6469000000.0,0.0,33000000.0,0.0,39.429,754000000.0
34,OI,MRQ,2012-12-31,2012-12-31,2012-12-31,2021-08-04,-1506000000.0,8598000000.0,,2648000000.0,5950000000.0,,5.355,-112000000.0,431000000.0,431000000.0,1470000000.0,-141000000.0,1.225,8.562,3773000000.0,319000000.0,3454000000.0,3773000000.0,0.0,100000000.0,0.0,0.0,0.0,-113000000.0,-13000000.0,-0.007,-13000000.0,-113000000.0,-165000000.0,-0.96,-0.96,-0.96,881000000.0,,881000000.0,7056550420.0,13.0,7.483,236000000.0,1.434,1.0,278000000.0,0.159,2079000000.0,52000000.0,7699000000.0,,1272000000.0,294000000.0,0.0,294000000.0,7543000000.0,2162000000.0,5381000000.0,3499550420.0,95000000.0,0.0,-10000000.0,-154000000.0,0.0,-160000000.0,-96000000.0,-30000000.0,348000000.0,3000000.0,-160000000.0,-160000000.0,-160000000.0,0.0,19000000.0,-0.092,120000000.0,158000000.0,1473000000.0,0.0,3.972,19.019,18.991,2769000000.0,0.0,21.27,0.5,0.5,968000000.0,-195000000.0,1748000000.0,1748000000.0,17000000.0,,,,,0.0,145000000.0,1.0,164529874.0,164529874.0,,10.624,6519000000.0,0.0,-5000000.0,225000000.0,39.622,486000000.0
35,OI,MRQ,2012-09-30,2012-09-30,2012-09-30,2021-08-04,-1270000000.0,8871000000.0,,2788000000.0,6083000000.0,,7.803,-54000000.0,336000000.0,336000000.0,1405000000.0,97000000.0,1.368,5.781,3893000000.0,356000000.0,3537000000.0,3893000000.0,0.0,105000000.0,0.0,0.0,0.0,179000000.0,284000000.0,0.163,284000000.0,179000000.0,118000000.0,0.54,0.54,0.54,1286000000.0,,1286000000.0,6779702676.0,-115.0,19.152,169000000.0,1.025,1.0,342000000.0,0.196,2065000000.0,61000000.0,8325000000.0,,1376000000.0,300000000.0,0.0,300000000.0,7435000000.0,2038000000.0,5397000000.0,3096702676.0,0.0,0.0,-14000000.0,-189000000.0,0.0,-206000000.0,-25000000.0,0.0,223000000.0,8000000.0,90000000.0,90000000.0,90000000.0,0.0,7000000.0,0.052,176000000.0,166000000.0,853000000.0,0.0,2.408,-7.252,-7.16,2735000000.0,0.0,18.76,0.438,0.437,1133000000.0,-35000000.0,1747000000.0,1747000000.0,13000000.0,,,,,0.0,131000000.0,1.0,165069439.0,164800000.0,165765000.0,10.601,6806000000.0,0.0,28000000.0,209000000.0,41.299,750000000.0
36,OI,MRQ,2012-06-30,2012-06-30,2012-06-30,2021-08-04,-1373000000.0,8834000000.0,,2847000000.0,5987000000.0,,6.687,-51000000.0,336000000.0,336000000.0,1390000000.0,137000000.0,1.347,6.887,4019000000.0,452000000.0,3567000000.0,4019000000.0,0.0,102000000.0,0.0,0.0,0.0,236000000.0,338000000.0,0.191,338000000.0,236000000.0,174000000.0,0.81,0.8,0.81,1102000000.0,,1102000000.0,6992638609.0,-259.0,18.163,48000000.0,0.291,1.0,376000000.0,0.213,2023000000.0,62000000.0,8380000000.0,,1372000000.0,292000000.0,0.0,292000000.0,7590000000.0,2114000000.0,5476000000.0,3161638609.0,37000000.0,0.0,1000000.0,-15000000.0,0.0,-18000000.0,-33000000.0,9000000.0,99000000.0,-11000000.0,133000000.0,133000000.0,133000000.0,0.0,4000000.0,0.075,159000000.0,217000000.0,909000000.0,0.0,2.869,-7.884,-7.824,2721000000.0,0.0,19.17,0.44,0.44,1173000000.0,-125000000.0,1766000000.0,1766000000.0,17000000.0,,,,,0.0,139000000.0,1.0,164926375.0,164799000.0,165930000.0,10.716,6811000000.0,0.0,41000000.0,204000000.0,41.329,733000000.0
37,OI,MRQ,2012-03-31,2012-03-31,2012-03-31,2021-08-04,-1205000000.0,9161000000.0,,2865000000.0,6296000000.0,,6.886,-73000000.0,299000000.0,299000000.0,1361000000.0,125000000.0,1.354,6.955,4130000000.0,406000000.0,3724000000.0,4130000000.0,0.0,105000000.0,0.0,0.0,0.0,229000000.0,334000000.0,0.192,334000000.0,229000000.0,165000000.0,0.73,0.72,0.73,1131000000.0,,1131000000.0,7470427241.0,-129.0,20.58,-168000000.0,-1.023,1.0,378000000.0,0.217,2127000000.0,64000000.0,8749000000.0,,1390000000.0,316000000.0,0.0,316000000.0,7866000000.0,2116000000.0,5750000000.0,3837427241.0,-101000000.0,-5000000.0,0.0,37000000.0,0.0,45000000.0,-67000000.0,0.0,-95000000.0,16000000.0,121000000.0,121000000.0,121000000.0,0.0,4000000.0,0.07,162000000.0,216000000.0,943000000.0,0.0,3.393,-8.324,-8.277,2884000000.0,0.0,23.34,0.52,0.52,1199000000.0,-258000000.0,1739000000.0,1739000000.0,15000000.0,,,,,0.0,140000000.0,1.0,164414192.0,164241000.0,166206000.0,10.588,7034000000.0,0.0,44000000.0,214000000.0,42.827,749000000.0
38,OI,MRQ,2011-12-31,2011-12-31,2011-12-31,2021-08-04,-1321000000.0,8975000000.0,,2743000000.0,6232000000.0,,5.407,-81000000.0,400000000.0,400000000.0,1514000000.0,-766000000.0,1.222,8.935,4033000000.0,406000000.0,3627000000.0,4033000000.0,0.0,101000000.0,0.0,0.0,0.0,-703000000.0,-602000000.0,-0.331,-602000000.0,-703000000.0,-771000000.0,-4.7,-4.68,-4.7,888000000.0,,888000000.0,7015072984.0,-69.0,21.854,142000000.0,0.865,1.0,304000000.0,0.167,2082000000.0,68000000.0,8281000000.0,,1216000000.0,315000000.0,0.0,315000000.0,7934000000.0,2245000000.0,5689000000.0,3183072984.0,144000000.0,4000000.0,0.0,-3000000.0,0.0,-7000000.0,-75000000.0,0.0,223000000.0,3000000.0,-771000000.0,-771000000.0,-771000000.0,0.0,5000000.0,-0.424,95000000.0,209000000.0,1487000000.0,0.0,3.585,-6.366,-6.354,2877000000.0,0.0,19.38,0.433,0.433,1158000000.0,-379000000.0,1818000000.0,1818000000.0,19000000.0,,,,,0.0,130000000.0,1.0,164245252.0,164245252.0,,11.069,6893000000.0,0.0,0.0,250000000.0,41.968,498000000.0
39,OI,MRQ,2011-09-30,2011-09-30,2011-09-30,2021-08-04,-987000000.0,9601000000.0,,2688000000.0,6913000000.0,,12.142,-51000000.0,256000000.0,256000000.0,1475000000.0,120000000.0,1.272,3.75,4088000000.0,345000000.0,3743000000.0,4088000000.0,0.0,104000000.0,0.0,0.0,0.0,211000000.0,315000000.0,0.169,315000000.0,211000000.0,141000000.0,0.71,0.7,0.71,1989000000.0,,1989000000.0,6562713919.0,26.0,9.595,135000000.0,0.824,1.0,387000000.0,0.208,2762000000.0,70000000.0,8558000000.0,,1264000000.0,313000000.0,1000000.0,312000000.0,7458000000.0,2113000000.0,5345000000.0,2482713919.0,-4000000.0,-1000000.0,3000000.0,-117000000.0,0.0,-128000000.0,-51000000.0,0.0,186000000.0,-11000000.0,116000000.0,116000000.0,116000000.0,0.0,4000000.0,0.062,192000000.0,195000000.0,935000000.0,0.0,1.248,-17.861,-17.788,2931000000.0,0.0,15.12,0.342,0.341,1218000000.0,392000000.0,1862000000.0,1862000000.0,18000000.0,,,,,0.0,138000000.0,1.0,164200656.0,163812000.0,165695000.0,11.367,6839000000.0,0.0,25000000.0,204000000.0,41.749,575000000.0
40,OI,MRQ,2011-06-30,2011-06-30,2011-06-30,2021-08-04,-672000000.0,10193000000.0,,2800000000.0,7393000000.0,,13.335,-80000000.0,260000000.0,260000000.0,1604000000.0,80000000.0,1.277,3.599,4340000000.0,371000000.0,3969000000.0,4340000000.0,0.0,111000000.0,0.0,0.0,0.0,205000000.0,316000000.0,0.161,316000000.0,205000000.0,105000000.0,0.44,0.43,0.44,2182000000.0,,2182000000.0,8165993621.0,27.0,11.357,99000000.0,0.605,1.0,355000000.0,0.181,2957000000.0,100000000.0,9124000000.0,,1270000000.0,330000000.0,0.0,330000000.0,7854000000.0,2192000000.0,5662000000.0,4232993621.0,-170000000.0,-153000000.0,0.0,-95000000.0,0.0,-123000000.0,-233000000.0,0.0,179000000.0,7000000.0,73000000.0,73000000.0,73000000.0,-2000000.0,7000000.0,0.037,169000000.0,186000000.0,985000000.0,0.0,1.94,-36.491,-36.352,3176000000.0,0.0,25.81,0.597,0.595,1322000000.0,276000000.0,1959000000.0,1959000000.0,18000000.0,,,,,0.0,146000000.0,1.0,164005952.0,163633000.0,166271000.0,11.972,7236000000.0,0.0,32000000.0,234000000.0,44.221,608000000.0
41,OI,MRQ,2011-03-31,2011-03-31,2011-03-31,2021-08-04,-806000000.0,10025000000.0,,2834000000.0,7191000000.0,,12.421,-73000000.0,430000000.0,430000000.0,1376000000.0,86000000.0,1.364,3.842,4363000000.0,372000000.0,3991000000.0,4363000000.0,0.0,106000000.0,0.0,0.0,0.0,186000000.0,292000000.0,0.17,292000000.0,186000000.0,110000000.0,0.5,0.5,0.5,2029000000.0,,2029000000.0,8580570432.0,25.0,11.471,-158000000.0,-0.967,1.0,343000000.0,0.2,2900000000.0,76000000.0,8981000000.0,,1257000000.0,301000000.0,0.0,301000000.0,7795000000.0,2077000000.0,5718000000.0,4942570432.0,-210000000.0,6000000.0,2000000.0,-37000000.0,0.0,-65000000.0,-67000000.0,0.0,-85000000.0,7000000.0,82000000.0,82000000.0,82000000.0,1000000.0,4000000.0,0.048,171000000.0,172000000.0,889000000.0,0.0,2.436,-102.97,-104.103,3143000000.0,0.0,30.19,0.726,0.725,1223000000.0,203000000.0,1719000000.0,1719000000.0,16000000.0,,,,,0.0,142000000.0,1.0,163715483.0,163355000.0,166114000.0,10.523,7125000000.0,0.0,28000000.0,215000000.0,43.617,757000000.0
42,OI,MRQ,2010-12-31,2010-12-31,2010-12-31,2021-08-04,-897000000.0,9754000000.0,,2738000000.0,7016000000.0,,11.092,-111000000.0,640000000.0,640000000.0,1418000000.0,-403000000.0,1.317,4.258,4278000000.0,354000000.0,3924000000.0,4278000000.0,0.0,106000000.0,0.0,0.0,0.0,-345000000.0,-239000000.0,-0.138,-239000000.0,-345000000.0,-417000000.0,-2.5,-2.46,-2.5,1815000000.0,,1815000000.0,8668413902.0,26.0,11.973,76000000.0,0.464,1.0,310000000.0,0.179,2821000000.0,72000000.0,8492000000.0,,1093000000.0,299000000.0,0.0,299000000.0,7728000000.0,2079000000.0,5649000000.0,5023613902.0,-60000000.0,-63000000.0,1000000.0,-67000000.0,0.0,-81000000.0,-169000000.0,0.0,187000000.0,3000000.0,-410000000.0,-410000000.0,-410000000.0,-31000000.0,7000000.0,-0.237,339000000.0,-29000000.0,1363000000.0,0.0,2.768,-111.636,-109.643,3107000000.0,0.0,30.7,0.757,0.757,1075000000.0,82000000.0,1728000000.0,1728000000.0,19000000.0,,,,,0.0,125000000.0,1.0,163635632.0,163635632.0,,10.56,6933000000.0,0.0,-7000000.0,235000000.0,42.369,659000000.0
43,OI,MRQ,2010-09-30,2010-09-30,2010-09-30,2021-08-04,-1179000000.0,9883000000.0,,2966000000.0,6917000000.0,,11.884,-156000000.0,657000000.0,657000000.0,1329000000.0,151000000.0,1.376,3.987,4345000000.0,339000000.0,4006000000.0,4345000000.0,0.0,97000000.0,0.0,0.0,0.0,253000000.0,350000000.0,0.207,350000000.0,253000000.0,192000000.0,0.85,0.84,0.85,1938000000.0,,1938000000.0,7407433764.0,14.0,8.3,75000000.0,0.46,1.0,360000000.0,0.213,2744000000.0,61000000.0,8671000000.0,,1127000000.0,288000000.0,1000000.0,287000000.0,7727000000.0,2156000000.0,5571000000.0,4589233764.0,18000000.0,-728000000.0,1000000.0,653000000.0,0.0,650000000.0,-883000000.0,0.0,231000000.0,20000000.0,139000000.0,139000000.0,139000000.0,0.0,12000000.0,0.082,140000000.0,220000000.0,838000000.0,0.0,2.368,22.289,22.094,3042000000.0,0.0,28.06,0.722,0.72,1165000000.0,494000000.0,1689000000.0,1689000000.0,14000000.0,,,,,0.0,124000000.0,1.0,163550740.0,163079000.0,165591000.0,10.357,7139000000.0,0.0,53000000.0,229000000.0,43.776,810000000.0
44,OI,MRQ,2010-06-30,2010-06-30,2010-06-30,2021-08-04,-1452000000.0,8358000000.0,,2728000000.0,5630000000.0,,9.407,-140000000.0,648000000.0,648000000.0,1287000000.0,155000000.0,1.422,4.301,3500000000.0,272000000.0,3228000000.0,3500000000.0,0.0,93000000.0,0.0,0.0,0.0,252000000.0,345000000.0,0.207,345000000.0,252000000.0,192000000.0,0.86,0.85,0.86,1538000000.0,,1538000000.0,7309863547.0,14.0,8.191,10000000.0,0.061,1.0,383000000.0,0.229,2222000000.0,60000000.0,7069000000.0,,989000000.0,107000000.0,1000000.0,106000000.0,6615000000.0,1919000000.0,4696000000.0,4363263547.0,161000000.0,0.0,-53000000.0,246000000.0,0.0,168000000.0,-140000000.0,0.0,150000000.0,-17000000.0,141000000.0,141000000.0,141000000.0,0.0,14000000.0,0.084,148000000.0,235000000.0,791000000.0,0.0,2.837,22.538,22.607,2598000000.0,0.0,26.45,0.667,0.661,1076000000.0,355000000.0,1670000000.0,1670000000.0,15000000.0,,,,,0.0,123000000.0,1.0,164962705.0,163501000.0,166459000.0,10.214,6136000000.0,0.0,51000000.0,160000000.0,37.529,809000000.0
45,OI,MRQ,2010-03-31,2010-03-31,2010-03-31,2021-08-04,-1328000000.0,8372000000.0,,2537000000.0,5835000000.0,,8.824,-96000000.0,496000000.0,496000000.0,1247000000.0,94000000.0,1.336,4.526,3466000000.0,281000000.0,3185000000.0,3466000000.0,0.0,95000000.0,0.0,0.0,0.0,173000000.0,268000000.0,0.173,268000000.0,173000000.0,117000000.0,0.51,0.5,0.51,1477000000.0,,1477000000.0,8789871188.0,17.0,9.735,-72000000.0,-0.43,1.0,299000000.0,0.193,2347000000.0,56000000.0,7096000000.0,,1016000000.0,117000000.0,1000000.0,116000000.0,6685000000.0,1899000000.0,4786000000.0,5992071188.0,-291000000.0,-26000000.0,-143000000.0,-54000000.0,0.0,-190000000.0,-122000000.0,0.0,24000000.0,-3000000.0,85000000.0,85000000.0,85000000.0,0.0,9000000.0,0.055,138000000.0,161000000.0,810000000.0,0.0,4.057,29.678,29.617,2666000000.0,0.0,35.54,0.897,0.891,1029000000.0,214000000.0,1546000000.0,1546000000.0,14000000.0,,,,,0.0,120000000.0,1.0,168600765.0,167381000.0,170671000.0,9.236,6025000000.0,0.0,32000000.0,175000000.0,35.996,638000000.0
46,OI,MRQ,2009-12-31,2009-12-31,2009-12-31,2021-08-04,-1318000000.0,8727000000.0,,2797000000.0,5930000000.0,,9.127,-234300000.0,755000000.0,755000000.0,1269300000.0,-152300000.0,1.375,4.546,3608000000.0,350000000.0,3258000000.0,3608000000.0,0.0,92700000.0,0.0,0.0,0.0,-163200000.0,-70500000.0,-0.049,-70500000.0,-163200000.0,-220600000.0,-0.95,-0.94,-0.95,1538000000.0,,1538000000.0,8243335336.0,18.0,9.675,-13700000.0,-0.081,1.0,182100000.0,0.125,2381000000.0,57400000.0,7165000000.0,,1011000000.0,115000000.0,1000000.0,114000000.0,6991000000.0,2034000000.0,4957000000.0,5538935336.0,-205600000.0,400000.0,900000.0,-98500000.0,0.0,-105300000.0,-224900000.0,-1600000.0,220600000.0,-96000000.0,-159100000.0,-159100000.0,-159100000.0,-66000000.0,6800000.0,-0.11,420900000.0,-238800000.0,1291000000.0,0.0,3.601,34.191,34.24,2711000000.0,0.0,32.87,0.833,0.833,983000000.0,129000000.0,1451400000.0,1451400000.0,15700000.0,,,,,0.0,123900000.0,1.0,168510354.0,168510354.0,,8.613,6346000000.0,0.0,-61500000.0,224000000.0,37.659,763000000.0
47,OI,MRQ,2009-09-30,2009-09-30,2009-09-30,2021-08-04,-1250500000.0,9119800000.0,,3245500000.0,5874300000.0,,10.467,-69600000.0,1017100000.0,1017100000.0,1425900000.0,129000000.0,1.546,4.052,3721500000.0,377600000.0,3343900000.0,3721500000.0,0.0,100800000.0,0.0,0.0,0.0,249100000.0,349900000.0,0.187,349900000.0,249100000.0,190500000.0,0.75,0.74,0.75,1757200000.0,,1757200000.0,9178296132.0,19.0,10.661,326600000.0,1.945,1.0,448700000.0,0.239,2382300000.0,58600000.0,7342400000.0,,1179600000.0,124900000.0,900000.0,124000000.0,7119700000.0,2099500000.0,5020200000.0,6213296132.0,339900000.0,-5400000.0,1800000.0,8400000.0,0.0,-6000000.0,-74800000.0,0.0,396200000.0,24500000.0,126700000.0,126700000.0,126700000.0,0.0,2300000.0,0.068,217700000.0,231000000.0,816100000.0,0.0,3.536,68.203,73.8,2709900000.0,0.0,36.9,0.947,0.944,1146600000.0,288700000.0,1874600000.0,1874600000.0,14300000.0,,,,,0.0,128200000.0,1.0,168382009.0,167877000.0,171543000.0,11.167,6737500000.0,0.0,63800000.0,160100000.0,40.134,1146000000.0
48,OI,MRQ,2009-06-30,2009-06-30,2009-06-30,2021-08-04,-1424400000.0,8614200000.0,,2917400000.0,5696800000.0,,8.632,-77500000.0,677200000.0,677200000.0,1399600000.0,162500000.0,1.49,4.788,3642200000.0,357800000.0,3284400000.0,3642200000.0,0.0,98800000.0,0.0,0.0,0.0,256700000.0,355500000.0,0.197,355500000.0,256700000.0,198800000.0,0.89,0.88,0.89,1448200000.0,,1448200000.0,7677000411.0,18.0,9.415,134200000.0,0.8,1.0,407400000.0,0.225,2290800000.0,57900000.0,7330500000.0,,1178900000.0,120500000.0,4800000.0,115700000.0,6933700000.0,1957900000.0,4975800000.0,4713700411.0,314900000.0,-100000.0,300000.0,185400000.0,0.0,160200000.0,-73400000.0,0.0,211700000.0,16400000.0,149300000.0,149300000.0,149300000.0,0.0,13200000.0,0.083,159000000.0,248400000.0,802500000.0,0.0,3.255,109.621,133.381,2652300000.0,0.0,28.01,0.704,0.702,1126400000.0,162000000.0,1807000000.0,1807000000.0,14100000.0,,,,,0.0,122400000.0,1.0,168286341.0,167764000.0,170493000.0,10.771,6323400000.0,0.0,49500000.0,154200000.0,37.692,959500000.0
49,OI,MRQ,2009-03-31,2009-03-31,2009-03-31,2021-08-04,-1700400000.0,7751600000.0,,2416900000.0,5334700000.0,,6.081,-46600000.0,362300000.0,362300000.0,1222200000.0,58800000.0,1.316,6.393,3325600000.0,353600000.0,2972000000.0,3325600000.0,0.0,92700000.0,0.0,0.0,0.0,124400000.0,217100000.0,0.143,217100000.0,124400000.0,76300000.0,0.27,0.27,0.27,1016000000.0,,1016000000.0,5368238433.0,10.0,5.6,-75100000.0,-0.449,1.0,296800000.0,0.195,2130300000.0,48100000.0,6747500000.0,,1179300000.0,121200000.0,15900000.0,105300000.0,6495400000.0,1837100000.0,4658300000.0,2413638433.0,-17200000.0,100000.0,4000000.0,73700000.0,0.0,65100000.0,-44900000.0,1600000.0,-28500000.0,-8900000.0,45100000.0,45100000.0,45100000.0,0.0,13700000.0,0.03,182400000.0,114400000.0,754400000.0,0.0,2.376,19.309,20.338,2486400000.0,0.0,14.44,0.34,0.34,945500000.0,12700000.0,1519000000.0,1519000000.0,13900000.0,,,,,0.0,118500000.0,1.0,167149476.0,167080000.0,168469000.0,9.091,5621300000.0,0.0,31200000.0,138600000.0,33.644,579800000.0
50,OI,MRQ,2008-12-31,2008-12-31,2008-12-31,2021-08-04,-1620600000.0,7976500000.0,,2444700000.0,5531800000.0,,6.231,-123500000.0,379500000.0,379500000.0,1203600000.0,-211400000.0,1.22,6.422,3334100000.0,393800000.0,2940300000.0,3334100000.0,0.0,88200000.0,0.0,0.0,0.0,-149800000.0,-61600000.0,-0.045,-61600000.0,-149800000.0,-203000000.0,-1.41,-1.34,-1.41,1040600000.0,,1040600000.0,7611273324.0,11.0,6.505,52600000.0,0.315,1.0,156700000.0,0.115,2207500000.0,53200000.0,6720300000.0,,1132000000.0,126700000.0,25000000.0,101700000.0,6683100000.0,2003300000.0,4679800000.0,4564273324.0,-30800000.0,16000000.0,500000.0,-76400000.0,0.0,-77300000.0,-114400000.0,8100000.0,176100000.0,-15200000.0,-230000000.0,-230000000.0,-230000000.0,-88100000.0,18600000.0,-0.169,397100000.0,-240400000.0,1214200000.0,0.0,4.386,17.691,17.863,2645600000.0,0.0,27.33,0.605,0.605,988800000.0,-32400000.0,1360300000.0,1360300000.0,15000000.0,,,,,0.0,119600000.0,1.0,167005976.0,167005976.0,,8.145,5769000000.0,0.0,27000000.0,156300000.0,34.544,441400000.0
51,OI,MRQ,2008-09-30,2008-09-30,2008-09-30,2021-08-04,-320600000.0,9237400000.0,,2837100000.0,6400300000.0,,15.769,-109500000.0,410500000.0,410500000.0,1601300000.0,96600000.0,1.191,2.51,3457500000.0,496400000.0,2961100000.0,3457500000.0,0.0,117300000.0,0.0,0.0,0.0,187100000.0,304400000.0,0.152,304400000.0,187100000.0,120800000.0,0.46,0.47,0.46,2560700000.0,,2560700000.0,8331238256.0,9.0,5.794,199200000.0,1.227,1.0,407300000.0,0.203,2333300000.0,66300000.0,7569900000.0,,1277500000.0,128500000.0,34000000.0,94500000.0,6427600000.0,2381200000.0,4046400000.0,4907838256.0,44500000.0,600000.0,600000.0,-129200000.0,0.0,-133400000.0,-103700000.0,5200000.0,308700000.0,-27100000.0,78600000.0,78600000.0,78600000.0,0.0,18000000.0,0.039,227400000.0,179900000.0,901500000.0,0.0,1.917,10.58,10.849,2748900000.0,0.0,29.4,0.603,0.587,1194100000.0,197300000.0,2008600000.0,2008600000.0,17100000.0,,,,,0.0,120800000.0,1.0,166933274.0,162390000.0,170483000.0,12.369,6904100000.0,0.0,42200000.0,72100000.0,42.516,455900000.0
52,OI,MRQ,2008-06-30,2008-06-30,2008-06-30,2021-08-04,43000000.0,10037000000.0,,3114500000.0,6922500000.0,,17.165,-83600000.0,366000000.0,366000000.0,1685400000.0,248500000.0,1.276,2.446,3789400000.0,528600000.0,3260800000.0,3789400000.0,0.0,122300000.0,0.0,0.0,0.0,376400000.0,498700000.0,0.226,498700000.0,376400000.0,307200000.0,1.39,1.35,1.39,2838300000.0,,2838300000.0,10495545726.0,5.0,4.11,137700000.0,0.833,1.0,525200000.0,0.238,2546600000.0,69200000.0,8473500000.0,,1388700000.0,118800000.0,23600000.0,95200000.0,6941300000.0,2440300000.0,4501000000.0,6950945726.0,-117000000.0,0.0,4100000.0,-243300000.0,0.0,-263500000.0,-81900000.0,1700000.0,221300000.0,7100000.0,231300000.0,231300000.0,231300000.0,-3800000.0,17200000.0,0.105,159500000.0,365700000.0,1002100000.0,0.0,2.449,4.524,4.302,3003700000.0,0.0,41.69,0.863,0.856,1438400000.0,118700000.0,2210600000.0,2210600000.0,17900000.0,,,,,0.0,130800000.0,1.0,166729329.0,165350000.0,170550000.0,13.369,7490400000.0,0.0,75900000.0,130700000.0,45.3,674200000.0
53,OI,MRQ,2008-03-31,2008-03-31,2008-03-31,2021-08-04,-54100000.0,9957400000.0,,3114800000.0,6842600000.0,,15.985,-45400000.0,483000000.0,483000000.0,1503700000.0,194300000.0,1.162,2.885,4027600000.0,835100000.0,3192500000.0,4027600000.0,0.0,121200000.0,0.0,0.0,0.0,307300000.0,428500000.0,0.219,428500000.0,307300000.0,243000000.0,1.09,1.04,1.09,2498800000.0,,2498800000.0,12209777594.0,6.0,5.005,5500000.0,0.035,1.0,456800000.0,0.233,2522200000.0,64300000.0,8299300000.0,,1379400000.0,139100000.0,51700000.0,87400000.0,7210200000.0,2680500000.0,4529700000.0,8883077594.0,95300000.0,-16600000.0,9800000.0,168900000.0,0.0,109200000.0,-77000000.0,-15000000.0,50900000.0,12200000.0,178100000.0,178100000.0,178100000.0,-4100000.0,16200000.0,0.091,159000000.0,297800000.0,978500000.0,0.0,3.555,6.129,6.107,2995200000.0,0.0,56.43,1.133,1.125,1320600000.0,-112600000.0,1960500000.0,1960500000.0,16000000.0,,,,,0.0,127800000.0,1.0,157417643.0,156324000.0,170517000.0,12.541,7435200000.0,0.0,64900000.0,128800000.0,47.563,434300000.0
54,OI,MRQ,2007-12-31,2007-12-31,2007-12-31,2021-08-04,-176900000.0,9324600000.0,,2694600000.0,6630000000.0,,13.953,-127800000.0,387700000.0,387700000.0,1536400000.0,40900000.0,1.065,3.263,3714400000.0,700900000.0,3013500000.0,3714400000.0,0.0,112500000.0,0.0,0.0,0.0,93900000.0,206400000.0,0.105,206400000.0,93900000.0,5500000.0,-0.23,-0.06,-0.23,2187400000.0,,2187400000.0,11054993774.0,6.0,4.829,55400000.0,0.353,1.0,420900000.0,0.215,2428100000.0,88400000.0,7693700000.0,,1176600000.0,140800000.0,59800000.0,81000000.0,7137200000.0,2529500000.0,4607700000.0,7759993774.0,-1157200000.0,-28000000.0,19000000.0,-1209400000.0,0.0,-1218700000.0,-155800000.0,0.0,183200000.0,34100000.0,-18800000.0,-24100000.0,-24100000.0,33200000.0,59700000.0,-0.012,310000000.0,110900000.0,1382600000.0,0.0,3.548,5.883,5.851,2950000000.0,5300000.0,49.5,1.026,1.026,1185600000.0,-285300000.0,1957300000.0,1957300000.0,19300000.0,,,,,0.0,132300000.0,1.0,156767551.0,156767551.0,,12.485,6896500000.0,0.0,24300000.0,152300000.0,43.992,165100000.0
55,OI,MRQ,2007-09-30,2007-09-30,2007-09-30,2021-08-04,-276200000.0,10334500000.0,,3846100000.0,6488400000.0,,13.478,-62600000.0,1544900000.0,1544900000.0,1511200000.0,1156500000.0,1.039,3.955,4839900000.0,1862100000.0,2977800000.0,4839900000.0,0.0,119700000.0,0.0,0.0,0.0,1300200000.0,1419900000.0,0.736,1419900000.0,1300200000.0,1203200000.0,7.44,6.86,7.44,2085500000.0,,2085500000.0,11727707584.0,7.0,5.499,283400000.0,1.832,1.0,417200000.0,0.216,2388000000.0,97000000.0,7540800000.0,,1164500000.0,136900000.0,60400000.0,76500000.0,8249000000.0,3700700000.0,4548300000.0,6450807584.0,1196500000.0,1790500000.0,20600000.0,-905600000.0,0.0,-886200000.0,1727900000.0,0.0,346000000.0,8800000.0,1156500000.0,1151100000.0,1151100000.0,-1080900000.0,0.0,0.597,213500000.0,203700000.0,945400000.0,0.0,3.093,5.223,5.194,2893300000.0,5400000.0,41.45,0.916,0.91,1170400000.0,-261100000.0,1928400000.0,1928400000.0,15300000.0,,,,,0.0,130500000.0,1.0,155628651.0,154730000.0,168681000.0,12.463,7946500000.0,0.0,46700000.0,101900000.0,51.357,145400000.0
56,OI,MRQ,2007-06-30,2007-06-30,2007-06-30,2021-08-04,-421200000.0,9833800000.0,,2837300000.0,6996500000.0,,4.965,-84000000.0,348400000.0,348400000.0,1567600000.0,149700000.0,1.191,11.9,5625300000.0,746500000.0,4878800000.0,5625300000.0,0.0,114600000.0,0.0,0.0,0.0,270100000.0,384700000.0,0.193,384700000.0,270100000.0,187900000.0,0.94,0.89,0.94,762300000.0,,762300000.0,10777042125.0,20.0,11.094,95900000.0,0.625,1.0,429400000.0,0.215,2324300000.0,82200000.0,10404900000.0,,1137500000.0,148300000.0,52800000.0,95500000.0,9071500000.0,2381500000.0,6690000000.0,5416942125.0,54700000.0,2400000.0,16900000.0,-57500000.0,0.0,-48500000.0,-81600000.0,0.0,179900000.0,4900000.0,149700000.0,144300000.0,144300000.0,4100000.0,0.0,0.072,155900000.0,273500000.0,845400000.0,0.0,7.106,62.264,62.5,2857400000.0,5400000.0,35.0,0.79,0.784,1263800000.0,-1412200000.0,1997000000.0,1997000000.0,16500000.0,,,,,0.0,130600000.0,1.0,154769775.0,153547000.0,167218000.0,13.006,7509500000.0,0.0,38200000.0,105800000.0,48.907,455800000.0
57,OI,MRQ,2007-03-31,2007-03-31,2007-03-31,2021-08-04,-521400000.0,9599400000.0,,2704300000.0,6895100000.0,,3.2,-41400000.0,293700000.0,293700000.0,1356200000.0,53200000.0,1.248,18.615,5653800000.0,550400000.0,5103400000.0,5653800000.0,0.0,105500000.0,0.0,0.0,0.0,172800000.0,278300000.0,0.165,278300000.0,172800000.0,91800000.0,0.31,0.3,0.31,489400000.0,,489400000.0,9213626478.0,20.0,10.686,-85500000.0,-0.559,1.0,327800000.0,0.195,2276000000.0,81000000.0,10516500000.0,,1217600000.0,142300000.0,49800000.0,92500000.0,9110000000.0,2167000000.0,6943000000.0,3979726478.0,71000000.0,-4700000.0,6300000.0,164200000.0,0.0,157200000.0,-46100000.0,0.0,-44100000.0,4000000.0,53200000.0,47800000.0,47800000.0,2100000.0,0.0,0.028,153500000.0,174300000.0,842900000.0,0.0,8.132,-197.996,-198.231,2834100000.0,5400000.0,25.77,0.601,0.595,1130900000.0,-1556600000.0,1684000000.0,1684000000.0,14700000.0,,,,,0.0,127200000.0,1.0,154432537.0,152936000.0,156993000.0,11.011,7323400000.0,0.0,38600000.0,122800000.0,47.885,537300000.0
58,OI,MRQ,2006-12-31,2006-12-31,2006-12-31,2021-08-04,-594200000.0,9320700000.0,,2432700000.0,6888000000.0,,2.321,-120100000.0,222700000.0,222700000.0,1261800000.0,-102800000.0,1.028,25.13,5456600000.0,737200000.0,4719400000.0,5456600000.0,0.0,89200000.0,0.0,0.0,0.0,-39500000.0,49700000.0,0.035,49700000.0,-39500000.0,-84900000.0,-0.71,-0.7,-0.71,356700000.0,,356700000.0,8114680298.0,18.0,9.279,115600000.0,0.752,1.0,173700000.0,0.121,2255200000.0,45400000.0,9933700000.0,,1127400000.0,129000000.0,32700000.0,96300000.0,8964000000.0,2365700000.0,6598300000.0,2835480298.0,-19600000.0,700000.0,3300000.0,-137400000.0,0.0,-142000000.0,-119400000.0,0.0,235700000.0,6100000.0,-102800000.0,-108100000.0,-108100000.0,16100000.0,0.0,-0.075,267500000.0,-93800000.0,1206400000.0,0.0,7.949,-57.867,-57.656,2874500000.0,5300000.0,18.45,0.426,0.426,1041100000.0,-1604400000.0,1435500000.0,1435500000.0,4900000.0,,,,,0.0,146700000.0,1.0,153684569.0,153684569.0,,9.341,7065500000.0,0.0,17900000.0,172600000.0,45.974,67000000.0
59,OI,MRQ,2006-09-30,2006-09-30,2006-09-30,2021-08-04,-152900000.0,9871600000.0,,2627200000.0,7244400000.0,,5.859,-75900000.0,242300000.0,242300000.0,1403900000.0,8400000.0,1.154,10.074,5521500000.0,612600000.0,4908900000.0,5521500000.0,0.0,113000000.0,0.0,0.0,0.0,145700000.0,258700000.0,0.149,258700000.0,145700000.0,54000000.0,0.02,0.02,0.02,891400000.0,,891400000.0,7698079699.0,-54.0,30.56,61700000.0,0.406,1.0,334000000.0,0.192,2229800000.0,91700000.0,10643700000.0,,1112400000.0,172900000.0,82600000.0,90300000.0,8980200000.0,2277300000.0,6702900000.0,2366979699.0,-2400000.0,6800000.0,700000.0,-75500000.0,0.0,-72900000.0,-69100000.0,0.0,137600000.0,2000000.0,8400000.0,3000000.0,3000000.0,-300000.0,0.0,0.002,175700000.0,158300000.0,828500000.0,0.0,2.655,-2.803,-2.804,2789800000.0,5400000.0,15.42,0.383,0.38,1186100000.0,-1496200000.0,1737900000.0,1737900000.0,15200000.0,,,,,0.0,128900000.0,1.0,153500629.0,152150000.0,153876000.0,11.422,7641800000.0,0.0,45600000.0,191500000.0,50.225,349900000.0
60,OI,MRQ,2006-06-30,2006-06-30,2006-06-30,2021-08-04,-167900000.0,9890400000.0,,2628500000.0,7261900000.0,,5.702,-70900000.0,244700000.0,244700000.0,1430400000.0,42600000.0,1.162,10.414,5575800000.0,687400000.0,4888400000.0,5575800000.0,0.0,101900000.0,0.0,0.0,0.0,173600000.0,275500000.0,0.156,275500000.0,173600000.0,81100000.0,0.25,0.24,0.25,866500000.0,,866500000.0,7832491151.0,-235.0,20.931,-19500000.0,-0.128,1.0,333500000.0,0.189,2223300000.0,92500000.0,10736700000.0,,1126100000.0,159600000.0,71100000.0,88500000.0,9023900000.0,2261500000.0,6762400000.0,2570191151.0,37000000.0,4500000.0,1200000.0,64600000.0,0.0,45700000.0,-61900000.0,4500000.0,51400000.0,1800000.0,42600000.0,37200000.0,37200000.0,7900000.0,0.0,0.021,142100000.0,191400000.0,809200000.0,0.0,2.966,-3.532,-3.514,2807800000.0,5400000.0,16.76,0.41,0.407,1191200000.0,-1499200000.0,1763900000.0,1763900000.0,12400000.0,,,,,0.0,125500000.0,1.0,153352694.0,151975000.0,153960000.0,11.607,7667100000.0,0.0,38500000.0,191700000.0,50.45,367000000.0
61,OI,MRQ,2006-03-31,2006-03-31,2006-03-31,2021-08-04,-239000000.0,9577600000.0,,2396800000.0,7180800000.0,,4.949,-53400000.0,207700000.0,207700000.0,1385000000.0,24300000.0,1.296,11.76,5470000000.0,360700000.0,5109300000.0,5470000000.0,0.0,123600000.0,0.0,0.0,0.0,167000000.0,290600000.0,0.17,290600000.0,167000000.0,47600000.0,0.12,0.12,0.12,750600000.0,,750600000.0,7707341012.0,187.0,16.611,-327800000.0,-2.161,1.0,328100000.0,0.192,2370000000.0,119400000.0,10620000000.0,,1218000000.0,150000000.0,57600000.0,92400000.0,8827000000.0,1849900000.0,6977100000.0,2656941012.0,-38900000.0,3100000.0,2800000.0,171900000.0,0.0,160200000.0,72500000.0,122800000.0,-274400000.0,2800000.0,24300000.0,18900000.0,18900000.0,0.0,0.0,0.011,152000000.0,176100000.0,817900000.0,0.0,3.54,-3.915,-3.877,3113000000.0,5400000.0,17.37,0.417,0.413,1055200000.0,-1536500000.0,1713100000.0,1713100000.0,16200000.0,,,,,0.0,129300000.0,1.0,152961486.0,151679000.0,154005000.0,11.294,7207600000.0,0.0,23300000.0,186300000.0,47.519,546900000.0
62,OI,MRQ,2005-12-31,2005-12-31,2005-12-31,2021-08-04,-235900000.0,9521800000.0,,2282300000.0,7239500000.0,,4.736,-107500000.0,246600000.0,246600000.0,848000000.0,-881900000.0,1.253,12.153,5297000000.0,278300000.0,5018700000.0,5297000000.0,0.0,56700000.0,0.0,0.0,0.0,-629600000.0,-572900000.0,-0.595,-572900000.0,-629600000.0,-606600000.0,-5.89,-5.86,-5.89,723900000.0,,723900000.0,8227596780.0,56.0,14.117,95500000.0,0.625,1.0,115400000.0,0.12,2369200000.0,-23000000.0,10381100000.0,,1110700000.0,166800000.0,51900000.0,114900000.0,8797900000.0,1821900000.0,6976000000.0,3215996780.0,56300000.0,-4300000.0,700000.0,-81200000.0,0.0,-83900000.0,-61100000.0,50700000.0,203000000.0,-1700000.0,-881900000.0,-903400000.0,-903400000.0,-1300000.0,0.0,-0.938,735400000.0,-620000000.0,1200000000.0,0.0,4.443,-5.544,-5.465,3152500000.0,21500000.0,21.04,0.505,0.505,1006200000.0,-1555400000.0,963400000.0,963400000.0,3000000.0,,,,,0.0,97000000.0,1.0,152851558.0,152851558.0,,6.303,7152600000.0,0.0,275300000.0,218600000.0,46.794,460400000.0
63,OI,MRQ,2005-09-30,2005-09-30,2005-09-30,2021-08-04,-154300000.0,10296800000.0,,2357300000.0,7939500000.0,,11.163,-111100000.0,190300000.0,190300000.0,1473500000.0,119600000.0,1.459,5.097,5201900000.0,74200000.0,5127700000.0,5201900000.0,0.0,125400000.0,0.0,0.0,0.0,255600000.0,381000000.0,0.209,381000000.0,255600000.0,142300000.0,0.75,0.75,0.75,1688800000.0,,1688800000.0,8348998097.0,10.0,6.217,190800000.0,1.261,1.0,352000000.0,0.193,2897100000.0,113300000.0,10796000000.0,,1192300000.0,141400000.0,31700000.0,109700000.0,8608000000.0,1615300000.0,6992700000.0,3148298097.0,10200000.0,9300000.0,-1400000.0,-154400000.0,0.0,-191400000.0,-101800000.0,0.0,301900000.0,1500000.0,119600000.0,119600000.0,119600000.0,-63000000.0,0.0,0.066,149800000.0,202200000.0,1383100000.0,0.0,1.864,9.126,9.546,3192700000.0,0.0,20.62,0.438,0.434,993000000.0,-668100000.0,1825500000.0,1825500000.0,15800000.0,,,,,0.0,122000000.0,1.0,152681770.0,151280000.0,153357000.0,12.067,7399700000.0,0.0,22700000.0,196100000.0,48.914,742000000.0
64,OI,MRQ,2005-06-30,2005-06-30,2005-06-30,2021-08-04,-202600000.0,10221600000.0,,2359500000.0,7862100000.0,,10.045,-109200000.0,180100000.0,180100000.0,1474900000.0,86200000.0,1.558,5.748,5380800000.0,66000000.0,5314800000.0,5380800000.0,0.0,117000000.0,0.0,0.0,0.0,248300000.0,365300000.0,0.195,365300000.0,248300000.0,131700000.0,0.54,0.53,0.54,1514800000.0,,1514800000.0,8868621225.0,11.0,6.719,-30700000.0,-0.204,1.0,397900000.0,0.212,2903200000.0,116600000.0,11004900000.0,,1238200000.0,139800000.0,31700000.0,108100000.0,8706800000.0,1514200000.0,7192600000.0,3812021225.0,-18000000.0,-30100000.0,11500000.0,122500000.0,0.0,46500000.0,-139300000.0,0.0,78500000.0,-3700000.0,86200000.0,86200000.0,86200000.0,0.0,0.0,0.046,141300000.0,256600000.0,1286200000.0,0.0,2.517,12.631,13.254,3229100000.0,0.0,25.05,0.537,0.532,965500000.0,-782400000.0,1872800000.0,1872800000.0,15700000.0,,,,,0.0,119000000.0,1.0,152176496.0,150804000.0,153141000.0,12.419,7318400000.0,0.0,45500000.0,162200000.0,48.529,845300000.0
65,OI,MRQ,2005-03-31,2005-03-31,2005-03-31,2021-08-04,-77200000.0,10390300000.0,,2369400000.0,8020900000.0,,10.311,-76300000.0,198100000.0,198100000.0,1288500000.0,117500000.0,1.379,5.714,5254700000.0,177500000.0,5077200000.0,5254700000.0,0.0,137000000.0,0.0,0.0,0.0,272400000.0,409400000.0,0.24,409400000.0,272400000.0,153900000.0,0.75,0.73,0.75,1547500000.0,,1547500000.0,8892951096.0,11.0,6.972,-206600000.0,-1.377,1.0,419900000.0,0.246,2968400000.0,118500000.0,10760500000.0,,1336400000.0,132600000.0,30200000.0,102400000.0,8842800000.0,1718000000.0,7124800000.0,3810451096.0,-79800000.0,180500000.0,10200000.0,-60500000.0,0.0,-44300000.0,104200000.0,0.0,-130300000.0,-9400000.0,117500000.0,117500000.0,117500000.0,0.0,0.0,0.069,140400000.0,279500000.0,1374500000.0,0.0,2.462,12.778,13.444,3212800000.0,0.0,25.14,0.57,0.564,887300000.0,-863300000.0,1708400000.0,1708400000.0,16400000.0,,,,,0.0,117200000.0,1.0,151569256.0,150079000.0,161010000.0,11.383,7421900000.0,0.0,36400000.0,184600000.0,49.453,651400000.0
66,OI,MRQ,2004-12-31,2004-12-31,2004-12-31,2021-08-04,45700000.0,10736700000.0,,2400800000.0,8335900000.0,,10.284,-168200000.0,277900000.0,277900000.0,1396200000.0,21700000.0,1.259,5.952,5360400000.0,192500000.0,5167900000.0,5360400000.0,0.0,99200000.0,0.0,0.0,0.0,88100000.0,187300000.0,0.105,187300000.0,88100000.0,-62400000.0,0.12,0.11,0.12,1544300000.0,,1544300000.0,9726017726.0,14.0,8.441,-35800000.0,-0.238,1.0,382300000.0,0.215,3009100000.0,150500000.0,10903600000.0,,1309900000.0,144700000.0,27600000.0,117100000.0,9192400000.0,1906500000.0,7285900000.0,3401217726.0,15800000.0,1330000000.0,13200000.0,-1285900000.0,0.0,-1289800000.0,1161800000.0,0.0,132400000.0,11400000.0,21700000.0,21700000.0,21700000.0,-54400000.0,0.0,0.012,337900000.0,44400000.0,1311800000.0,0.0,2.202,14.443,15.621,3497700000.0,0.0,22.65,0.543,0.543,821300000.0,-975300000.0,1778500000.0,1778500000.0,14900000.0,,,,,0.0,141900000.0,1.0,150164138.0,150164138.0,,11.844,7727600000.0,0.0,-84100000.0,237100000.0,51.461,494300000.0
67,OI,MRQ,2004-09-30,2004-09-30,2004-09-30,2021-08-04,-261800000.0,11397000000.0,,2683800000.0,8713200000.0,,8.12,-109700000.0,262100000.0,262100000.0,1378700000.0,76400000.0,1.25,8.48,6586900000.0,438600000.0,6148300000.0,6586900000.0,0.0,127000000.0,0.0,0.0,0.0,230900000.0,357900000.0,0.206,357900000.0,230900000.0,110100000.0,0.48,0.47,0.48,1202200000.0,,1202200000.0,8787765872.0,-16.0,-70.415,147100000.0,0.994,1.0,359300000.0,0.207,2872100000.0,120800000.0,12703100000.0,,1203700000.0,221400000.0,61900000.0,159500000.0,10194800000.0,2146600000.0,8048200000.0,2387265872.0,-39700000.0,2300000.0,3300000.0,-187800000.0,0.0,-192900000.0,-107400000.0,0.0,256800000.0,3800000.0,76400000.0,76400000.0,76400000.0,-3300000.0,0.0,0.044,123000000.0,236300000.0,1420600000.0,0.0,1.986,-2.785,-2.667,3180900000.0,0.0,16.0,0.459,0.455,887000000.0,-991700000.0,1738000000.0,1738000000.0,14100000.0,,,,,0.0,97000000.0,1.0,149204117.0,148053000.0,149923000.0,11.739,8524900000.0,0.0,33700000.0,151500000.0,57.58,537200000.0
68,OI,MRQ,2004-06-30,2004-06-30,2004-06-30,2021-08-04,-348500000.0,11235100000.0,,2728400000.0,8506700000.0,,7.035,-101400000.0,301800000.0,301800000.0,1133300000.0,82600000.0,1.324,9.822,6702300000.0,431800000.0,6270500000.0,6702300000.0,0.0,101500000.0,0.0,0.0,0.0,219500000.0,321000000.0,0.22,321000000.0,219500000.0,116800000.0,0.52,0.52,0.52,1038200000.0,,1038200000.0,7845467317.0,-12.0,-27.393,99900000.0,0.677,1.0,327500000.0,0.224,2721800000.0,102700000.0,12853300000.0,,1230700000.0,176700000.0,22900000.0,153800000.0,10196900000.0,2060500000.0,8136400000.0,2495067317.0,142800000.0,-546300000.0,8300000.0,623300000.0,0.0,590700000.0,-647700000.0,0.0,201300000.0,-1500000.0,82600000.0,82600000.0,82600000.0,1300000.0,0.0,0.057,99100000.0,228400000.0,1342400000.0,0.0,2.403,-2.758,-2.652,3141100000.0,0.0,16.76,0.52,0.516,898100000.0,-1062700000.0,1460800000.0,1460800000.0,15100000.0,,,,,0.0,80100000.0,1.0,148870365.0,147582000.0,149245000.0,9.898,8513300000.0,0.0,34200000.0,139200000.0,57.685,667900000.0
69,OI,MRQ,2004-03-31,2004-03-31,2004-03-31,2021-08-04,-274200000.0,9558700000.0,,2178600000.0,7380100000.0,,6.972,-82500000.0,159000000.0,159000000.0,1010200000.0,54800000.0,1.598,8.324,5509400000.0,122000000.0,5387400000.0,5509400000.0,0.0,108300000.0,0.0,0.0,0.0,177800000.0,286100000.0,0.222,286100000.0,177800000.0,76900000.0,0.33,0.33,0.33,1025200000.0,,1025200000.0,7335676703.0,-11.0,-24.282,-63100000.0,-0.429,1.0,275900000.0,0.215,2136500000.0,100900000.0,11409400000.0,,1017000000.0,169200000.0,22400000.0,146800000.0,8533500000.0,1363200000.0,7170300000.0,2073576703.0,-4400000.0,14600000.0,2600000.0,66900000.0,0.0,54100000.0,-67900000.0,0.0,19400000.0,-10000000.0,54800000.0,54800000.0,54800000.0,-7600000.0,0.0,0.043,99800000.0,176100000.0,951100000.0,0.0,2.023,-2.137,-2.074,2607800000.0,0.0,14.02,0.42,0.417,732400000.0,-1140000000.0,1286100000.0,1286100000.0,14900000.0,,,,,0.0,83300000.0,1.0,147901334.0,147042000.0,148120000.0,8.746,7422200000.0,0.0,22100000.0,62900000.0,50.477,815400000.0
70,OI,MRQ,2003-12-31,2003-12-31,2003-12-31,2021-08-04,-243100000.0,9531300000.0,,2121800000.0,7409500000.0,,6.788,-115500000.0,163400000.0,163400000.0,538500000.0,-1071100000.0,1.556,8.499,5425500000.0,92400000.0,5333100000.0,5425500000.0,0.0,87600000.0,0.0,0.0,0.0,-1177400000.0,-1089800000.0,-1.52,-1089800000.0,-1177400000.0,-1252700000.0,-7.33,-7.33,-7.33,1003400000.0,,1003400000.0,7111558748.0,-10.0,-23.486,95300000.0,0.645,1.0,178400000.0,0.249,2129100000.0,75300000.0,11300900000.0,,1031900000.0,172100000.0,26800000.0,145300000.0,8527900000.0,1363400000.0,7164500000.0,1757458748.0,15100000.0,51500000.0,900000.0,-90300000.0,0.0,-135500000.0,-64000000.0,0.0,210800000.0,3800000.0,-1071100000.0,-1071100000.0,-1071100000.0,661900000.0,0.0,-1.494,684800000.0,-506400000.0,859900000.0,0.0,1.752,-1.774,-1.726,2657800000.0,0.0,11.89,0.347,0.347,657600000.0,-1189300000.0,716900000.0,716900000.0,10100000.0,,,,,0.0,74500000.0,1.0,147809819.0,147809819.0,,4.85,7402200000.0,0.0,-181600000.0,79700000.0,50.079,758400000.0
71,OI,MRQ,2003-09-30,2003-09-30,2003-09-30,2021-08-04,-397900000.0,10244100000.0,,2210400000.0,8033700000.0,,13.095,-95300000.0,148300000.0,148300000.0,1018600000.0,28900000.0,1.578,4.324,5502400000.0,78400000.0,5424000000.0,5502400000.0,0.0,58300000.0,0.0,0.052,0.0,138000000.0,196300000.0,0.147,196300000.0,138000000.0,32900000.0,0.16,0.16,0.16,1924100000.0,,1924100000.0,7295048523.0,13.0,8.215,75300000.0,0.512,1.0,314300000.0,0.236,2858200000.0,105100000.0,11338800000.0,,1199900000.0,218000000.0,28900000.0,189100000.0,8320000000.0,1401200000.0,6918800000.0,1687848523.0,-1900000.0,3300000.0,900000.0,-243300000.0,0.0,-243700000.0,71000000.0,163000000.0,170600000.0,200000.0,28900000.0,28900000.0,28900000.0,-1200000.0,0.0,0.022,169500000.0,144800000.0,1142800000.0,0.0,0.877,12.924,15.026,3404000000.0,0.0,11.42,0.358,0.356,875800000.0,-112900000.0,1332900000.0,1332900000.0,14400000.0,,,,,0.0,80600000.0,1.0,147797594.0,146936000.0,147827000.0,9.071,7385900000.0,0.0,4000000.0,287100000.0,50.266,809200000.0
72,OI,MRQ,2003-06-30,2003-06-30,2003-06-30,2021-08-04,-415400000.0,10423400000.0,,2214100000.0,8209300000.0,,12.814,-101300000.0,150200000.0,150200000.0,1270700000.0,17000000.0,1.647,4.538,5757400000.0,108100000.0,5649300000.0,5757400000.0,0.0,123200000.0,0.0,0.043,0.0,182100000.0,305300000.0,0.19,305300000.0,182100000.0,43700000.0,0.08,0.08,0.08,1882200000.0,,1882200000.0,7470200205.0,11.0,7.083,-64700000.0,-0.44,1.0,333400000.0,0.208,2839600000.0,138400000.0,11846400000.0,,1208800000.0,217600000.0,24800000.0,192800000.0,8541200000.0,1344600000.0,7196600000.0,2034500205.0,21700000.0,4100000.0,700000.0,182000000.0,0.0,79600000.0,-97200000.0,0.0,36600000.0,2700000.0,17000000.0,17000000.0,17000000.0,0.0,0.0,0.011,145500000.0,187900000.0,1051500000.0,0.0,1.081,10.193,11.195,3450100000.0,0.0,13.77,0.416,0.414,876700000.0,-136400000.0,1604100000.0,1604100000.0,20000000.0,,,,,0.0,82200000.0,1.0,147748744.0,146891000.0,147526000.0,10.92,7583800000.0,0.0,26700000.0,309900000.0,51.629,869500000.0
73,OI,MRQ,2003-03-31,2003-03-31,2003-03-31,2021-08-04,-540500000.0,10152300000.0,,2041300000.0,8111000000.0,,11.881,-119400000.0,128500000.0,128500000.0,1140100000.0,34400000.0,1.595,4.819,5564200000.0,84600000.0,5479600000.0,5564200000.0,0.0,122800000.0,0.0,0.066,0.0,162600000.0,285400000.0,0.202,285400000.0,162600000.0,51600000.0,0.2,0.2,0.2,1744700000.0,,1744700000.0,6555442318.0,9.0,5.837,-184300000.0,-1.255,1.0,271800000.0,0.193,2744600000.0,111000000.0,11563500000.0,,1155200000.0,215600000.0,20200000.0,195400000.0,8407600000.0,1279900000.0,7127700000.0,1335642318.0,2100000.0,7800000.0,1100000.0,214700000.0,0.0,177200000.0,-111600000.0,0.0,-64900000.0,1400000.0,34400000.0,34400000.0,34400000.0,0.0,0.0,0.024,106300000.0,165500000.0,1005300000.0,0.0,0.766,4.779,5.107,3360400000.0,0.0,9.04,0.278,0.276,797200000.0,-148100000.0,1411900000.0,1411900000.0,20100000.0,,,,,0.0,83600000.0,1.0,147748044.0,146853000.0,147518000.0,9.614,7407700000.0,0.0,17200000.0,287900000.0,50.443,761400000.0
74,OI,MRQ,2002-12-31,2002-12-31,2002-12-31,2021-08-04,-583600000.0,9869300000.0,,1887200000.0,7982100000.0,,11.339,-152800000.0,126400000.0,126400000.0,262300000.0,50300000.0,1.455,4.907,5346200000.0,78200000.0,5268000000.0,5346200000.0,0.0,12300000.0,0.0,0.041,0.594,88700000.0,101000000.0,0.273,101000000.0,88700000.0,41400000.0,0.32,0.32,0.32,1670800000.0,,1670800000.0,7357309554.0,-53.0,34.125,41200000.0,0.28,1.0,107000000.0,0.29,2691200000.0,47300000.0,11100500000.0,,1089700000.0,209600000.0,17600000.0,192000000.0,8198500000.0,1297400000.0,6901100000.0,2148409554.0,-50700000.0,2200000.0,700000.0,-59800000.0,0.0,-98100000.0,-150600000.0,0.0,194000000.0,4000000.0,50300000.0,50300000.0,50300000.0,-38000000.0,0.0,0.136,46400000.0,60600000.0,876200000.0,1.856,1.286,-4.668,-4.432,3324100000.0,0.0,14.58,0.454,0.454,714100000.0,-177000000.0,369300000.0,369300000.0,-1500000.0,,,,,0.0,46600000.0,1.0,147353193.0,147353193.0,,2.506,7178100000.0,0.0,-8900000.0,307300000.0,48.714,589800000.0
75,OI,MRQ,2002-09-30,2002-09-30,2002-09-30,2021-08-04,-588800000.0,9836800000.0,,2053100000.0,7783700000.0,,11.037,-105400000.0,177100000.0,177100000.0,1137700000.0,97900000.0,1.622,5.073,5386000000.0,64900000.0,5321100000.0,5386000000.0,0.0,110400000.0,0.0,0.0,0.0,252500000.0,362900000.0,0.242,362900000.0,252500000.0,145600000.0,0.63,0.63,0.63,1619700000.0,,1619700000.0,6990542026.0,-63.0,20.892,63500000.0,0.433,1.0,362900000.0,0.242,2636300000.0,106900000.0,11143700000.0,,1024400000.0,195100000.0,17400000.0,177700000.0,8217100000.0,1265700000.0,6951400000.0,1667842026.0,37800000.0,3500000.0,700000.0,-25500000.0,0.0,-26400000.0,-101900000.0,0.0,168900000.0,-2800000.0,97900000.0,97900000.0,97900000.0,0.0,0.0,0.065,105100000.0,257800000.0,995800000.0,0.0,1.03,-3.234,-3.068,3212000000.0,0.0,11.32,0.291,0.29,801200000.0,-222000000.0,1500600000.0,1500600000.0,21600000.0,,,,,0.0,76600000.0,1.0,147335868.0,146749000.0,147474000.0,10.226,7200500000.0,0.0,47700000.0,371900000.0,49.067,787400000.0
76,OI,MRQ,2002-06-30,2002-06-30,2002-06-30,2021-08-04,-535400000.0,10024900000.0,,2136200000.0,7888700000.0,,10.773,-125500000.0,139300000.0,139300000.0,1153100000.0,96900000.0,1.576,5.345,5462000000.0,92400000.0,5369600000.0,5462000000.0,0.0,123300000.0,0.0,0.0,0.0,250400000.0,373700000.0,0.245,373700000.0,250400000.0,144200000.0,0.62,0.62,0.62,1579900000.0,,1579900000.0,7338715070.0,-52.0,25.072,78300000.0,0.534,1.0,369900000.0,0.243,2661700000.0,106200000.0,11330500000.0,,1074300000.0,187300000.0,16700000.0,170600000.0,8445000000.0,1355400000.0,7089600000.0,2022815070.0,24100000.0,1100000.0,2700000.0,9900000.0,0.0,-52100000.0,-124400000.0,0.0,203800000.0,-3200000.0,96900000.0,96900000.0,96900000.0,0.0,0.0,0.064,113700000.0,256200000.0,1053000000.0,0.0,1.28,-3.717,-3.541,3282900000.0,0.0,13.74,0.36,0.359,874300000.0,-314600000.0,1523000000.0,1523000000.0,18900000.0,,,,,0.0,83900000.0,1.0,147220893.0,146659000.0,148222000.0,10.385,7363200000.0,0.0,47300000.0,354000000.0,50.206,780800000.0
77,OI,MRQ,2002-03-31,2002-03-31,2002-03-31,2021-08-04,-605300000.0,9698000000.0,,2038000000.0,7660000000.0,,9.679,-112300000.0,115200000.0,115200000.0,1019800000.0,-705300000.0,1.635,5.85,5431100000.0,86400000.0,5344700000.0,5431100000.0,0.0,107400000.0,0.0,0.0,0.0,-729400000.0,-622000000.0,-0.465,-622000000.0,-729400000.0,-841200000.0,-4.86,-4.86,-4.86,1415700000.0,,1415700000.0,7628399916.0,47.0,13.336,-75900000.0,-0.519,1.0,318500000.0,0.238,2564200000.0,111800000.0,11203200000.0,,1085400000.0,180500000.0,17300000.0,163200000.0,8282300000.0,1246500000.0,7035800000.0,2490199916.0,-40400000.0,14600000.0,2700000.0,31400000.0,0.0,19300000.0,-97700000.0,0.0,36400000.0,1600000.0,-705300000.0,-705300000.0,-705300000.0,0.0,0.0,-0.527,583400000.0,-264900000.0,940100000.0,0.0,1.759,-6.263,-5.944,3238600000.0,0.0,17.0,0.416,0.415,811200000.0,-406100000.0,1338300000.0,1338300000.0,18600000.0,,,,,0.0,80800000.0,1.0,146482348.0,146267000.0,146267000.0,9.15,7133800000.0,0.0,-135900000.0,326100000.0,48.772,791500000.0
78,OI,MRQ,2001-12-31,2001-12-31,2001-12-31,2021-08-04,-576300000.0,10106600000.0,,1987200000.0,8119400000.0,,14.69,-187800000.0,155600000.0,155600000.0,1070500000.0,-5200000.0,1.614,3.697,5400900000.0,71200000.0,5329700000.0,5400900000.0,0.0,104100000.0,0.0,0.0,0.0,115900000.0,220000000.0,0.16,220000000.0,115900000.0,10800000.0,-0.08,-0.02,-0.08,2151800000.0,,2151800000.0,6601558657.0,6.0,4.448,78500000.0,0.536,1.0,301200000.0,0.22,2995300000.0,105100000.0,11125100000.0,,1035900000.0,182500000.0,16400000.0,166100000.0,7954800000.0,1231500000.0,6723300000.0,1463358657.0,-18700000.0,-142600000.0,1300000.0,50900000.0,0.0,20700000.0,-330400000.0,0.0,266300000.0,24700000.0,-5200000.0,-5200000.0,-5200000.0,0.0,0.0,-0.004,182100000.0,119100000.0,811800000.0,0.0,0.68,4.104,4.343,3259900000.0,0.0,9.99,0.243,0.243,791500000.0,304700000.0,1371700000.0,1371700000.0,19600000.0,,,,,0.0,92200000.0,1.0,146482348.0,146482348.0,,9.364,7111300000.0,0.0,16000000.0,477600000.0,48.547,755700000.0
79,OI,MRQ,2001-09-30,2001-09-30,2001-09-30,2021-08-04,-609800000.0,9926400000.0,,2056500000.0,7869900000.0,,14.563,-124200000.0,174300000.0,174300000.0,1036900000.0,69400000.0,1.666,3.664,5312500000.0,108600000.0,5203900000.0,5312500000.0,0.0,98900000.0,0.0,0.0,0.0,222100000.0,321000000.0,0.232,321000000.0,222100000.0,117000000.0,0.44,0.44,0.44,2128400000.0,,2128400000.0,5784837967.0,5.0,3.792,39300000.0,0.269,1.0,346900000.0,0.251,2919300000.0,105100000.0,10910900000.0,,997700000.0,194200000.0,16600000.0,177600000.0,7798000000.0,1234400000.0,6563600000.0,590337967.0,28500000.0,13400000.0,400000.0,-13100000.0,0.0,-18100000.0,-110800000.0,0.0,163500000.0,-6100000.0,69400000.0,69400000.0,69400000.0,0.0,0.0,0.05,118200000.0,228700000.0,427900000.0,0.0,0.277,1.498,1.568,3089700000.0,0.0,4.03,0.098,0.098,913400000.0,315200000.0,1383800000.0,1383800000.0,17900000.0,,,,,0.0,69200000.0,1.0,146485848.0,146147000.0,146228000.0,9.469,7007100000.0,0.0,47600000.0,443500000.0,47.946,822100000.0
80,OI,MRQ,2001-06-30,2001-06-30,2001-06-30,2021-08-04,-620000000.0,9881000000.0,,2022800000.0,7858200000.0,,14.177,-126800000.0,145800000.0,145800000.0,1083300000.0,243500000.0,1.707,3.811,5340300000.0,107600000.0,5232700000.0,5340300000.0,0.0,99500000.0,0.0,0.0,0.0,553500000.0,653000000.0,0.345,653000000.0,553500000.0,436600000.0,1.64,1.58,1.64,2053800000.0,,2053800000.0,6453578315.0,19.0,8.776,-55300000.0,-0.382,1.0,810000000.0,0.428,2958800000.0,116900000.0,10931500000.0,,1022700000.0,192300000.0,14400000.0,177900000.0,7827200000.0,1185200000.0,6642000000.0,983578315.0,-28000000.0,441100000.0,300000.0,-332100000.0,0.0,-399200000.0,314300000.0,0.0,71500000.0,-14600000.0,243500000.0,243500000.0,243500000.0,0.0,0.0,0.129,251100000.0,558900000.0,857600000.0,0.0,0.479,-7.9,-6.848,3072600000.0,0.0,6.78,0.16,0.16,935200000.0,251200000.0,1893300000.0,1893300000.0,18100000.0,,,,,0.0,101500000.0,1.0,145070548.0,144872000.0,153697000.0,13.069,6922200000.0,0.0,193100000.0,393700000.0,47.781,837600000.0
81,OI,MRQ,2001-03-31,2001-03-31,2001-03-31,2021-08-04,-614000000.0,9891000000.0,,2034400000.0,7856600000.0,,12.536,-93100000.0,173800000.0,173800000.0,1027700000.0,48900000.0,1.643,4.455,5643800000.0,106700000.0,5537100000.0,5643800000.0,0.0,100700000.0,0.0,0.0,0.0,189600000.0,290300000.0,0.213,290300000.0,189600000.0,76100000.0,0.3,0.3,0.3,1813200000.0,,1813200000.0,6949571516.0,144.0,15.197,-56300000.0,-0.389,1.0,336800000.0,0.247,2960000000.0,113500000.0,11163000000.0,,1079500000.0,194100000.0,14800000.0,179300000.0,8077800000.0,1238000000.0,6839800000.0,1241271516.0,-55900000.0,108800000.0,-4800000.0,-89900000.0,0.0,-100100000.0,15700000.0,0.0,36800000.0,-8300000.0,48900000.0,48900000.0,48900000.0,0.0,0.0,0.036,142300000.0,194500000.0,931300000.0,0.0,0.685,-4.441,-4.126,3118700000.0,0.0,8.5,0.215,0.213,909400000.0,13100000.0,1364500000.0,1364500000.0,17000000.0,,,,,0.0,78400000.0,1.0,146031943.0,144639000.0,144662000.0,9.434,6931000000.0,0.0,27200000.0,233600000.0,47.919,796400000.0
82,OI,MRQ,2000-12-31,2000-12-31,2000-12-31,2021-08-04,-506400000.0,10343200000.0,,2081700000.0,8261500000.0,,12.894,-139400000.0,229700000.0,229700000.0,1079200000.0,32300000.0,1.579,4.493,5849800000.0,120000000.0,5729800000.0,5849800000.0,0.0,100500000.0,0.0,0.0,0.0,160900000.0,261400000.0,0.188,261400000.0,160900000.0,35000000.0,0.19,0.19,0.19,1883000000.0,,1883000000.0,6538929692.0,89.0,13.463,-61000000.0,-0.418,1.0,314100000.0,0.225,3101000000.0,125900000.0,11544300000.0,,1094400000.0,201100000.0,19700000.0,181400000.0,8460200000.0,1318000000.0,7142200000.0,830629692.0,66100000.0,55300000.0,-3600000.0,18500000.0,0.0,9500000.0,-84100000.0,0.0,78400000.0,62300000.0,32300000.0,32300000.0,32300000.0,0.0,0.0,0.023,140100000.0,174000000.0,912800000.0,0.0,0.441,-3.08,-2.844,3284900000.0,0.0,5.688,0.143,0.143,971600000.0,-30400000.0,1393300000.0,1393300000.0,16400000.0,,,,,0.0,70600000.0,1.0,146031943.0,146031943.0,,9.541,7242200000.0,0.0,2700000.0,239600000.0,49.593,763700000.0
83,OI,MRQ,2000-09-30,2000-09-30,2000-09-30,2021-08-04,-524100000.0,10408600000.0,,2109100000.0,8299500000.0,,12.807,-92400000.0,163600000.0,163600000.0,1126400000.0,-449200000.0,1.623,4.577,5871900000.0,139600000.0,5732300000.0,5871900000.0,0.0,103100000.0,0.0,0.0,0.0,-572400000.0,-469300000.0,-0.314,-469300000.0,-572400000.0,-696600000.0,-3.12,-3.12,-3.12,1866200000.0,,1866200000.0,7136895473.0,88.0,14.447,94200000.0,0.646,1.0,365900000.0,0.245,3129900000.0,124200000.0,11687700000.0,,1107000000.0,222400000.0,31700000.0,190700000.0,8542400000.0,1299300000.0,7243100000.0,1350795473.0,-4200000.0,-14100000.0,-2600000.0,-72500000.0,0.0,-80500000.0,-106500000.0,0.0,186600000.0,-3800000.0,-449200000.0,-449200000.0,-449200000.0,0.0,0.0,-0.301,935800000.0,-569900000.0,979700000.0,0.0,0.724,-5.168,-4.744,3286700000.0,0.0,9.25,0.231,0.23,1115900000.0,-34000000.0,1492300000.0,1492300000.0,18500000.0,,,,,0.0,73600000.0,1.0,146031943.0,145716000.0,145716000.0,10.241,7278700000.0,0.0,-247400000.0,186600000.0,49.951,809800000.0
84,OI,MRQ,2000-06-30,2000-06-30,2000-06-30,2021-08-04,-487900000.0,10635500000.0,,2126400000.0,8509100000.0,,16.112,-114800000.0,167800000.0,167800000.0,1107600000.0,88500000.0,1.815,3.508,5953900000.0,168800000.0,5785100000.0,5953900000.0,0.0,104700000.0,0.0,0.0,0.0,270200000.0,374900000.0,0.247,374900000.0,270200000.0,148800000.0,0.57,0.57,0.57,2359500000.0,,2359500000.0,7534044468.0,8.0,5.793,-26800000.0,-0.183,1.0,411500000.0,0.271,3154000000.0,121400000.0,12096300000.0,,1099100000.0,230800000.0,42500000.0,188300000.0,8276000000.0,1171300000.0,7104700000.0,1713244468.0,-14500000.0,6900000.0,-8900000.0,25600000.0,0.0,11400000.0,-107900000.0,0.0,88000000.0,-6000000.0,88500000.0,88500000.0,88500000.0,0.0,0.0,0.058,137000000.0,274500000.0,902500000.0,0.0,0.726,6.458,7.172,3415000000.0,0.0,11.69,0.293,0.293,1133400000.0,420600000.0,1519100000.0,1519100000.0,20800000.0,,,,,0.0,65600000.0,1.0,146556413.0,146441000.0,146917000.0,10.373,7481500000.0,0.0,60300000.0,449400000.0,51.089,955100000.0
85,OI,MRQ,2000-03-31,2000-03-31,2000-03-31,2021-08-04,-408200000.0,10791000000.0,,2115700000.0,8675300000.0,,16.133,-134800000.0,182300000.0,182300000.0,1045900000.0,58700000.0,1.697,3.563,6003100000.0,220800000.0,5782300000.0,6003100000.0,0.0,104300000.0,0.0,0.0,0.0,214400000.0,318700000.0,0.226,318700000.0,214400000.0,99200000.0,0.36,0.36,0.36,2364900000.0,,2364900000.0,8162262302.0,9.0,6.235,-123000000.0,-0.839,1.0,364200000.0,0.258,3236000000.0,115200000.0,12128800000.0,,1122700000.0,230200000.0,39700000.0,190500000.0,8426100000.0,1247000000.0,7179100000.0,2480562302.0,-74800000.0,-30800000.0,500000.0,87600000.0,0.0,82700000.0,-165600000.0,0.0,11800000.0,-3700000.0,58700000.0,58700000.0,58700000.0,0.0,0.0,0.042,147700000.0,216500000.0,941200000.0,0.0,1.049,8.622,9.701,3502400000.0,0.0,16.88,0.424,0.423,1085600000.0,337400000.0,1410100000.0,1410100000.0,22300000.0,,,,,0.0,75300000.0,1.0,146952743.0,146585000.0,147184000.0,9.62,7555000000.0,0.0,40500000.0,426200000.0,51.54,868700000.0
86,OI,MRQ,1999-12-31,1999-12-31,1999-12-31,2021-08-04,-368600000.0,10756300000.0,,2109800000.0,8646500000.0,,15.653,-229100000.0,257100000.0,257100000.0,1116000000.0,40600000.0,1.657,3.577,5938800000.0,205700000.0,5733100000.0,5938800000.0,0.0,100400000.0,0.0,0.0,0.0,169300000.0,269700000.0,0.188,269700000.0,169300000.0,58500000.0,0.24,0.24,0.24,2349900000.0,,2349900000.0,9307625208.0,10.0,7.087,-1800000.0,-0.012,1.0,322000000.0,0.224,3294400000.0,110800000.0,11870500000.0,,1060700000.0,227300000.0,32100000.0,195200000.0,8406400000.0,1273100000.0,7133300000.0,3762125208.0,51600000.0,18600000.0,-138900000.0,184700000.0,0.0,39400000.0,-210500000.0,0.0,227300000.0,-4600000.0,40600000.0,40600000.0,40600000.0,0.0,0.0,0.028,150800000.0,171200000.0,860900000.0,0.0,1.601,12.612,14.0,3444100000.0,0.0,25.06,0.65,0.65,1061700000.0,284100000.0,1438000000.0,1438000000.0,22000000.0,,,,,0.0,84500000.0,1.0,150124709.0,150124709.0,,9.579,7461900000.0,0.0,17900000.0,433900000.0,49.705,836700000.0
87,OI,MRQ,1999-09-30,1999-09-30,1999-09-30,2021-08-04,-330300000.0,10798800000.0,,2167700000.0,8631100000.0,,16.094,-159900000.0,205500000.0,205500000.0,1112200000.0,77500000.0,1.647,3.331,5751000000.0,246500000.0,5504500000.0,5751000000.0,0.0,104500000.0,0.0,0.0,0.0,232800000.0,337300000.0,0.228,337300000.0,232800000.0,126700000.0,0.46,0.46,0.46,2493200000.0,,2493200000.0,8559955596.0,15.0,8.807,41700000.0,0.269,1.0,367600000.0,0.248,3295200000.0,106100000.0,11732800000.0,,1104200000.0,223800000.0,29300000.0,194500000.0,8305600000.0,1316300000.0,6989300000.0,3087355596.0,-65300000.0,-12600000.0,-84400000.0,500000.0,0.0,-89300000.0,-172500000.0,0.0,201600000.0,-5100000.0,77500000.0,77500000.0,77500000.0,0.0,0.0,0.052,131800000.0,235800000.0,984800000.0,0.0,1.238,43.607,82.542,3389400000.0,0.0,19.81,0.536,0.533,1128200000.0,248900000.0,1479800000.0,1479800000.0,20400000.0,,,,,0.0,71900000.0,1.0,155848339.0,154918000.0,156283000.0,9.552,7503600000.0,0.0,49200000.0,379700000.0,48.436,851400000.0
88,OI,MRQ,1999-06-30,1999-06-30,1999-06-30,2021-08-04,-315300000.0,10837600000.0,,2237000000.0,8600600000.0,,16.171,-159600000.0,270800000.0,270800000.0,1068400000.0,110900000.0,1.78,3.3,5743400000.0,226000000.0,5517400000.0,5743400000.0,0.0,96400000.0,0.0,0.0,0.0,286900000.0,383300000.0,0.253,383300000.0,286900000.0,183100000.0,0.68,0.67,0.68,2520600000.0,,2520600000.0,10806500338.0,17.0,10.629,-37200000.0,-0.239,1.0,447200000.0,0.295,3329800000.0,103800000.0,11723600000.0,,1107000000.0,213600000.0,30500000.0,183100000.0,8317000000.0,1256800000.0,7060200000.0,5095200338.0,30700000.0,314000000.0,2100000.0,-247400000.0,0.0,-250600000.0,154400000.0,0.0,122400000.0,4500000.0,110900000.0,110900000.0,110900000.0,0.0,0.0,0.073,154900000.0,292300000.0,945800000.0,0.0,2.021,47.663,68.104,3364600000.0,0.0,32.69,0.882,0.882,1106800000.0,176800000.0,1515600000.0,1515600000.0,18300000.0,,,,,0.0,72600000.0,1.0,155864189.0,155873000.0,165976000.0,9.723,7507800000.0,0.0,72200000.0,358200000.0,48.166,980200000.0
89,OI,MRQ,1999-03-31,1999-03-31,1999-03-31,2021-08-04,-317800000.0,10903300000.0,,2151900000.0,8751400000.0,,15.489,-101800000.0,240100000.0,240100000.0,999800000.0,69300000.0,1.622,3.524,5951400000.0,284200000.0,5667200000.0,5951400000.0,0.0,102400000.0,0.0,0.0,0.0,220700000.0,323100000.0,0.239,323100000.0,220700000.0,115500000.0,0.41,0.41,0.41,2410300000.0,,2410300000.0,9536255900.0,16.0,9.662,-90100000.0,-0.579,1.0,353500000.0,0.261,3294000000.0,105200000.0,11994100000.0,,1108700000.0,217000000.0,30200000.0,186800000.0,8493000000.0,1326500000.0,7166500000.0,3890955900.0,-31300000.0,-16900000.0,200000.0,92500000.0,0.0,87300000.0,-118700000.0,0.0,11700000.0,-11600000.0,69300000.0,69300000.0,69300000.0,0.0,0.0,0.051,129100000.0,224400000.0,957300000.0,0.0,1.614,40.154,54.348,3303800000.0,0.0,25.0,0.683,0.683,1067500000.0,71200000.0,1353300000.0,1353300000.0,19000000.0,,,,,0.0,66600000.0,1.0,155638236.0,155611000.0,157110000.0,8.697,7609300000.0,0.0,46200000.0,336000000.0,48.899,825400000.0
90,OI,MRQ,1998-12-31,1998-12-31,1998-12-31,2021-08-04,-190700000.0,11060700000.0,,2177100000.0,8883600000.0,,15.911,-196200000.0,271400000.0,271400000.0,1077200000.0,-186900000.0,1.64,3.474,5916700000.0,249500000.0,5667200000.0,5916700000.0,0.0,90400000.0,0.0,0.0,0.0,-162100000.0,-71700000.0,-0.051,-71700000.0,-162100000.0,-274300000.0,-1.31,-1.29,-1.31,2472000000.0,,2472000000.0,10299252211.0,19.0,11.278,39400000.0,0.254,1.0,330900000.0,0.235,3314900000.0,112200000.0,12064000000.0,,1092300000.0,216400000.0,21100000.0,195300000.0,8588700000.0,1327100000.0,7261600000.0,4758752211.0,-22600000.0,-103200000.0,400000.0,36600000.0,0.0,31500000.0,-299400000.0,0.0,235600000.0,9700000.0,-186900000.0,-186900000.0,-186900000.0,0.0,0.0,-0.133,491800000.0,-160900000.0,868800000.0,0.0,1.925,44.063,49.403,3427000000.0,0.0,30.63,0.865,0.865,1090500000.0,7300000.0,1408100000.0,1408100000.0,20000000.0,,,,,0.0,74700000.0,1.0,155362462.0,155362462.0,,9.063,7745800000.0,0.0,-87400000.0,355900000.0,49.856,850000000.0
91,OI,MRQ,1998-09-30,1998-09-30,1998-09-30,2021-08-04,-191600000.0,10874100000.0,,2118200000.0,8755900000.0,,17.13,-134900000.0,294000000.0,294000000.0,1105700000.0,113600000.0,1.646,3.083,5834500000.0,231800000.0,5602700000.0,5834500000.0,0.0,101600000.0,0.0,0.0,0.0,280400000.0,382000000.0,0.255,382000000.0,280400000.0,176900000.0,0.7,0.69,0.7,2663100000.0,,2663100000.0,9493661550.0,,,101900000.0,0.655,1.0,395000000.0,0.263,3116700000.0,103500000.0,12011000000.0,,1068500000.0,213200000.0,23100000.0,190100000.0,8211000000.0,1286900000.0,6924100000.0,3883661550.0,-28500000.0,-70500000.0,1000000.0,-47600000.0,0.0,-51700000.0,-205400000.0,0.0,236800000.0,-8200000.0,113600000.0,113600000.0,113600000.0,0.0,0.0,0.076,111000000.0,284000000.0,985100000.0,0.0,1.458,,,3319100000.0,0.0,25.0,,,1047500000.0,199500000.0,1500700000.0,1500700000.0,18200000.0,,,,,0.0,72400000.0,1.0,155346462.0,155465000.0,165748000.0,9.653,7757400000.0,0.0,63300000.0,313100000.0,49.898,831300000.0
92,OI,MRQ,1998-06-30,1998-06-30,1998-06-30,2021-08-04,-194900000.0,10899400000.0,,2204600000.0,8694800000.0,,17.195,-138800000.0,322500000.0,322500000.0,1031600000.0,100900000.0,1.759,3.274,5932500000.0,238400000.0,5694100000.0,5932500000.0,0.0,91600000.0,0.0,0.0,0.0,262000000.0,353600000.0,0.247,353600000.0,262000000.0,162900000.0,0.66,0.66,0.66,2550400000.0,,2550400000.0,9457863309.0,,,-6100000.0,-0.041,1.0,400700000.0,0.28,3148200000.0,99100000.0,12108200000.0,,1069800000.0,165000000.0,23000000.0,142000000.0,8349000000.0,1253000000.0,7096000000.0,6299963309.0,92500000.0,-3488000000.0,635400000.0,2570700000.0,0.0,3584200000.0,-3626800000.0,0.0,132700000.0,2400000.0,100900000.0,100900000.0,100900000.0,0.0,0.0,0.07,117100000.0,283600000.0,944600000.0,0.0,2.47,,,3361300000.0,0.0,44.75,,,1100900000.0,91000000.0,1432300000.0,1432300000.0,17300000.0,,,,,0.0,64700000.0,1.0,140781303.0,148320000.0,153985000.0,9.657,7751200000.0,0.0,62000000.0,305900000.0,52.26,951600000.0
93,OI,MRQ,1998-03-31,1998-03-31,1998-03-31,2021-08-04,-195200000.0,6895200000.0,,1719900000.0,5175300000.0,,9.851,-103600000.0,230000000.0,230000000.0,861100000.0,80400000.0,1.715,3.977,3387900000.0,180200000.0,3207700000.0,3387900000.0,0.0,74900000.0,0.0,0.0,0.0,174400000.0,249300000.0,0.215,249300000.0,174400000.0,109200000.0,0.57,0.56,0.57,1385300000.0,,1385300000.0,9186765546.0,,,-61400000.0,-0.437,1.0,297100000.0,0.257,1269900000.0,65200000.0,7780200000.0,,832100000.0,114000000.0,23100000.0,90900000.0,5509900000.0,1003000000.0,4506900000.0,6081365546.0,11800000.0,2600000.0,4300000.0,74300000.0,0.0,78600000.0,-101000000.0,0.0,42200000.0,-8000000.0,80400000.0,80400000.0,80400000.0,0.0,0.0,0.069,114800000.0,182300000.0,737800000.0,0.0,4.39,,,2420500000.0,0.0,43.25,,,931200000.0,-9900000.0,1158200000.0,1158200000.0,15700000.0,,,,,0.0,62400000.0,1.0,140609608.0,140620000.0,142405000.0,8.236,5625300000.0,0.0,28800000.0,249100000.0,40.004,716900000.0
94,OI,MRQ,1997-12-31,1997-12-31,1997-12-31,2021-08-04,-148000000.0,6845100000.0,,1648300000.0,5196800000.0,,9.543,-192900000.0,218200000.0,218200000.0,,,1.579,4.101,3323600000.0,176900000.0,3146700000.0,3323600000.0,0.0,77200000.0,0.0,0.0,0.0,,,,,,,,,,1341900000.0,,1341900000.0,,,,21900000.0,0.156,1.0,,,1294900000.0,,7611800000.0,,819600000.0,103800000.0,16100000.0,87700000.0,5503200000.0,1043800000.0,4459400000.0,5334728528.0,15700000.0,73700000.0,1100000.0,-64800000.0,0.0,-68700000.0,-119200000.0,0.0,214800000.0,-11200000.0,,,,,,,,,691100000.0,,3.976,31.773,30.352,2405400000.0,,37.94,1.105,1.105,920900000.0,-90300000.0,,,,,,,,0.0,,1.0,140609608.0,140609608.0,,,5550200000.0,0.0,,234000000.0,39.472,604500000.0
95,OI,MRQ,1997-09-30,1997-09-30,1997-09-30,2021-08-04,-161400000.0,6786800000.0,,1700200000.0,5086600000.0,,,-120700000.0,202500000.0,202500000.0,,,1.693,4.265,3362900000.0,165300000.0,3197600000.0,3362900000.0,0.0,71500000.0,0.0,0.0,0.0,,,,,,,,,,1289000000.0,,1289000000.0,,,,-7100000.0,,1.0,,,1303700000.0,,7639300000.0,,817100000.0,202900000.0,74500000.0,128400000.0,5497800000.0,1004200000.0,4493600000.0,,-36700000.0,-98400000.0,4100000.0,87900000.0,0.0,70100000.0,-219100000.0,0.0,113600000.0,-1300000.0,,,,,,,,,753900000.0,,,,,2215200000.0,,34.0,,,715700000.0,-125800000.0,,,,,,,,0.0,,1.0,,,,,5483100000.0,0.0,,204900000.0,,696000000.0
96,OI,MRQ,1997-06-30,1997-06-30,1997-06-30,2021-08-04,-139000000.0,6825700000.0,,1781200000.0,5044500000.0,,,-81100000.0,239200000.0,239200000.0,,,1.646,4.55,3295700000.0,188200000.0,3107500000.0,3295700000.0,0.0,67100000.0,0.0,0.0,0.0,,,,,,,,,,1229800000.0,,1229800000.0,,,,-16300000.0,,1.0,,,1318500000.0,,7481800000.0,,846500000.0,194800000.0,66600000.0,128200000.0,5595900000.0,1081900000.0,4514000000.0,,27900000.0,3300000.0,471800000.0,-293000000.0,0.0,41000000.0,-77800000.0,0.0,64800000.0,-100000.0,,,,,,,,,783700000.0,,,,,2194100000.0,,31.0,,,727800000.0,-201200000.0,,,,,,,,0.0,,1.0,,,,,5507200000.0,0.0,,203100000.0,,699300000.0
97,OI,MRQ,1997-03-31,1997-03-31,1997-03-31,2021-08-04,-136100000.0,6695100000.0,,1701100000.0,4994000000.0,,,-76600000.0,211300000.0,211300000.0,,,1.618,7.841,3569600000.0,161900000.0,3407700000.0,3569600000.0,0.0,67700000.0,0.0,0.0,0.0,,,,,,,,,,757300000.0,,757300000.0,,,,-24600000.0,,1.0,,,1313200000.0,,7688600000.0,,836100000.0,205000000.0,78500000.0,126500000.0,5937800000.0,1051600000.0,4886200000.0,,50400000.0,-58300000.0,26800000.0,113100000.0,0.0,139900000.0,-134900000.0,0.0,52000000.0,-6600000.0,,,,,,,,,779700000.0,,,,,2183900000.0,,24.63,,,659000000.0,-203600000.0,,,,,,,,0.0,,1.0,,,,,5381900000.0,0.0,,231400000.0,,649500000.0
98,OI,MRQ,1996-12-31,1996-12-31,1996-12-31,2021-08-04,-82300000.0,6105300000.0,,1285100000.0,4820200000.0,,,,160900000.0,160900000.0,,,1.42,7.367,3394700000.0,141500000.0,3253200000.0,3394700000.0,0.0,,0.0,0.0,0.0,,,,,,,,,,729700000.0,,729700000.0,,,,,,1.0,,,1003500000.0,,7430700000.0,,684000000.0,100000000.0,14400000.0,85600000.0,5375600000.0,904900000.0,4470700000.0,,,,,,,,,,,,,,,,,,,,561900000.0,,,,14.399,1941600000.0,,22.75,,,488800000.0,-258200000.0,,,,,,,,,,1.0,,,,,5101800000.0,0.0,,213900000.0,,380200000.0
0,OI,MRT,2021-06-30,2021-06-30,2021-06-30,2021-08-04,0.0,8874000000.0,8801250000.0,2399000000.0,6475000000.0,0.713,3.179,-297000000.0,531000000.0,531000000.0,5181000000.0,342000000.0,1.422,16.677,5062000000.0,85000000.0,4977000000.0,5062000000.0,0.0,453000000.0,0.0,0.0,0.0,718000000.0,1171000000.0,0.187,1171000000.0,718000000.0,501000000.0,2.04,1.98,2.04,502000000.0,357500000.0,502000000.0,7184704609.0,10.0,6.136,437000000.0,2.768,1.0,1091000000.0,0.174,2241000000.0,217000000.0,9477000000.0,9460250000.0,796000000.0,0.0,0.0,0.0,8372000000.0,1687000000.0,6685000000.0,2578704609.0,-536000000.0,515000000.0,-23000000.0,-1578000000.0,0.0,-1529000000.0,217000000.0,0.0,734000000.0,42000000.0,320000000.0,320000000.0,320000000.0,0.0,22000000.0,0.051,301000000.0,790000000.0,1038000000.0,0.0,5.137,8.058,8.005,2842000000.0,0.0,16.33,0.411,0.411,855000000.0,,6272000000.0,6272000000.0,83000000.0,0.036,0.895,0.076,0.114,0.0,408000000.0,1.0,157912101.0,157902000.0,,39.721,6633000000.0,0.0,181000000.0,0.0,42.007,712000000.0
1,OI,MRT,2021-03-31,2021-03-31,2021-03-31,2021-08-04,0.0,8825000000.0,8977500000.0,2486000000.0,6339000000.0,0.672,1.663,-284000000.0,742000000.0,742000000.0,5082000000.0,118000000.0,1.461,32.683,5348000000.0,180000000.0,5168000000.0,5348000000.0,0.0,457000000.0,0.0,0.0,0.0,452000000.0,909000000.0,0.151,909000000.0,452000000.0,189000000.0,0.65,0.61,0.65,262000000.0,242500000.0,262000000.0,6899673147.0,15.0,7.59,432000000.0,2.742,1.0,948000000.0,0.157,2190000000.0,263000000.0,9539000000.0,9844250000.0,827000000.0,0.0,0.0,0.0,8563000000.0,1702000000.0,6861000000.0,2320673147.0,-149000000.0,513000000.0,-3000000.0,-1199000000.0,0.0,-1118000000.0,227000000.0,0.0,716000000.0,26000000.0,101000000.0,101000000.0,101000000.0,0.0,17000000.0,0.017,276000000.0,672000000.0,998000000.0,0.0,8.858,22.977,22.677,2791000000.0,0.0,14.74,0.385,0.385,714000000.0,,6030000000.0,6030000000.0,77000000.0,0.011,0.416,0.046,0.075,0.0,389000000.0,1.0,157440512.0,157571000.0,,38.268,6635000000.0,0.0,88000000.0,0.0,42.108,784000000.0
2,OI,MRT,2020-12-31,2020-12-31,2020-12-31,2021-08-04,0.0,8882000000.0,9147250000.0,2297000000.0,6585000000.0,0.666,2.551,-311000000.0,563000000.0,563000000.0,5119000000.0,264000000.0,1.21,21.15,5142000000.0,197000000.0,4945000000.0,5142000000.0,0.0,468000000.0,0.0,0.004,0.05,603000000.0,1071000000.0,0.176,1071000000.0,603000000.0,338000000.0,1.59,1.57,1.59,401000000.0,196000000.0,401000000.0,6639271723.0,11.0,6.199,146000000.0,0.929,1.0,972000000.0,0.16,2276000000.0,265000000.0,9287000000.0,10235000000.0,841000000.0,0.0,0.0,0.0,8481000000.0,1898000000.0,6583000000.0,1870271723.0,12000000.0,404000000.0,-3000000.0,-630000000.0,-8000000.0,-557000000.0,93000000.0,0.0,457000000.0,19000000.0,249000000.0,249000000.0,249000000.0,0.0,15000000.0,0.041,391000000.0,581000000.0,1126000000.0,0.031,4.664,7.511,7.484,2907000000.0,0.0,11.9,0.307,0.307,623000000.0,152000000.0,6091000000.0,6091000000.0,75000000.0,0.027,1.27,0.059,0.099,0.0,403000000.0,1.0,157165691.0,157165691.0,,38.755,6606000000.0,0.0,89000000.0,0.0,42.032,399000000.0
3,OI,MRT,2020-09-30,2020-09-30,2020-09-30,2021-08-04,0.0,8624000000.0,9329250000.0,2384000000.0,6240000000.0,0.667,1.687,-339000000.0,606000000.0,606000000.0,5239000000.0,320000000.0,1.405,31.543,5375000000.0,212000000.0,5163000000.0,5375000000.0,0.0,482000000.0,0.0,0.009,0.1,696000000.0,1178000000.0,0.189,1178000000.0,696000000.0,388000000.0,1.97,1.94,1.97,265000000.0,212500000.0,265000000.0,7102162324.0,10.0,6.029,441000000.0,2.808,1.0,984000000.0,0.158,2158000000.0,308000000.0,9538000000.0,10492750000.0,782000000.0,0.0,0.0,0.0,8359000000.0,1697000000.0,6662000000.0,1662162324.0,333000000.0,558000000.0,-4000000.0,-678000000.0,-15000000.0,-669000000.0,219000000.0,0.0,780000000.0,3000000.0,307000000.0,307000000.0,307000000.0,-1000000.0,13000000.0,0.049,241000000.0,743000000.0,910000000.0,0.051,6.272,5.414,5.376,2675000000.0,0.0,10.59,0.267,0.267,724000000.0,,6223000000.0,6223000000.0,63000000.0,0.033,1.445,0.066,0.112,0.0,408000000.0,1.0,156955838.0,157073000.0,,39.619,6466000000.0,0.0,81000000.0,0.0,41.166,687000000.0
4,OI,MRT,2020-06-30,2020-06-30,2020-06-30,2021-08-04,0.0,9579000000.0,9560250000.0,3012000000.0,6567000000.0,0.657,0.268,-382000000.0,1067000000.0,1067000000.0,5271000000.0,-582000000.0,1.597,227.071,6507000000.0,404000000.0,6103000000.0,6507000000.0,0.0,493000000.0,0.0,0.017,0.15,-195000000.0,298000000.0,0.047,298000000.0,-195000000.0,-525000000.0,-3.81,-3.81,-3.81,42000000.0,255250000.0,42000000.0,6913010750.0,-35.0,23.198,552000000.0,3.521,1.0,1006000000.0,0.16,2120000000.0,330000000.0,11013000000.0,10776000000.0,1004000000.0,0.0,0.0,0.0,9537000000.0,1886000000.0,7651000000.0,1406010750.0,696000000.0,118000000.0,-4000000.0,167000000.0,-23000000.0,46000000.0,-260000000.0,0.0,934000000.0,-24000000.0,-596000000.0,-596000000.0,-596000000.0,-1000000.0,14000000.0,-0.095,1149000000.0,-143000000.0,916000000.0,-0.039,33.476,-2.359,-2.357,2976000000.0,0.0,8.98,0.224,0.224,696000000.0,,6277000000.0,6277000000.0,63000000.0,-0.062,-2.335,-0.018,-0.031,0.0,421000000.0,1.0,156571353.0,156790000.0,,40.034,7459000000.0,0.0,71000000.0,0.0,47.573,1126000000.0
5,OI,MRT,2020-03-31,2020-03-31,2020-03-31,2021-08-04,0.0,9504000000.0,9846250000.0,2962000000.0,6542000000.0,0.672,0.487,-425000000.0,891000000.0,891000000.0,5436000000.0,-411000000.0,1.624,124.053,6398000000.0,283000000.0,6115000000.0,6398000000.0,0.0,499000000.0,0.0,0.028,0.2,-14000000.0,485000000.0,0.073,485000000.0,-14000000.0,-314000000.0,-2.75,-2.75,-2.75,76000000.0,517250000.0,76000000.0,6116505062.0,-437.0,12.611,260000000.0,1.666,1.0,1179000000.0,0.178,2085000000.0,300000000.0,11102000000.0,10974000000.0,1047000000.0,0.0,0.0,0.0,9428000000.0,1824000000.0,7604000000.0,1108505062.0,565000000.0,-48000000.0,-3000000.0,485000000.0,-31000000.0,377000000.0,-467000000.0,0.0,685000000.0,-30000000.0,-430000000.0,-430000000.0,-430000000.0,0.0,19000000.0,-0.065,1173000000.0,6000000.0,1025000000.0,-0.073,14.586,-2.578,-2.585,2987000000.0,0.0,7.11,0.168,0.168,767000000.0,,6615000000.0,6615000000.0,68000000.0,-0.044,-0.831,-0.001,-0.002,0.0,440000000.0,1.0,155907885.0,156081000.0,,42.382,7419000000.0,0.0,116000000.0,0.0,47.533,1138000000.0
6,OI,MRT,2019-12-31,2019-12-31,2019-12-31,2021-08-04,-1843000000.0,9610000000.0,10008250000.0,2488000000.0,7122000000.0,0.669,3.001,-426000000.0,551000000.0,551000000.0,5483000000.0,-382000000.0,1.247,19.37,5559000000.0,124000000.0,5435000000.0,5559000000.0,0.0,499000000.0,0.0,0.017,0.2,29000000.0,528000000.0,0.079,528000000.0,29000000.0,-282000000.0,-2.58,-2.58,-2.58,467000000.0,750750000.0,467000000.0,7471671949.0,258.0,14.151,-21000000.0,-0.135,1.0,1208000000.0,0.181,2305000000.0,311000000.0,10318000000.0,10942500000.0,1045000000.0,694000000.0,0.0,694000000.0,9046000000.0,1995000000.0,7051000000.0,1856671949.0,39000000.0,-15000000.0,-42000000.0,215000000.0,-31000000.0,68000000.0,-437000000.0,0.0,405000000.0,3000000.0,-400000000.0,-400000000.0,-400000000.0,0.0,18000000.0,-0.06,1236000000.0,-28000000.0,1707000000.0,-0.078,3.976,-4.642,-4.624,3273000000.0,0.0,11.93,0.277,0.277,621000000.0,-89000000.0,6691000000.0,6691000000.0,68000000.0,-0.04,-0.533,0.003,0.004,0.0,439000000.0,1.0,155630507.0,155630507.0,,42.993,7305000000.0,0.0,118000000.0,142000000.0,46.938,493000000.0
7,OI,MRT,2019-09-30,2019-09-30,2019-09-30,2021-08-04,0.0,9548000000.0,10030500000.0,2534000000.0,7014000000.0,0.668,2.803,-486000000.0,273000000.0,273000000.0,5472000000.0,-416000000.0,1.154,20.899,5888000000.0,376000000.0,5512000000.0,5888000000.0,0.0,490000000.0,0.0,0.015,0.15,-65000000.0,425000000.0,0.063,425000000.0,-65000000.0,-343000000.0,-2.81,-2.81,-2.81,436000000.0,830500000.0,436000000.0,7556542897.0,-116.0,17.78,-40000000.0,-0.257,1.0,1227000000.0,0.183,2297000000.0,278000000.0,10671000000.0,10715000000.0,1015000000.0,0.0,0.0,0.0,9112000000.0,2195000000.0,6917000000.0,1596542897.0,-167000000.0,-303000000.0,-90000000.0,333000000.0,-24000000.0,180000000.0,-782000000.0,0.0,446000000.0,-11000000.0,-441000000.0,-441000000.0,-441000000.0,0.0,25000000.0,-0.066,1390000000.0,-163000000.0,1064000000.0,-0.053,3.662,-3.62,-3.655,3104000000.0,0.0,10.27,0.238,0.238,968000000.0,,6699000000.0,6699000000.0,70000000.0,-0.044,-0.531,-0.006,-0.01,0.0,455000000.0,1.0,155456952.0,155536000.0,,43.07,7251000000.0,0.0,98000000.0,0.0,46.619,339000000.0
8,OI,MRT,2019-06-30,2019-06-30,2019-06-30,2021-08-04,0.0,10723000000.0,10128500000.0,2943000000.0,7780000000.0,0.668,7.017,-496000000.0,371000000.0,371000000.0,5511000000.0,278000000.0,1.526,8.838,6331000000.0,96000000.0,6235000000.0,6331000000.0,0.0,493000000.0,0.0,0.006,0.1,620000000.0,1113000000.0,0.165,1113000000.0,620000000.0,362000000.0,1.63,1.63,1.63,1090000000.0,988250000.0,1090000000.0,8265831771.0,13.0,7.427,-218000000.0,-1.403,1.0,1252000000.0,0.185,2949000000.0,258000000.0,11805000000.0,10584500000.0,1015000000.0,0.0,0.0,0.0,9633000000.0,1929000000.0,7704000000.0,2680831771.0,6000000.0,-326000000.0,-101000000.0,673000000.0,-16000000.0,551000000.0,-821000000.0,0.0,278000000.0,-3000000.0,254000000.0,254000000.0,254000000.0,0.0,24000000.0,0.038,733000000.0,519000000.0,1074000000.0,0.061,2.459,10.554,10.595,3216000000.0,0.0,17.27,0.396,0.397,1275000000.0,,6763000000.0,6763000000.0,71000000.0,0.025,0.257,0.059,0.092,0.0,462000000.0,1.0,155230560.0,155338000.0,,43.537,7774000000.0,0.0,108000000.0,0.0,50.046,1014000000.0
9,OI,MRT,2019-03-31,2019-03-31,2019-03-31,2021-08-04,0.0,10152000000.0,9902250000.0,2579000000.0,7573000000.0,0.685,6.543,-515000000.0,326000000.0,326000000.0,5517000000.0,264000000.0,1.387,9.051,5911000000.0,91000000.0,5820000000.0,5911000000.0,0.0,489000000.0,0.0,0.003,0.05,606000000.0,1095000000.0,0.162,1095000000.0,606000000.0,342000000.0,1.52,1.52,1.52,1010000000.0,940500000.0,1010000000.0,7744750096.0,13.0,7.073,51000000.0,0.33,1.0,1262000000.0,0.186,2901000000.0,264000000.0,10976000000.0,10133000000.0,1038000000.0,0.0,0.0,0.0,9142000000.0,1860000000.0,7282000000.0,2915750096.0,-92000000.0,-159000000.0,-154000000.0,241000000.0,-8000000.0,44000000.0,-673000000.0,0.0,566000000.0,-29000000.0,239000000.0,239000000.0,239000000.0,-1000000.0,25000000.0,0.035,742000000.0,520000000.0,1065000000.0,0.033,2.887,12.2,12.487,3074000000.0,0.0,18.98,0.43,0.432,939000000.0,,6779000000.0,6779000000.0,70000000.0,0.024,0.254,0.06,0.089,0.0,472000000.0,1.0,153622239.0,154361000.0,,43.917,7251000000.0,0.0,103000000.0,0.0,46.974,719000000.0
10,OI,MRT,2018-12-31,2018-12-31,2018-12-31,2021-08-04,-1968000000.0,9699000000.0,9934500000.0,2357000000.0,7342000000.0,0.692,4.953,-536000000.0,512000000.0,512000000.0,5594000000.0,282000000.0,1.068,11.195,5341000000.0,160000000.0,5181000000.0,5341000000.0,0.0,494000000.0,0.0,0.0,0.0,626000000.0,1120000000.0,0.163,1120000000.0,626000000.0,365000000.0,1.61,1.59,1.61,786000000.0,967750000.0,786000000.0,7934964950.0,13.0,7.085,255000000.0,1.607,1.0,1283000000.0,0.187,2913000000.0,261000000.0,9408000000.0,10018500000.0,1018000000.0,698000000.0,0.0,698000000.0,8799000000.0,2207000000.0,6592000000.0,2735964950.0,20000000.0,-164000000.0,-158000000.0,140000000.0,0.0,-53000000.0,-698000000.0,0.0,791000000.0,-20000000.0,257000000.0,257000000.0,257000000.0,0.0,25000000.0,0.037,822000000.0,461000000.0,1696000000.0,0.0,3.481,10.646,10.708,3085000000.0,0.0,17.24,0.398,0.398,549000000.0,333000000.0,6877000000.0,6877000000.0,70000000.0,0.026,0.266,0.062,0.091,0.0,483000000.0,1.0,158698663.0,158698663.0,,43.334,6786000000.0,0.0,108000000.0,130000000.0,42.76,150000000.0
11,OI,MRT,2018-09-30,2018-09-30,2018-09-30,2021-08-04,0.0,9940000000.0,9948750000.0,2664000000.0,7276000000.0,0.699,6.709,-532000000.0,440000000.0,440000000.0,5646000000.0,159000000.0,1.319,8.316,5639000000.0,152000000.0,5487000000.0,5639000000.0,0.0,500000000.0,0.0,0.0,0.0,497000000.0,997000000.0,0.143,997000000.0,497000000.0,234000000.0,0.84,0.85,0.84,1067000000.0,973250000.0,1067000000.0,8295244854.0,17.0,8.32,250000000.0,1.572,1.0,1308000000.0,0.188,2971000000.0,263000000.0,10149000000.0,9976000000.0,973000000.0,0.0,0.0,0.0,8873000000.0,2019000000.0,6854000000.0,2992244854.0,101000000.0,-40000000.0,-106000000.0,35000000.0,0.0,-93000000.0,-572000000.0,0.0,782000000.0,-16000000.0,134000000.0,134000000.0,134000000.0,-2000000.0,25000000.0,0.019,856000000.0,452000000.0,1048000000.0,0.0,2.804,22.33,22.369,3044000000.0,0.0,18.79,0.43,0.43,992000000.0,,6954000000.0,6954000000.0,64000000.0,0.013,0.138,0.05,0.071,0.0,489000000.0,1.0,159246666.0,159032000.0,,43.727,6969000000.0,0.0,100000000.0,0.0,43.821,645000000.0
12,OI,MRT,2018-06-30,2018-06-30,2018-06-30,2021-08-04,0.0,9818000000.0,9963500000.0,2624000000.0,7194000000.0,0.704,5.589,-528000000.0,365000000.0,365000000.0,5674000000.0,165000000.0,1.209,9.921,5668000000.0,291000000.0,5377000000.0,5668000000.0,0.0,497000000.0,0.0,0.0,0.0,499000000.0,996000000.0,0.142,996000000.0,499000000.0,236000000.0,0.86,0.86,0.86,899000000.0,941250000.0,899000000.0,8134300789.0,16.0,8.167,199000000.0,1.237,1.0,1337000000.0,0.191,2952000000.0,263000000.0,9999000000.0,9941250000.0,985000000.0,0.0,0.0,0.0,8919000000.0,2170000000.0,6749000000.0,2718300789.0,30000000.0,-20000000.0,-100000000.0,-120000000.0,0.0,-255000000.0,-433000000.0,0.0,727000000.0,-8000000.0,140000000.0,140000000.0,140000000.0,0.0,25000000.0,0.02,879000000.0,458000000.0,1088000000.0,0.0,3.024,19.416,19.547,3025000000.0,0.0,16.81,0.388,0.386,1026000000.0,,7011000000.0,7011000000.0,62000000.0,0.014,0.149,0.05,0.071,0.0,494000000.0,1.0,161707364.0,160858000.0,,43.585,6866000000.0,0.0,96000000.0,0.0,42.684,454000000.0
13,OI,MRT,2018-03-31,2018-03-31,2018-03-31,2021-08-04,0.0,10281000000.0,9954000000.0,2768000000.0,7513000000.0,0.702,6.868,-485000000.0,418000000.0,418000000.0,5653000000.0,252000000.0,1.332,8.188,5834000000.0,194000000.0,5640000000.0,5834000000.0,0.0,492000000.0,0.0,0.0,0.0,564000000.0,1056000000.0,0.151,1056000000.0,564000000.0,313000000.0,1.41,1.41,1.41,1119000000.0,911250000.0,1119000000.0,8323911201.0,15.0,7.882,203000000.0,1.246,1.0,1337000000.0,0.191,3101000000.0,251000000.0,10518000000.0,9966000000.0,1065000000.0,0.0,0.0,0.0,9162000000.0,2078000000.0,7084000000.0,3532911201.0,106000000.0,-27000000.0,-53000000.0,-127000000.0,0.0,-206000000.0,-397000000.0,0.0,688000000.0,21000000.0,230000000.0,230000000.0,230000000.0,0.0,22000000.0,0.033,875000000.0,462000000.0,1115000000.0,0.0,3.157,15.36,15.362,3190000000.0,0.0,21.66,0.505,0.505,1045000000.0,,6990000000.0,6990000000.0,61000000.0,0.023,0.252,0.057,0.081,0.0,491000000.0,1.0,163107627.0,162919000.0,,42.905,7180000000.0,0.0,83000000.0,0.0,44.071,690000000.0
14,OI,MRT,2017-12-31,2017-12-31,2017-12-31,2021-08-04,-1826000000.0,9756000000.0,9748500000.0,2420000000.0,7336000000.0,0.705,4.957,-441000000.0,492000000.0,492000000.0,5536000000.0,202000000.0,1.061,10.927,5283000000.0,162000000.0,5121000000.0,5283000000.0,0.0,488000000.0,0.0,0.0,0.0,518000000.0,1006000000.0,0.146,1006000000.0,518000000.0,250000000.0,1.11,1.1,1.11,808000000.0,785500000.0,808000000.0,8895509894.0,17.0,8.842,280000000.0,1.718,1.0,1333000000.0,0.194,3029000000.0,268000000.0,9238000000.0,9813000000.0,1036000000.0,525000000.0,0.0,525000000.0,8829000000.0,2280000000.0,6549000000.0,3613509894.0,0.0,-25000000.0,-5000000.0,-342000000.0,0.0,-392000000.0,-351000000.0,0.0,721000000.0,22000000.0,180000000.0,180000000.0,180000000.0,0.0,22000000.0,0.026,867000000.0,466000000.0,1702000000.0,0.0,4.472,20.075,19.973,3131000000.0,0.0,22.17,0.526,0.526,663000000.0,84000000.0,6869000000.0,6869000000.0,60000000.0,0.018,0.229,0.053,0.075,0.0,484000000.0,1.0,162990974.0,162990974.0,,42.143,6727000000.0,0.0,70000000.0,134000000.0,41.272,140000000.0
15,OI,MRT,2017-09-30,2017-09-30,2017-09-30,2021-08-04,0.0,9999000000.0,9593250000.0,2667000000.0,7332000000.0,0.709,5.765,-436000000.0,339000000.0,339000000.0,5472000000.0,263000000.0,1.225,9.649,5621000000.0,243000000.0,5378000000.0,5621000000.0,0.0,478000000.0,0.0,0.0,0.0,612000000.0,1090000000.0,0.16,1090000000.0,612000000.0,336000000.0,1.5,1.49,1.5,939000000.0,647000000.0,939000000.0,9504958801.0,16.0,8.72,132000000.0,0.81,1.0,1327000000.0,0.195,3094000000.0,276000000.0,10010000000.0,9749750000.0,1046000000.0,0.0,0.0,0.0,9060000000.0,2177000000.0,6883000000.0,4097958801.0,45000000.0,51000000.0,-5000000.0,-154000000.0,0.0,-203000000.0,-335000000.0,-8000000.0,568000000.0,15000000.0,244000000.0,244000000.0,244000000.0,2000000.0,19000000.0,0.036,553000000.0,774000000.0,1087000000.0,0.0,4.364,16.795,16.773,3036000000.0,0.0,25.16,0.603,0.603,1028000000.0,,6799000000.0,6799000000.0,63000000.0,0.025,0.377,0.063,0.09,0.0,490000000.0,1.0,162875946.0,162866000.0,,41.746,6905000000.0,0.0,92000000.0,0.0,42.397,490000000.0
16,OI,MRT,2017-06-30,2017-06-30,2017-06-30,2021-08-04,0.0,9780000000.0,9467750000.0,2554000000.0,7226000000.0,0.71,4.787,-433000000.0,335000000.0,335000000.0,5410000000.0,244000000.0,1.267,11.555,5742000000.0,271000000.0,5471000000.0,5742000000.0,0.0,473000000.0,0.0,0.0,0.0,596000000.0,1069000000.0,0.159,1069000000.0,596000000.0,317000000.0,1.39,1.39,1.39,779000000.0,541000000.0,779000000.0,9206738863.0,15.0,8.612,272000000.0,1.672,1.0,1310000000.0,0.195,3074000000.0,279000000.0,10098000000.0,9682500000.0,1049000000.0,0.0,0.0,0.0,9001000000.0,2015000000.0,6986000000.0,3891738863.0,1000000.0,39000000.0,0.0,-239000000.0,0.0,-281000000.0,-432000000.0,-6000000.0,705000000.0,9000000.0,226000000.0,226000000.0,226000000.0,0.0,18000000.0,0.034,555000000.0,755000000.0,1065000000.0,0.0,4.996,17.22,17.209,2996000000.0,0.0,23.92,0.579,0.579,956000000.0,,6720000000.0,6720000000.0,64000000.0,0.024,0.418,0.062,0.089,0.0,491000000.0,1.0,162698113.0,162716000.0,,41.299,6706000000.0,0.0,91000000.0,0.0,41.213,539000000.0
17,OI,MRT,2017-03-31,2017-03-31,2017-03-31,2021-08-04,0.0,9459000000.0,9439500000.0,2419000000.0,7040000000.0,0.713,3.793,-435000000.0,312000000.0,312000000.0,5423000000.0,210000000.0,1.301,14.356,5627000000.0,196000000.0,5431000000.0,5627000000.0,0.0,480000000.0,0.0,0.0,0.0,587000000.0,1067000000.0,0.159,1067000000.0,587000000.0,303000000.0,1.18,1.17,1.18,616000000.0,460750000.0,616000000.0,8144775050.0,14.0,7.633,281000000.0,1.73,1.0,1306000000.0,0.194,3009000000.0,284000000.0,9906000000.0,9692750000.0,1051000000.0,0.0,0.0,0.0,8843000000.0,1859000000.0,6984000000.0,3308775050.0,73000000.0,34000000.0,3000000.0,-209000000.0,0.0,-247000000.0,-398000000.0,8000000.0,716000000.0,2000000.0,191000000.0,191000000.0,191000000.0,2000000.0,19000000.0,0.028,558000000.0,748000000.0,1017000000.0,0.0,5.371,17.323,17.271,2926000000.0,0.0,20.38,0.492,0.492,844000000.0,,6729000000.0,6729000000.0,64000000.0,0.02,0.415,0.061,0.087,0.0,494000000.0,1.0,162354026.0,162388000.0,,41.438,6450000000.0,0.0,112000000.0,0.0,39.72,560000000.0
18,OI,MRT,2016-12-31,2016-12-31,2016-12-31,2021-08-04,-2172000000.0,9135000000.0,9496750000.0,2254000000.0,6881000000.0,0.706,1.566,-454000000.0,492000000.0,492000000.0,5392000000.0,230000000.0,1.094,34.535,5328000000.0,195000000.0,5133000000.0,5328000000.0,0.0,478000000.0,0.0,0.0,0.0,600000000.0,1078000000.0,0.161,1078000000.0,600000000.0,328000000.0,1.29,1.28,1.29,254000000.0,410750000.0,254000000.0,8124849735.0,14.0,7.537,297000000.0,1.831,1.0,1310000000.0,0.195,2926000000.0,272000000.0,8985000000.0,9802500000.0,983000000.0,433000000.0,0.0,433000000.0,8772000000.0,2060000000.0,6712000000.0,2823849735.0,93000000.0,29000000.0,5000000.0,-208000000.0,0.0,-228000000.0,-417000000.0,8000000.0,751000000.0,-13000000.0,209000000.0,209000000.0,209000000.0,0.0,21000000.0,0.031,568000000.0,742000000.0,1518000000.0,0.0,11.118,13.511,13.496,2880000000.0,0.0,17.41,0.421,0.421,580000000.0,-96000000.0,6702000000.0,6702000000.0,65000000.0,0.022,0.509,0.061,0.09,0.0,503000000.0,1.0,162196998.0,162196998.0,,41.32,6209000000.0,0.0,119000000.0,158000000.0,38.281,194000000.0
19,OI,MRT,2016-09-30,2016-09-30,2016-09-30,2021-08-04,0.0,9497000000.0,9568250000.0,2442000000.0,7055000000.0,0.699,3.177,-413000000.0,294000000.0,294000000.0,5397000000.0,310000000.0,1.201,17.441,5595000000.0,262000000.0,5333000000.0,5595000000.0,0.0,485000000.0,0.0,0.0,0.0,675000000.0,1160000000.0,0.173,1160000000.0,675000000.0,413000000.0,1.76,1.74,1.76,515000000.0,390000000.0,515000000.0,8500690242.0,13.0,7.328,312000000.0,1.925,1.0,1289000000.0,0.193,3024000000.0,262000000.0,9741000000.0,9903000000.0,1057000000.0,0.0,0.0,0.0,8982000000.0,2033000000.0,6949000000.0,2980690242.0,24000000.0,-54000000.0,5000000.0,-285000000.0,0.0,-304000000.0,-392000000.0,18000000.0,725000000.0,-5000000.0,287000000.0,287000000.0,287000000.0,3000000.0,23000000.0,0.043,566000000.0,723000000.0,1059000000.0,0.0,5.788,10.386,10.449,2917000000.0,0.0,18.39,0.446,0.446,857000000.0,,6686000000.0,6686000000.0,65000000.0,0.03,0.736,0.068,0.101,0.0,501000000.0,1.0,162082123.0,162080000.0,,41.251,6473000000.0,0.0,126000000.0,0.0,39.937,409000000.0
20,OI,MRT,2016-06-30,2016-06-30,2016-06-30,2021-08-04,0.0,9667000000.0,9582500000.0,2574000000.0,7093000000.0,0.682,2.828,-401000000.0,334000000.0,334000000.0,5311000000.0,220000000.0,1.29,20.107,5854000000.0,305000000.0,5549000000.0,5854000000.0,0.0,462000000.0,0.0,0.0,0.0,582000000.0,1044000000.0,0.16,1044000000.0,582000000.0,319000000.0,1.2,1.18,1.2,458000000.0,354750000.0,458000000.0,8578157534.0,15.0,8.217,209000000.0,1.291,1.0,1229000000.0,0.188,3053000000.0,263000000.0,10139000000.0,9972250000.0,1051000000.0,0.0,0.0,0.0,9209000000.0,1995000000.0,7214000000.0,2916157534.0,-44000000.0,-2330000000.0,5000000.0,2114000000.0,0.0,2043000000.0,-2684000000.0,12000000.0,610000000.0,-13000000.0,196000000.0,196000000.0,196000000.0,3000000.0,24000000.0,0.03,553000000.0,676000000.0,1042000000.0,0.0,6.367,14.878,15.008,2932000000.0,0.0,18.01,0.446,0.446,831000000.0,,6540000000.0,6540000000.0,64000000.0,0.02,0.553,0.058,0.089,0.0,489000000.0,1.0,161918797.0,161945000.0,,40.384,6614000000.0,0.0,123000000.0,0.0,40.841,579000000.0
21,OI,MRT,2016-03-31,2016-03-31,2016-03-31,2021-08-04,0.0,9688000000.0,9070250000.0,2476000000.0,7212000000.0,0.697,2.581,-413000000.0,239000000.0,239000000.0,5162000000.0,156000000.0,1.313,22.288,5901000000.0,239000000.0,5662000000.0,5901000000.0,0.0,439000000.0,0.0,0.0,0.0,509000000.0,948000000.0,0.15,948000000.0,509000000.0,239000000.0,0.8,0.79,0.8,416000000.0,388000000.0,416000000.0,7743276455.0,15.0,8.168,171000000.0,1.061,1.0,1161000000.0,0.184,3119000000.0,270000000.0,10345000000.0,9208500000.0,1107000000.0,0.0,0.0,0.0,9272000000.0,1886000000.0,7386000000.0,2569276455.0,-18000000.0,-2321000000.0,6000000.0,2234000000.0,0.0,2126000000.0,-2724000000.0,4000000.0,584000000.0,-4000000.0,131000000.0,131000000.0,131000000.0,1000000.0,25000000.0,0.021,545000000.0,616000000.0,1050000000.0,0.0,6.176,19.613,19.95,2996000000.0,0.0,15.96,0.406,0.407,771000000.0,,6323000000.0,6323000000.0,64000000.0,0.014,0.338,0.055,0.08,0.0,481000000.0,1.0,160982234.0,161204000.0,,39.224,6569000000.0,0.0,108000000.0,0.0,40.75,590000000.0
22,OI,MRT,2015-12-31,2015-12-31,2015-12-31,2021-08-04,-2017000000.0,9421000000.0,8476250000.0,2334000000.0,7087000000.0,0.726,1.063,-402000000.0,399000000.0,399000000.0,5046000000.0,158000000.0,1.1,53.462,5573000000.0,228000000.0,5345000000.0,5573000000.0,0.0,409000000.0,0.0,0.0,0.0,492000000.0,901000000.0,0.146,901000000.0,492000000.0,241000000.0,0.83,0.82,0.83,171000000.0,415000000.0,171000000.0,8390794180.0,17.0,9.313,206000000.0,1.281,1.0,1110000000.0,0.18,3086000000.0,251000000.0,9387000000.0,8321250000.0,1007000000.0,409000000.0,0.0,409000000.0,9142000000.0,2122000000.0,7020000000.0,2801794180.0,-113000000.0,-2351000000.0,-99000000.0,2268000000.0,0.0,2057000000.0,-2748000000.0,4000000.0,608000000.0,-30000000.0,135000000.0,135000000.0,135000000.0,0.0,23000000.0,0.022,540000000.0,570000000.0,1583000000.0,0.0,16.385,20.754,20.988,2961000000.0,0.0,17.42,0.455,0.455,562000000.0,-305000000.0,6156000000.0,6156000000.0,64000000.0,0.016,0.325,0.059,0.08,0.0,476000000.0,1.0,160837783.0,160837783.0,,38.275,6335000000.0,0.0,106000000.0,160000000.0,39.388,212000000.0
23,OI,MRT,2015-09-30,2015-09-30,2015-09-30,2021-08-04,0.0,9554000000.0,8081750000.0,2488000000.0,7066000000.0,0.759,2.327,-378000000.0,270000000.0,270000000.0,5078000000.0,43000000.0,1.293,24.545,5859000000.0,250000000.0,5609000000.0,5859000000.0,0.0,372000000.0,0.0,0.0,0.0,350000000.0,722000000.0,0.118,722000000.0,350000000.0,93000000.0,0.12,0.12,0.12,374000000.0,535750000.0,374000000.0,6725105563.0,19.0,9.315,213000000.0,1.325,1.0,1055000000.0,0.172,3201000000.0,257000000.0,10018000000.0,7613250000.0,1023000000.0,0.0,0.0,0.0,9180000000.0,1924000000.0,7256000000.0,3331105563.0,6000000.0,-2456000000.0,-121000000.0,2512000000.0,0.0,2279000000.0,-2824000000.0,11000000.0,591000000.0,-40000000.0,17000000.0,17000000.0,17000000.0,-22000000.0,26000000.0,0.003,554000000.0,501000000.0,1004000000.0,0.0,8.907,195.947,172.667,2874000000.0,0.0,20.72,0.543,0.543,753000000.0,,6133000000.0,6133000000.0,62000000.0,0.002,0.032,0.046,0.057,0.0,492000000.0,1.0,160767643.0,160730000.0,,38.157,6353000000.0,0.0,76000000.0,0.0,39.526,564000000.0
24,OI,MRT,2015-06-30,2015-06-30,2015-06-30,2021-08-04,0.0,7618000000.0,7728500000.0,2385000000.0,5233000000.0,0.817,3.671,-381000000.0,378000000.0,378000000.0,5196000000.0,86000000.0,1.115,11.89,3772000000.0,555000000.0,3217000000.0,3772000000.0,0.0,386000000.0,0.0,0.0,0.0,369000000.0,755000000.0,0.12,755000000.0,369000000.0,126000000.0,0.39,0.39,0.39,591000000.0,898000000.0,591000000.0,7063088993.0,19.0,9.355,215000000.0,1.335,1.0,1116000000.0,0.177,1789000000.0,243000000.0,7084000000.0,6762500000.0,985000000.0,0.0,0.0,0.0,7027000000.0,2139000000.0,4888000000.0,3699088993.0,184000000.0,-166000000.0,-121000000.0,336000000.0,0.0,153000000.0,-528000000.0,15000000.0,596000000.0,-37000000.0,60000000.0,60000000.0,60000000.0,-21000000.0,26000000.0,0.01,563000000.0,553000000.0,983000000.0,0.0,6.259,61.651,58.821,2386000000.0,0.0,22.94,0.586,0.585,712000000.0,,6312000000.0,6312000000.0,62000000.0,0.008,0.067,0.055,0.058,0.0,501000000.0,1.0,161250610.0,160992000.0,,39.207,5829000000.0,0.0,66000000.0,0.0,36.207,246000000.0
25,OI,MRT,2015-03-31,2015-03-31,2015-03-31,2021-08-04,0.0,7312000000.0,7971750000.0,2199000000.0,5113000000.0,0.824,3.232,-367000000.0,257000000.0,257000000.0,5366000000.0,161000000.0,1.04,12.954,3607000000.0,635000000.0,2972000000.0,3607000000.0,0.0,402000000.0,0.0,0.0,0.0,447000000.0,849000000.0,0.129,849000000.0,447000000.0,224000000.0,0.83,0.82,0.83,524000000.0,1230750000.0,524000000.0,6777660468.0,15.0,7.983,233000000.0,1.437,1.0,1200000000.0,0.183,1752000000.0,223000000.0,6796000000.0,6776750000.0,1007000000.0,0.0,0.0,0.0,6788000000.0,2114000000.0,4674000000.0,3829660468.0,56000000.0,-166000000.0,-133000000.0,179000000.0,0.0,16000000.0,-518000000.0,9000000.0,600000000.0,-42000000.0,134000000.0,134000000.0,134000000.0,-21000000.0,27000000.0,0.02,577000000.0,623000000.0,919000000.0,0.0,7.309,28.58,28.096,2337000000.0,0.0,23.32,0.583,0.576,667000000.0,,6566000000.0,6566000000.0,63000000.0,0.017,0.109,0.066,0.068,0.0,514000000.0,1.0,164222147.0,162146000.0,,40.494,5560000000.0,0.0,90000000.0,0.0,34.29,85000000.0
26,OI,MRT,2014-12-31,2014-12-31,2014-12-31,2021-08-04,-1494000000.0,7843000000.0,8265750000.0,2371000000.0,5472000000.0,0.821,3.966,-369000000.0,512000000.0,512000000.0,5531000000.0,192000000.0,1.018,10.813,3445000000.0,488000000.0,2957000000.0,3445000000.0,0.0,418000000.0,0.0,0.0,0.0,486000000.0,904000000.0,0.133,904000000.0,486000000.0,256000000.0,1.0,0.99,1.0,654000000.0,1539750000.0,654000000.0,7687914611.0,16.0,8.504,306000000.0,1.856,1.0,1253000000.0,0.185,1893000000.0,230000000.0,6555000000.0,7039750000.0,1035000000.0,427000000.0,0.0,427000000.0,7072000000.0,2328000000.0,4744000000.0,4450914611.0,129000000.0,-114000000.0,-29000000.0,7000000.0,0.0,-70000000.0,-455000000.0,9000000.0,675000000.0,-21000000.0,164000000.0,164000000.0,164000000.0,0.0,28000000.0,0.024,586000000.0,667000000.0,1509000000.0,0.0,6.806,27.14,26.99,2445000000.0,0.0,26.99,0.656,0.656,550000000.0,-440000000.0,6784000000.0,6784000000.0,63000000.0,0.02,0.107,0.069,0.072,0.0,523000000.0,1.0,164909767.0,164909767.0,,41.138,5950000000.0,0.0,92000000.0,164000000.0,36.08,43000000.0
27,OI,MRT,2014-09-30,2014-09-30,2014-09-30,2021-08-04,0.0,8141000000.0,8409750000.0,2523000000.0,5618000000.0,0.825,11.062,-412000000.0,264000000.0,264000000.0,5635000000.0,276000000.0,0.906,3.466,3484000000.0,1065000000.0,2419000000.0,3484000000.0,0.0,418000000.0,0.0,0.0,0.0,572000000.0,990000000.0,0.143,990000000.0,572000000.0,360000000.0,1.58,1.58,1.58,1823000000.0,1740250000.0,1823000000.0,7747180808.0,14.0,7.825,215000000.0,1.305,1.0,1307000000.0,0.188,1960000000.0,212000000.0,6615000000.0,7223500000.0,1112000000.0,0.0,0.0,0.0,6318000000.0,2786000000.0,3532000000.0,4294180808.0,45000000.0,-36000000.0,-42000000.0,-88000000.0,0.0,-150000000.0,-422000000.0,-16000000.0,627000000.0,-10000000.0,261000000.0,261000000.0,261000000.0,2000000.0,15000000.0,0.038,575000000.0,732000000.0,1027000000.0,0.0,2.356,16.453,16.487,2499000000.0,0.0,26.05,0.619,0.618,1042000000.0,,6942000000.0,6942000000.0,64000000.0,0.031,0.15,0.079,0.082,0.0,511000000.0,1.0,164843793.0,164798000.0,,42.124,6181000000.0,0.0,99000000.0,0.0,37.507,-263000000.0
28,OI,MRT,2014-06-30,2014-06-30,2014-06-30,2021-08-04,0.0,8591000000.0,8492500000.0,2648000000.0,5943000000.0,0.822,11.655,-393000000.0,194000000.0,194000000.0,5659000000.0,345000000.0,0.933,3.47,3647000000.0,1027000000.0,2620000000.0,3647000000.0,0.0,411000000.0,0.0,0.0,0.0,660000000.0,1071000000.0,0.153,1071000000.0,660000000.0,447000000.0,2.0,1.99,2.0,1922000000.0,1628750000.0,1922000000.0,9219167309.0,14.0,8.608,239000000.0,1.449,1.0,1322000000.0,0.189,2065000000.0,213000000.0,7141000000.0,7512500000.0,1204000000.0,0.0,0.0,0.0,6669000000.0,2838000000.0,3831000000.0,5718167309.0,-55000000.0,-36000000.0,-36000000.0,-202000000.0,0.0,-263000000.0,-421000000.0,-16000000.0,632000000.0,-3000000.0,331000000.0,331000000.0,331000000.0,1000000.0,14000000.0,0.047,576000000.0,746000000.0,1123000000.0,0.0,2.975,17.275,17.32,2661000000.0,0.0,34.64,0.819,0.818,1147000000.0,,6981000000.0,6981000000.0,64000000.0,0.039,0.203,0.088,0.095,0.0,512000000.0,1.0,165074114.0,164906000.0,,42.333,6526000000.0,0.0,116000000.0,0.0,39.574,-190000000.0
29,OI,MRT,2014-03-31,2014-03-31,2014-03-31,2021-08-04,0.0,8488000000.0,8447250000.0,2577000000.0,5911000000.0,0.825,10.682,-375000000.0,201000000.0,201000000.0,5632000000.0,362000000.0,1.238,3.823,3702000000.0,331000000.0,3371000000.0,3702000000.0,0.0,401000000.0,0.0,0.0,0.0,678000000.0,1079000000.0,0.155,1079000000.0,678000000.0,463000000.0,2.11,2.1,2.11,1760000000.0,1446750000.0,1760000000.0,8757757829.0,13.0,8.117,240000000.0,1.457,1.0,1333000000.0,0.191,2059000000.0,215000000.0,7848000000.0,7673250000.0,1204000000.0,0.0,0.0,0.0,6728000000.0,2082000000.0,4646000000.0,5573757829.0,-158000000.0,-36000000.0,-33000000.0,-288000000.0,0.0,-359000000.0,-402000000.0,-16000000.0,615000000.0,-12000000.0,349000000.0,349000000.0,349000000.0,1000000.0,13000000.0,0.05,572000000.0,761000000.0,1074000000.0,0.0,3.167,15.971,16.033,2634000000.0,0.0,33.83,0.8,0.8,1078000000.0,,6965000000.0,6965000000.0,62000000.0,0.041,0.241,0.088,0.097,0.0,510000000.0,1.0,164757843.0,164760000.0,,42.274,6429000000.0,0.0,114000000.0,0.0,39.02,495000000.0
30,OI,MRT,2013-12-31,2013-12-31,2013-12-31,2021-08-04,-1121000000.0,8419000000.0,8454500000.0,2550000000.0,5869000000.0,0.824,8.825,-361000000.0,383000000.0,383000000.0,5636000000.0,330000000.0,1.131,4.681,3567000000.0,322000000.0,3245000000.0,3567000000.0,0.0,397000000.0,0.0,0.0,0.0,666000000.0,1063000000.0,0.153,1063000000.0,666000000.0,437000000.0,1.92,1.91,1.92,1456000000.0,1295500000.0,1456000000.0,9348499346.0,14.0,8.794,321000000.0,1.946,1.0,1331000000.0,0.191,2059000000.0,229000000.0,7290000000.0,7730750000.0,1117000000.0,315000000.0,0.0,315000000.0,6816000000.0,2254000000.0,4562000000.0,5903499346.0,-48000000.0,-36000000.0,-33000000.0,-264000000.0,0.0,-321000000.0,-402000000.0,-16000000.0,682000000.0,-7000000.0,317000000.0,317000000.0,317000000.0,0.0,13000000.0,0.046,568000000.0,763000000.0,1575000000.0,0.0,4.055,18.623,18.635,2632000000.0,0.0,35.78,0.847,0.847,943000000.0,-11000000.0,6967000000.0,6967000000.0,62000000.0,0.037,0.245,0.086,0.096,0.0,506000000.0,1.0,164994392.0,164994392.0,,42.226,6360000000.0,0.0,120000000.0,234000000.0,38.547,296000000.0
31,OI,MRT,2013-09-30,2013-09-30,2013-09-30,2021-08-04,0.0,8472000000.0,8499250000.0,2672000000.0,5800000000.0,0.818,8.368,-351000000.0,219000000.0,219000000.0,5636000000.0,206000000.0,1.28,5.153,3664000000.0,366000000.0,3298000000.0,3664000000.0,0.0,421000000.0,0.0,0.0,0.0,506000000.0,927000000.0,0.133,927000000.0,506000000.0,276000000.0,1.05,1.03,1.05,1377000000.0,1151750000.0,1377000000.0,8458047934.0,17.0,9.124,239000000.0,1.452,1.0,1318000000.0,0.19,2059000000.0,230000000.0,7771000000.0,7833000000.0,1178000000.0,0.0,0.0,0.0,7095000000.0,2087000000.0,5008000000.0,4934047934.0,-117000000.0,0.0,-8000000.0,-313000000.0,0.0,-358000000.0,-345000000.0,-30000000.0,590000000.0,-4000000.0,171000000.0,171000000.0,171000000.0,0.0,35000000.0,0.025,542000000.0,776000000.0,989000000.0,0.0,3.583,28.854,28.59,2657000000.0,0.0,30.02,0.71,0.71,1172000000.0,136000000.0,6954000000.0,6954000000.0,62000000.0,0.02,0.148,0.065,0.073,0.0,522000000.0,1.0,164358692.0,164546000.0,,42.262,6413000000.0,0.0,105000000.0,0.0,38.974,585000000.0
32,OI,MRT,2013-06-30,2013-06-30,2013-06-30,2021-08-04,0.0,8410000000.0,8599000000.0,2693000000.0,5717000000.0,0.804,7.264,-330000000.0,249000000.0,249000000.0,5609000000.0,167000000.0,1.271,6.044,3773000000.0,437000000.0,3336000000.0,3773000000.0,0.0,420000000.0,0.0,0.0,0.0,461000000.0,881000000.0,0.127,881000000.0,461000000.0,224000000.0,0.8,0.79,0.8,1194000000.0,1129000000.0,1194000000.0,8109309464.0,18.0,9.205,258000000.0,1.57,1.0,1308000000.0,0.189,2031000000.0,237000000.0,7784000000.0,7971500000.0,1175000000.0,0.0,0.0,0.0,7216000000.0,2119000000.0,5097000000.0,4571309464.0,-87000000.0,0.0,-28000000.0,-334000000.0,0.0,-395000000.0,-283000000.0,-30000000.0,588000000.0,3000000.0,131000000.0,131000000.0,131000000.0,0.0,36000000.0,0.019,584000000.0,724000000.0,982000000.0,0.0,3.829,34.895,34.737,2600000000.0,0.0,27.79,0.661,0.66,1159000000.0,6000000.0,6917000000.0,6917000000.0,60000000.0,0.015,0.116,0.058,0.067,0.0,534000000.0,1.0,164494763.0,164369000.0,,42.082,6379000000.0,0.0,93000000.0,0.0,38.809,574000000.0
33,OI,MRT,2013-03-31,2013-03-31,2013-03-31,2021-08-04,0.0,8517000000.0,8705000000.0,2683000000.0,5834000000.0,0.793,7.04,-311000000.0,359000000.0,359000000.0,5587000000.0,167000000.0,1.391,6.374,3897000000.0,347000000.0,3550000000.0,3897000000.0,0.0,414000000.0,0.0,0.0,0.0,472000000.0,886000000.0,0.128,886000000.0,472000000.0,229000000.0,0.81,0.8,0.81,1155000000.0,1106000000.0,1155000000.0,7714606105.0,16.0,8.707,223000000.0,1.359,1.0,1315000000.0,0.191,2048000000.0,243000000.0,8078000000.0,8120500000.0,1178000000.0,0.0,0.0,0.0,7362000000.0,1929000000.0,5433000000.0,4372606105.0,60000000.0,0.0,-19000000.0,-198000000.0,0.0,-225000000.0,-248000000.0,-21000000.0,534000000.0,-1000000.0,132000000.0,132000000.0,132000000.0,0.0,35000000.0,0.019,599000000.0,716000000.0,904000000.0,0.0,3.786,33.126,32.901,2680000000.0,0.0,26.65,0.634,0.634,1047000000.0,-126000000.0,6902000000.0,6902000000.0,62000000.0,0.015,0.119,0.058,0.068,0.0,544000000.0,1.0,164075276.0,164069000.0,,42.068,6469000000.0,0.0,97000000.0,0.0,39.429,754000000.0
34,OI,MRT,2012-12-31,2012-12-31,2012-12-31,2021-08-04,-1506000000.0,8598000000.0,8866000000.0,2648000000.0,5950000000.0,0.79,5.355,-290000000.0,431000000.0,431000000.0,5626000000.0,218000000.0,1.225,8.562,3773000000.0,319000000.0,3454000000.0,3773000000.0,0.0,412000000.0,0.0,0.0,0.0,531000000.0,943000000.0,0.135,943000000.0,531000000.0,292000000.0,1.12,1.11,1.12,881000000.0,1100000000.0,881000000.0,7056550420.0,13.0,7.483,285000000.0,1.732,1.0,1374000000.0,0.196,2079000000.0,239000000.0,7699000000.0,8288250000.0,1272000000.0,294000000.0,0.0,294000000.0,7543000000.0,2162000000.0,5381000000.0,3499550420.0,31000000.0,-5000000.0,-23000000.0,-321000000.0,0.0,-339000000.0,-221000000.0,-21000000.0,575000000.0,16000000.0,184000000.0,184000000.0,184000000.0,0.0,34000000.0,0.026,617000000.0,757000000.0,1473000000.0,0.0,3.972,19.019,18.991,2769000000.0,0.0,21.27,0.5,0.5,968000000.0,-195000000.0,7000000000.0,7000000000.0,62000000.0,0.021,0.167,0.064,0.076,0.0,555000000.0,1.0,164529874.0,164529874.0,,42.545,6519000000.0,0.0,108000000.0,225000000.0,39.622,486000000.0
35,OI,MRT,2012-09-30,2012-09-30,2012-09-30,2021-08-04,-1270000000.0,8871000000.0,8960250000.0,2788000000.0,6083000000.0,0.789,7.803,-259000000.0,336000000.0,336000000.0,5670000000.0,-407000000.0,1.368,5.781,3893000000.0,356000000.0,3537000000.0,3893000000.0,0.0,413000000.0,0.0,0.0,0.0,-59000000.0,354000000.0,0.05,354000000.0,-59000000.0,-314000000.0,-2.62,-2.62,-2.62,1286000000.0,1101750000.0,1286000000.0,6779702676.0,-115.0,19.152,191000000.0,1.159,1.0,1400000000.0,0.198,2065000000.0,255000000.0,8325000000.0,8433750000.0,1376000000.0,300000000.0,0.0,300000000.0,7435000000.0,2038000000.0,5397000000.0,3096702676.0,80000000.0,-1000000.0,-13000000.0,-170000000.0,0.0,-186000000.0,-200000000.0,9000000.0,450000000.0,16000000.0,-427000000.0,-427000000.0,-427000000.0,0.0,20000000.0,-0.06,592000000.0,808000000.0,853000000.0,0.0,2.408,-7.252,-7.16,2735000000.0,0.0,18.76,0.438,0.437,1133000000.0,-35000000.0,7070000000.0,7070000000.0,64000000.0,-0.048,-0.388,-0.007,-0.008,0.0,540000000.0,1.0,165069439.0,164800000.0,,42.9,6806000000.0,0.0,113000000.0,209000000.0,41.299,750000000.0
36,OI,MRT,2012-06-30,2012-06-30,2012-06-30,2021-08-04,-1373000000.0,8834000000.0,9142750000.0,2847000000.0,5987000000.0,0.786,6.687,-256000000.0,336000000.0,336000000.0,5740000000.0,-384000000.0,1.347,6.887,4019000000.0,452000000.0,3567000000.0,4019000000.0,0.0,412000000.0,0.0,0.0,0.0,-27000000.0,385000000.0,0.054,385000000.0,-27000000.0,-291000000.0,-2.45,-2.46,-2.45,1102000000.0,1277500000.0,1102000000.0,6992638609.0,-259.0,18.163,157000000.0,0.953,1.0,1445000000.0,0.201,2023000000.0,264000000.0,8380000000.0,8492000000.0,1372000000.0,292000000.0,0.0,292000000.0,7590000000.0,2114000000.0,5476000000.0,3161638609.0,76000000.0,-2000000.0,4000000.0,-98000000.0,0.0,-108000000.0,-226000000.0,9000000.0,413000000.0,-3000000.0,-401000000.0,-401000000.0,-401000000.0,0.0,17000000.0,-0.056,608000000.0,837000000.0,909000000.0,0.0,2.869,-7.884,-7.824,2721000000.0,0.0,19.17,0.44,0.44,1173000000.0,-125000000.0,7185000000.0,7185000000.0,69000000.0,-0.044,-0.314,-0.003,-0.004,0.0,547000000.0,1.0,164926375.0,164799000.0,,43.599,6811000000.0,0.0,110000000.0,204000000.0,41.329,733000000.0
37,OI,MRT,2012-03-31,2012-03-31,2012-03-31,2021-08-04,-1205000000.0,9161000000.0,9482500000.0,2865000000.0,6296000000.0,0.778,6.886,-285000000.0,299000000.0,299000000.0,5954000000.0,-441000000.0,1.354,6.955,4130000000.0,406000000.0,3724000000.0,4130000000.0,0.0,421000000.0,0.0,0.0,0.0,-58000000.0,363000000.0,0.049,363000000.0,-58000000.0,-360000000.0,-2.82,-2.83,-2.82,1131000000.0,1547500000.0,1131000000.0,7470427241.0,-129.0,20.58,208000000.0,1.266,1.0,1424000000.0,0.193,2127000000.0,302000000.0,8749000000.0,8678000000.0,1390000000.0,316000000.0,0.0,316000000.0,7866000000.0,2116000000.0,5750000000.0,3837427241.0,-131000000.0,-155000000.0,3000000.0,-178000000.0,0.0,-213000000.0,-426000000.0,0.0,493000000.0,15000000.0,-461000000.0,-461000000.0,-461000000.0,-2000000.0,20000000.0,-0.062,618000000.0,806000000.0,943000000.0,0.0,3.393,-8.324,-8.277,2884000000.0,0.0,23.34,0.52,0.52,1199000000.0,-258000000.0,7378000000.0,7378000000.0,70000000.0,-0.049,-0.298,-0.007,-0.008,0.0,554000000.0,1.0,164414192.0,164241000.0,,44.922,7034000000.0,0.0,101000000.0,214000000.0,42.827,749000000.0
38,OI,MRT,2011-12-31,2011-12-31,2011-12-31,2021-08-04,-1321000000.0,8975000000.0,9698500000.0,2743000000.0,6232000000.0,0.759,5.407,-285000000.0,400000000.0,400000000.0,5969000000.0,-480000000.0,1.222,8.935,4033000000.0,406000000.0,3627000000.0,4033000000.0,0.0,422000000.0,0.0,0.0,0.0,-101000000.0,321000000.0,0.044,321000000.0,-101000000.0,-415000000.0,-3.05,-3.05,-3.05,888000000.0,1772000000.0,888000000.0,7015072984.0,-69.0,21.854,218000000.0,1.327,1.0,1389000000.0,0.189,2082000000.0,314000000.0,8281000000.0,8736000000.0,1216000000.0,315000000.0,0.0,315000000.0,7934000000.0,2245000000.0,5689000000.0,3183072984.0,-240000000.0,-144000000.0,5000000.0,-252000000.0,0.0,-323000000.0,-426000000.0,0.0,503000000.0,6000000.0,-500000000.0,-500000000.0,-500000000.0,0.0,20000000.0,-0.068,627000000.0,762000000.0,1487000000.0,0.0,3.585,-6.366,-6.354,2877000000.0,0.0,19.38,0.433,0.433,1158000000.0,-379000000.0,7358000000.0,7358000000.0,71000000.0,-0.052,-0.282,-0.012,-0.014,0.0,556000000.0,1.0,164245252.0,164245252.0,,44.799,6893000000.0,0.0,85000000.0,250000000.0,41.968,498000000.0
39,OI,MRT,2011-09-30,2011-09-30,2011-09-30,2021-08-04,-987000000.0,9601000000.0,9893250000.0,2688000000.0,6913000000.0,0.735,12.142,-315000000.0,256000000.0,256000000.0,5873000000.0,-117000000.0,1.272,3.75,4088000000.0,345000000.0,3743000000.0,4088000000.0,0.0,427000000.0,0.0,0.0,0.0,257000000.0,684000000.0,0.094,684000000.0,257000000.0,-61000000.0,-0.85,-0.83,-0.85,1989000000.0,2003750000.0,1989000000.0,6562713919.0,26.0,9.595,152000000.0,0.928,1.0,1395000000.0,0.192,2762000000.0,318000000.0,8558000000.0,8788750000.0,1264000000.0,313000000.0,1000000.0,312000000.0,7458000000.0,2113000000.0,5345000000.0,2482713919.0,-444000000.0,-211000000.0,6000000.0,-316000000.0,0.0,-397000000.0,-520000000.0,0.0,467000000.0,6000000.0,-139000000.0,-139000000.0,-139000000.0,-32000000.0,22000000.0,-0.019,871000000.0,524000000.0,935000000.0,0.0,1.248,-17.861,-17.788,2931000000.0,0.0,15.12,0.342,0.341,1218000000.0,392000000.0,7268000000.0,7268000000.0,71000000.0,-0.014,-0.069,0.029,0.035,0.0,551000000.0,1.0,164200656.0,163812000.0,,44.368,6839000000.0,0.0,78000000.0,204000000.0,41.749,575000000.0
40,OI,MRT,2011-06-30,2011-06-30,2011-06-30,2021-08-04,-672000000.0,10193000000.0,9963750000.0,2800000000.0,7393000000.0,0.712,13.335,-420000000.0,260000000.0,260000000.0,5727000000.0,-86000000.0,1.277,3.599,4340000000.0,371000000.0,3969000000.0,4340000000.0,0.0,420000000.0,0.0,0.0,0.0,299000000.0,719000000.0,0.101,719000000.0,299000000.0,-10000000.0,-0.71,-0.69,-0.71,2182000000.0,1991000000.0,2182000000.0,8165993621.0,27.0,11.357,92000000.0,0.562,1.0,1368000000.0,0.193,2957000000.0,309000000.0,9124000000.0,8817000000.0,1270000000.0,330000000.0,0.0,330000000.0,7854000000.0,2192000000.0,5662000000.0,4232993621.0,-422000000.0,-938000000.0,4000000.0,454000000.0,0.0,381000000.0,-1352000000.0,0.0,512000000.0,37000000.0,-116000000.0,-116000000.0,-116000000.0,-32000000.0,30000000.0,-0.016,819000000.0,549000000.0,985000000.0,0.0,1.94,-36.491,-36.352,3176000000.0,0.0,25.81,0.597,0.595,1322000000.0,276000000.0,7095000000.0,7095000000.0,67000000.0,-0.012,-0.058,0.034,0.042,0.0,537000000.0,1.0,164005952.0,163633000.0,,43.359,7236000000.0,0.0,106000000.0,234000000.0,44.221,608000000.0
41,OI,MRT,2011-03-31,2011-03-31,2011-03-31,2021-08-04,-806000000.0,10025000000.0,9505000000.0,2834000000.0,7191000000.0,0.716,12.421,-480000000.0,430000000.0,430000000.0,5410000000.0,-11000000.0,1.364,3.842,4363000000.0,372000000.0,3991000000.0,4363000000.0,0.0,402000000.0,0.0,0.0,0.0,346000000.0,748000000.0,0.11,748000000.0,346000000.0,77000000.0,-0.29,-0.27,-0.29,2029000000.0,1830000000.0,2029000000.0,8580570432.0,25.0,11.471,3000000.0,0.018,1.0,1396000000.0,0.205,2900000000.0,269000000.0,8981000000.0,8303250000.0,1257000000.0,301000000.0,0.0,301000000.0,7795000000.0,2077000000.0,5718000000.0,4942570432.0,-91000000.0,-785000000.0,-49000000.0,795000000.0,0.0,672000000.0,-1259000000.0,0.0,483000000.0,13000000.0,-48000000.0,-48000000.0,-48000000.0,-30000000.0,37000000.0,-0.007,798000000.0,598000000.0,889000000.0,0.0,2.436,-102.97,-104.103,3143000000.0,0.0,30.19,0.726,0.725,1223000000.0,203000000.0,6806000000.0,6806000000.0,64000000.0,-0.005,-0.026,0.042,0.051,0.0,514000000.0,1.0,163715483.0,163355000.0,,41.664,7125000000.0,0.0,125000000.0,215000000.0,43.617,757000000.0
42,OI,MRT,2010-12-31,2010-12-31,2010-12-31,2021-08-04,-897000000.0,9754000000.0,9091750000.0,2738000000.0,7016000000.0,0.73,11.092,-503000000.0,640000000.0,640000000.0,5281000000.0,-3000000.0,1.317,4.258,4278000000.0,354000000.0,3924000000.0,4278000000.0,0.0,391000000.0,0.0,0.0,0.0,333000000.0,724000000.0,0.109,724000000.0,333000000.0,84000000.0,-0.28,-0.27,-0.28,1815000000.0,1692000000.0,1815000000.0,8668413902.0,26.0,11.973,89000000.0,0.544,1.0,1352000000.0,0.204,2821000000.0,249000000.0,8492000000.0,7832000000.0,1093000000.0,299000000.0,0.0,299000000.0,7728000000.0,2079000000.0,5649000000.0,5023613902.0,-172000000.0,-817000000.0,-194000000.0,778000000.0,0.0,547000000.0,-1314000000.0,0.0,592000000.0,3000000.0,-45000000.0,-45000000.0,-45000000.0,-31000000.0,42000000.0,-0.007,765000000.0,587000000.0,1363000000.0,0.0,2.768,-111.636,-109.643,3107000000.0,0.0,30.7,0.757,0.757,1075000000.0,82000000.0,6633000000.0,6633000000.0,62000000.0,-0.005,-0.027,0.043,0.05,0.0,492000000.0,1.0,163635632.0,163635632.0,,40.535,6933000000.0,0.0,129000000.0,235000000.0,42.369,659000000.0
43,OI,MRT,2010-09-30,2010-09-30,2010-09-30,2021-08-04,-1179000000.0,9883000000.0,8835000000.0,2966000000.0,6917000000.0,0.719,11.884,-626300000.0,657000000.0,657000000.0,5132300000.0,247700000.0,1.376,3.987,4345000000.0,339000000.0,4006000000.0,4345000000.0,0.0,377700000.0,0.0,0.0,0.0,514800000.0,892500000.0,0.14,892500000.0,514800000.0,280400000.0,1.27,1.25,1.27,1938000000.0,1622750000.0,1938000000.0,7407433764.0,14.0,8.3,-700000.0,-0.004,1.0,1224100000.0,0.193,2744000000.0,234400000.0,8671000000.0,7500250000.0,1127000000.0,288000000.0,1000000.0,287000000.0,7727000000.0,2156000000.0,5571000000.0,4589233764.0,-317600000.0,-753600000.0,-194100000.0,746500000.0,0.0,522700000.0,-1369900000.0,-1600000.0,625600000.0,-96000000.0,205900000.0,205900000.0,205900000.0,-66000000.0,41800000.0,0.032,846900000.0,377200000.0,838000000.0,0.0,2.368,22.289,22.094,3042000000.0,0.0,28.06,0.722,0.72,1165000000.0,494000000.0,6356400000.0,6356400000.0,58700000.0,0.023,0.127,0.069,0.081,0.0,490900000.0,1.0,163550740.0,163079000.0,,38.977,7139000000.0,0.0,74500000.0,229000000.0,43.776,810000000.0
44,OI,MRT,2010-06-30,2010-06-30,2010-06-30,2021-08-04,-1452000000.0,8358000000.0,8644200000.0,2728000000.0,5630000000.0,0.757,9.407,-539900000.0,648000000.0,648000000.0,5229200000.0,225700000.0,1.422,4.301,3500000000.0,272000000.0,3228000000.0,3500000000.0,0.0,381500000.0,0.0,0.0,0.0,510900000.0,892400000.0,0.136,892400000.0,510900000.0,278900000.0,1.17,1.15,1.17,1538000000.0,1577550000.0,1538000000.0,7309863547.0,14.0,8.191,250900000.0,1.535,1.0,1312800000.0,0.201,2222000000.0,232000000.0,7069000000.0,7168100000.0,989000000.0,107000000.0,1000000.0,106000000.0,6615000000.0,1919000000.0,4696000000.0,4363263547.0,4300000.0,-31000000.0,-193300000.0,101900000.0,0.0,-133300000.0,-561700000.0,-1600000.0,790800000.0,-91500000.0,193600000.0,193600000.0,193600000.0,-66000000.0,32100000.0,0.03,924600000.0,388200000.0,791000000.0,0.0,2.837,22.538,22.607,2598000000.0,0.0,26.45,0.667,0.661,1076000000.0,355000000.0,6542000000.0,6542000000.0,59000000.0,0.022,0.123,0.071,0.078,0.0,495100000.0,1.0,164962705.0,163501000.0,,40.012,6136000000.0,0.0,85300000.0,160000000.0,37.529,809000000.0
45,OI,MRT,2010-03-31,2010-03-31,2010-03-31,2021-08-04,-1328000000.0,8372000000.0,8708250000.0,2537000000.0,5835000000.0,0.767,8.824,-477400000.0,496000000.0,496000000.0,5341800000.0,233200000.0,1.336,4.526,3466000000.0,281000000.0,3185000000.0,3466000000.0,0.0,387300000.0,0.0,0.0,0.0,515600000.0,902900000.0,0.135,902900000.0,515600000.0,285700000.0,1.2,1.18,1.2,1477000000.0,1555100000.0,1477000000.0,8789871188.0,17.0,9.735,375100000.0,2.241,1.0,1337200000.0,0.2,2347000000.0,229900000.0,7096000000.0,7233475000.0,1016000000.0,117000000.0,1000000.0,116000000.0,6685000000.0,1899000000.0,4786000000.0,5992071188.0,158200000.0,-31100000.0,-140000000.0,41300000.0,0.0,-141100000.0,-495100000.0,-1600000.0,852500000.0,-58100000.0,201900000.0,201900000.0,201900000.0,-66000000.0,31300000.0,0.03,935600000.0,401600000.0,810000000.0,0.0,4.057,29.678,29.617,2666000000.0,0.0,35.54,0.897,0.891,1029000000.0,214000000.0,6679000000.0,6679000000.0,58100000.0,0.023,0.13,0.071,0.077,0.0,494500000.0,1.0,168600765.0,167381000.0,,39.903,6025000000.0,0.0,83800000.0,175000000.0,35.996,638000000.0
46,OI,MRT,2009-12-31,2009-12-31,2009-12-31,2021-08-04,-1318000000.0,8727000000.0,8553150000.0,2797000000.0,5930000000.0,0.778,9.127,-428000000.0,755000000.0,755000000.0,5317000000.0,198000000.0,1.375,4.546,3608000000.0,350000000.0,3258000000.0,3608000000.0,0.0,385000000.0,0.0,0.0,0.0,467000000.0,852000000.0,0.128,852000000.0,467000000.0,245000000.0,0.96,0.95,0.96,1538000000.0,1439850000.0,1538000000.0,8243335336.0,18.0,9.675,372000000.0,2.208,1.0,1335000000.0,0.201,2381000000.0,222000000.0,7165000000.0,7146350000.0,1011000000.0,115000000.0,1000000.0,114000000.0,6991000000.0,2034000000.0,4957000000.0,5538935336.0,432000000.0,-5000000.0,7000000.0,169000000.0,0.0,114000000.0,-418000000.0,0.0,800000000.0,-64000000.0,162000000.0,162000000.0,162000000.0,-66000000.0,36000000.0,0.024,980000000.0,355000000.0,1291000000.0,0.0,3.601,34.191,34.24,2711000000.0,0.0,32.87,0.833,0.833,983000000.0,129000000.0,6652000000.0,6652000000.0,58000000.0,0.019,0.113,0.065,0.07,0.0,493000000.0,1.0,168510354.0,168510354.0,,39.475,6346000000.0,0.0,83000000.0,224000000.0,37.659,763000000.0
47,OI,MRT,2009-09-30,2009-09-30,2009-09-30,2021-08-04,-1250500000.0,9119800000.0,8365525000.0,3245500000.0,5874300000.0,0.784,10.467,-317200000.0,1017100000.0,1017100000.0,5251300000.0,138900000.0,1.546,4.052,3721500000.0,377600000.0,3343900000.0,3721500000.0,0.0,380500000.0,0.0,0.0,0.0,480400000.0,860900000.0,0.131,860900000.0,480400000.0,262600000.0,0.5,0.55,0.5,1757200000.0,1315500000.0,1757200000.0,9178296132.0,19.0,10.661,438300000.0,2.611,1.0,1309600000.0,0.2,2382300000.0,217800000.0,7342400000.0,7035175000.0,1179600000.0,124900000.0,900000.0,124000000.0,7119700000.0,2099500000.0,5020200000.0,6213296132.0,606800000.0,10600000.0,6600000.0,191100000.0,0.0,142000000.0,-307500000.0,9700000.0,755500000.0,16800000.0,91100000.0,91100000.0,91100000.0,-88100000.0,47800000.0,0.014,956200000.0,353400000.0,816100000.0,0.0,3.536,68.203,73.8,2709900000.0,0.0,36.9,0.947,0.944,1146600000.0,288700000.0,6560900000.0,6560900000.0,57300000.0,0.011,0.069,0.068,0.073,0.0,488700000.0,1.0,168382009.0,167877000.0,,39.082,6737500000.0,0.0,171500000.0,160100000.0,40.134,1146000000.0
48,OI,MRT,2009-06-30,2009-06-30,2009-06-30,2021-08-04,-1424400000.0,8614200000.0,8394925000.0,2917400000.0,5696800000.0,0.797,8.632,-357100000.0,677200000.0,677200000.0,5426700000.0,106500000.0,1.49,4.788,3642200000.0,357800000.0,3284400000.0,3642200000.0,0.0,397000000.0,0.0,0.0,0.0,418400000.0,815400000.0,0.122,815400000.0,418400000.0,192900000.0,0.21,0.28,0.21,1448200000.0,1516375000.0,1448200000.0,7677000411.0,18.0,9.415,310900000.0,1.853,1.0,1268200000.0,0.189,2290800000.0,225500000.0,7330500000.0,7092050000.0,1178900000.0,120500000.0,4800000.0,115700000.0,6933700000.0,1957900000.0,4975800000.0,4713700411.0,311400000.0,16600000.0,5400000.0,53500000.0,0.0,14600000.0,-336400000.0,14900000.0,668000000.0,-34800000.0,43000000.0,43000000.0,43000000.0,-88100000.0,63500000.0,0.006,965900000.0,302300000.0,802500000.0,0.0,3.255,109.621,133.381,2652300000.0,0.0,28.01,0.704,0.702,1126400000.0,162000000.0,6694900000.0,6694900000.0,60100000.0,0.005,0.028,0.059,0.062,0.0,481300000.0,1.0,168286341.0,167764000.0,,39.907,6323400000.0,0.0,149900000.0,154200000.0,37.692,959500000.0
49,OI,MRT,2009-03-31,2009-03-31,2009-03-31,2021-08-04,-1700400000.0,7751600000.0,8750625000.0,2416900000.0,5334700000.0,0.811,6.081,-363200000.0,362300000.0,362300000.0,5712500000.0,192500000.0,1.316,6.393,3325600000.0,353600000.0,2972000000.0,3325600000.0,0.0,420500000.0,0.0,0.0,0.0,538100000.0,958600000.0,0.135,958600000.0,538100000.0,301300000.0,0.71,0.75,0.71,1016000000.0,1863900000.0,1016000000.0,5368238433.0,10.0,5.6,314400000.0,1.882,1.0,1386000000.0,0.195,2130300000.0,236800000.0,6747500000.0,7377800000.0,1179300000.0,121200000.0,15900000.0,105300000.0,6495400000.0,1837100000.0,4658300000.0,2413638433.0,-120500000.0,16700000.0,9200000.0,-375200000.0,0.0,-409100000.0,-344900000.0,16600000.0,677600000.0,-44100000.0,125000000.0,125000000.0,125000000.0,-91900000.0,67500000.0,0.018,966400000.0,419600000.0,754400000.0,0.0,2.376,19.309,20.338,2486400000.0,0.0,14.44,0.34,0.34,945500000.0,12700000.0,7098500000.0,7098500000.0,63900000.0,0.014,0.067,0.073,0.076,0.0,489700000.0,1.0,167149476.0,167080000.0,,42.486,5621300000.0,0.0,176300000.0,138600000.0,33.644,579800000.0
50,OI,MRT,2008-12-31,2008-12-31,2008-12-31,2021-08-04,-1620600000.0,7976500000.0,9302075000.0,2444700000.0,5531800000.0,0.811,6.231,-362000000.0,379500000.0,379500000.0,5994000000.0,328000000.0,1.22,6.422,3334100000.0,393800000.0,2940300000.0,3334100000.0,0.0,449000000.0,0.0,0.0,0.0,721000000.0,1170000000.0,0.155,1170000000.0,721000000.0,468000000.0,1.53,1.52,1.53,1040600000.0,2234600000.0,1040600000.0,7611273324.0,11.0,6.505,395000000.0,2.365,1.0,1546000000.0,0.205,2207500000.0,253000000.0,6720300000.0,7765750000.0,1132000000.0,126700000.0,25000000.0,101700000.0,6683100000.0,2003300000.0,4679800000.0,4564273324.0,-8000000.0,0.0,15000000.0,-280000000.0,0.0,-365000000.0,-377000000.0,0.0,757000000.0,-23000000.0,258000000.0,258000000.0,258000000.0,-96000000.0,70000000.0,0.034,943000000.0,603000000.0,1214200000.0,0.0,4.386,17.691,17.863,2645600000.0,0.0,27.33,0.605,0.605,988800000.0,-32400000.0,7540000000.0,7540000000.0,66000000.0,0.028,0.115,0.093,0.096,0.0,499000000.0,1.0,167005976.0,167005976.0,,45.148,5769000000.0,0.0,210000000.0,156300000.0,34.544,441400000.0
51,OI,MRT,2008-09-30,2008-09-30,2008-09-30,2021-08-04,-320600000.0,9237400000.0,9639100000.0,2837100000.0,6400300000.0,0.844,15.769,-366300000.0,410500000.0,410500000.0,6326800000.0,580300000.0,1.191,2.51,3457500000.0,496400000.0,2961100000.0,3457500000.0,0.0,473300000.0,0.0,0.0,0.0,964700000.0,1438000000.0,0.177,1438000000.0,964700000.0,676500000.0,2.71,2.8,2.71,2560700000.0,2521300000.0,2560700000.0,8331238256.0,9.0,5.794,397800000.0,2.45,1.0,1810200000.0,0.222,2333300000.0,288200000.0,7569900000.0,8009100000.0,1277500000.0,128500000.0,34000000.0,94500000.0,6427600000.0,2381200000.0,4046400000.0,4907838256.0,-1134400000.0,-44000000.0,33500000.0,-1413000000.0,0.0,-1506400000.0,-418400000.0,-8100000.0,764100000.0,26300000.0,469200000.0,463900000.0,463900000.0,25300000.0,111100000.0,0.057,855900000.0,954300000.0,901500000.0,0.0,1.917,10.58,10.849,2748900000.0,5300000.0,29.4,0.603,0.587,1194100000.0,197300000.0,8137000000.0,8137000000.0,70300000.0,0.048,0.184,0.12,0.119,0.0,511700000.0,1.0,166933274.0,162390000.0,,50.108,6904100000.0,0.0,207300000.0,72100000.0,42.516,455900000.0
52,OI,MRT,2008-06-30,2008-06-30,2008-06-30,2021-08-04,43000000.0,10037000000.0,9913375000.0,3114500000.0,6922500000.0,0.813,17.165,-319400000.0,366000000.0,366000000.0,6236700000.0,1640200000.0,1.276,2.446,3789400000.0,528600000.0,3260800000.0,3789400000.0,0.0,475700000.0,0.0,0.0,0.0,2077800000.0,2553500000.0,0.317,2553500000.0,2077800000.0,1758900000.0,9.69,9.19,9.69,2838300000.0,2402500000.0,2838300000.0,10495545726.0,5.0,4.11,482000000.0,2.915,1.0,1820100000.0,0.226,2546600000.0,318900000.0,8473500000.0,8001825000.0,1388700000.0,118800000.0,23600000.0,95200000.0,6941300000.0,2440300000.0,4501000000.0,6950945726.0,17600000.0,1745900000.0,53500000.0,-2189400000.0,0.0,-2259200000.0,1413200000.0,-13300000.0,801400000.0,62200000.0,1547100000.0,1536400000.0,1536400000.0,-1055600000.0,93100000.0,0.191,842000000.0,978100000.0,1002100000.0,0.0,2.449,4.524,4.302,3003700000.0,10700000.0,41.69,0.863,0.856,1438400000.0,118700000.0,8056800000.0,8056800000.0,68500000.0,0.155,0.64,0.26,0.258,0.0,521400000.0,1.0,166729329.0,165350000.0,,48.726,7490400000.0,0.0,211800000.0,130700000.0,45.3,674200000.0
53,OI,MRT,2008-03-31,2008-03-31,2008-03-31,2021-08-04,-54100000.0,9957400000.0,9862575000.0,3114800000.0,6842600000.0,0.795,15.985,-319800000.0,483000000.0,483000000.0,6118900000.0,1541400000.0,1.162,2.885,4027600000.0,835100000.0,3192500000.0,4027600000.0,0.0,468000000.0,0.0,0.0,0.0,1971500000.0,2439500000.0,0.311,2439500000.0,1971500000.0,1639600000.0,9.24,8.73,9.24,2498800000.0,1883500000.0,2498800000.0,12209777594.0,6.0,5.005,440200000.0,2.816,1.0,1724300000.0,0.22,2522200000.0,331900000.0,8299300000.0,8484675000.0,1379400000.0,139100000.0,51700000.0,87400000.0,7210200000.0,2680500000.0,4529700000.0,8883077594.0,189300000.0,1748300000.0,66300000.0,-2003600000.0,0.0,-2044200000.0,1413500000.0,-15000000.0,760000000.0,60000000.0,1465500000.0,1449400000.0,1449400000.0,-1047700000.0,75900000.0,0.185,838400000.0,885900000.0,978500000.0,0.0,3.555,6.129,6.107,2995200000.0,16100000.0,56.43,1.133,1.125,1320600000.0,-112600000.0,7843200000.0,7843200000.0,67100000.0,0.147,0.77,0.232,0.251,0.0,521200000.0,1.0,157417643.0,156324000.0,,50.173,7435200000.0,0.0,174100000.0,128800000.0,47.563,434300000.0
54,OI,MRT,2007-12-31,2007-12-31,2007-12-31,2021-08-04,-176900000.0,9324600000.0,9773075000.0,2694600000.0,6630000000.0,0.774,13.953,-315800000.0,387700000.0,387700000.0,5971400000.0,1400300000.0,1.065,3.263,3714400000.0,700900000.0,3013500000.0,3714400000.0,0.0,452300000.0,0.0,0.0,0.0,1837000000.0,2289300000.0,0.303,2289300000.0,1837000000.0,1488400000.0,8.46,7.99,8.46,2187400000.0,1381150000.0,2187400000.0,11054993774.0,6.0,4.829,349200000.0,2.228,1.0,1595300000.0,0.211,2428100000.0,348600000.0,7693700000.0,9038975000.0,1176600000.0,140800000.0,59800000.0,81000000.0,7137200000.0,2529500000.0,4607700000.0,7759993774.0,165000000.0,1760200000.0,62800000.0,-2008300000.0,0.0,-1996200000.0,1444400000.0,0.0,665000000.0,51800000.0,1340600000.0,1319100000.0,1319100000.0,-1041500000.0,59700000.0,0.174,832900000.0,762400000.0,1382600000.0,0.0,3.548,5.883,5.851,2950000000.0,21500000.0,49.5,1.026,1.026,1185600000.0,-285300000.0,7566700000.0,7566700000.0,65800000.0,0.135,0.955,0.203,0.243,0.0,520600000.0,1.0,156767551.0,156767551.0,,48.267,6896500000.0,0.0,147800000.0,152300000.0,43.992,165100000.0
55,OI,MRT,2007-09-30,2007-09-30,2007-09-30,2021-08-04,-276200000.0,10334500000.0,9772100000.0,3846100000.0,6488400000.0,0.721,13.478,-308100000.0,1544900000.0,1544900000.0,5696800000.0,1256600000.0,1.039,3.955,4839900000.0,1862100000.0,2977800000.0,4839900000.0,0.0,429000000.0,0.0,0.0,0.0,1703600000.0,2132600000.0,0.303,2132600000.0,1703600000.0,1398000000.0,7.98,7.35,7.98,2085500000.0,923475000.0,2085500000.0,11727707584.0,7.0,5.499,409400000.0,2.646,1.0,1348100000.0,0.191,2388000000.0,305600000.0,7540800000.0,9598975000.0,1164500000.0,136900000.0,60400000.0,76500000.0,8249000000.0,3700700000.0,4548300000.0,6450807584.0,1302600000.0,1788900000.0,47100000.0,-936300000.0,0.0,-919500000.0,1480800000.0,0.0,717500000.0,23800000.0,1256600000.0,1235100000.0,1235100000.0,-1058600000.0,0.0,0.175,790400000.0,557700000.0,945400000.0,0.0,3.093,5.223,5.194,2893300000.0,21500000.0,41.45,0.916,0.91,1170400000.0,-261100000.0,7044900000.0,7044900000.0,51400000.0,0.126,1.337,0.177,0.242,0.0,535000000.0,1.0,155628651.0,154730000.0,,45.53,7946500000.0,0.0,141400000.0,101900000.0,51.357,145400000.0
56,OI,MRT,2007-06-30,2007-06-30,2007-06-30,2021-08-04,-421200000.0,9833800000.0,9656375000.0,2837300000.0,6996500000.0,0.71,4.965,-321400000.0,348400000.0,348400000.0,5589500000.0,108500000.0,1.191,11.9,5625300000.0,746500000.0,4878800000.0,5625300000.0,0.0,422300000.0,0.0,0.0,0.0,549100000.0,971400000.0,0.142,971400000.0,549100000.0,248800000.0,0.56,0.51,0.56,762300000.0,624950000.0,762300000.0,10777042125.0,20.0,11.094,187700000.0,1.222,1.0,1264900000.0,0.185,2324300000.0,300300000.0,10404900000.0,10374700000.0,1137500000.0,148300000.0,52800000.0,95500000.0,9071500000.0,2381500000.0,6690000000.0,5416942125.0,103700000.0,5200000.0,27200000.0,-106200000.0,0.0,-106200000.0,-316200000.0,0.0,509100000.0,17000000.0,108500000.0,87000000.0,87000000.0,22000000.0,0.0,0.013,752600000.0,512300000.0,845400000.0,0.0,7.106,62.264,62.5,2857400000.0,21500000.0,35.0,0.79,0.784,1263800000.0,-1412200000.0,6854400000.0,6854400000.0,51300000.0,0.009,0.139,0.053,0.08,0.0,533400000.0,1.0,154769775.0,153547000.0,,44.64,7509500000.0,0.0,140300000.0,105800000.0,48.907,455800000.0
57,OI,MRT,2007-03-31,2007-03-31,2007-03-31,2021-08-04,-521400000.0,9599400000.0,9670525000.0,2704300000.0,6895100000.0,0.685,3.2,-308300000.0,293700000.0,293700000.0,5452300000.0,1400000.0,1.248,18.615,5653800000.0,550400000.0,5103400000.0,5653800000.0,0.0,409600000.0,0.0,0.0,0.0,452600000.0,862200000.0,0.13,862200000.0,452600000.0,142000000.0,-0.13,-0.14,-0.13,489400000.0,651000000.0,489400000.0,9213626478.0,20.0,10.686,72300000.0,0.473,1.0,1169000000.0,0.177,2276000000.0,310600000.0,10516500000.0,10457650000.0,1217600000.0,142300000.0,49800000.0,92500000.0,9110000000.0,2167000000.0,6943000000.0,3979726478.0,86000000.0,7300000.0,11500000.0,15900000.0,0.0,-12000000.0,-296500000.0,4500000.0,380600000.0,13900000.0,1400000.0,-20100000.0,-20100000.0,25800000.0,0.0,-0.003,738800000.0,430200000.0,842900000.0,0.0,8.132,-197.996,-198.231,2834100000.0,21500000.0,25.77,0.601,0.595,1130900000.0,-1556600000.0,6621300000.0,6621300000.0,47200000.0,-0.002,-0.031,0.043,0.068,0.0,528300000.0,1.0,154432537.0,152936000.0,,43.295,7323400000.0,0.0,140600000.0,122800000.0,47.885,537300000.0
58,OI,MRT,2006-12-31,2006-12-31,2006-12-31,2021-08-04,-594200000.0,9320700000.0,9665075000.0,2432700000.0,6888000000.0,0.688,2.321,-320300000.0,222700000.0,222700000.0,5481100000.0,-27500000.0,1.028,25.13,5456600000.0,737200000.0,4719400000.0,5456600000.0,0.0,427700000.0,0.0,0.0,0.0,446800000.0,874500000.0,0.131,874500000.0,446800000.0,97800000.0,-0.32,-0.32,-0.32,356700000.0,716300000.0,356700000.0,8114680298.0,18.0,9.279,-170000000.0,-1.106,1.0,1169300000.0,0.176,2255200000.0,349000000.0,9933700000.0,10483525000.0,1127400000.0,129000000.0,32700000.0,96300000.0,8964000000.0,2365700000.0,6598300000.0,2835480298.0,-23900000.0,15100000.0,8000000.0,23600000.0,0.0,-9000000.0,-177900000.0,127300000.0,150300000.0,12700000.0,-27500000.0,-49000000.0,-49000000.0,23700000.0,0.0,-0.007,737300000.0,432000000.0,1206400000.0,0.0,7.949,-57.867,-57.656,2874500000.0,21500000.0,18.45,0.426,0.426,1041100000.0,-1604400000.0,6650400000.0,6650400000.0,48700000.0,-0.005,-0.068,0.043,0.067,0.0,530400000.0,1.0,153684569.0,153684569.0,,43.273,7065500000.0,0.0,125300000.0,172600000.0,45.974,67000000.0
59,OI,MRT,2006-09-30,2006-09-30,2006-09-30,2021-08-04,-152900000.0,9871600000.0,9715350000.0,2627200000.0,7244400000.0,0.636,5.859,-307700000.0,242300000.0,242300000.0,5067300000.0,-806600000.0,1.154,10.074,5521500000.0,612600000.0,4908900000.0,5521500000.0,0.0,395200000.0,0.0,0.0,0.0,-143300000.0,251900000.0,0.041,251900000.0,-143300000.0,-423900000.0,-5.5,-5.48,-5.5,891400000.0,808100000.0,891400000.0,7698079699.0,-54.0,30.56,-190100000.0,-1.249,1.0,1111000000.0,0.18,2229800000.0,280600000.0,10643700000.0,10595375000.0,1112400000.0,172900000.0,82600000.0,90300000.0,8980200000.0,2277300000.0,6702900000.0,2366979699.0,52000000.0,10100000.0,5400000.0,79800000.0,0.0,49100000.0,-119600000.0,178000000.0,117600000.0,4900000.0,-806600000.0,-844300000.0,-844300000.0,6300000.0,0.0,-0.137,1205200000.0,-94200000.0,828500000.0,0.0,2.655,-2.803,-2.804,2789800000.0,37700000.0,15.42,0.383,0.38,1186100000.0,-1496200000.0,6178300000.0,6178300000.0,46800000.0,-0.087,-1.045,-0.014,-0.023,0.0,480700000.0,1.0,153500629.0,152150000.0,,40.607,7641800000.0,0.0,382700000.0,191500000.0,50.225,349900000.0
60,OI,MRT,2006-06-30,2006-06-30,2006-06-30,2021-08-04,-167900000.0,9890400000.0,9821650000.0,2628500000.0,7261900000.0,0.638,5.702,-342900000.0,244700000.0,244700000.0,5136900000.0,-695400000.0,1.162,10.414,5575800000.0,687400000.0,4888400000.0,5575800000.0,0.0,407600000.0,0.0,0.0,0.0,-33400000.0,374200000.0,0.06,374200000.0,-33400000.0,-335600000.0,-4.77,-4.75,-4.77,866500000.0,1007450000.0,866500000.0,7832491151.0,-235.0,20.931,-61000000.0,-0.401,1.0,1129000000.0,0.18,2223300000.0,302200000.0,10736700000.0,10633450000.0,1126100000.0,159600000.0,71100000.0,88500000.0,9023900000.0,2261500000.0,6762400000.0,2570191151.0,64600000.0,12600000.0,3300000.0,900000.0,0.0,-69400000.0,-152300000.0,178000000.0,281900000.0,4400000.0,-695400000.0,-727700000.0,-727700000.0,-56400000.0,0.0,-0.116,1179300000.0,-50300000.0,809200000.0,0.0,2.966,-3.532,-3.514,2807800000.0,32300000.0,16.76,0.41,0.407,1191200000.0,-1499200000.0,6265900000.0,6265900000.0,47400000.0,-0.074,-0.722,-0.003,-0.005,0.0,473800000.0,1.0,153352694.0,151975000.0,,41.23,7667100000.0,0.0,359800000.0,191700000.0,50.45,367000000.0
61,OI,MRT,2006-03-31,2006-03-31,2006-03-31,2021-08-04,-239000000.0,9577600000.0,9904450000.0,2396800000.0,7180800000.0,0.644,4.949,-381200000.0,207700000.0,207700000.0,5181400000.0,-651800000.0,1.296,11.76,5470000000.0,360700000.0,5109300000.0,5470000000.0,0.0,422700000.0,0.0,0.0,0.0,41300000.0,464000000.0,0.073,464000000.0,41300000.0,-285000000.0,-4.48,-4.46,-4.48,750600000.0,1169525000.0,750600000.0,7707341012.0,187.0,16.611,-72200000.0,-0.476,1.0,1193400000.0,0.187,2370000000.0,326300000.0,10620000000.0,10700500000.0,1218000000.0,150000000.0,57600000.0,92400000.0,8827000000.0,1849900000.0,6977100000.0,2656941012.0,9600000.0,-22000000.0,13600000.0,58800000.0,0.0,-68600000.0,-229700000.0,173500000.0,309000000.0,-1100000.0,-651800000.0,-678700000.0,-678700000.0,-64300000.0,0.0,-0.106,1178500000.0,14900000.0,817900000.0,0.0,3.54,-3.915,-3.877,3113000000.0,26900000.0,17.37,0.417,0.413,1055200000.0,-1536500000.0,6374800000.0,6374800000.0,50700000.0,-0.069,-0.58,0.004,0.006,0.0,467300000.0,1.0,152961486.0,151679000.0,,42.028,7207600000.0,0.0,366800000.0,186300000.0,47.519,546900000.0
62,OI,MRT,2005-12-31,2005-12-31,2005-12-31,2021-08-04,-235900000.0,9521800000.0,10107625000.0,2282300000.0,7239500000.0,0.63,4.736,-404100000.0,246600000.0,246600000.0,5084900000.0,-558600000.0,1.253,12.153,5297000000.0,278300000.0,5018700000.0,5297000000.0,0.0,436100000.0,0.0,0.0,0.0,146700000.0,582800000.0,0.091,582800000.0,146700000.0,-178700000.0,-3.85,-3.85,-3.85,723900000.0,1368750000.0,723900000.0,8227596780.0,56.0,14.117,49000000.0,0.321,1.0,1285200000.0,0.202,2369200000.0,325400000.0,10381100000.0,10735625000.0,1110700000.0,166800000.0,51900000.0,114900000.0,8797900000.0,1821900000.0,6976000000.0,3215996780.0,-31300000.0,155400000.0,21000000.0,-173600000.0,0.0,-273100000.0,-198000000.0,50700000.0,453100000.0,-13300000.0,-558600000.0,-580100000.0,-580100000.0,-64300000.0,0.0,-0.091,1166900000.0,118300000.0,1200000000.0,0.0,4.443,-5.544,-5.465,3152500000.0,21500000.0,21.04,0.505,0.505,1006200000.0,-1555400000.0,6370100000.0,6370100000.0,50900000.0,-0.057,-0.424,0.014,0.023,0.0,455200000.0,1.0,152851558.0,152851558.0,,41.675,7152600000.0,0.0,379900000.0,218600000.0,46.794,460400000.0
63,OI,MRT,2005-09-30,2005-09-30,2005-09-30,2021-08-04,-154300000.0,10296800000.0,10411350000.0,2357300000.0,7939500000.0,0.69,11.163,-464800000.0,190300000.0,190300000.0,5633100000.0,345000000.0,1.459,5.097,5201900000.0,74200000.0,5127700000.0,5201900000.0,0.0,478600000.0,0.0,0.0,0.0,864400000.0,1343000000.0,0.187,1343000000.0,864400000.0,365500000.0,2.16,2.12,2.16,1688800000.0,1573850000.0,1688800000.0,8348998097.0,10.0,6.217,-82300000.0,-0.544,1.0,1552100000.0,0.216,2897100000.0,498900000.0,10796000000.0,10866250000.0,1192300000.0,141400000.0,31700000.0,109700000.0,8608000000.0,1615300000.0,6992700000.0,3148298097.0,-71800000.0,1489700000.0,33500000.0,-1378300000.0,0.0,-1479000000.0,1024900000.0,0.0,382500000.0,-200000.0,345000000.0,345000000.0,345000000.0,-117400000.0,0.0,0.048,769400000.0,782700000.0,1383100000.0,0.0,1.864,9.126,9.546,3192700000.0,0.0,20.62,0.438,0.434,993000000.0,-668100000.0,7185200000.0,7185200000.0,62800000.0,0.033,0.219,0.08,0.12,0.0,500100000.0,1.0,152681770.0,151280000.0,,47.496,7399700000.0,0.0,20500000.0,196100000.0,48.914,742000000.0
64,OI,MRT,2005-06-30,2005-06-30,2005-06-30,2021-08-04,-202600000.0,10221600000.0,10686400000.0,2359500000.0,7862100000.0,0.664,10.045,-463400000.0,180100000.0,180100000.0,5538300000.0,301800000.0,1.558,5.748,5380800000.0,66000000.0,5314800000.0,5380800000.0,0.0,480200000.0,0.0,0.0,0.0,839700000.0,1319900000.0,0.186,1319900000.0,839700000.0,333300000.0,1.89,1.84,1.89,1514800000.0,1452200000.0,1514800000.0,8868621225.0,11.0,6.719,-126000000.0,-0.836,1.0,1559400000.0,0.22,2903200000.0,506400000.0,11004900000.0,11343025000.0,1238200000.0,139800000.0,31700000.0,108100000.0,8706800000.0,1514200000.0,7192600000.0,3812021225.0,-121700000.0,1482700000.0,38200000.0,-1411700000.0,0.0,-1480500000.0,1019300000.0,0.0,337400000.0,2100000.0,301800000.0,301800000.0,301800000.0,-57700000.0,0.0,0.043,742600000.0,816800000.0,1286200000.0,0.0,2.517,12.631,13.254,3229100000.0,0.0,25.05,0.537,0.532,965500000.0,-782400000.0,7097700000.0,7097700000.0,61100000.0,0.028,0.208,0.074,0.118,0.0,475100000.0,1.0,152176496.0,150804000.0,,47.066,7318400000.0,0.0,31500000.0,162200000.0,48.529,845300000.0
65,OI,MRT,2005-03-31,2005-03-31,2005-03-31,2021-08-04,-77200000.0,10390300000.0,10939775000.0,2369400000.0,8020900000.0,0.611,10.311,-455600000.0,198100000.0,198100000.0,5196700000.0,298200000.0,1.379,5.714,5254700000.0,177500000.0,5077200000.0,5254700000.0,0.0,464700000.0,0.0,0.0,0.0,810900000.0,1275600000.0,0.191,1275600000.0,810900000.0,318400000.0,1.87,1.83,1.87,1547500000.0,1333050000.0,1547500000.0,8892951096.0,11.0,6.972,4600000.0,0.031,1.0,1489000000.0,0.223,2968400000.0,492500000.0,10760500000.0,11805125000.0,1336400000.0,132600000.0,30200000.0,102400000.0,8842800000.0,1718000000.0,7124800000.0,3810451096.0,39100000.0,966500000.0,35000000.0,-910900000.0,0.0,-936300000.0,510900000.0,0.0,460200000.0,4300000.0,298200000.0,298200000.0,298200000.0,-56400000.0,0.0,0.045,700400000.0,788600000.0,1374500000.0,0.0,2.462,12.778,13.444,3212800000.0,0.0,25.14,0.57,0.564,887300000.0,-863300000.0,6685700000.0,6685700000.0,60500000.0,0.027,0.224,0.069,0.121,0.0,436200000.0,1.0,151569256.0,150079000.0,,44.548,7421900000.0,0.0,20200000.0,184600000.0,49.453,651400000.0
66,OI,MRT,2004-12-31,2004-12-31,2004-12-31,2021-08-04,45700000.0,10736700000.0,10731875000.0,2400800000.0,8335900000.0,0.584,10.284,-461800000.0,277900000.0,277900000.0,4918400000.0,235500000.0,1.259,5.952,5360400000.0,192500000.0,5167900000.0,5360400000.0,0.0,436000000.0,0.0,0.0,0.0,716300000.0,1152300000.0,0.184,1152300000.0,716300000.0,241400000.0,1.45,1.43,1.45,1544300000.0,1202475000.0,1544300000.0,9726017726.0,14.0,8.441,148100000.0,0.986,1.0,1345000000.0,0.215,3009100000.0,474900000.0,10903600000.0,11967350000.0,1309900000.0,144700000.0,27600000.0,117100000.0,9192400000.0,1906500000.0,7285900000.0,3401217726.0,114500000.0,800600000.0,27400000.0,-783500000.0,0.0,-837900000.0,338800000.0,0.0,609900000.0,3700000.0,235500000.0,235500000.0,235500000.0,-64000000.0,0.0,0.038,659800000.0,685200000.0,1311800000.0,0.0,2.202,14.443,15.621,3497700000.0,0.0,22.65,0.543,0.543,821300000.0,-975300000.0,6263400000.0,6263400000.0,59000000.0,0.022,0.196,0.06,0.114,0.0,402300000.0,1.0,150164138.0,150164138.0,,41.71,7727600000.0,0.0,5900000.0,237100000.0,51.461,494300000.0
67,OI,MRT,2004-09-30,2004-09-30,2004-09-30,2021-08-04,-261800000.0,11397000000.0,10430525000.0,2683800000.0,8713200000.0,0.499,8.12,-409100000.0,262100000.0,262100000.0,4060700000.0,-857300000.0,1.25,8.48,6586900000.0,438600000.0,6148300000.0,6586900000.0,0.0,424400000.0,0.0,0.0,0.0,-549200000.0,-124800000.0,-0.024,-124800000.0,-549200000.0,-948900000.0,-6.0,-6.01,-6.0,1202200000.0,1067250000.0,1202200000.0,8787765872.0,-16.0,-70.415,279200000.0,1.886,1.0,1141100000.0,0.219,2872100000.0,399700000.0,12703100000.0,12066675000.0,1203700000.0,221400000.0,61900000.0,159500000.0,10194800000.0,2146600000.0,8048200000.0,2387265872.0,113800000.0,-477900000.0,15100000.0,412100000.0,0.0,316400000.0,-887000000.0,0.0,688300000.0,-3900000.0,-857300000.0,-857300000.0,-857300000.0,652300000.0,0.0,-0.165,1006700000.0,134400000.0,1420600000.0,0.0,1.986,-2.785,-2.667,3180900000.0,0.0,16.0,0.459,0.455,887000000.0,-991700000.0,5201800000.0,5201800000.0,54200000.0,-0.082,-0.803,-0.046,-0.106,0.0,334900000.0,1.0,149204117.0,148053000.0,,35.135,8524900000.0,0.0,-91600000.0,151500000.0,57.58,537200000.0
68,OI,MRT,2004-06-30,2004-06-30,2004-06-30,2021-08-04,-348500000.0,11235100000.0,10142300000.0,2728400000.0,8506700000.0,0.473,7.035,-394700000.0,301800000.0,301800000.0,3700600000.0,-904800000.0,1.324,9.822,6702300000.0,431800000.0,6270500000.0,6702300000.0,0.0,355700000.0,0.0,0.0,0.0,-642100000.0,-286400000.0,-0.06,-286400000.0,-642100000.0,-1026100000.0,-6.32,-6.32,-6.32,1038200000.0,1247725000.0,1038200000.0,7845467317.0,-12.0,-27.393,207400000.0,1.405,1.0,1096100000.0,0.229,2721800000.0,384000000.0,12853300000.0,11725600000.0,1230700000.0,176700000.0,22900000.0,153800000.0,10196900000.0,2060500000.0,8136400000.0,2495067317.0,151600000.0,-476900000.0,12700000.0,356600000.0,0.0,265600000.0,-708600000.0,163000000.0,602100000.0,-7500000.0,-904800000.0,-904800000.0,-904800000.0,654400000.0,0.0,-0.189,1053200000.0,42900000.0,1342400000.0,0.0,2.403,-2.758,-2.652,3141100000.0,0.0,16.76,0.52,0.516,898100000.0,-1062700000.0,4796700000.0,4796700000.0,54500000.0,-0.089,-0.725,-0.055,-0.134,0.0,318500000.0,1.0,148870365.0,147582000.0,,32.502,8513300000.0,0.0,-121300000.0,139200000.0,57.685,667900000.0
69,OI,MRT,2004-03-31,2004-03-31,2004-03-31,2021-08-04,-274200000.0,9558700000.0,9939375000.0,2178600000.0,7380100000.0,0.497,6.972,-394600000.0,159000000.0,159000000.0,3838000000.0,-970400000.0,1.598,8.324,5509400000.0,122000000.0,5387400000.0,5509400000.0,0.0,377400000.0,0.0,0.0,0.0,-679500000.0,-302100000.0,-0.061,-302100000.0,-679500000.0,-1099200000.0,-6.76,-6.76,-6.76,1025200000.0,1458725000.0,1025200000.0,7335676703.0,-11.0,-24.282,42800000.0,0.291,1.0,1102000000.0,0.223,2136500000.0,419700000.0,11409400000.0,11473875000.0,1017000000.0,169200000.0,22400000.0,146800000.0,8533500000.0,1363200000.0,7170300000.0,2073576703.0,30500000.0,73500000.0,5100000.0,-84700000.0,0.0,-245500000.0,-158100000.0,163000000.0,437400000.0,-3300000.0,-970400000.0,-970400000.0,-970400000.0,653100000.0,0.0,-0.196,1099600000.0,2400000.0,951100000.0,0.0,2.023,-2.137,-2.074,2607800000.0,0.0,14.02,0.42,0.417,732400000.0,-1140000000.0,4940000000.0,4940000000.0,59400000.0,-0.098,-0.665,-0.059,-0.138,0.0,320600000.0,1.0,147901334.0,147042000.0,,33.596,7422200000.0,0.0,-128800000.0,62900000.0,50.477,815400000.0
70,OI,MRT,2003-12-31,2003-12-31,2003-12-31,2021-08-04,-243100000.0,9531300000.0,10087775000.0,2121800000.0,7409500000.0,0.502,6.788,-431500000.0,163400000.0,163400000.0,3967900000.0,-990800000.0,1.556,8.499,5425500000.0,92400000.0,5333100000.0,5425500000.0,0.0,391900000.0,0.0,0.0,0.0,-694700000.0,-302800000.0,-0.06,-302800000.0,-694700000.0,-1124500000.0,-6.89,-6.89,-6.89,1003400000.0,1638600000.0,1003400000.0,7111558748.0,-10.0,-23.486,-78400000.0,-0.53,1.0,1097900000.0,0.217,2129100000.0,429800000.0,11300900000.0,11512400000.0,1031900000.0,172100000.0,26800000.0,145300000.0,8527900000.0,1363400000.0,7164500000.0,1757458748.0,37000000.0,66700000.0,3600000.0,63100000.0,0.0,-122400000.0,-201800000.0,163000000.0,353100000.0,8100000.0,-990800000.0,-990800000.0,-990800000.0,660700000.0,0.0,-0.196,1106100000.0,-8200000.0,859900000.0,0.0,1.752,-1.774,-1.726,2657800000.0,0.0,11.89,0.347,0.347,657600000.0,-1189300000.0,5065800000.0,5065800000.0,64600000.0,-0.098,-0.605,-0.06,-0.137,0.0,320900000.0,1.0,147809819.0,147809819.0,,34.272,7402200000.0,0.0,-133700000.0,79700000.0,50.079,758400000.0
71,OI,MRT,2003-09-30,2003-09-30,2003-09-30,2021-08-04,-397900000.0,10244100000.0,10172275000.0,2210400000.0,8033700000.0,0.464,13.095,-468800000.0,148300000.0,148300000.0,3691700000.0,130600000.0,1.578,4.324,5502400000.0,78400000.0,5424000000.0,5502400000.0,0.0,316600000.0,0.0,0.052,0.594,571400000.0,888000000.0,0.188,888000000.0,571400000.0,169600000.0,0.76,0.76,0.76,1924100000.0,1805450000.0,1924100000.0,7295048523.0,13.0,8.215,-132500000.0,-0.902,1.0,1026500000.0,0.218,2858200000.0,401800000.0,11338800000.0,11462300000.0,1199900000.0,218000000.0,28900000.0,189100000.0,8320000000.0,1401200000.0,6918800000.0,1687848523.0,-28800000.0,17400000.0,3400000.0,93600000.0,0.0,-85000000.0,-288400000.0,163000000.0,336300000.0,8300000.0,130600000.0,130600000.0,130600000.0,-39200000.0,0.0,0.028,467700000.0,558800000.0,1142800000.0,0.782,0.877,12.924,15.026,3404000000.0,0.0,11.42,0.358,0.356,875800000.0,-112900000.0,4718200000.0,4718200000.0,53000000.0,0.013,0.072,0.05,0.121,0.0,293000000.0,1.0,147797594.0,146936000.0,,32.111,7385900000.0,0.0,39000000.0,287100000.0,50.266,809200000.0
72,OI,MRT,2003-06-30,2003-06-30,2003-06-30,2021-08-04,-415400000.0,10423400000.0,10070450000.0,2214100000.0,8209300000.0,0.485,12.814,-478900000.0,150200000.0,150200000.0,3810800000.0,199600000.0,1.647,4.538,5757400000.0,108100000.0,5649300000.0,5757400000.0,0.0,368700000.0,0.0,0.043,0.594,685900000.0,1054600000.0,0.216,1054600000.0,685900000.0,282300000.0,1.23,1.23,1.23,1882200000.0,1729350000.0,1882200000.0,7470200205.0,11.0,7.083,-144300000.0,-0.982,1.0,1075100000.0,0.22,2839600000.0,403600000.0,11846400000.0,11413525000.0,1208800000.0,217600000.0,24800000.0,192800000.0,8541200000.0,1344600000.0,7196600000.0,2034500205.0,10900000.0,17600000.0,3200000.0,311400000.0,0.0,132300000.0,-461300000.0,0.0,334600000.0,5300000.0,199600000.0,199600000.0,199600000.0,-38000000.0,0.0,0.041,403300000.0,671800000.0,1051500000.0,0.483,1.081,10.193,11.195,3450100000.0,0.0,13.77,0.416,0.414,876700000.0,-136400000.0,4885900000.0,4885900000.0,60200000.0,0.02,0.115,0.06,0.14,0.0,289000000.0,1.0,147748744.0,146891000.0,,33.262,7583800000.0,0.0,82700000.0,309900000.0,51.629,869500000.0
73,OI,MRT,2003-03-31,2003-03-31,2003-03-31,2021-08-04,-540500000.0,10152300000.0,9970825000.0,2041300000.0,8111000000.0,0.482,11.881,-503100000.0,128500000.0,128500000.0,3693200000.0,279500000.0,1.595,4.819,5564200000.0,84600000.0,5479600000.0,5564200000.0,0.0,368800000.0,0.0,0.066,0.594,754200000.0,1123000000.0,0.234,1123000000.0,754200000.0,382800000.0,1.77,1.77,1.77,1744700000.0,1653775000.0,1744700000.0,6555442318.0,9.0,5.837,-1300000.0,-0.009,1.0,1111600000.0,0.231,2744600000.0,371400000.0,11563500000.0,11284550000.0,1155200000.0,215600000.0,20200000.0,195400000.0,8407600000.0,1279900000.0,7127700000.0,1335642318.0,13300000.0,14600000.0,5200000.0,139300000.0,0.0,600000.0,-488500000.0,0.0,501800000.0,-600000.0,279500000.0,279500000.0,279500000.0,-38000000.0,0.0,0.058,371500000.0,740100000.0,1005300000.0,0.336,0.766,4.779,5.107,3360400000.0,0.0,9.04,0.278,0.276,797200000.0,-148100000.0,4804800000.0,4804800000.0,59100000.0,0.028,0.169,0.067,0.157,0.0,290700000.0,1.0,147748044.0,146853000.0,,32.718,7407700000.0,0.0,103300000.0,287900000.0,50.443,761400000.0
74,OI,MRT,2002-12-31,2002-12-31,2002-12-31,2021-08-04,-583600000.0,9869300000.0,9857250000.0,1887200000.0,7982100000.0,0.48,11.339,-496000000.0,126400000.0,126400000.0,3572900000.0,-460200000.0,1.455,4.907,5346200000.0,78200000.0,5268000000.0,5346200000.0,0.0,353400000.0,0.0,0.041,0.594,-137800000.0,215600000.0,0.046,215600000.0,-137800000.0,-510000000.0,-3.29,-3.29,-3.29,1670800000.0,1571525000.0,1670800000.0,7357309554.0,-53.0,34.125,107100000.0,0.727,1.0,1158300000.0,0.245,2691200000.0,372200000.0,11100500000.0,11194475000.0,1089700000.0,209600000.0,17600000.0,192000000.0,8198500000.0,1297400000.0,6901100000.0,2148409554.0,-29200000.0,21400000.0,6800000.0,-44000000.0,0.0,-157300000.0,-474600000.0,0.0,603100000.0,-400000.0,-460200000.0,-460200000.0,-460200000.0,-38000000.0,0.0,-0.097,848600000.0,309700000.0,876200000.0,-0.181,1.286,-4.668,-4.432,3324100000.0,0.0,14.58,0.454,0.454,714100000.0,-177000000.0,4731200000.0,4731200000.0,57600000.0,-0.047,-0.293,-0.012,-0.029,0.0,287900000.0,1.0,147353193.0,147353193.0,,32.108,7178100000.0,0.0,-49800000.0,307300000.0,48.714,589800000.0
75,OI,MRT,2002-09-30,2002-09-30,2002-09-30,2021-08-04,-588800000.0,9836800000.0,9916575000.0,2053100000.0,7783700000.0,0.578,11.037,-531000000.0,177100000.0,177100000.0,4381100000.0,-515700000.0,1.622,5.073,5386000000.0,64900000.0,5321100000.0,5386000000.0,0.0,445200000.0,0.0,0.0,0.0,-110600000.0,334600000.0,0.058,334600000.0,-110600000.0,-540600000.0,-3.69,-3.63,-3.69,1619700000.0,1691775000.0,1619700000.0,6990542026.0,-63.0,20.892,144400000.0,0.984,1.0,1352500000.0,0.236,2636300000.0,430000000.0,11143700000.0,11200625000.0,1024400000.0,195100000.0,17400000.0,177700000.0,8217100000.0,1265700000.0,6951400000.0,1667842026.0,2800000.0,-123400000.0,7400000.0,66700000.0,0.0,-38500000.0,-654400000.0,0.0,675400000.0,20300000.0,-515700000.0,-515700000.0,-515700000.0,0.0,0.0,-0.09,984300000.0,368200000.0,995800000.0,0.0,1.03,-3.234,-3.068,3212000000.0,0.0,11.32,0.291,0.29,801200000.0,-222000000.0,5733600000.0,5733600000.0,78700000.0,-0.052,-0.305,-0.01,-0.019,0.0,333500000.0,1.0,147335868.0,146749000.0,,39.071,7200500000.0,0.0,-24900000.0,371900000.0,49.067,787400000.0
76,OI,MRT,2002-06-30,2002-06-30,2002-06-30,2021-08-04,-535400000.0,10024900000.0,9938975000.0,2136200000.0,7888700000.0,0.565,10.773,-549800000.0,139300000.0,139300000.0,4280300000.0,-544200000.0,1.576,5.345,5462000000.0,92400000.0,5369600000.0,5462000000.0,0.0,433700000.0,0.0,0.0,0.0,-141000000.0,292700000.0,0.052,292700000.0,-141000000.0,-569200000.0,-3.88,-3.82,-3.88,1579900000.0,1818950000.0,1579900000.0,7338715070.0,-52.0,25.072,120200000.0,0.82,1.0,1336500000.0,0.238,2661700000.0,428200000.0,11330500000.0,11142425000.0,1074300000.0,187300000.0,16700000.0,170600000.0,8445000000.0,1355400000.0,7089600000.0,2022815070.0,-6500000.0,-113500000.0,7100000.0,79100000.0,0.0,-30200000.0,-663300000.0,0.0,670000000.0,17000000.0,-544200000.0,-544200000.0,-544200000.0,0.0,0.0,-0.097,997400000.0,339100000.0,1053000000.0,0.0,1.28,-3.717,-3.541,3282900000.0,0.0,13.74,0.36,0.359,874300000.0,-314600000.0,5616800000.0,5616800000.0,75000000.0,-0.055,-0.299,-0.013,-0.025,0.0,326100000.0,1.0,147220893.0,146659000.0,,38.298,7363200000.0,0.0,-25000000.0,354000000.0,50.206,780800000.0
77,OI,MRT,2002-03-31,2002-03-31,2002-03-31,2021-08-04,-605300000.0,9698000000.0,9903000000.0,2038000000.0,7660000000.0,0.605,9.679,-551100000.0,115200000.0,115200000.0,4210500000.0,-397600000.0,1.635,5.85,5431100000.0,86400000.0,5344700000.0,5431100000.0,0.0,409900000.0,0.0,0.0,0.0,162100000.0,572000000.0,0.096,572000000.0,162100000.0,-276800000.0,-2.86,-2.86,-2.86,1415700000.0,1937425000.0,1415700000.0,7628399916.0,47.0,13.336,-13400000.0,-0.092,1.0,1776600000.0,0.297,2564200000.0,438900000.0,11203200000.0,11042675000.0,1085400000.0,180500000.0,17300000.0,163200000.0,8282300000.0,1246500000.0,7035800000.0,2490199916.0,-58600000.0,326500000.0,4700000.0,-262900000.0,0.0,-377300000.0,-224600000.0,0.0,537700000.0,5600000.0,-397600000.0,-397600000.0,-397600000.0,0.0,0.0,-0.066,1134800000.0,641800000.0,940100000.0,0.0,1.759,-6.263,-5.944,3238600000.0,0.0,17.0,0.416,0.415,811200000.0,-406100000.0,5987100000.0,5987100000.0,74200000.0,-0.04,-0.205,0.015,0.027,0.0,343700000.0,1.0,146482348.0,146267000.0,,40.933,7133800000.0,0.0,120800000.0,326100000.0,48.772,791500000.0
78,OI,MRT,2001-12-31,2001-12-31,2001-12-31,2021-08-04,-576300000.0,10106600000.0,9951250000.0,1987200000.0,8119400000.0,0.604,14.69,-531900000.0,155600000.0,155600000.0,4218400000.0,356600000.0,1.614,3.697,5400900000.0,71200000.0,5329700000.0,5400900000.0,0.0,403200000.0,0.0,0.0,0.0,1081100000.0,1484300000.0,0.247,1484300000.0,1081100000.0,640500000.0,2.3,2.3,2.3,2151800000.0,2036800000.0,2151800000.0,6601558657.0,6.0,4.448,6200000.0,0.042,1.0,1794900000.0,0.298,2995300000.0,440600000.0,11125100000.0,11032625000.0,1035900000.0,182500000.0,16400000.0,166100000.0,7954800000.0,1231500000.0,6723300000.0,1463358657.0,-74100000.0,420700000.0,-2800000.0,-384200000.0,0.0,-496700000.0,-111200000.0,0.0,538100000.0,-4300000.0,356600000.0,356600000.0,356600000.0,0.0,0.0,0.059,693700000.0,1101200000.0,811800000.0,0.0,0.68,4.104,4.343,3259900000.0,0.0,9.99,0.243,0.243,791500000.0,304700000.0,6013300000.0,6013300000.0,72600000.0,0.036,0.175,0.098,0.18,0.0,341300000.0,1.0,146482348.0,146482348.0,,41.051,7111300000.0,0.0,283900000.0,477600000.0,48.547,755700000.0
79,OI,MRT,2001-09-30,2001-09-30,2001-09-30,2021-08-04,-609800000.0,9926400000.0,10010400000.0,2056500000.0,7869900000.0,0.603,14.563,-483500000.0,174300000.0,174300000.0,4227100000.0,394100000.0,1.666,3.664,5312500000.0,108600000.0,5203900000.0,5312500000.0,0.0,399600000.0,0.0,0.0,0.0,1126100000.0,1525700000.0,0.253,1525700000.0,1126100000.0,664700000.0,2.57,2.51,2.57,2128400000.0,1969600000.0,2128400000.0,5784837967.0,5.0,3.792,-133300000.0,-0.912,1.0,1807800000.0,0.3,2919300000.0,461400000.0,10910900000.0,11137425000.0,997700000.0,194200000.0,16600000.0,177600000.0,7798000000.0,1234400000.0,6563600000.0,590337967.0,10700000.0,618600000.0,-7700000.0,-416600000.0,0.0,-507900000.0,135100000.0,0.0,350200000.0,33300000.0,394100000.0,394100000.0,394100000.0,0.0,0.0,0.065,651700000.0,1156100000.0,427900000.0,0.0,0.277,1.498,1.568,3089700000.0,0.0,4.03,0.098,0.098,913400000.0,315200000.0,6034900000.0,6034900000.0,69400000.0,0.039,0.2,0.101,0.187,0.0,319700000.0,1.0,146485848.0,146147000.0,,41.293,7007100000.0,0.0,270600000.0,443500000.0,47.946,822100000.0
80,OI,MRT,2001-06-30,2001-06-30,2001-06-30,2021-08-04,-620000000.0,9881000000.0,10130950000.0,2022800000.0,7858200000.0,0.606,14.177,-451700000.0,145800000.0,145800000.0,4316600000.0,-124500000.0,1.707,3.811,5340300000.0,107600000.0,5232700000.0,5340300000.0,0.0,403800000.0,0.0,0.0,0.0,331600000.0,735400000.0,0.12,735400000.0,331600000.0,-148900000.0,-0.99,-1.05,-0.99,2053800000.0,1904050000.0,2053800000.0,6453578315.0,19.0,8.776,-78400000.0,-0.541,1.0,1826800000.0,0.297,2958800000.0,480500000.0,10931500000.0,11331625000.0,1022700000.0,192300000.0,14400000.0,177900000.0,7827200000.0,1185200000.0,6642000000.0,983578315.0,-22000000.0,591100000.0,-10700000.0,-476000000.0,0.0,-570300000.0,139400000.0,0.0,373300000.0,35600000.0,-124500000.0,-124500000.0,-124500000.0,0.0,0.0,-0.02,1469300000.0,357500000.0,857600000.0,0.0,0.479,-7.9,-6.848,3072600000.0,0.0,6.78,0.16,0.16,935200000.0,251200000.0,6143400000.0,6143400000.0,70000000.0,-0.012,-0.065,0.029,0.054,0.0,324100000.0,1.0,145070548.0,144872000.0,,42.406,6922200000.0,0.0,-24400000.0,393700000.0,47.781,837600000.0
81,OI,MRT,2001-03-31,2001-03-31,2001-03-31,2021-08-04,-614000000.0,9891000000.0,10319575000.0,2034400000.0,7856600000.0,0.559,12.536,-439700000.0,173800000.0,173800000.0,4340900000.0,-279500000.0,1.643,4.455,5643800000.0,106700000.0,5537100000.0,5643800000.0,0.0,409000000.0,0.0,0.0,0.0,48300000.0,457300000.0,0.079,457300000.0,48300000.0,-436700000.0,-2.06,-2.06,-2.06,1813200000.0,1980475000.0,1813200000.0,6949571516.0,144.0,15.197,-49900000.0,-0.345,1.0,1428300000.0,0.248,2960000000.0,485000000.0,11163000000.0,11622825000.0,1079500000.0,194100000.0,14800000.0,179300000.0,8077800000.0,1238000000.0,6839800000.0,1241271516.0,-8500000.0,156900000.0,-19900000.0,-118300000.0,0.0,-159700000.0,-282800000.0,0.0,389800000.0,44200000.0,-279500000.0,-279500000.0,-279500000.0,0.0,0.0,-0.048,1355200000.0,73100000.0,931300000.0,0.0,0.685,-4.441,-4.126,3118700000.0,0.0,8.5,0.215,0.213,909400000.0,13100000.0,5769200000.0,5769200000.0,72700000.0,-0.027,-0.141,0.004,0.008,0.0,288200000.0,1.0,146031943.0,144639000.0,,39.887,6931000000.0,0.0,-157200000.0,233600000.0,47.919,796400000.0
82,OI,MRT,2000-12-31,2000-12-31,2000-12-31,2021-08-04,-506400000.0,10343200000.0,10544575000.0,2081700000.0,8261500000.0,0.551,12.894,-481400000.0,229700000.0,229700000.0,4359100000.0,-269700000.0,1.579,4.493,5849800000.0,120000000.0,5729800000.0,5849800000.0,0.0,412600000.0,0.0,0.0,0.0,73100000.0,485700000.0,0.084,485700000.0,73100000.0,-413600000.0,-2.0,-2.0,-2.0,1883000000.0,2118400000.0,1883000000.0,6538929692.0,89.0,13.463,-116600000.0,-0.798,1.0,1455700000.0,0.25,3101000000.0,486700000.0,11544300000.0,11864275000.0,1094400000.0,201100000.0,19700000.0,181400000.0,8460200000.0,1318000000.0,7142200000.0,830629692.0,-27400000.0,17300000.0,-14600000.0,59200000.0,0.0,23100000.0,-464100000.0,0.0,364800000.0,48800000.0,-269700000.0,-269700000.0,-269700000.0,0.0,0.0,-0.046,1360600000.0,95100000.0,912800000.0,0.0,0.441,-3.08,-2.844,3284900000.0,0.0,5.688,0.143,0.143,971600000.0,-30400000.0,5814800000.0,5814800000.0,78000000.0,-0.026,-0.127,0.006,0.013,0.0,285100000.0,1.0,146031943.0,146031943.0,,39.819,7242200000.0,0.0,-143900000.0,239600000.0,49.593,763700000.0
83,OI,MRT,2000-09-30,2000-09-30,2000-09-30,2021-08-04,-524100000.0,10408600000.0,10647850000.0,2109100000.0,8299500000.0,0.55,12.807,-571100000.0,163600000.0,163600000.0,4395900000.0,-261400000.0,1.623,4.577,5871900000.0,139600000.0,5732300000.0,5871900000.0,0.0,412500000.0,0.0,0.0,0.0,81500000.0,494000000.0,0.084,494000000.0,81500000.0,-390100000.0,-1.95,-1.95,-1.95,1866200000.0,2235125000.0,1866200000.0,7136895473.0,88.0,14.447,-57400000.0,-0.394,1.0,1463600000.0,0.25,3129900000.0,471600000.0,11687700000.0,11945825000.0,1107000000.0,222400000.0,31700000.0,190700000.0,8542400000.0,1299300000.0,7243100000.0,1350795473.0,-41900000.0,-19400000.0,-149900000.0,225400000.0,0.0,53000000.0,-590500000.0,0.0,513700000.0,-18100000.0,-261400000.0,-261400000.0,-261400000.0,0.0,0.0,-0.045,1371300000.0,92300000.0,979700000.0,0.0,0.724,-5.168,-4.744,3286700000.0,0.0,9.25,0.231,0.23,1115900000.0,-34000000.0,5859500000.0,5859500000.0,83600000.0,-0.025,-0.117,0.007,0.014,0.0,299000000.0,1.0,146031943.0,145716000.0,,40.212,7278700000.0,0.0,-128700000.0,186600000.0,49.951,809800000.0
84,OI,MRT,2000-06-30,2000-06-30,2000-06-30,2021-08-04,-487900000.0,10635500000.0,10745400000.0,2126400000.0,8509100000.0,0.544,16.112,-638600000.0,167800000.0,167800000.0,4381700000.0,265300000.0,1.815,3.508,5953900000.0,168800000.0,5785100000.0,5953900000.0,0.0,413900000.0,0.0,0.0,0.0,886700000.0,1300600000.0,0.222,1300600000.0,886700000.0,433200000.0,1.63,1.63,1.63,2359500000.0,2391875000.0,2359500000.0,7534044468.0,8.0,5.793,-109900000.0,-0.75,1.0,1465300000.0,0.251,3154000000.0,453500000.0,12096300000.0,11957100000.0,1099100000.0,230800000.0,42500000.0,188300000.0,8276000000.0,1171300000.0,7104700000.0,1713244468.0,-103000000.0,-17900000.0,-231700000.0,298400000.0,0.0,44200000.0,-656500000.0,0.0,528700000.0,-19400000.0,265300000.0,265300000.0,265300000.0,0.0,0.0,0.045,567300000.0,898000000.0,902500000.0,0.0,0.726,6.458,7.172,3415000000.0,0.0,11.69,0.293,0.293,1133400000.0,420600000.0,5847000000.0,5847000000.0,85500000.0,0.025,0.111,0.074,0.152,0.0,297300000.0,1.0,146556413.0,146441000.0,,39.927,7481500000.0,0.0,167900000.0,449400000.0,51.089,955100000.0
85,OI,MRT,2000-03-31,2000-03-31,2000-03-31,2021-08-04,-408200000.0,10791000000.0,10795925000.0,2115700000.0,8675300000.0,0.541,16.133,-683400000.0,182300000.0,182300000.0,4342500000.0,287700000.0,1.697,3.563,6003100000.0,220800000.0,5782300000.0,6003100000.0,0.0,405600000.0,0.0,0.0,0.0,903400000.0,1309000000.0,0.224,1309000000.0,903400000.0,467500000.0,1.74,1.73,1.74,2364900000.0,2432150000.0,2364900000.0,8162262302.0,9.0,6.235,-120300000.0,-0.821,1.0,1501000000.0,0.257,3236000000.0,435900000.0,12128800000.0,11863925000.0,1122700000.0,230200000.0,39700000.0,190500000.0,8426100000.0,1247000000.0,7179100000.0,2480562302.0,-57800000.0,289200000.0,-220700000.0,25400000.0,0.0,-217800000.0,-394200000.0,0.0,563100000.0,-8900000.0,287700000.0,287700000.0,287700000.0,0.0,0.0,0.049,585200000.0,915800000.0,941200000.0,0.0,1.049,8.622,9.701,3502400000.0,0.0,16.88,0.424,0.423,1085600000.0,337400000.0,5843500000.0,5843500000.0,83000000.0,0.027,0.118,0.076,0.155,0.0,304300000.0,1.0,146952743.0,146585000.0,,39.864,7555000000.0,0.0,179800000.0,426200000.0,51.54,868700000.0
86,OI,MRT,1999-12-31,1999-12-31,1999-12-31,2021-08-04,-368600000.0,10756300000.0,10824000000.0,2109800000.0,8646500000.0,0.535,15.653,-650400000.0,257100000.0,257100000.0,4296400000.0,298300000.0,1.657,3.577,5938800000.0,205700000.0,5733100000.0,5938800000.0,0.0,403700000.0,0.0,0.0,0.0,909700000.0,1313400000.0,0.227,1313400000.0,909700000.0,483800000.0,1.79,1.78,1.79,2349900000.0,2443500000.0,2349900000.0,9307625208.0,10.0,7.087,-87400000.0,-0.582,1.0,1490300000.0,0.258,3294400000.0,425900000.0,11870500000.0,11830250000.0,1060700000.0,227300000.0,32100000.0,195200000.0,8406400000.0,1273100000.0,7133300000.0,3762125208.0,-14300000.0,303100000.0,-221000000.0,30300000.0,0.0,-213200000.0,-347300000.0,0.0,563000000.0,-16800000.0,298300000.0,298300000.0,298300000.0,0.0,0.0,0.052,566600000.0,923700000.0,860900000.0,0.0,1.601,12.612,14.0,3444100000.0,0.0,25.06,0.65,0.65,1061700000.0,284100000.0,5786700000.0,5786700000.0,79700000.0,0.028,0.122,0.077,0.157,0.0,295600000.0,1.0,150124709.0,150124709.0,,38.546,7461900000.0,0.0,185500000.0,433900000.0,49.705,836700000.0
87,OI,MRT,1999-09-30,1999-09-30,1999-09-30,2021-08-04,-330300000.0,10798800000.0,10900100000.0,2167700000.0,8631100000.0,0.528,16.094,-617500000.0,205500000.0,205500000.0,4257600000.0,70800000.0,1.647,3.331,5751000000.0,246500000.0,5504500000.0,5751000000.0,0.0,393700000.0,0.0,0.0,0.0,578300000.0,972000000.0,0.169,972000000.0,578300000.0,151000000.0,0.24,0.25,0.24,2493200000.0,2474025000.0,2493200000.0,8559955596.0,15.0,8.807,-46200000.0,-0.298,1.0,1499200000.0,0.26,3295200000.0,427300000.0,11732800000.0,11878625000.0,1104200000.0,223800000.0,29300000.0,194500000.0,8305600000.0,1316300000.0,6989300000.0,3087355596.0,-88500000.0,181300000.0,-81700000.0,-117800000.0,0.0,-221100000.0,-436200000.0,0.0,571300000.0,-2500000.0,70800000.0,70800000.0,70800000.0,0.0,0.0,0.012,907600000.0,591600000.0,984800000.0,0.0,1.238,43.607,82.542,3389400000.0,0.0,19.81,0.536,0.533,1128200000.0,248900000.0,5756800000.0,5756800000.0,77700000.0,0.006,0.029,0.049,0.1,0.0,285800000.0,1.0,155848339.0,154918000.0,,37.16,7503600000.0,0.0,80200000.0,379700000.0,48.436,851400000.0
88,OI,MRT,1999-06-30,1999-06-30,1999-06-30,2021-08-04,-315300000.0,10837600000.0,10918925000.0,2237000000.0,8600600000.0,0.529,16.171,-592500000.0,270800000.0,270800000.0,4251100000.0,106900000.0,1.78,3.3,5743400000.0,226000000.0,5517400000.0,5743400000.0,0.0,390800000.0,0.0,0.0,0.0,625900000.0,1016700000.0,0.176,1016700000.0,625900000.0,201200000.0,0.48,0.48,0.48,2520600000.0,2516500000.0,2520600000.0,10806500338.0,17.0,10.629,14000000.0,0.09,1.0,1526600000.0,0.264,3329800000.0,424700000.0,11723600000.0,11948175000.0,1107000000.0,213600000.0,30500000.0,183100000.0,8317000000.0,1256800000.0,7060200000.0,5095200338.0,-51700000.0,123400000.0,3700000.0,-165900000.0,0.0,-183500000.0,-469100000.0,0.0,606500000.0,-5600000.0,106900000.0,106900000.0,106900000.0,0.0,0.0,0.019,886800000.0,639800000.0,945800000.0,0.0,2.021,47.663,68.104,3364600000.0,0.0,32.69,0.882,0.882,1106800000.0,176800000.0,5777700000.0,5777700000.0,75500000.0,0.01,0.042,0.052,0.108,0.0,286300000.0,1.0,155864189.0,155873000.0,,37.067,7507800000.0,0.0,94300000.0,358200000.0,48.166,980200000.0
89,OI,MRT,1999-03-31,1999-03-31,1999-03-31,2021-08-04,-317800000.0,10903300000.0,10934375000.0,2151900000.0,8751400000.0,0.521,15.489,-571700000.0,240100000.0,240100000.0,4214300000.0,96900000.0,1.622,3.524,5951400000.0,284200000.0,5667200000.0,5951400000.0,0.0,386000000.0,0.0,0.0,0.0,601000000.0,987000000.0,0.173,987000000.0,601000000.0,181000000.0,0.46,0.47,0.46,2410300000.0,2523950000.0,2410300000.0,9536255900.0,16.0,9.662,45100000.0,0.29,1.0,1480100000.0,0.26,3294000000.0,420000000.0,11994100000.0,12044325000.0,1108700000.0,217000000.0,30200000.0,186800000.0,8493000000.0,1326500000.0,7166500000.0,3890955900.0,10100000.0,-3678600000.0,637000000.0,2652200000.0,0.0,3651300000.0,-4250300000.0,0.0,616800000.0,-7700000.0,96900000.0,96900000.0,96900000.0,0.0,0.0,0.017,849000000.0,631100000.0,957300000.0,0.0,1.614,40.154,54.348,3303800000.0,0.0,25.0,0.683,0.683,1067500000.0,71200000.0,5694400000.0,5694400000.0,74500000.0,0.009,0.038,0.05,0.106,0.0,278400000.0,1.0,155638236.0,155611000.0,,36.594,7609300000.0,0.0,84100000.0,336000000.0,48.899,825400000.0
90,OI,MRT,1998-12-31,1998-12-31,1998-12-31,2021-08-04,-190700000.0,11060700000.0,9932350000.0,2177100000.0,8883600000.0,0.554,15.911,-573500000.0,271400000.0,271400000.0,4075600000.0,108000000.0,1.64,3.474,5916700000.0,249500000.0,5667200000.0,5916700000.0,0.0,358500000.0,0.0,0.0,0.0,554700000.0,913200000.0,0.166,913200000.0,554700000.0,174700000.0,0.62,0.62,0.62,2472000000.0,2267700000.0,2472000000.0,10299252211.0,19.0,11.278,73800000.0,0.475,1.0,1423700000.0,0.259,3314900000.0,380000000.0,12064000000.0,10990850000.0,1092300000.0,216400000.0,21100000.0,195300000.0,8588700000.0,1327100000.0,7261600000.0,4758752211.0,53200000.0,-3659100000.0,641100000.0,2634000000.0,0.0,3642600000.0,-4232600000.0,0.0,647300000.0,-4100000.0,108000000.0,108000000.0,108000000.0,0.0,0.0,0.02,834700000.0,589000000.0,868800000.0,0.0,1.925,44.063,49.403,3427000000.0,0.0,30.63,0.865,0.865,1090500000.0,7300000.0,5499300000.0,5499300000.0,71200000.0,0.011,0.048,0.05,0.101,0.0,274200000.0,1.0,155362462.0,155362462.0,,35.397,7745800000.0,0.0,66700000.0,355900000.0,49.856,850000000.0
91,OI,MRT,1998-09-30,1998-09-30,1998-09-30,2021-08-04,-191600000.0,10874100000.0,8878450000.0,2118200000.0,8755900000.0,,17.13,-570200000.0,294000000.0,294000000.0,,,1.646,3.083,5834500000.0,231800000.0,5602700000.0,5834500000.0,0.0,345300000.0,0.0,0.0,0.0,,,,,,,,,,2663100000.0,1985175000.0,2663100000.0,9493661550.0,,,56300000.0,0.362,1.0,,,3116700000.0,,12011000000.0,9877800000.0,1068500000.0,213200000.0,23100000.0,190100000.0,8211000000.0,1286900000.0,6924100000.0,3883661550.0,91500000.0,-3482200000.0,641800000.0,2532600000.0,0.0,3542400000.0,-4052400000.0,0.0,626500000.0,-25000000.0,,,,,,,,,985100000.0,,1.458,,,3319100000.0,,25.0,,,1047500000.0,199500000.0,,,,,,,,0.0,,1.0,155346462.0,155465000.0,,,7757400000.0,0.0,,313100000.0,49.898,831300000.0
92,OI,MRT,1998-06-30,1998-06-30,1998-06-30,2021-08-04,-194900000.0,10899400000.0,7856625000.0,2204600000.0,8694800000.0,,17.195,-556000000.0,322500000.0,322500000.0,,,1.759,3.274,5932500000.0,238400000.0,5694100000.0,5932500000.0,0.0,315200000.0,0.0,0.0,0.0,,,,,,,,,,2550400000.0,1641650000.0,2550400000.0,9457863309.0,,,-52700000.0,-0.355,1.0,,,3148200000.0,,12108200000.0,8784875000.0,1069800000.0,165000000.0,23000000.0,142000000.0,8349000000.0,1253000000.0,7096000000.0,6299963309.0,83300000.0,-3510100000.0,644900000.0,2668100000.0,0.0,3664200000.0,-4066100000.0,0.0,503300000.0,-18100000.0,,,,,,,,,944600000.0,,2.47,,,3361300000.0,,44.75,,,1100900000.0,91000000.0,,,,,,,,0.0,,1.0,140781303.0,148320000.0,,,7751200000.0,0.0,,305900000.0,52.26,951600000.0
93,OI,MRT,1998-03-31,1998-03-31,1998-03-31,2021-08-04,-195200000.0,6895200000.0,6838200000.0,1719900000.0,5175300000.0,,9.851,-498300000.0,230000000.0,230000000.0,,,1.715,3.977,3387900000.0,180200000.0,3207700000.0,3387900000.0,0.0,290700000.0,0.0,0.0,0.0,,,,,,,,,,1385300000.0,1311500000.0,1385300000.0,9186765546.0,,,-62900000.0,-0.447,1.0,,,1269900000.0,,7780200000.0,7628275000.0,832100000.0,114000000.0,23100000.0,90900000.0,5509900000.0,1003000000.0,4506900000.0,6081365546.0,18700000.0,-18800000.0,481300000.0,-195600000.0,0.0,121000000.0,-517100000.0,0.0,435400000.0,-20600000.0,,,,,,,,,737800000.0,,4.39,,,2420500000.0,,43.25,,,931200000.0,-9900000.0,,,,,,,,0.0,,1.0,140609608.0,140620000.0,,,5625300000.0,0.0,,249100000.0,40.004,716900000.0
94,OI,MRT,1997-12-31,1997-12-31,1997-12-31,2021-08-04,-148000000.0,6845100000.0,6788175000.0,1648300000.0,5196800000.0,0.711,9.543,-471300000.0,218200000.0,218200000.0,3666400000.0,167900000.0,1.579,4.101,3323600000.0,176900000.0,3146700000.0,3323600000.0,0.0,283500000.0,0.0,0.0,0.0,619100000.0,902600000.0,0.187,902600000.0,619100000.0,316400000.0,1.25,1.24,1.25,1341900000.0,1154500000.0,1341900000.0,,,,-26100000.0,-0.186,1.0,1162000000.0,0.241,1294900000.0,302700000.0,7611800000.0,7605375000.0,819600000.0,103800000.0,16100000.0,87700000.0,5503200000.0,1043800000.0,4459400000.0,5334728528.0,57300000.0,-79700000.0,503800000.0,-156800000.0,0.0,182300000.0,-551000000.0,0.0,445200000.0,-19200000.0,167900000.0,167900000.0,167900000.0,0.0,0.0,0.035,407000000.0,755000000.0,691100000.0,0.0,3.976,31.773,30.352,2405400000.0,0.0,37.94,1.105,1.105,920900000.0,-90300000.0,4828400000.0,4828400000.0,58800000.0,0.025,0.145,0.081,0.128,0.0,232800000.0,1.0,140609608.0,140609608.0,,34.339,5550200000.0,0.0,148500000.0,234000000.0,39.472,604500000.0
95,OI,MRT,1997-09-30,1997-09-30,1997-09-30,2021-08-04,-161400000.0,6786800000.0,6603225000.0,1700200000.0,5086600000.0,,,,202500000.0,202500000.0,,,1.693,4.265,3362900000.0,165300000.0,3197600000.0,3362900000.0,0.0,,0.0,0.0,0.0,,,,,,,,,,1289000000.0,1001450000.0,1289000000.0,,,,,,1.0,,,1303700000.0,,7639300000.0,7560100000.0,817100000.0,202900000.0,74500000.0,128400000.0,5497800000.0,1004200000.0,4493600000.0,,,,,,,,,,,,,,,,,,,,753900000.0,,,,,2215200000.0,,34.0,,,715700000.0,-125800000.0,,,,,,,,,,1.0,,,,,5483100000.0,0.0,,204900000.0,,696000000.0
96,OI,MRT,1997-06-30,1997-06-30,1997-06-30,2021-08-04,-139000000.0,6825700000.0,,1781200000.0,5044500000.0,,,,239200000.0,239200000.0,,,1.646,4.55,3295700000.0,188200000.0,3107500000.0,3295700000.0,0.0,,0.0,0.0,0.0,,,,,,,,,,1229800000.0,,1229800000.0,,,,,,1.0,,,1318500000.0,,7481800000.0,,846500000.0,194800000.0,66600000.0,128200000.0,5595900000.0,1081900000.0,4514000000.0,,,,,,,,,,,,,,,,,,,,783700000.0,,,,,2194100000.0,,31.0,,,727800000.0,-201200000.0,,,,,,,,,,1.0,,,,,5507200000.0,0.0,,203100000.0,,699300000.0
97,OI,MRT,1997-03-31,1997-03-31,1997-03-31,2021-08-04,-136100000.0,6695100000.0,,1701100000.0,4994000000.0,,,,211300000.0,211300000.0,,,1.618,7.841,3569600000.0,161900000.0,3407700000.0,3569600000.0,0.0,,0.0,0.0,0.0,,,,,,,,,,757300000.0,,757300000.0,,,,,,1.0,,,1313200000.0,,7688600000.0,,836100000.0,205000000.0,78500000.0,126500000.0,5937800000.0,1051600000.0,4886200000.0,,,,,,,,,,,,,,,,,,,,779700000.0,,,,,2183900000.0,,24.63,,,659000000.0,-203600000.0,,,,,,,,,,1.0,,,,,5381900000.0,0.0,,231400000.0,,649500000.0
98,OI,MRT,1996-12-31,1996-12-31,1996-12-31,2021-08-04,-82300000.0,6105300000.0,,1285100000.0,4820200000.0,,,-388400000.0,160900000.0,160900000.0,3025600000.0,191100000.0,1.42,7.367,3394700000.0,141500000.0,3253200000.0,3394700000.0,0.0,219800000.0,0.0,0.0,0.0,598600000.0,818400000.0,0.206,818400000.0,598600000.0,296000000.0,1.58,1.55,1.58,729700000.0,,729700000.0,,,,-70600000.0,,1.0,950600000.0,0.239,1003500000.0,302600000.0,7430700000.0,,684000000.0,100000000.0,14400000.0,85600000.0,5375600000.0,904900000.0,4470700000.0,,51500000.0,-433700000.0,4300000.0,553600000.0,0.0,563500000.0,-822100000.0,0.0,317800000.0,-7700000.0,191100000.0,191100000.0,191100000.0,0.0,0.0,0.048,323900000.0,626700000.0,561900000.0,0.0,,,14.399,1941600000.0,0.0,22.75,,,488800000.0,-258200000.0,3976200000.0,3976200000.0,56700000.0,,,,0.151,0.0,188600000.0,1.0,,,,,5101800000.0,0.0,104900000.0,213900000.0,,380200000.0
99,OI,MRT,1995-12-31,1995-12-31,1995-12-31,2021-08-04,,,,,,,,-283600000.0,,,2948500000.0,169100000.0,,,,,,,,188300000.0,,0.0,0.0,569500000.0,757800000.0,0.195,757800000.0,569500000.0,269900000.0,1.4,1.37,1.4,,,,,,,-31000000.0,,1.0,932500000.0,0.24,,299600000.0,,,,,,,,,,,0.0,-50700000.0,3800000.0,77200000.0,0.0,81000000.0,-334300000.0,0.0,252600000.0,700000.0,169100000.0,169100000.0,169100000.0,0.0,0.0,0.044,322900000.0,609600000.0,,0.0,,,10.357,,0.0,14.5,,,,,3881000000.0,3881000000.0,54800000.0,,,,0.147,0.0,187800000.0,1.0,,,,,,,100800000.0,,,
